3890 6414
346 397 451 454 687
1120 389 1489 448 FLODOARDI
1532 390 1836 448 CANONICI
1879 389 2205 447 REMENSIS
2247 390 2584 447 OPUSCULA
2623 391 2931 448 METRICA.
3587 395 3697 451 688

348 532 546 588 Curant
575 519 871 600 eXsequiis.
901 524 1166 591 Quiriacm
1194 530 1247 579 et
1277 524 1536 580 conditur
1564 539 1714 596 agro.
1993 531 2041 597 Α
2071 523 2179 577 Sed
2203 541 2305 579 nec
2333 525 2799 578 Mediolanensem
2829 523 3013 577 minor
3052 523 3246 578 extulit
3283 523 3477 578 urbem

345 623 601 700 Iungitur
625 636 689 676 ac
717 618 922 675 sanctis
950 616 1266 673 Crescentia
1295 617 1446 672 crede
1478 617 1788 688 triumphis.
2073 615 2271 670 Levitze
2300 616 2507 690 egregii
2538 616 2726 679 virtus,
2762 615 2857 668 ubi
2888 613 3077 669 nobile
3100 613 3364 683 templum

344 715 656 770 Traduntur
677 709 822 783 passi
851 717 983 765 tunc
1009 707 1265 764 Claudius
1294 714 1460 779 atque
1489 708 1761 774 Severus;
2073 707 2306 762 Nomine
2331 708 2524 762 sacrati
2555 716 2812 778 superato
2843 706 3097 777 martyris
3123 707 3252 779 igne

345 804 618 860 Virtutum
655 801 840 858 eximii
868 800 1160 856 decoratur
1188 799 1399 854 honore
1437 799 1753 869 sepulcrum
2073 797 2307 854 Cristalli
2339 799 2562 855 calicem
2591 799 2842 870 specioso
2883 805 3167 853 stemmate
3193 812 3451 864 servans;

347 897 568 962 Levitze,
597 895 1014 964 innumeraeque
1042 891 1228 947 nitens
1252 890 1551 962 splendore
1575 891 1807 946 medelas
2070 887 2348 965 Sanguine
2380 888 2569 944 divino
2599 890 2746 944 claro
2777 889 2846 944 de
2872 904 3000 944 vase
3031 889 3264 944 clientes

344 987 590 1045 Miriﬁcis
627 986 806 1042 radiat
837 983 1200 1040 reverendum
1233 982 1484 1039 crebrius
1510 983 1667 1050 actis,
2070 979 2299 1034 Potabat
2327 979 2450 1035 creti
2481 980 2668 1051 specie
2698 979 2944 1036 caelestia
2964 978 3251 1051 pmbcns;

347 1082 410 1138 Et
429 1095 870 1154 quaquaversum
901 1077 1089 1133 decori
1131 1077 1252 1132 loca
1279 1077 1532 1147 martyris
1554 1075 1681 1130 almi
2070 1068 2224 1134 Quod
2254 1069 2513 1124 manibus
2541 1070 2755 1139 lapsum
2784 1084 2991 1124 sacram
3025 1067 3269 1123 tollentis
3300 1066 3370 1122 ad
3396 1083 3547 1122 aram

348 1174 616 1240 Eduntur,
649 1168 967 1226 veneranda
997 1167 1205 1223 micant
1232 1167 1574 1222 monimenta
1603 1165 1816 1221 salutis.
2069 1163 2357 1219 Frustatim
2390 1164 2563 1219 nimio
2586 1164 2898 1235 dispersum
2923 1163 3193 1238 fragmine
3223 1165 3408 1219 cessit.

345 1266 434 1321 Sic
460 1265 580 1334 ejus
610 1261 802 1333 templi
836 1261 967 1316 dum
995 1259 1203 1316 fabrica
1237 1260 1392 1330 lapsa
1422 1259 1638 1314 Brionis
2070 1255 2329 1323 Pallidus,
2360 1255 2648 1321 exanimis,
2677 1271 2846 1328 pavor
2868 1253 3038 1311 inﬁcit
3067 1271 3163 1311 ora
3190 1256 3452 1321 ministri,

346 1359 655 1416 Restruitur
692 1372 960 1430 caesaque
1000 1355 1186 1411 trabes
1207 1364 1262 1411 et
1292 1356 1446 1431 tigna
1472 1361 1752 1426 parantur,
2070 1349 2172 1414 Qui
2202 1358 2319 1405 sata
2349 1349 2523 1406 frusta
2552 1350 2745 1424 legens
2772 1351 2928 1406 altari
2959 1352 3211 1422 martyris
3241 1350 3439 1416 infert;

343 1453 512 1511 Trabs
549 1453 772 1508 inventa
797 1449 982 1505 brevis
1009 1448 1220 1503 meritis
1252 1448 1576 1519 producitur
1606 1447 1789 1515 hujus,
2071 1439 2134 1493 Et
2160 1438 2338 1495 ﬁdens
2366 1441 2564 1496 virtute
2593 1441 2689 1495 Dei
2722 1439 2849 1496 ﬁdei
2874 1457 3025 1495 arma
3055 1441 3292 1511 capessit
3317 1459 3330 1495 :

343 1544 518 1614 Atque
547 1540 694 1597 favet
721 1539 864 1595 votis
887 1537 1004 1592 visa
1036 1546 1119 1592 est
1149 1553 1272 1609 quae
1300 1535 1472 1591 futilis
1499 1535 1691 1601 arbos;
2070 1533 2326 1589 Excubiis
2352 1536 2608 1607 precibus
2638 1537 2894 1607 lacrymis
2923 1537 3061 1590 dans
3091 1545 3338 1607 tempora
3369 1537 3552 1591 noctis

343 1635 560 1693 Robore
591 1642 750 1692 tensa
777 1648 947 1704 opere
973 1632 1248 1704 varizeque
1272 1647 1506 1702 repensa
1526 1631 1756 1686 medela:
2069 1627 2228 1681 Aram
2257 1644 2422 1683 mane
2453 1629 2609 1700 petit,
2633 1645 2728 1685 vas
2757 1630 2942 1684 damni
2972 1631 3215 1685 immune
3246 1629 3510 1693 resumit;

343 1723 567 1781 Proﬁcit
594 1724 744 1779 haec:
777 1720 998 1777 fabrica:
1029 1718 1159 1774 ﬁdei
1187 1735 1409 1792 quoque
1441 1719 1658 1791 proﬁcit
1689 1725 1896 1781 auctae;
2071 1717 2241 1790 quue
2273 1717 2587 1791 ﬁdeIsolida
2612 1720 2905 1775 solidatum
2939 1730 3163 1792 pectore
3203 1719 3376 1788 fulcit,

345 1815 566 1874 Proﬁcit
597 1813 844 1890 indignis
877 1811 1126 1870 tribuens
1166 1811 1257 1882 pia
1283 1811 1428 1867 dona
1455 1811 1680 1886 vigoris.
2074 1810 2136 1866 Et
2164 1811 2384 1868 cumulo
2417 1809 2546 1867 ﬁdei
2576 1813 2818 1869 cumulat
2846 1814 3119 1869 solemnia
3142 1814 3277 1870 voti.

1864 1953 2073 2010 CAPUT
2120 1953 2181 2009 V.

1663 2085 1742 2144 De
1782 2096 1990 2146 sancto
2033 2083 2370 2164 Hippolyto.

344 2216 605 2289 Martyris
640 2215 856 2274 exuviis
875 2216 1085 2274 celebri
1117 2215 1472 2273 decoramina
1496 2215 1721 2284 functis,
1994 2221 2048 2290 B
2072 2217 2292 2274 Jactura
2318 2220 2553 2276 cervicis
2583 2221 2699 2276 heri
2723 2238 2890 2292 super
2917 2223 3120 2278 aethera
3145 2222 3304 2296 bigas

344 2311 672 2384 Hippolytus
696 2311 907 2384 rapitur
933 2311 1062 2368 tosti
1093 2311 1244 2383 quod
1273 2310 1520 2366 membra
1544 2310 1792 2386 magistri
2078 2312 2423 2383 Prtecedunt,
2452 2317 2707 2371 metaturi
2738 2317 2972 2372 Domino
3003 2317 3175 2372 ardua
3206 2315 3382 2390 regni.

345 2403 582 2479 Legerit,
614 2403 892 2473 arguitur;
934 2403 1132 2461 Christi
1158 2419 1286 2460 mox
1317 2419 1485 2460 verna
1515 2411 1789 2474 repertus.
2077 2407 2175 2464 Ille
2200 2408 2394 2466 decem
2426 2417 2592 2482 atque
2622 2427 2817 2467 novem
2861 2411 3077 2466 famulis
3105 2412 3172 2466 ad
3200 2413 3383 2466 sidera
3407 2410 3598 2465 missis

347 2491 687 2548 Verberibus
712 2493 986 2565 quatitur;
1010 2492 1154 2548 ﬁdus
1185 2491 1452 2564 fortisque
1479 2491 1746 2564 probatus
2077 2496 2464 2570 Subsequitur,
2487 2500 2841 2572 completque
2864 2501 2947 2555 sui
2981 2500 3296 2574 integritate
3325 2499 3631 2556 secundam

347 2584 570 2657 Antiqui
595 2585 877 2658 Hippolyti
899 2585 1158 2641 mulctam
1181 2583 1427 2657 perferre
1440 2584 1686 2657 iubetur.
2077 2589 2361 2647 Perfectus
2385 2593 2606 2662 seriem,
2631 2595 2802 2650 coelos
2823 2609 2925 2665 per
2940 2609 3174 2665 scrupea
3201 2599 3411 2649 vectus.

352 2674 739 2749 Christiloqum
769 2675 959 2732 famuli
990 2684 1155 2732 sectae
1186 2690 1410 2732 rumore
1436 2674 1608 2731 notati
2076 2684 2247 2749 Quem
2271 2686 2400 2742 εωγῇ
2432 2689 2654 2759 rapiunt
2675 2690 2854 2760 passis
2883 2690 2951 2744 ad
2983 2687 3175 2744 coelica
3203 2686 3410 2758 plantis

349 2769 657 2840 Ducuntur,
688 2770 921 2827 Domino
961 2770 1032 2826 ad
1053 2778 1286 2837 mortem
1307 2769 1515 2826 servire
1541 2771 1746 2842 parati;
2077 2773 2437 2850 Cornipedes,
2466 2787 2884 2851 monstrantque
2915 2779 3101 2850 polum
3133 2778 3326 2832 callem
3369 2777 3449 2832 ire
3479 2792 3579 2846 per
3609 2793 3703 2830 ar-

344 2864 694 2922 Confessoris
718 2881 818 2922 eos
845 2865 988 2922 inter
1015 2866 1312 2922 concordia
1341 2865 1544 2932 nutrix,
3455 2867 3623 2938 [cum.

344 2953 656 3026 Promptior
680 2960 739 3010 ut
765 2954 997 3026 reliquis
1028 2953 1158 3009 ﬁdei
1191 2954 1404 3011 fervore
1425 2954 1663 3022 videtur,
2077 2958 2142 3015 Et
2179 2959 2394 3015 tribulis
2413 2959 2603 3014 tritum
2629 2961 2858 3015 mittunt
2876 2975 3043 3030 super
3057 2959 3265 3014 aathera
3287 2967 3549 3015 mactum.

345 3041 598 3098 Culmina
618 3042 797 3116 prima
826 3043 977 3098 subit
1005 3043 1306 3114 plumbatis
1333 3043 1503 3100 incita
1526 3043 1688 3110 coeli;
2074 3047 2325 3104 Justinus
2355 3047 2568 3103 laceros
2595 3048 2759 3104 variis
2789 3047 3114 3118 appulsibus
3143 3054 3297 3103 artus

343 3134 552 3192 Cretera
580 3151 708 3194 mox
738 3134 894 3193 fortis
922 3134 1254 3193 famulorum
1281 3136 1507 3193 inventa
1535 3143 1794 3203 caterva;
2077 3133 2313 3208 Colligit,
2341 3136 2685 3208 emeritoque
2711 3137 2864 3208 pium
2892 3137 3164 3208 dependit
3193 3138 3483 3194 honorem.

1820 3281 2031 3338 CAPUT
2079 3281 2168 3338 Vl.

1467 3417 1546 3477 De
1572 3417 1801 3478 sanctis
1833 3415 2134 3476 Herennio
2164 3423 2218 3475 et
2245 3415 2546 3476 Abundio.

340 3531 603 3607 Tuncque
633 3533 925 3606 intercepti
956 3532 1197 3592 subeunt
1227 3532 1539 3590 Herennius
1569 3543 1736 3606 atque
1993 3537 2043 3606 C
2071 3540 2184 3596 Nec
2204 3540 2430 3616 longum
2463 3541 2730 3613 sepelitur
2769 3540 2836 3594 ab
2869 3540 2975 3596 hoc
3001 3538 3318 3614 Tryphonia
3349 3541 3633 3614 quondam

344 3625 522 3684 Ofﬁcii
554 3642 782 3684 consors
812 3625 990 3683 felicis
1018 3625 1308 3682 Abundius
1337 3627 1584 3684 aethram.
2070 3635 2296 3690 Funesti
2326 3636 2527 3705 conjux
2556 3634 2726 3702 Decii,
2761 3649 2906 3706 quae,
2937 3633 3089 3689 fonte
3120 3635 3264 3705 piata

346 3722 582 3780 Enectos
605 3723 866 3795 idemque
897 3738 1074 3790 sacer,
1115 3723 1373 3779 sordente
1404 3723 1592 3779 cloaca
2069 3727 2226 3796 Divo,
2250 3744 2371 3783 cum
2403 3726 2593 3802 genita
2631 3727 2846 3798 superis
2869 3726 3146 3782 terrestria
3176 3727 3366 3800 regnis

343 3813 623 3887 Hippolyti
654 3814 784 3886 quia
822 3814 1058 3871 nutricis
1087 3814 1221 3870 hinc
1257 3814 1507 3870 membra
1545 3813 1808 3878 levarant,
2071 3818 2180 3874 Nec
2208 3835 2363 3876 mora
2395 3825 2691 3892 permutat,
2731 3835 2976 3891 veroque
3007 3821 3228 3876 nitescit
3259 3822 3496 3888 honore,

345 3909 608 3983 Proripit,
638 3910 964 3985 illustraque
989 3912 1162 3968 sacris
1190 3909 1599 3986 sacra:pignora
1627 3912 1822 3968 thecis.
2072 3913 2223 3969 Inter
2249 3921 2376 3971 vota
2401 3930 2627 3986 precum
2656 3914 2822 3970 celeri
2852 3920 3010 3983 capta
3040 3914 3260 3989 agmine
3292 3914 3518 3970 cretum.

1845 4047 2053 4104 CAPUT
2097 4049 2211 4106 VII.

1201 4183 1281 4243 De
1308 4185 1544 4246 ultione
1572 4186 1641 4246 in
1681 4185 2072 4246 Valerianum
2107 4194 2160 4246 et
2189 4204 2373 4264 regno
2405 4187 2834 4247 Romanorum.

345 4317 512 4378 Multa
539 4337 639 4395 per
665 4319 970 4377 IEneadum
1001 4325 1319 4376 sanctorum
1347 4320 1523 4376 millia
1543 4338 1772 4395 regnum
2073 4323 2170 4390 Ac,
2200 4322 2372 4380 veluti
2403 4323 2684 4395 quondam
2715 4323 2930 4378 Pelusia
2957 4339 3083 4378 rura
3110 4323 3355 4390 locustae,

347 4414 472 4470 Hec
501 4415 794 4484 postquam
825 4425 1095 4467 succensa
1120 4409 1223 4465 feri
1251 4408 1469 4466 fervore
1497 4410 1757 4467 draconis
2077 4415 2380 4472 Barbariem
2407 4417 2652 4472 Romana
2674 4423 2868 4490 tegunt
2897 4416 2969 4471 ita
2996 4415 3238 4470 culmina
3265 4424 3482 4487 gentes,

343 4502 648 4576 Snppliciis
669 4501 738 4556 ad
759 4515 930 4574 regna
951 4499 1073 4555 lues
1098 4499 1348 4555 caelestia
1371 4499 1544 4568 misit,
2073 4506 2329 4562 Germani
2363 4506 2571 4561 Italiam
2611 4515 2736 4577 post
2773 4505 3000 4560 Rhetica
3031 4522 3155 4559 rura
3186 4513 3494 4576 pererrant,

344 4597 516 4654 Letho
534 4610 601 4652 ac
623 4595 914 4668 suppliciis
950 4595 1173 4669 gravius
1198 4593 1305 4652 fert
1342 4597 1588 4652 dedecus
1614 4606 1825 4666 auctor,
1987 4626 2044 4695 D
2074 4598 2308 4669 Haecque
2341 4597 2770 4652 Alamannorum
2806 4596 3082 4652 terebrata
3109 4605 3165 4651 et
3195 4597 3369 4651 Gallia
3399 4597 3528 4652 trita

344 4691 409 4747 Et
432 4690 527 4763 qui
557 4688 745 4745 servili
772 4687 976 4743 multos
1000 4687 1104 4742 sub
1125 4688 1247 4762 lege
1269 4695 1472 4745 rotarat
1987 4686 2034 4695 ”
2070 4686 2426 4753 Turbinibus,
2462 4687 2691 4753 Pontus,
2734 4686 3052 4741 Macedonia
3079 4702 3270 4756 pressa
3300 4686 3560 4742 Getarum

343 4781 585 4837 Vertitur
611 4778 797 4835 ofﬁcio
817 4779 1006 4834 servili
1036 4793 1100 4833 ac
1127 4785 1289 4850 turpe
1319 4779 1561 4850 capessit
2070 4780 2374 4846 Fluctibus,
2408 4780 2576 4851 inque
2600 4779 2781 4833 Asiam
2813 4779 2916 4834 hac
2945 4779 3242 4849 pOpulatur
3263 4779 3469 4834 Graacia
3501 4779 3706 4854 plaga;

345 4870 664 4937 Servitium,
693 4877 888 4940 captus
911 4867 1247 4939 Babylonica
1269 4884 1440 4944 regno
1467 4876 1753 4943 regentem
2070 4872 2260 4927 Ablata
2277 4871 2497 4944 penitus
2528 4873 2690 4926 Dacia
2718 4877 2985 4943 quantum
3015 4871 3235 4926 abserat
3266 4871 3404 4926 Ister

348 4962 698 5020 Romulidum
723 4960 988 5033 princeps
1001 4958 1208 5032 plantis
1227 4967 1287 5014 ut
1308 4960 1470 5015 dorsa
1499 4970 1756 5036 gravatus
2068 4963 2311 5017 Sarmata
2337 4961 2677 5016 Pannoniam
2710 4962 2936 5016 incursu
2965 4960 3221 5035 profligat
3257 4961 3491 5029 eodem;

343 5053 610 5109 Incurvus
645 5049 895 5106 sustollat
919 5063 1064 5120 equo
1103 5049 1429 5120 pensamine
1451 5050 1643 5123 digno.
2069 5057 2366 5129 Euphratis
2387 5058 2619 5112 Mediam
2651 5057 2941 5114 ﬂuviorum
2975 5071 3039 5112 ac
3065 5057 3243 5132 Tigris
3273 5058 3552 5114 alumnam

343 5139 668 5196 Luminibus
686 5139 858 5194 miser
877 5136 1090 5194 effossis
1117 5154 1227 5211 quo
1255 5137 1576 5194 Valerianus
2069 5149 2344 5220 Diripiunt
2376 5149 2555 5203 Parthi
2577 5148 2898 5220 Syriamque
2931 5149 3196 5203 abradere
3221 5148 3402 5216 missi;

343 5235 644 5292 Consenuit
673 5235 865 5304 plexus
891 5232 1045 5304 prius
1073 5239 1135 5287 ut
1164 5230 1350 5287 ﬁxisse
1380 5233 1638 5303 probaret
2068 5241 2468 5312 Germanisque
2490 5241 2801 5316 peregrinis
2833 5242 3090 5311 Hispania
3118 5241 3286 5309 cedit,

345 5326 415 5382 Se
442 5341 648 5381 caecum
679 5327 937 5382 tenebras
967 5334 1022 5384 et
1058 5325 1212 5382 furva
1239 5327 1448 5400 pericla
1477 5333 1748 5383 secutum.
2071 5332 2133 5386 Et
2160 5349 2228 5386 ne
2261 5341 2375 5387 tuta
2415 5335 2571 5404 quies
2601 5334 2749 5388 intus
2780 5349 2880 5403 per
2909 5334 3118 5388 viscera
3153 5334 3308 5408 regni

342 5419 412 5472 At
438 5430 550 5470 non
576 5414 862 5471 sufﬁciens
892 5425 973 5473 tot
1000 5416 1194 5474 funere
1225 5418 1468 5474 millibus
1498 5418 1652 5484 actis,
2068 5422 2302 5476 Securos
2332 5423 2462 5483 alat,
2492 5422 2883 5494 immunesque
2915 5422 3101 5479 fovere
3133 5430 3358 5493 putetur

342 5506 665 5562 Sanctorum
697 5504 918 5572 probris
954 5523 1124 5562 unum
1154 5513 1317 5578 caput
1349 5508 1496 5562 hisce
1529 5507 1840 5576 subactum,
2069 5510 2199 5565 Fors
2229 5511 2465 5582 aliquos,
2497 5512 2646 5566 bella
2677 5513 2912 5568 interius
2942 5511 3126 5566 civilia
3155 5513 3284 5567 totis

344 5596 481 5651 Dum
509 5594 678 5648 variis
699 5609 863 5681 cruor
890 5597 1098 5654 effusus
1127 5600 1450 5669 regionibus
1480 5601 1653 5667 orbis,
2067 5604 2648 5662 Fervescuntlatebris
2677 5608 3000 5681 largumque
3035 5607 3244 5662 effusus
3270 5608 3483 5680 ubique

341 5683 459 5739 Non
479 5681 701 5736 modico
729 5679 781 5733 in
801 5697 976 5740 stevos
1002 5686 1192 5743 ulcisci
1229 5689 1502 5762 sanguine
1519 5690 1718 5761 poscit.
2067 5695 2343 5752 Plurimus
2371 5699 2676 5754 [Eneadum
2705 5679 2888 5767 cruor,
2921 5699 3311 5755 insistentibus
3340 5679 3481 5772 ipsis

339 5775 594 5848 Undique
621 5772 770 5829 enim
802 5775 940 5833 laxis
957 5788 1194 5855 surgunt
1215 5797 1358 5839 nova
1386 5784 1575 5854 praelia
1601 5783 1802 5840 frenis:
2067 5787 2454 5862 Barbarieque,
2489 5791 2546 5847 in
2575 5807 2638 5848 se
2666 5793 2893 5866 sanguis
2927 5807 3066 5864 quos
3100 5798 3377 5864 Sparserat
3405 5793 3589 5852 almus
