3890 6414
185 425 289 481 689
819 417 902 472 DE
942 415 1202 472 CHRISTI
1237 403 1601 472 TRlUMPHlS
1641 417 1721 471 AP

1995 414 2126 470 .lAM
2165 412 2345 469 LlBRl
2383 412 2514 468 XIV.
2556 440 2626 452 —
2663 410 2791 468 ιιΒ.
2833 411 2896 464 ν.
3425 409 3531 466 690

184 553 291 609 Sed
319 555 442 607 data
475 567 580 623 pax
603 550 772 620 justis
797 564 987 620 pacem
1020 547 1345 603 confoderat
1371 548 1523 603 orbis
1832 552 1886 622 Α
1907 546 2197 619 Oppressis
2226 546 2427 618 passim
2456 543 2704 601 trucibus
2730 560 2833 616 per
2861 542 3062 614 probra
3089 541 3356 614 tyrannis,

118 669 122 672 ·
183 647 570 717 Bellorumque
605 643 774 699 trucis
802 643 998 714 sapitis
1025 643 1249 716 ignibus
1268 650 1432 696 aestus
1907 637 2180 712 Lugubris
2207 643 2334 691 ante
2355 635 2601 707 quidem,
2633 633 2790 689 ﬂoret
2815 633 2906 704 pia
2933 631 3131 689 concio
3160 630 3385 688 tandem

185 736 321 792 Pace
347 735 527 790 nitent
557 733 772 806 pOpuli,
805 733 1134 790 decorentur
1161 732 1351 788 munia
1372 731 1590 799 Christi,
1909 728 2188 784 Laudibus
2215 728 2384 800 inque
2414 726 2510 782 Dei
2532 723 2777 800 gaudent
2806 723 2959 780 nullo
2991 722 3201 796 impete
3228 719 3403 790 tunsi,

1636 884 1860 954 ςεΑΡυΤ
1909 882 2049 939 vm.

680 1023 757 1082 De
779 1022 1191 1100 persecutione
1223 1019 1470 1082 Claudii
1500 1029 1554 1081 et
1581 1023 1806 1082 sanctis
1834 1019 2015 1080 Lucio
2043 1026 2097 1078 et
2124 1017 2344 1090 Marco,
2377 1015 2550 1075 Petro
2587 1020 2642 1074 et
2676 1012 3020 1076 Theodosio.

185 1160 445 1216 Claudius
474 1158 757 1214 exstinctae
790 1154 1034 1210 rediviva
1075 1154 1332 1209 incendia
1363 1155 1597 1210 ﬂammae
1913 1136 2182 1219 Quattuor
2204 1150 2468 1206 hosinter
2495 1147 2692 1204 validae
2719 1147 2933 1206 fervore
2972 1146 3103 1204 fidei

186 1252 369 1306 Donec
397 1257 452 1304 et
482 1248 733 1303 obtectos
763 1245 1332 1316 reﬂandojrcsuscitat
1363 1245 1521 1320 ignes
1556 1262 1568 1299 :
1913 1242 2111 1297 Lucius
2139 1247 2193 1295 et
2222 1240 2453 1305 Marcus,
2477 1238 2691 1303 Petrus,
2722 1237 3064 1294 Theodosius
3102 1238 3212 1294 alte

187 1343 287 1408 Qui
309 1340 461 1396 Decii
495 1341 730 1411 prolem,
765 1337 890 1393 divo
921 1337 1160 1392 Jordane
1191 1337 1418 1408 piatam,
1913 1333 2219 1410 Flagrando
2251 1349 2376 1388 mox
2409 1332 2681 1387 ensiferos
2709 1347 3004 1402 properare
3036 1337 3259 1387 tuentur
3287 1351 3302 1399 ;

185 1436 658 1504 Temnentemque
690 1431 888 1497 minas,
922 1431 1165 1486 monitus
1191 1437 1246 1485 et
1278 1431 1431 1499 jussa
1461 1428 1678 1501 profani
1915 1428 2151 1483 Poscunt
2181 1425 2518 1498 prmprOperi
2550 1423 2742 1496 primis
2771 1423 2972 1479 crnlum
3003 1423 3203 1480 ictibus
3227 1424 3308 1480 ire
3343 1441 3356 1479 :

186 1521 416 1577 Felicem
452 1521 623 1575 crudo
655 1519 869 1594 peragit
892 1534 1155 1573 mucrone
1195 1517 1448 1589 Cyrillam
1913 1518 2061 1581 Quos
2090 1522 2144 1571 et
2169 1515 2417 1571 Justinus
2445 1514 2673 1568 tumulis
2692 1521 3048 1586 sanctamque
3072 1514 3324 1586 Cyrillam

187 1612 387 1667 Militia:
416 1611 626 1683 plures,
657 1627 795 1682 quos
816 1609 966 1665 fonte
1007 1616 1301 1665 novavernt
1330 1609 1475 1666 almo
1912 1607 2180 1661 Praeterea
2219 1605 2419 1660 multos
2448 1604 2662 1660 cinctus
2694 1603 2903 1675 pietate
2929 1610 3196 1676 receptat,

185 1704 479 1759 Successor
516 1701 650 1756 Sixti
676 1700 991 1771 Dionysius,
1019 1706 1190 1755 arctat
1219 1705 1273 1754 et
1308 1705 1425 1754 atra
1912 1698 2313 1772 Confessorque
2343 1713 2586 1770 sequens
2614 1713 2842 1755 consors
2879 1696 3178 1754 adhibetur
3205 1696 3454 1755 honoris.

187 1791 448 1848 Bidentes
479 1790 659 1846 rabidi
687 1789 906 1862 perimit
936 1795 1213 1861 przecepta
1241 1787 1466 1844 furoris.

1693 1913 1901 1969 CAPUT
1946 1913 2037 1968 1X.

1112 2048 1191 2108 De
1219 2047 1493 2108 ducentis
1521 2056 1574 2106 et
1607 2048 1929 2124 sexaginta
1955 2048 2146 2108 simul
2181 2047 2574 2126 martyribus.

176 2185 371 2240 Fertur
400 2185 672 2241 ducentos
703 2186 968 2242 cruendis
996 2185 1197 2262 glareis
1559 2185 1566 2192 '
1825 2187 1877 2255 Β
1905 2183 2156 2238 Gaudere
2186 2183 2416 2254 pulchra
2441 2188 2663 2256 prastat
2689 2183 2965 2241 Asterium
2995 2185 3116 2243 face

173 2274 459 2346 Simulque
490 2276 775 2348 sexaginta
798 2277 994 2332 ductos
1023 2282 1310 2346 martyres,
1903 2271 2050 2327 Sudo
2081 2270 2279 2342 puellm
2305 2271 2556 2330 restituto
2597 2272 2828 2340 lumine,

176 2364 270 2420 Hic
299 2381 391 2419 rex
421 2365 572 2438 gravi
604 2357 794 2420 labore
820 2374 950 2421 tunc
983 2366 1255 2422 exercitos
1904 2362 2090 2417 Plures
2129 2361 2380 2416 tenebris
2410 2363 2533 2418 luce
2561 2379 2734 2434 agens
2766 2363 2868 2420 hac
2893 2363 3123 2432 liberos,

172 2455 389 2511 Turmis
422 2456 624 2527 petitos
657 2463 711 2511 et
740 2456 954 2531 sagittis
983 2456 1202 2512 saucios
1902 2453 2082 2525 Ipsam
2109 2453 2765 2528 patremque,conjugem
2798 2470 2863 2510 ac
2889 2454 3247 2514 domesticos.

175 2545 258 2602 Ad
287 2561 458 2617 regna
489 2546 616 2601 coeli
655 2563 688 2601 a
715 2547 982 2602 servitute
1024 2554 1208 2602 terrea
1902 2545 2039 2600 Tum
2057 2544 2378 2599 verberatus
2407 2560 2510 2599 nec
2536 2544 2802 2600 subactus
2833 2544 3075 2602 fustibus

175 2637 406 2692 Vinctus
437 2639 658 2694 coronis
698 2637 959 2692 extulisse
991 2644 1256 2709 tempora.
1904 2638 2064 2694 Truci
2088 2639 2328 2710 capessit
2358 2646 2544 2695 sectus
2573 2656 2710 2696 ense
2737 2640 2988 2697 ctnlicam

178 2727 381 2782 Horum
410 2727 584 2782 tulere
615 2727 862 2782 membra
892 2726 1229 2782 servicoelici
1905 2726 2158 2784 Mercede
2187 2727 2386 2798 capitis
2415 2744 2578 2800 quam
2597 2731 2806 2801 paravit
2833 2731 3062 2806 regiam.

176 2816 382 2872 Marius
419 2817 512 2887 pia
535 2816 724 2890 iugale
754 2817 960 2872 Martha
987 2817 1250 2887 praeditus
1908 2821 2046 2876 Hinc
2071 2819 2405 2876 exhibentur
2434 2820 3031 2880 advenaeillustrissimi

177 2908 500 2980 Junctisque
530 2909 671 2964 votis
700 2907 930 2963 Audifax
953 2916 1008 2963 et
1030 2908 1304 2976 Abbacuc,
1905 2915 2134 2988 Actique
2164 2915 2373 2991 ﬂagris,
2404 2923 2560 2991 terga
2587 2916 2713 2972 caesi
2736 2916 2958 2984 robore,

177 2997 422 3063 Quorum
453 3004 711 3052 notantur
735 3004 863 3068 apta
882 2996 1035 3052 ccelis
1057 2996 1306 3067 nomina,
1909 3004 2044 3078 Regi
2075 3020 2318 3075 superno
2349 3011 2474 3062 vota
2502 3005 2744 3062 reddunt
2779 3005 2994 3080 glorias,

177 3085 454 3142 Orationis
482 3085 658 3161 gratia
684 3085 779 3156 qui
811 3101 876 3139 ex
908 3084 1123 3156 persida

1908 3097 2026 3154 Mox
2045 3098 2172 3172 igne
2202 3098 2329 3155 tosti
2359 3106 2414 3154 et
2442 3115 2629 3174 ungue
2659 3099 2790 3156 fossi
2819 3097 3002 3155 ferrea

177 3179 568 3249 Apostolorum
598 3185 868 3233 venerant
899 3176 968 3231 ad
1008 3175 1202 3230 limina
1908 3191 2072 3246 pensi
2099 3199 2325 3259 catasta,
2357 3191 2531 3268 gratia
2560 3192 2672 3247 Deo
2703 3190 2864 3249 mam

177 3271 396 3327 Joanne
426 3270 547 3326 ῙιιῙιί
575 3269 908 3325 ηοδίιίεείῐηί
940 3269 1188 3335 advena,
1908 3281 2215 3353 Christique
2237 3282 2385 3336 clara
2411 3281 2468 3335 in
2499 3280 2664 3335 laude
2702 3279 2811 3335 laeti
2845 3287 3203 3353 concrepant.

177 3363 399 3418 Honore
429 3362 631 3437 dignus
667 3362 765 3433 qui
795 3361 1006 3416 nitebat
1042 3360 1352 3431 presbyter,

1907 3372 2161 3428 Manibus
2199 3371 2392 3426 recisis
2413 3371 2790 3444 inclytumque
2821 3372 2878 3429 in
2907 3371 3153 3430 dedecus

179 3453 456 3526 Cultuque
477 3454 712 3509 honesto
742 3452 1070 3527 colligentes
1101 3451 1292 3505 linteis
1837 3507 1882 3535 η
1907 3465 1986 3519 Ad
2016 3464 2156 3520 colla
2178 3464 2358 3532 nexis,
2385 3463 2590 3519 territis
2610 3464 2986 3535 spectaculum

175 3545 387 3617 Emptis
427 3561 581 3600 sacra
607 3561 732 3601 ossa
755 3544 1055 3600 condidere
1086 3542 1311 3598 Salaria-
1835 3507 1885 3576 Ο
1907 3554 2064 3610 Ducti
2092 3570 2191 3625 per
2219 3507 2418 3609 Urbem
2450 3554 2605 3609 triste
2631 3507 2767 3610 dant
2805 3555 3130 3622 Quiritibus,

175 3643 333 3696 Tunc
362 3649 418 3694 et
447 3640 734 3706 Quirinum
766 3654 952 3694 amore
974 3637 1173 3693 Christi
1205 3637 1298 3710 qui
1331 3636 1524 3711 vigens
1906 3648 1998 3704 Sic
2017 3646 2157 3702 colla
2186 3647 2323 3702 secti
2361 3662 2532 3722 regna
2560 3645 2836 3704 scandunt
2871 3649 3068 3706 σωιίοει

175 3733 670 3804 Proscriptionem,
703 3731 892 3807 ﬂagra,
925 3731 1125 3796 vincla,
1159 3729 1372 3797 funera,

1908 3740 2081 3810 Caput
2110 3753 2305 3794 cruore
2333 3737 2540 3794 Martha
2563 3738 2769 3812 gaudet
2802 3739 3040 3816 tingere,

175 3826 380 3896 Spreto
417 3823 755 3894 triumphum
788 3839 982 3894 passus
1013 3823 1168 3877 hoste
1199 3829 1510 3893 sumpserat
1537 3839 1554 3890 ;
1905 3833 2036 3896 Quae
2065 3846 2244 3885 mersa
2273 3830 2496 3903 lympha
2522 3829 2721 3886 caelum
2753 3830 2822 3886 ab
2843 3831 3009 3887 undis
3030 3833 3238 3906 expetit
3270 3852 3284 3889 :

173 3920 350 3984 Quem
379 3918 509 3972 dum
542 3924 760 3973 tenetur
782 3917 1324 3991 foverantergastulo
1906 3921 2017 3976 Nec
2047 3926 2196 3975 tanta
2226 3920 2451 3976 adactos
2482 3921 2633 3976 caede
2663 3921 2826 3976 mites
2861 3920 3067 3977 sufficit

171 4010 364 4065 Tiberi
396 4016 674 4065 revectum
707 4009 958 4065 Pontiani
987 4009 1327 4063 interserunt
1907 4015 2048 4080 Quin
2089 4030 2158 4070 ne
2185 4014 2456 4086 sepulcris
2483 4022 2800 4072 muneraret
2827 4016 3068 4072 charitas

179 4098 386 4163 Bustis,
421 4098 623 4154 decore
654 4113 764 4170 quo
795 4098 1027 4152 decebat
1056 4105 1369 4168 martyrem.
1909 4107 2076 4179 Rogis
2096 4105 2248 4161 litata
2270 4106 2678 4181 conflagrarunt
2702 4124 2956 4180 corpora.

179 4193 315 4247 Post
343 4191 491 4246 hunc
517 4191 777 4262 prehensi
809 4207 932 4245 cum
964 4189 1254 4244 Valentino
1288 4189 1342 4243 in
1375 4189 1540 4245 domo
1908 4197 2182 4251 Semiusta
2210 4197 2381 4252 fertur
2410 4213 2537 4253 ossa
2562 4197 2660 4253 sed
2689 4199 2944 4255 Felicitas

183 4288 338 4342 Ultro
369 4295 681 4353 manentes,
711 4302 816 4357 qua
855 4285 1050 4340 beatus
1089 4285 1179 4339 hic
1199 4300 1356 4339 sacer
1912 4286 2179 4356 Rapuisse
2195 4285 2330 4342 diris
2358 4288 2665 4344 occulenda
2691 4289 2760 4344 ab
2792 4288 3017 4365 ignibus

181 4378 562 4436 Confessionis
577 4379 798 4434 clausus
827 4379 984 4433 almae
1012 4377 1187 4451 gloria
1909 4378 2201 4452 Bustisque
2231 4381 2454 4453 proprio
2481 4382 2797 4439 condidisse
2824 4382 3033 4454 praedio

174 4469 406 4524 Animas
430 4468 702 4535 sacrabat,
732 4467 880 4522 clara
903 4466 1042 4520 dans
1071 4465 1360 4531 miracula,
1912 4467 2051 4524 Pure
2083 4469 2322 4527 levatant
2345 4471 2652 4548 conjugans
2679 4472 3008 4546 viraginem.

179 4557 350 4624 Queis
377 4557 642 4614 caecitatis
671 4565 889 4612 erutum
923 4554 1161 4628 caligine

1711 4685 1920 4741 CAPUT
1958 4689 2022 4744 X.

1386 4825 1465 4884 De
1505 4835 1713 4887 sancto
1759 4825 2015 4888 Czsario
2053 4838 2345 4906 martyre.

178 4963 538 5033 Tempestate
565 4959 667 5014 sub
701 4960 818 5026 hac,
852 4959 1040 5015 divino
1063 4959 1291 5016 numine
1313 4959 1532 5028 ductus,
1834 4974 1893 5042 D
1913 4963 2154 5021 Latoidm
2174 4981 2285 5022 non
2310 4966 2463 5036 jussa
2490 4965 2694 5033 ferens,
2724 4965 2897 5023 fundo
2923 4966 3033 5022 ruit
3065 4965 3215 5022 aedes

184 5051 456 5107 Cmsarius
481 5048 829 5103 Termcmam
862 5047 1160 5102 devenerat
1187 5048 1400 5112 urbem:
1914 5057 2239 5116 Pontiﬁcem
2267 5059 2472 5130 pariter
2500 5059 2795 5115 Firminum
2821 5060 3073 5131 amplexa
3100 5057 3296 5116 ruinis.

182 5143 579 5213 Saxicolasque
609 5141 804 5195 videns
831 5141 961 5195 dum
985 5148 1170 5196 mente
1198 5140 1483 5214 redarguit
1511 5142 1640 5211 alta,
1915 5151 2082 5206 sacra
2108 5152 2539 5222 triumphantem
2569 5151 2808 5224 populus
2830 5168 2900 5208 ne
2930 5151 3095 5207 laude
3126 5155 3356 5206 οοτοηοι

180 5236 447 5305 Principe
477 5232 740 5300 Firmino,
773 5231 929 5288 divos
949 5233 1528 5303 tutante,prehensus,

1917 5245 2038 5300 Mox
2060 5244 2234 5320 nigris
2263 5245 2442 5303 victor
2471 5245 2659 5300 divum
2683 5244 2984 5300 retruditur
3013 5242 3205 5310 antris,

181 5331 532 5401 Carcereque
560 5328 828 5395 inclusus,
863 5329 1076 5400 probris
1104 5328 1371 5402 affligitur
1400 5335 1575 5383 actus.
1917 5333 2033 5398 Qua
2063 5335 2295 5390 Domino
2317 5336 2542 5404 junctus
2571 5340 2684 5389 toto
2707 5333 2979 5388 mansisse
3003 5332 3106 5388 sub
3129 5347 3277 5388 anno

180 5421 434 5492 Suscipit
464 5419 766 5488 addictum,
799 5426 924 5491 post
956 5420 1059 5474 ista
1089 5420 1345 5475 Leontius
1377 5427 1541 5492 atque
1917 5425 2131 5493 Fertur,
2165 5433 2219 5481 et
2246 5426 2378 5481 hinc
2401 5426 2625 5498 plenum
2649 5424 3011 5497 suppletdum
3025 5423 3258 5498 Cynthia
3283 5439 3512 5481 cursum

181 5517 457 5572 Invictum
491 5529 749 5568 sermone
773 5512 1014 5585 probans
1046 5512 1263 5568 feritate
1302 5513 1524 5568 lacescit
1553 5529 1566 5566 :
1920 5518 2187 5574 Redditus
2212 5519 2343 5575 inde
2375 5518 2491 5575 foro
2520 5518 2780 5592 precibus
2808 5517 2938 5574 dum
2973 5516 3214 5574 transilit
3241 5525 3389 5575 astra

179 5611 321 5667 Nam
356 5626 469 5681 prae
510 5607 784 5664 curriculo
815 5623 1052 5680 pergens
1071 5609 1182 5680 agit
1210 5607 1279 5662 ad
1309 5623 1462 5662 sacra
1493 5598 1684 5662 PlitEbi
1921 5609 2164 5664 Luminis
2193 5610 2435 5666 ambitur
2460 5610 2644 5666 subito
2667 5609 2882 5684 fulgore
2904 5611 3132 5683 superni
3165 5629 3180 5680 ;

177 5700 454 5756 Vestibus
483 5699 749 5752 intectum
780 5706 904 5769 post
944 5706 1095 5770 terga
1125 5713 1433 5769 manusque
1465 5697 1768 5752 revinctum
1801 5712 1816 5762 ;
1919 5705 2169 5762 Extemis
2196 5707 2288 5763 ιυχ
2317 5708 2426 5763 tata
2452 5706 2627 5764 oculis
2657 5707 2875 5762 interna
2897 5706 3164 5778 ρριείηιτειι

181 5795 306 5859 Quo
332 5791 467 5848 dum
501 5789 832 5861 perveniens
858 5788 1089 5844 Domino
1121 5789 1210 5860 pia
1236 5793 1359 5843 vota
1389 5787 1651 5854 refundit,

1919 5800 2092 5858 Corda
2116 5799 2293 5856 virum
2325 5817 2340 5856 :
2370 5814 2570 5873 supero
2593 5798 2890 5872 splendore
2916 5798 3176 5858 Leontius
3194 5804 3389 5864 auctus
