3890 6362
385 374 485 429 691
912 390 937 403 ἠ
1152 364 1521 427 FLODOARDI
1562 370 1867 427 CANONICI
1909 370 2237 426 REMENSIS
2277 369 2615 428 OPllSCULA
2658 370 2965 427 METRICA.
3633 376 3750 432 θῦε

388 498 621 555 Credere
646 512 706 552 se
733 497 917 569 prodit
944 496 1349 568 chlamidisque
1375 496 1613 552 obnubit
1634 496 1838 552 amictu
2030 500 2080 567 Α
2109 496 2244 551 Dum
2275 496 2478 552 multos
2501 496 2710 552 cultum
2734 513 2767 552 a
2796 496 2955 553 vanis
2983 497 3256 554 convertit
3275 498 3345 553 ad
3383 498 3592 555 almum

386 590 729 645 Praebentem
755 587 905 642 nudo
932 585 1245 659 spectacula
1271 601 1506 657 corpore
1534 586 1719 661 vulgo.
2110 588 2405 660 Presbyter
2424 589 2665 644 aethereo
2695 588 2824 644 felix
2853 605 2993 661 quos
3015 588 3165 645 fonte
3185 590 3445 657 novabat,

386 679 498 734 Nec
517 691 690 741 mora,
717 674 949 732 diluitur
975 675 1213 746 divaque
1234 675 1540 731 renascitur
1568 675 1738 738 unda,
2113 678 2322 734 Eﬂ‘erus
2349 679 2618 751 tequivoci
2652 679 2856 751 pietate
2882 680 3146 737 Leontius
3183 681 3378 737 ambos

387 772 520 828 Vitae
547 778 603 828 et
631 786 786 827 sacra
816 770 944 841 piae,
969 769 1189 825 Iuliano
1216 769 1405 834 dante,
1439 785 1738 840 capessens
2111 771 2266 843 Rapti
2308 771 2692 827 inconcussam
2724 772 2943 846 stringit
2968 772 3240 845 genitoris
3268 774 3336 828 ad
3360 790 3564 838 arcem,

388 864 542 919 Fusis
571 877 697 918 mox
726 862 986 934 precibus
1001 860 1170 916 celeri
1201 861 1339 932 petit
1368 862 1573 917 aethera
1601 862 1765 917 saltu.
2111 861 2244 917 Inde
2275 860 2393 917 foro
2425 862 2634 917 inducti
2658 862 2926 934 nulloque
2953 863 3134 936 rigore
3169 863 3384 919 subacti

387 957 772 1029 Presbyterum
835 963 1085 1014 sanctum
1138 955 1417 1014 lulianum
1466 955 1785 1029 almumque
1844 956 2012 1011 mini-
2108 953 2241 1007 Tum
2272 952 2519 1008 tenebris
2547 952 2704 1021 trusi,
2732 953 2863 1008 dum
2898 952 3041 1009 ferre
3071 953 3323 1009 litamina
3347 960 3628 1021 temnunt,

1775 1046 1938 1120 [trum
2113 1044 2403 1116 Excipiunt
2424 1061 2587 1100 enses
2610 1046 2962 1120 migrantque
2983 1046 3053 1101 ad
3077 1045 3260 1101 sidera
3288 1047 3397 1102 laeti
3431 1065 3446 1114 ;

388 1138 679 1194 Cwsarium
710 1138 973 1211 princeps
988 1139 1107 1208 ejus
1122 1155 1282 1196 sacco
1310 1139 1653 1197 insuiturbis
2110 1140 2349 1210 Corpora
2379 1138 2629 1194 ﬂuminei
2654 1138 2896 1210 lymphis
2923 1146 3150 1210 exposta
3177 1139 3379 1195 lavacri

388 1227 677 1294 Luxurius,
711 1226 1097 1299 parricidalem
1128 1229 1286 1302 quasi
1317 1246 1538 1285 sumere
1571 1229 1849 1286 mulctam‘
2111 1229 2189 1284 Ad
2215 1246 2365 1285 mare
2388 1230 2723 1297 concedunt,
2751 1230 3036 1285 custodem
3068 1229 3276 1302 quippe
3310 1229 3531 1285 lidelem

390 1315 745 1383 Promeritos,
774 1316 989 1390 gremio
1015 1318 1220 1389 sumpti
1243 1318 1339 1391 qui
1364 1318 1421 1374 in
1453 1318 1653 1374 caerula
1676 1318 1830 1390 ponti
2112 1321 2207 1376 Cui
2228 1337 2352 1377 sese
2384 1321 2590 1377 dedant
2618 1321 2922 1395 quaerentia
2943 1338 3176 1377 munera
3204 1323 3433 1397 dignum
3465 1339 3479 1376 :

388 1411 463 1465 Ne
482 1411 649 1465 maris
681 1410 974 1467 ebiberent
1003 1411 1204 1467 ﬂuctus
1232 1413 1570 1486 lymphantis
1595 1429 1814 1469 amaros
2111 1413 2346 1479 Quartus
2373 1413 2442 1468 ad
2475 1414 2532 1469 id
2563 1413 2747 1485 Capua
2768 1414 3070 1485 perductus
3095 1415 3163 1469 ab
3189 1415 3326 1469 urbe
3349 1416 3616 1471 sacerdos

388 1499 699 1556 Vorticibus
725 1501 999 1556 scandunt
1025 1502 1272 1558 Thetidis
1300 1503 1548 1559 coelestia
1578 1503 1826 1559 summis.
2110 1505 2407 1561 Littoribus
2437 1506 2615 1581 legata
2642 1507 2787 1562 levat
2816 1508 3221 1578 commissaque
3250 1506 3457 1579 perfert

389 1593 645 1649 Littoreis
667 1595 876 1663 thecas,
908 1595 1205 1652 reddentes
1233 1596 1384 1652 illico
1412 1597 1616 1667 arenis,
2111 1596 2390 1653 Curriculo
2412 1598 2627 1653 sublata
2656 1613 2858 1665 casam,
2901 1599 3083 1668 capita
3111 1608 3277 1670 atque
3304 1597 3595 1669 requirens

392 1685 662 1741 Eusebius
685 1702 822 1758 quas
852 1686 985 1741 inde
1016 1687 1143 1759 pius
1172 1689 1431 1744 monachi
1461 1688 1643 1744 bonus
1673 1695 1796 1743 actu
2113 1688 2349 1756 Invenit,
2380 1689 2614 1761 haecque
2636 1689 2743 1744 sibi
2769 1705 2830 1745 se
2850 1689 2993 1745 ultro
3026 1690 3324 1760 pandentia
3353 1689 3526 1744 sumit

392 1779 535 1834 Dans
564 1784 726 1834 terra
755 1785 955 1834 terram
978 1778 1182 1835 dictam
1209 1796 1384 1853 prepe
1414 1780 1666 1836 condidit
1687 1779 1880 1834 urbem
2042 1850 2079 1857 __
2114 1782 2428 1853 Iunctaque
2450 1781 2777 1852 corporibus
2806 1797 2913 1852 qua
2930 1781 3163 1857 pignora
3183 1789 3369 1837 sancta
3387 1782 3667 1849 locarunt,

389 1872 627 1936 Quorum
656 1872 725 1927 ad
754 1871 916 1927 busta
930 1888 1125 1944 preces
1150 1850 1385 1929 Domino
1415 1888 1479 1928 ac
1500 1873 1711 1945 jejunia
1740 1871 1940 1939 libans,
2037 1850 2087 1917 Β
2116 1850 2409 1927 Ductorum
2432 1850 2658 1926 tumulis
2687 1850 2912 1927 scollata
2930 1850 3185 1928 recondit
3214 1870 3483 1927 honestis.

1239 2023 1732 2165 INCIPIT
1816 2076 2210 2163 LIBER
2303 2074 2855 2163 SEXTUS.

1797 2252 2005 2308 CAPUT
2054 2252 2337 2308 PRIMUM.

1669 2388 1748 2449 De
1781 2398 1987 2450 sancto
2032 2389 2222 2449 Felice
2259 2404 2444 2467 papa.

391 2525 544 2581 Felix
575 2526 631 2580 in
660 2523 934 2580 cathedrae
959 2523 1238 2595 applicitis
1268 2523 1649 2581 moderamine
1679 2523 1825 2580 Petri
2117 2525 2489 2600 Quadraginta
2515 2525 2768 2597 duosque
2791 2522 2976 2580 ferunt
3014 2525 3316 2598 polyandra
3349 2526 3560 2582 locasse

392 2616 731 2679 Succedens,
765 2615 909 2671 bene
927 2621 1105 2690 gestat
1131 2631 1295 2683 onus,
1314 2611 1458 2672 bene
1481 2622 1674 2673 tractat
1725 2616 2013 2685 honorem,
2117 2614 2273 2670 Caade
2304 2621 2620 2679 coronatos,
2653 2612 2911 2668 manibus
2940 2630 3080 2685 quos
3108 2615 3225 2686 ipse
3256 2615 3591 2681 recondens,

393 2707 619 2778 Mystica
644 2707 954 2762 decernens
977 2706 1246 2762 victorum
1276 2708 1345 2762 ad
1377 2707 1543 2764 busta
1568 2707 1711 2763 litari
2117 2702 2441 2775 Martyribus
2469 2704 2637 2776 digno
2672 2702 2932 2774 cultuque
2965 2701 3146 2758 affecit
3176 2704 3431 2759 honesto.

392 2801 567 2871 Atque
597 2807 892 2855 coronatus
930 2797 1169 2871 fusoque
1197 2815 1392 2856 cruore
1423 2800 1793 2873 triumphans,
2115 2801 2224 2857 Nec
2245 2816 2419 2865 mora,
2448 2801 2777 2870 conjunctus
2804 2798 3046 2854 victores
3075 2798 3288 2854 evibrat
3317 2799 3483 2865 inter,

392 2889 563 2953 Quem
581 2888 1026 2959 jubetimpendi,
1055 2888 1367 2960 impensum
1402 2897 1568 2961 caput
1598 2891 1717 2962 ipse
1731 2890 2009 2948 decorem.
2113 2892 2362 2948 Testibus
2381 2898 2436 2948 et
2457 2892 2611 2948 testis
2641 2891 2980 2947 convertitur
3008 2899 3204 2946 auctus
3237 2892 3465 2947 honore.

394 2980 712 3036 Euticianus
743 2997 867 3036 eum
908 2978 1207 3053 officioque
1227 2981 1451 3055 ﬁdeque
1480 2990 1728 3051 secutus,
2117 2983 2238 3053 Ipse
2266 2980 2467 3054 quibus
2495 2980 2708 3037 loculos
2732 2980 2924 3035 habitu
2955 2980 3199 3036 contexit
3229 2997 3450 3037 ammno

393 3077 749 3147 Nequaquam
778 3075 1038 3131 inferiore
1060 3078 1245 3134 studet
1273 3077 1493 3150 pietatis
1519 3094 1705 3134 amore
2060 3144 2090 3150 ᾗ
2115 3073 2417 3129 Occurrunt
2434 3071 2545 3127 laeti
2575 3070 2726 3127 socio
2757 3087 2924 3126 aurea
2948 3087 3117 3145 regna
3146 3072 3356 3142 petenti

394 3165 634 3221 Cliscere
668 3165 721 3220 in
751 3165 1033 3233 emeritos,
1067 3182 1193 3221 nam
1226 3183 1327 3239 per
1343 3167 1561 3223 diversa
1589 3174 1870 3224 trecentos
2045 3144 2094 3212 Ο
2117 3166 2369 3238 Luceque
2387 3164 2743 3237 conspicuam
2773 3163 2983 3219 ducunt
3013 3169 3296 3239 gratanter
3328 3164 3383 3219 in
3405 3162 3609 3218 aulam.

1909 3302 2117 3359 CAPUT
2166 3303 2233 3357 II.

1423 3424 1501 3483 De
1526 3426 1755 3485 sanctis
1792 3424 2073 3495 Basilide,
2109 3423 2385 3485 Mandali
2410 3432 2463 3483 et
2499 3425 2700 3484 sociis.

390 3562 543 3616 Tunc
563 3560 863 3631 imperator
884 3559 1144 3618 incitatus
1165 3562 1423 3618 manibus
2115 3562 2366 3619 Basilidis
2395 3563 2501 3620 isto
2531 3564 2910 3637 Mandalisque
2942 3563 3173 3620 traditur

399 3650 727 3705 Aurelianus
756 3658 931 3707 castra
959 3651 1104 3726 regis
1133 3651 1330 3720 coelici,
2112 3654 2364 3725 Tripodis
2390 3654 2668 3727 simulque
2699 3655 2783 3710 his
2812 3655 3004 3711 decem
3035 3655 3305 3711 sodalium

391 3740 582 3795 Edicta
611 3740 825 3795 cudens
845 3756 1025 3797 nonus
1051 3740 1457 3816 indignissima.
2116 3747 2301 3802 Romae
2330 3746 2667 3819 triumphum
2701 3755 2859 3803 nacta
2881 3749 3052 3804 virtus
3082 3749 3290 3821 impetu
3322 3769 3339 3804 :

390 3831 648 3901 Vexabat,
678 3833 934 3889 evitanda
971 3841 1190 3889 certans
1220 3834 1426 3905 praelia.
2118 3836 2211 3890 Via
2238 3844 2489 3908 receptos
2507 3852 2648 3909 quos
2676 3835 2862 3894 ferunt
2890 3838 3127 3894 Aurelia.

1895 3964 2108 4020 CAPUT
2153 3964 2248 4021 III.

1745 4089 1818 4148 De
1859 4096 2066 4148 sancto
2108 4087 2384 4165 Agapito.

391 4230 654 4306 Agapitus
668 4228 1067 4285 Praenestinum
1094 4228 1313 4285 fervore
1330 4229 1436 4285 sub
1463 4230 1584 4301 ipso
2116 4232 2211 4288 Ille
2243 4232 2419 4288 inter:
2445 4254 2473 4284 α
2502 4232 2723 4288 Frustra
2751 4233 3023 4305 sapientia
3050 4248 3187 4288 vana
3216 4232 3431 4288 laborat

390 4321 631 4378 Illustrat
658 4321 857 4377 virtute
886 4322 1064 4377 solum
1102 4339 1115 4376 :
1145 4322 1241 4393 qui
1267 4322 1390 4378 luce
1419 4322 1567 4378 beati
2118 4323 2174 4377 In
2205 4320 2377 4389 fumo,
2405 4338 2609 4394 praeses
2645 4329 2757 4378 tua.
2793 4342 2822 4371 υ
2854 4321 3131 4377 Turbidus
3150 4321 3244 4377 ille
3271 4320 3506 4391 profatis

389 4410 629 4466 Functus
661 4410 970 4482 Porphorii,
993 4411 1228 4467 celebris
1253 4411 1461 4483 pietate
1485 4412 1735 4487 magistri
2030 4457 2090 4526 Β
2113 4412 2280 4467 Vexat
2312 4413 2442 4467 item
2469 4412 2676 4480 crudis,
2710 4412 2858 4468 lanio
2888 4413 3218 4477 alternante,
3251 4410 3509 4486 ﬂagellis,

389 4503 449 4526 ιτ.
484 4502 648 4526 pud-
677 4502 939 4526 |:___:_|-__
961 4504 1152 4526 _=.=-__
1181 4503 1453 4526 j--:_1-_._.
1485 4505 1686 4526 ___J-_
2120 4506 2285 4526 ,μηΔ
2319 4506 2487 4526 ,λημ
2528 4506 3054 4526 Amandus”-
3096 4512 3346 4526 ___-..__-_
3377 4504 3502 4526 ,με

388 4503 454 4559 Ut
484 4502 651 4559 fontis
676 4502 943 4574 liquidam
960 4504 1155 4560 sitiens
1176 4503 1457 4560 desiderat
1485 4505 1692 4560 undam
2032 4502 2088 4526 ν
2118 4506 2289 4578 Inque
2319 4506 2493 4561 vicem
2525 4506 3058 4562 sibimetsuccedere
3089 4512 3347 4577 quattuor
3374 4504 3553 4560 addit.

386 4591 626 4663 Martyrii
657 4608 935 4647 summum
966 4592 1122 4648 ﬁbris
1141 4594 1371 4649 ardebat
1397 4594 1685 4650 honorem.
2115 4595 2252 4652 Hinc
2280 4602 2530 4650 ventrem
2564 4595 2810 4666 profudit
2830 4596 2882 4650 ei
2912 4592 3214 4650 ferventior
3241 4594 3412 4660 unda,

386 4685 484 4739 Vix
513 4691 676 4740 natus
701 4692 826 4757 post
852 4686 1102 4758 quinque
1130 4687 1321 4743 decem
1347 4688 1722 4759 compleverat
1759 4703 1936 4743 annos
2110 4686 2390 4762 Frangunt
2420 4686 2693 4753 maxillas,
2732 4684 2957 4739 laudem
2980 4683 3322 4757 perfringere
3355 4682 3558 4738 Christi

384 4779 703 4851 Sceptriferi
719 4781 891 4850 jussis
916 4787 972 4836 et
1009 4788 1193 4837 tentus
1218 4782 1289 4837 ob
1321 4781 1525 4853 inclyta
1556 4781 1754 4836 Christi
2107 4775 2215 4830 Sed
2241 4776 2394 4831 nulla
2413 4781 2530 4831 arte
2549 4777 2735 4831 valent
2752 4773 2967 4829 Satanae
2987 4781 3285 4843 superante
3317 4770 3558 4826 ministri

387 4870 515 4934 Quae
544 4885 655 4925 non
679 4870 928 4928 cessabat
967 4871 1245 4942 praeconia
1269 4887 1530 4944 spargere
1552 4871 1716 4927 dictis
1740 4889 1754 4926 :
2107 4866 2199 4920 Ast
2226 4881 2296 4920 ne
2319 4864 2603 4939 sacrilegis
2633 4865 2857 4939 longum
2879 4863 3144 4918 subsanet
3175 4861 3409 4916 inultum

387 4959 583 5014 Crudis
606 4959 911 5036 subrigitur
940 4959 1427 5035 nervisﬂagrisque
1445 4961 1654 5015 severis
1687 4978 1701 5028 ;
2107 4953 2368 5030 Cognitor
2396 4954 2655 5010 athletam
2683 4952 2881 5008 Christi
2911 4952 3049 5006 dans
3078 4947 3247 5005 etfera
3276 4955 3445 5015 tutus,

386 5047 629 5103 Invictus
658 5048 878 5103 tandem
910 5047 1059 5104 lasso
1091 5064 1295 5104 caasore
1322 5050 1587 5121 probatus
2115 5048 2241 5102 Haec
2272 5047 2415 5101 inter
2443 5046 2626 5101 subito
2645 5045 2881 5118 caligine
2908 5042 3149 5117 cingitur
3166 5050 3304 5108 atra,

385 5137 614 5192 Censori
639 5137 909 5194 Antiocho
941 5138 1103 5194 datur
1132 5140 1499 5211 appellendus
1522 5141 1591 5195 ad
1615 5156 1758 5209 aras,
2116 5140 2301 5211 Deque
2333 5135 2592 5193 tribunali
2620 5135 2874 5191 recidens
2902 5135 3104 5191 virtute
3134 5132 3425 5187 subactum

385 5231 610 5302 Spurcis
635 5231 731 5304 qui
761 5231 985 5288 latebris
1007 5239 1277 5308 antroque
1318 5233 1569 5308 nigrante
1598 5243 1885 5309 receptum
2112 5236 2368 5307 Martyris
2393 5234 2630 5290 addiscit
2667 5232 2882 5288 delatus
2908 5230 3106 5287 robore
3139 5229 3339 5293 inanis,

387 5319 689 5384 Quatriduo
718 5323 1181 5394 tenetimpastum
1221 5332 1565 5399 sumptuque
1583 5334 1902 5394 carentem;
2113 5329 2389 5400 Lectoque
2420 5326 2738 5399 applicitus,
2762 5324 2901 5380 tristi
2922 5323 3002 5378 sic
3019 5322 3214 5377 funere
3248 5321 3493 5388 functus,

385 5408 677 5466 Exhibitus
705 5412 935 5481 posthac
964 5416 1223 5473 ardentes
1243 5417 1450 5473 vertice
1474 5435 1702 5490 prunas,
2113 5422 2334 5476 Plenam
2367 5419 2495 5475 felle
2525 5419 2765 5474 animam
2792 5432 2994 5473 vacuas
3022 5414 3224 5473 emittit
3253 5414 3308 5469 in
3331 5430 3523 5469 auras.

382 5498 626 5569 Suscipit
656 5499 909 5558 exultans
935 5508 1090 5563 testis
1127 5517 1426 5584 gratesque
1459 5513 1774 5584 rependens
2110 5512 2241 5570 Acta
2268 5514 2387 5568 haec
2420 5512 2694 5567 Caesareas
2719 5509 3004 5580 slupidant
3031 5508 3161 5562 dum
3180 5506 3434 5579 protinus
3466 5523 3636 5563 aures

380 5591 577 5648 Omnia
604 5592 847 5677 servanti
874 5609 1044 5667 seque
1066 5601 1182 5657 haec
1212 5602 1266 5657 in
1292 5603 1442 5659 bella
1471 5605 1694 5660 levanti.
2110 5608 2234 5677 Ipse
2262 5604 2504 5662 leoninis
2529 5604 2679 5659 dicat
2704 5602 2990 5658 haustibus
3012 5615 3136 5655 esse
3167 5596 3497 5655 vorandum'

378 5680 629 5738 Caeditur
656 5676 788 5730 inde
820 5679 1006 5768 ﬂagris
1026 5691 1228 5758 nudus,
1262 5696 1624 5767 suapcuditur
1649 5704 1773 5752 acto
2105 5676 2381 5754 Victorem
2417 5696 2646 5753 humani
2669 5711 2767 5768 per
2793 5700 2939 5749 tanta
2965 5699 3171 5764 tropaea
3200 5690 3417 5747 furoris

376 5770 452 5825 Ad
485 5776 696 5826 terram
729 5766 932 5835 capite,
956 5788 1020 5828 ac
1040 5775 1192 5832 fumo
1218 5766 1571 5850 perfunditur
1595 5785 1705 5841 acri
2106 5786 2297 5844 Mitent
2321 5786 2488 5844 corda
2517 5766 2681 5855 ferae,
2706 5792 2958 5843 naturam
2989 5798 3199 5858 ponere
3227 5780 3500 5858 gaudent,
