3890 6396
168 407 278 464 693
788 406 872 461 DE
913 406 1176 462 CHRISTI
1216 407 1582 464 TRIUMPHIS
1622 411 1795 467 APUD
1837 411 2106 467 ITALIAM
2145 411 2322 467 LIBRI
2362 411 2492 466 XIV.
2534 439 2604 452 --
2643 410 2774 466 LIB.
2815 411 2902 466 VI.
3407 414 3514 468 694

155 533 573 604 Mansuetaeque
603 537 790 598 ruunt,
815 531 982 587 vineti
1015 539 1070 587 et
1109 533 1337 606 vestigia
1361 534 1626 591 lambunt.
1808 543 1862 608 Α
1889 536 1964 593 Ac
1991 553 2132 593 nova
2163 545 2277 592 tum
2314 535 2518 603 loculo,
2557 535 2746 591 divina
2776 542 2960 591 mente
2988 544 3198 607 parato,

157 628 422 682 Securum
450 640 583 698 ergo
616 622 760 678 feras
782 624 925 680 inter
954 625 1129 700 magis
1155 640 1276 680 esse
1303 625 1560 683 dolentes
1893 629 2045 684 Ilicet
2071 630 2294 685 invento
2321 627 2562 699 pretiosa
2593 627 2823 684 monilia
2853 627 3120 684 condunt.

157 719 374 793 Flagitii
407 717 770 772 fabricatores
805 716 1143 789 scelerisque
1173 717 1427 785 clientes,
1891 724 2003 778 Hoc
2024 723 2169 778 inter
2194 731 2466 777 tormenta
2491 723 2661 777 Deum
2690 721 2815 777 leto
2845 737 2941 776 ore
2974 722 3181 778 fatente

158 815 409 870 Belluina
439 830 605 886 quam
638 814 782 868 inter
819 813 1075 870 homines
1095 813 1311 870 feritate
1343 813 1608 880 furentes,
1890 811 2006 876 Quo
2029 812 2235 886 regitur
2257 811 2555 878 Christum,
2587 810 2810 882 quidam
2838 826 2903 865 ex
2924 812 3233 868 astantibus
3261 811 3375 870 illic

157 905 232 959 De
263 903 449 958 medio
482 910 676 957 testem
709 904 882 958 multa
919 903 1120 959 virtute
1145 905 1435 975 probatum
1885 901 2094 957 Clamat
2122 902 2463 958 Anastasius:
2508 921 2539 954 α
2577 901 2716 956 Vere
2745 918 2979 976 magnus
3010 904 3155 958 Deus
3184 904 3303 974 ipse

155 993 468 1064 Abripiunt,
499 992 1018 1063 proculabducunt,
1042 994 1183 1049 colla
1215 995 1359 1049 ultro
1394 995 1639 1050 litantem
1886 995 2089 1049 Praeter
2117 1010 2242 1048 eum
2276 994 2478 1049 nullus.
2525 1014 2554 1044 ι
2594 995 2764 1051 Dictis
2791 995 3135 1066 stupefactus
3163 1002 3219 1050 et
3245 1011 3440 1052 amens

153 1083 502 1139 Celsithrono
531 1083 734 1140 feriunt
761 1084 1019 1156 ferroque
1041 1084 1109 1139 ad
1135 1085 1318 1139 sidera
1349 1087 1567 1142 tollunt.
1885 1086 2108 1141 Nuntiat
2128 1087 2375 1159 Augusto
2406 1085 2694 1142 seductum
2722 1085 2976 1157 martyris
3003 1091 3120 1140 arte

153 1176 536 1247 Deproperant
569 1185 846 1248 noctuque
877 1177 1070 1250 legunt
1098 1185 1308 1232 saerata
1340 1176 1534 1232 fideles
1885 1173 2098 1229 Praeses
2135 1172 2505 1240 Anastasium,
2529 1189 2695 1245 quem
2727 1188 2854 1229 mox
2876 1173 3038 1243 jubet
3067 1173 3162 1228 ille
3189 1173 3370 1244 perire

152 1263 399 1320 Membra
432 1264 654 1338 sibique
686 1281 912 1338 suaeque
942 1265 1154 1321 vehunt
1183 1266 1452 1321 tutamina
1490 1266 1639 1338 plebi
1890 1265 2093 1338 Sicque
2126 1265 2279 1337 pium
2307 1265 2480 1322 coelos
2509 1264 2598 1338 pia
2629 1264 2736 1322 fert
2762 1263 3038 1323 confessio
3075 1270 3293 1322 testem.

1674 1415 1883 1474 CAPUT
1924 1417 2005 1472 IV.

1273 1523 1350 1580 De
1378 1537 1643 1600 repressa
1666 1521 2083 1598 persecutione
2113 1521 2381 1582 Claudii.

151 1663 264 1717 Nec
303 1662 528 1734 longum
563 1661 787 1717 turbare
811 1662 973 1718 datur
1003 1663 1198 1719 Christi
1223 1665 1445 1739 agmina
1471 1684 1640 1736 szevo,
1809 1673 1861 1742 Β
1884 1669 1996 1724 Nec
2030 1683 2183 1724 mora
2215 1669 2392 1724 Caesar
2414 1668 2518 1724 iter
2543 1683 2776 1739 carpens
2805 1667 2949 1740 perit
2980 1668 3188 1740 impete
3214 1671 3407 1726 turbae.

151 1753 256 1818 Qui
283 1768 407 1809 mox
444 1753 590 1807 inter
618 1753 926 1809 acerbisoni
960 1755 1262 1825 primordia
1291 1757 1422 1812 belli
1888 1760 2005 1815 Non
2029 1759 2274 1814 hominis
2305 1775 2404 1831 pro
2435 1760 2575 1814 velle
2597 1761 2839 1830 probans
2871 1760 3065 1815 stevire
3087 1760 3301 1836 ﬂagella

152 1846 291 1899 Dum
325 1845 495 1900 dictat
522 1845 694 1917 leges,
727 1845 842 1900 fera
867 1847 996 1900 dum
1027 1847 1248 1902 decreta
1287 1859 1562 1916 recenset,
1889 1849 1947 1904 In
1982 1848 2217 1904 famulos
2238 1849 2436 1904 Christi
2465 1865 2670 1920 supero
2690 1865 2850 1924 mage
2887 1851 3116 1904 numine
3147 1850 3298 1904 ferri.

150 1935 496 1990 Turbinibus
523 1936 697 2010 nigris
725 1943 904 1992 actum
930 1954 1029 2008 per
1060 1939 1246 1994 nubila
1278 1939 1484 1996 fulmen
1887 1940 2043 1995 Pacis
2072 1941 2200 1996 item
2235 1942 2373 1996 suda
2402 1941 2599 1996 Christi
2629 1957 2832 2013 sponsa
2862 1943 3025 1998 unica
3045 1943 3252 2016 gaudet

153 2025 374 2079 Proruit
414 2032 544 2079 ante
579 2025 751 2095 pedes
781 2025 973 2080 feralia
1003 2027 1141 2081 scita
1167 2029 1426 2094 serentis,
1888 2028 2024 2083 Hinc
2055 2029 2206 2084 nullo
2233 2036 2444 2085 terrore
2473 2030 2651 2101 palam
2679 2031 2978 2086 conterrita
3007 2031 3162 2097 lethi,

146 2117 419 2172 Omnibus
448 2115 688 2172 horrifici
722 2119 952 2189 trepidis
978 2119 1276 2176 formidine
1303 2125 1487 2187 visus;
1884 2124 2122 2199 Legibus
2163 2141 2298 2180 ense
2327 2125 2474 2190 dato,
2504 2126 2682 2180 donec
2713 2125 3086 2181 Diocletianus

151 2210 305 2264 Haud
337 2226 502 2264 secus
531 2210 764 2284 Egypto
794 2211 1003 2266 dudum
1037 2213 1275 2286 caligine
1307 2231 1501 2285 pressa
1881 2217 2159 2272 Accensus
2185 2216 2363 2283 furiis,
2405 2216 2631 2272 Bellona
2657 2223 2898 2273 armatus
2926 2216 3150 2283 Averni,

147 2301 446 2357 Horrendae
474 2303 652 2358 noctis
682 2304 961 2374 stupuisse
990 2302 1244 2360 feruntur
1273 2307 1479 2362 alumni
1881 2307 2139 2364 Producit
2168 2307 2417 2363 ﬂammas
2441 2308 2860 2381 Acherontaque
2890 2309 3068 2382 vergit
3097 2309 3151 2364 in
3183 2308 3397 2365 orbem.

142 2393 443 2450 Servantes
474 2393 656 2449 Pharii
687 2394 934 2451 crudelia
958 2395 1111 2465 jussa
1145 2398 1359 2468 tyranni

1671 2499 1882 2555 CAPUT
1923 2501 1982 2554 V.

1289 2605 1362 2664 De
1389 2609 1615 2666 sanctis
1647 2608 2026 2684 Chrysantho
2057 2617 2106 2667 et
2141 2608 2348 2668 Πανία.

145 2760 205 2812 1η
239 2756 510 2829 quosdam
543 2756 782 2812 furuisse
803 2756 933 2813 licet
965 2775 1058 2814 rex
1083 2759 1453 2817 Numerianus

1797 2753 1846 2820 (ζ
1876 2743 2103 2799 Munere
2136 2743 2416 2814 praecultis
2457 2743 2702 2814 pretioso
2727 2746 2974 2801 vestibus
2999 2755 3190 2803 ornat:

139 2848 427 2912 Tradatur,
471 2848 642 2903 multo
676 2849 978 2919 palmarum
1009 2851 1254 2907 culmine
1291 2861 1530 2910 mactum
1556 2857 1675 2920 (184

1615 2857 1702 2926 84)
1885 2833 2161 2926 Iuvehitur
2183 2834 2337 2926 cellae
2357 2835 2535 2890 nitido
2554 2836 2853 2907 splendore
2878 2848 3144 2894 venustae.

146 2940 279 2995 Cum
305 2940 478 2997 sociis
505 2947 754 2996 sanctum
795 2941 890 3012 qui
931 2942 1098 2998 mittit
1126 2945 1183 2999 in
1221 2953 1364 3000 astra
1395 2925 1775 3018 Chrysantnm.
1879 2925 2403 3018 :‘PPllcim’lePidis
2427 2928 2672 3018 “imum
2705 2928 2923 2984 monile
2950 2931 3151 3000 Puella’

146 3031 420 3086 Terrenus
440 3030 662 3101 generis
681 3046 1012 3101 proavorum
1039 3038 1326 3090 stemmate
1359 3037 1490 3092 clari
1504 3015 1518 3018 _

1879 3015 2116 3070 Lusibus
2139 3015 2328 3070 electu:
2356 3017 2620 3088 vultuque
2651 3017 2957 3089 habituque
2987 3018 3206 3074 decoras
3240 3037 3254 3074 :

142 3119 344 3174 Auctor
371 3118 771 3174 Alexandrinus
791 3129 907 3174 erat
935 3119 1212 3176 Polemius
1243 3121 1329 3178 isti
1881 3108 2139 3164 Infami'e
2171 3109 2365 3180 dapes:
2397 3111 2688 3180 0P“lentas
2719 3127 2930 3182 Ponere
2959 3128 3215 3176 mensas;

143 3210 245 3275 Qui
269 3211 516 3283 genitum
548 3211 748 3267 studiis
777 3211 915 3267 dans
947 3212 1303 3270 liberioribus
1333 3213 1414 3270 uti
1879 3201 2106 3258 carcere
2136 3219 2258 3274 (ἶυω
2280 3203 2533 3278 ετενίρη
2564 3202 2750 3257 ferens
2779 3203 3080 3259 immObills
3105 3205 3289 3260 οῧεῑδι

147 3305 352 3361 ιιηδυίι
383 3315 440 3361 ει
459 3305 719 3377 Sophicos
747 3307 950 3364 canere
970 3324 1070 3378 per
1107 3308 1295 3365 abdita
1333 3309 1510 3367 fucos.
1876 3292 1970 3346 Vir
1998 3291 2178 3346 valido
2209 3290 2350 3345 fixus
2378 3289 2546 3361 lapidi
2579 3289 2900 3362 Christoque
2927 3293 3217 3348 coluerens

143 3397 197 3452 Is
225 3397 355 3452 dum
385 3397 655 3454 sollicitus
677 3399 970 3455 multorum
1004 3401 1227 3457 inventa
1260 3403 1492 3459 revolvit

1879 3384 2102 3439 Coenum
2135 3383 2387 3456 delicias,
2411 3398 2622 3455 angues
2649 3390 3023 3455 reputansque
3055 3385 3286 3454 puellas,

137 3490 384 3546 Tandem
418 3489 724 3564 evangelici
747 3492 964 3548 scandit
989 3493 1322 3550 solidamina
1347 3503 1555 3566 portus,

1877 3477 2075 3533 Oscula
2103 3483 2156 3532 et
2186 3477 2496 3546 amplexus,
2527 3475 2707 3547 clypei
2727 3479 2879 3533 velut
2915 3493 3024 3533 aere
3051 3479 3303 3554 sagittas,

134 3583 546 3652 Doctoremque
568 3563 759 3635 catum
792 3581 932 3658 legis
960 3590 1252 3656 sectaaquae
1289 3563 1606 3657 requirens,
1876 3565 2189 3622 Πίδουῑίθηδ
2227 3563 2395 3619 armis
2420 3563 2616 3618 valida?
2656 3564 2992 3658 abiectuque
3025 3567 3178 3638 ﬁdei.

138 3672 559 3744 CarpOphorum
590 3672 821 3744 reperit,
850 3657 1002 3730 casto
1026 3676 1120 3746 qui
1154 3675 1282 3744 jure
1314 3678 1596 3744 sacerdos,

1590 3720 1596 3741 ν
1875 3658 2079 3712 Sternit
2117 3657 2326 3728 scpitas
2361 3663 2524 3712 cantu
2555 3657 2807 3727 sapiente
2835 3657 3126 3714 colubras:

136 3762 323 3817 (.iviea
345 3762 472 3830 jura
490 3777 712 3826 cavens,
747 3778 1031 3818 nemorum
1065 3766 1272 3836 spelzea
1301 3765 1541 3824 fovebat.

1454 3773 1541 3824 κη,
1875 3748 2046 3803 Victis
2075 3747 2315 3803 nobilior
2343 3747 2537 3818 primis
2563 3746 2792 3802 rationis
2818 3755 2990 3803 acute

132 3853 252 3916 Quo
279 3852 423 3907 duce
446 3851 650 3908 siderei
682 3853 902 3909 modico
931 3855 1035 3910 sub
1053 3863 1302 3928 tempore
1329 3858 1484 3913 callis

1875 3840 2120 3908 Fatibus,
2153 3839 2426 3912 exquisita
2453 3840 2626 3908 venit,
2651 3839 2962 3910 speciosior
2988 3857 3107 3909 ore,

133 3941 339 3996 Nactus
366 3941 492 4009 iter,
515 3941 763 4016 graditur
791 3941 998 3999 clivosa
1023 3961 1125 4016 per
1151 3946 1322 4000 ardua
1349 3947 1513 4014 liber,

1504 3989 1513 4014 ,
1871 3932 2136 4007 Conjugio
2169 3933 2328 3987 Daria
2354 3933 2506 3988 velut
2543 3931 2806 3988 socianda
2831 3933 3040 3998 sodali;

1871 4027 2036 4099 Capto
2068 4027 2196 4082 dum
2225 4027 2418 4083 reddet
2447 4026 2700 4099 patrique
2731 4027 2960 4099 deisque
2990 4026 3374 4099 Chrysantum.

1873 4119 2096 4186 Crescit,
2128 4135 2193 4175 ea
2212 4119 2511 4178 subeunte.
2540 4120 2724 4175 datum
2757 4121 2907 4175 varia
2930 4127 3045 4178 arte
3077 4120 3323 4177 duellum
3348 4138 3362 4176 :

135 4029 532 4102 lntrepidoque
564 4031 742 4102 palam
775 4031 1047 4088 Christum
1083 4051 1340 4090 sermone
1367 4035 1587 4091 fatetur.

134 4120 335 4174 Fertur
367 4119 422 4173 id
455 4121 523 4174 ad
557 4126 788 4191 patrem,
822 4138 1110 4193 procerum
1141 4125 1235 4196 qui
1261 4125 1386 4193 jura
1418 4125 1765 4194 tremiscens,

1787 4079 1843 4147 D

137 4209 360 4265 Claudit
389 4209 443 4264 in
467 4211 706 4267 obscuro
728 4211 857 4268 foedi
889 4215 1257 4284 spurcaminis
1282 4224 1440 4274 antro

1871 4208 2165 4273 Nobilitas,
2193 4209 2435 4279 species,
2463 4207 2664 4280 lepidae
2697 4207 2960 4263 facundia
2990 4208 3213 4285 linguai,

139 4305 521 4378 Afficiensque
551 4316 699 4362 arcto
725 4318 974 4382 gnatum,
1012 4310 1226 4380 jejunia
1252 4312 1416 4368 solvit
1873 4302 2206 4374 lmpugnant
2231 4300 2415 4356 valido
2447 4298 2788 4356 temnentem
2816 4307 3013 4356 cuneta
3031 4300 3237 4356 renisu.

137 4398 305 4452 Grata
334 4397 495 4463 cibo;
521 4399 723 4471 gaudet
745 4400 968 4469 juvenis
993 4403 1223 4474 quaesita
1253 4404 1492 4472 subisse,
1872 4390 2053 4445 Gratia
2075 4405 2262 4462 quem:
2295 4387 2540 4461 θάθίειιιθ
2567 4405 2759 4460 Pecus:
2790 4389 3062 4460 Sapientia
3092 4405 3220 4445 νθηι

138 4488 416 4552 Gratatur,
450 4485 611 4547 favet,
643 4489 892 4557 assultat,
923 4491 1331 4561 complectitur,
1357 4494 1550 4563 ambit,
1868 4483 2142 4548 Cinxerat,
2175 4482 2519 4547 alterutrum,
2552 4481 2801 4537 adversis
2827 4480 3146 4555 confligitur
3166 4481 3333 4538 armis

135 4577 346 4648 Sicque
373 4577 468 4632 diu
497 4593 556 4632 se
580 4578 824 4634 exerceri
858 4582 1302 4652 promptissimus
1331 4591 1514 4656 Optat;

1869 4575 1964 4630 Illa
1995 4575 2130 4629 deos
2159 4573 2380 4646 praefert
2408 4573 2596 4628 divino
2614 4573 2736 4643 jure
2763 4573 3051 4637 colendos,

135 4668 470 4742 Suggeritur
499 4667 735 4738 genitori
766 4669 932 4724 ardor
959 4670 1242 4744 genitique
1277 4673 1552 4746 voluptas,
1871 4665 1974 4720 Iste
1997 4665 2158 4720 docet
2189 4665 2421 4720 miseros
2447 4663 2686 4734 divoque
2716 4663 2896 4719 nitore
2928 4673 3211 4732 vacantes,

135 4758 216 4811 De
243 4771 407 4812 cruce
439 4757 686 4828 pendere
719 4766 775 4812 et
797 4757 1013 4827 jejunia
1036 4759 1192 4815 laetus
1225 4761 1391 4818 inire.
1870 4757 2040 4829 quue
2069 4755 2266 4828 probat
2295 4756 2440 4812 veris
2469 4756 2783 4828 patulisque
2811 4755 3072 4812 edisserit
3100 4757 3260 4813 actis.

133 4851 586 4910 Christicolarum
618 4853 833 4908 animos
862 4853 955 4908 tali
995 4855 1099 4908 sub
1126 4871 1278 4911 mere
1308 4863 1515 4924 suetos,
1869 4845 2030 4918 Virgo
2062 4845 2232 4916 Pwbe
2263 4843 2470 4899 cedens
2489 4843 2716 4900 τδίίοηίδ
2745 4845 3002 4902 acumine
3023 4845 3242 4901 tandem

133 4939 326 4996 Gloria
351 4940 512 5012 queis
541 4947 595 4996 et
625 4941 806 4996 honor
837 4942 939 4998 hoc
960 4959 1208 4999 crescere
1232 4945 1359 5018 jure
1393 4954 1638 5018 putatur,

1869 4938 2065 4994 Christi
2104 4939 2245 4994 victa
2267 4939 2401 5015 jugo
2433 4940 2648 4995 accedit
2677 4940 3010 4997 submittere
3039 4934 3178 4996 colla
3209 4958 3221 4995 :

135 5031 285 5096 Quin
315 5031 558 5085 studium
591 5037 784 5098 vertat,
817 5031 956 5086 tales
987 5047 1098 5087 non
1131 5033 1297 5090 haece
1329 5038 1664 5106 premendos
1871 5031 2167 5108 Virginitas
2187 5033 2459 5089 servanda
2489 5033 2688 5105 placet,
2725 5033 3022 5105 fictumque
3049 5033 3238 5088 subire

138 5124 285 5195 Lege
309 5122 482 5189 viros,
525 5123 840 5194 contempla
870 5123 1026 5189 ferat,
1060 5124 1227 5180 vitata
1249 5137 1507 5198 reponat,
1873 5122 2126 5198 Conjugii
2167 5125 2338 5181 multo
2369 5125 2669 5181 decorandi
2708 5126 2940 5198 pignore
2963 5140 3190 5181 nomen.

137 5214 367 5270 Deliciis
404 5213 646 5290 subigat,
680 5215 959 5272 connubia
983 5216 1129 5272 clara
1160 5228 1436 5290 procuret,
1873 5219 2127 5275 Abluitur
2149 5235 2308 5275 sacro
2333 5219 2536 5288 conjux
2567 5219 2898 5290 baptismate
2919 5220 3099 5293 virgo,

138 5308 384 5363 Nexibus
413 5307 502 5362 his
523 5308 713 5376 nodet,
733 5309 910 5364 trahat
936 5310 1040 5364 hac
1069 5310 1125 5364 in
1151 5319 1276 5366 vota
1302 5319 1515 5368 catena.
1873 5312 2075 5384 Sicque
2107 5329 2268 5384 pares
2299 5322 2451 5368 casto
2485 5312 2684 5368 Christi
2716 5313 3020 5370 vincimine
3045 5313 3222 5385 juncti

133 5400 303 5456 Audit
324 5409 379 5455 at
400 5400 519 5472 ipse
559 5400 744 5456 libens
773 5403 1016 5457 monitus
1044 5409 1099 5457 et
1123 5403 1276 5471 jussa
1309 5403 1550 5472 facessit,
1870 5404 2108 5479 Gignere
2137 5404 2350 5460 ccelesti
2381 5420 2491 5460 non
2513 5411 2727 5460 cessant
2757 5405 2949 5461 fenore
2975 5411 3174 5478 gnatos

135 5489 365 5544 Instruit
394 5498 450 5544 et
471 5489 764 5558 thalamos,
797 5491 989 5547 amicit
1026 5491 1264 5548 triclinia
1291 5493 1472 5559 cunis,
1868 5495 2220 5566 Multiplices,
2253 5496 2512 5570 cogitque
2552 5495 2728 5552 virum
2760 5497 2848 5568 pia
2878 5507 3058 5554 castra
3095 5497 3497 5572 Chrysanthus,

136 5578 395 5634 Protinus
421 5588 476 5634 et
505 5579 754 5652 genitum
779 5581 1074 5653 squallenti
1107 5597 1326 5638 carcere
1353 5591 1570 5653 raptum
1870 5582 2160 5638 Femineas
2197 5583 2356 5638 Daria
2371 5584 2566 5640 densat
2587 5585 2691 5639 sub
2720 5585 2881 5661 signa
2910 5593 3178 5644 catervas.

212 5753 341 5820 (184
366 5752 970 5828 ilnmarginecodicis
999 5755 1024 5808 1
1057 5755 1252 5812 eadem
1280 5771 1443 5812 manu
1476 5756 1772 5826 scriptum:
1819 5782 1844 5804 κ
1887 5758 2126 5812 Mactum
2148 5763 2364 5812 veteres
2395 5757 2622 5814 Romani
2658 5768 2860 5816 vocunt
2884 5767 3127 5827 auctum,
3179 5789 3204 5810 »
3247 5770 3353 5818 etc.

143 5825 429 5892 Seaucsa,
460 5823 559 5880 lib.
599 5823 637 5890 ᾗ
669 5825 832 5896 epist.
865 5825 956 5882 20.
