3890 6406
407 399 518 457 695

480 533 714 611 Agmina
741 532 902 604 plura
929 530 1126 585 videns
1155 529 1333 584 hostis
1357 535 1469 584 tota
1496 528 1638 585 Urbe
1667 529 1816 586 coire

411 629 472 683 In
501 622 699 681 Christi
714 635 869 677 sacra
880 619 1006 691 jura
1034 618 1212 686 ducis,
1243 619 1560 689 claramque
1590 619 1866 690 repulsam

409 720 582 777 Indici
613 718 835 792 penitus
859 714 1059 787 priscis
1097 714 1316 786 arisque
1339 713 1602 789 jugisque

409 813 600 871 Livida
626 811 738 867 tela
755 808 983 865 vibrans
1007 806 1130 862 diro
1163 806 1592 878 excitatimpete
1623 806 1828 874 turbas,

409 908 583 979 inque
613 904 735 977 pios
763 907 950 957 movet
971 906 1188 955 atroces
1225 899 1421 955 ardore
1453 899 1723 955 tumultus

409 998 568 1055 Urbis
585 1005 717 1052 tunc
741 992 1123 1065 prefecturam
1155 990 1438 1047 Celerinus
1461 992 1678 1067 agebat,

409 1087 511 1156 Qui
551 1089 653 1144 hos
677 1084 897 1142 cuidam
927 1084 1074 1156 legat
1099 1090 1285 1139 tentos
1314 1084 1382 1138 ad
1414 1083 1586 1158 ﬂagra
1615 1084 1833 1140 tribuno
1863 1101 1877 1148 ;

410 1180 811 1240 Claudiusbuic
849 1193 1054 1235 nomen
1078 1178 1171 1250 qui
1202 1177 1553 1250 septuaginta
1583 1177 1923 1249 Chrysantho

407 1277 660 1335 Tortores
687 1273 961 1330 adhibens
989 1272 1175 1328 crudis
1204 1272 1510 1346 astringere
1541 1272 1729 1326 nervis

410 1366 566 1422 Hunc
587 1363 804 1439 satagit,
845 1362 945 1417 sed
975 1367 1082 1416 stat
1113 1359 1299 1416 subito
1325 1360 1526 1416 virtute
1553 1360 1766 1415 solutus

409 1459 637 1514 Siderea
656 1456 923 1527 nulloque
948 1454 1083 1527 jugo
1115 1453 1223 1508 sibi
1252 1452 1437 1508 vinela
1467 1451 1788 1518 cohaerent;

410 1549 710 1624 Stringitur
736 1549 867 1603 hinc
888 1545 1058 1602 validi
1097 1545 1310 1600 nodoso
1341 1544 1542 1600 robore
1572 1544 1746 1616 cippi,

377 1645 624 1702 .Tertius
654 1644 743 1700 hic
771 1657 988 1699 morsus
1013 1657 1140 1696 crus
1169 1647 1229 1696 ut
1249 1639 1514 1694 divaricet
1539 1648 1742 1711 actum,

409 1739 582 1812 Ligna
607 1736 704 1792 sed
725 1736 783 1793 in
805 1744 1026 1790 tenuem
1044 1733 1193 1804 cippi
1225 1734 1468 1790 resoluta
1497 1733 1737 1790 favillam

409 1828 521 1884 Nec
558 1827 693 1895 vim,
725 1840 829 1880 nec
859 1823 1078 1896 pondus
1099 1823 1324 1878 valuere
1358 1823 1605 1880 indicere
1625 1834 1848 1882 sancto:

410 1920 642 1975 Putente
672 1917 802 1974 inde
834 1917 1014 1972 lavant
1039 1922 1211 1971 artem
1241 1914 1528 1986 depellere
1555 1917 1722 1972 mictu

407 2011 708 2075 Sudantes,
740 2009 798 2064 in
820 2017 1136 2064 nectareum
1167 2007 1266 2064 sed
1297 2024 1490 2064 versus
1519 2009 1747 2064 odorem

413 2099 745 2176 Belligerum
774 2097 900 2153 laeto
923 2096 1174 2170 fragrans
1189 2095 1488 2167 spiramine
1509 2097 1747 2164 mulcet;

413 2191 548 2247 Inde
579 2205 774 2246 recens
802 2195 959 2260 rapto
990 2187 1147 2244 vituli
1171 2189 1275 2244 sub
1307 2195 1523 2262 tergore
1546 2195 1704 2244 sutus

411 2283 709 2358 Stringitur
746 2280 1141 2354 urgendusque
1171 2279 1272 2335 faci
1303 2279 1464 2335 datur
1489 2281 1839 2352 Hyperionis,

409 2375 542 2432 Jura
570 2374 670 2430 sed
701 2373 916 2448 ignorat
959 2372 1198 2428 Phoebus
1219 2372 1488 2444 ponitque
1518 2374 1786 2448 vigorem,

412 2467 474 2524 in
503 2467 661 2524 testis
681 2475 891 2522 tantum
924 2464 1089 2521 validi
1118 2465 1424 2536 tepefactus
1451 2465 1706 2532 amictus,

411 2562 524 2618 Nec
552 2560 720 2617 sentit
751 2559 964 2615 fervere
993 2558 1158 2614 cultis
1186 2558 1478 2614 mitissima
1507 2561 1718 2615 solem:

413 2651 655 2708 Artubus
674 2658 735 2706 ut
761 2649 1005 2704 detracta
1037 2663 1270 2704 manens
1302 2665 1367 2704 ex
1397 2664 1628 2720 corpore
1661 2651 1831 2706 robur

413 2743 576 2800 Forte
605 2742 832 2798 trahens
861 2747 1052 2794 sancto
1071 2738 1241 2794 cessit
1268 2739 1359 2793 cui
1389 2737 1862 2808 Cynthiusardor;

415 2835 550 2891 Inde
579 2847 892 2903 manusque
921 2830 1209 2901 pedesque
1236 2830 1526 2885 subactum
1576 2839 1631 2886 et
1652 2831 1793 2887 colla
1834 2833 2045 2888 catenis

416 2926 661 2984 Carceris
681 2924 942 2995 injiciunt
976 2923 1237 2978 barathro
1263 2923 1534 2995 caecisque
1564 2923 1826 2980 latebris:

412 3018 527 3074 Nec
555 3031 728 3083 mora,
755 3014 1046 3070 solvuntur
1072 3012 1258 3068 cuncti
1283 3013 1582 3068 nodamina
1601 3013 1754 3078 ferri,

414 3105 527 3162 Lux
549 3104 724 3160 micat
743 3101 1050 3157 innumeris
1079 3101 1302 3156 radians
1330 3108 1388 3157 ut
1417 3101 1629 3158 consita
1654 3102 1890 3173 lychnis.

414 3192 684 3266 Supplicii
704 3189 947 3247 artifices
960 3189 1207 3246 referunt
1234 3190 1353 3245 haec
1382 3197 1579 3245 cuncta
1602 3190 1826 3246 tribuno

415 3287 514 3342 Ille
537 3285 644 3342 sibi
673 3285 974 3342 exhibitum
1010 3298 1303 3340 nemoroso
1333 3283 1562 3338 verbere
1585 3282 1721 3338 caedi

415 3375 657 3442 Mandat,
689 3381 745 3430 at
771 3374 1046 3445 applicitae
1069 3372 1406 3446 rigidissima
1427 3372 1651 3428 brachia
1681 3373 1832 3429 silvae

417 3469 641 3525 Laedere
667 3466 915 3524 membra
941 3473 1164 3537 pavent,
1188 3467 1339 3521 lento
1363 3481 1428 3522 ac
1458 3465 1783 3522 ﬂaccescere
1814 3466 1972 3538 lapsu

417 3557 699 3630 Incipiunt
723 3576 738 3625 ;
769 3572 992 3612 omnem
1014 3556 1182 3627 inque
1223 3569 1420 3610 manus
1445 3571 1684 3626 posuere
1711 3557 1968 3630 rigorem.

418 3650 676 3706 Claudius
708 3649 810 3704 ista
830 3655 1252 3704 tuenssanctum
1286 3647 1482 3703 tellure
1513 3649 1681 3703 levari

414 3740 670 3812 Praecipit
697 3745 861 3812 atque
891 3737 1025 3809 tegi,
1048 3738 1398 3813 genibusque
1425 3739 1738 3795 advolvitur
1767 3756 1934 3797 orans

415 3833 599 3903 Seque
623 3845 864 3900 suosque
895 3827 987 3900 pia
1017 3834 1333 3884 sanctorum
1367 3827 1489 3900 lege
1519 3828 1749 3884 sacrari.

416 3922 539 3980 Mox
569 3920 940 3978 catechizatus
965 3919 1181 3977 divinas
1208 3919 1410 3989 excipit
1435 3920 1632 3984 undas.

417 4015 671 4072 Pluribus
700 4012 978 4087 applicitis
991 4012 1220 4083 paribus
1245 4012 1508 4084 sociaque
1529 4012 1726 4086 jugali,

419 4109 618 4166 Hilaris
641 4107 853 4180 junctis
882 4107 1107 4182 genitis,
1137 4107 1231 4179 qui
1267 4107 1508 4171 Maurus.
1533 4108 1715 4176 lason,

415 4199 683 4256 Militibus
713 4197 917 4270 pariter
934 4211 1158 4268 quoque
1187 4196 1539 4270 septuaginta
1561 4197 1786 4270 ju‘gatis.

417 4294 511 4348 His
535 4292 644 4348 sibi
675 4289 942 4361 subjectis
969 4287 1268 4360 multisque
1296 4288 1632 4344 haerentibus
1657 4291 1831 4347 auctis

416 4385 787 4442 Numerianus
814 4390 874 4438 ut
896 4387 1017 4438 acta
1044 4380 1214 4452 capit,
1245 4380 1421 4436 vitreo
1449 4396 1672 4452 aequore
1699 4383 1865 4448 subdi

419 4474 634 4550 Ingenti
658 4471 992 4545 implicitum
1020 4483 1150 4525 saxo
1178 4469 1394 4525 fervore
1425 4469 1707 4527 tribunum

418 4562 884 4636 Deputatinsano,
917 4569 1032 4616 tum
1061 4559 1414 4635 septuaginta
1432 4559 1653 4636 jngatos

419 4659 637 4716 Iasonis
664 4665 720 4714 et
749 4656 919 4713 Mauri
948 4656 1154 4728 pariter
1183 4656 1364 4726 capita
1395 4672 1529 4712 ense
1560 4658 1754 4715 recidi.

419 4749 659 4821 Antiqua
687 4747 908 4804 latitans
935 4753 1052 4802 erat
1079 4752 1196 4801 arte
1225 4745 1515 4801 cuniculus
1545 4746 1658 4804 illic

422 4846 538 4912 Qua
574 4842 703 4900 caesi
726 4849 915 4911 testes,
949 4858 1111 4914 quem
1144 4842 1488 4896 noctusorde
1511 4841 1758 4900 levantes

424 4934 762 4993 Christicolm
791 4933 982 4989 multis
1019 4933 1336 4989 decorando
1363 4933 1664 4990 monilibus
1685 4946 1900 4993 ornant.

425 5025 641 5099 Colligit
672 5023 866 5079 Hilaris
897 5021 1208 5098 genitorum
1242 5021 1491 5077 membra
1521 5023 1727 5079 tribuni

424 5114 712 5186 Exsequiis
730 5113 1019 5185 perfuncta
1042 5113 1172 5185 piis,
1204 5113 1298 5168 ubi
1330 5120 1457 5170 vota
1487 5113 1832 5185 profundens

427 5203 877 5274 Continuansque
899 5218 1093 5274 preces
1123 5210 1362 5258 arctatur
1389 5202 1459 5257 ad
1489 5210 1610 5258 acta
1634 5203 1899 5274 profanis.

426 5295 567 5350 Dum
592 5295 826 5349 trahitur
852 5294 1107 5365 poscitse
1133 5294 1366 5365 implere
1387 5293 1702 5365 precamina
1726 5295 1979 5361 mittant;

426 5383 628 5454 Sicque
655 5382 886 5457 gradum
916 5382 1090 5456 signis
1119 5382 1317 5438 Christi
1357 5383 1488 5438 dum
1521 5383 1750 5454 mystica
1780 5384 1948 5441 sumit

424 5475 602 5544 Atque
628 5473 1014 5547 genuﬂectens
1044 5476 1254 5547 palmas
1279 5475 1349 5532 ad
1379 5475 1562 5532 sidera
1577 5476 1794 5547 pandit,

423 5561 650 5615 .‘Ethera
682 5575 806 5614 cum
838 5562 1098 5633 precibus
1136 5565 1354 5622 scandit
1399 5567 1598 5624 coelum
1632 5565 1834 5637 accipit
1862 5582 2048 5624 orans.

421 5649 549 5703 Tam
581 5645 773 5704 subito
803 5650 1011 5719 stupidi
1044 5659 1293 5723 raptores
1319 5655 1429 5710 fine
1449 5655 1660 5727 rapinae

424 5742 552 5805 Quae
580 5737 997 5798 comitabantur
1025 5744 1253 5800 famulas
1281 5749 1351 5803 ad
1389 5749 1590 5805 funera
1614 5749 1906 5820 linquunt;

1181 398 1551 456 FLODOABDI
1597 398 1904 456 CANONICI
1937 399 2275 457 'REME'NSiS
2313 400 2654 459 OPUSCULA
2693 403 3006 458 METRICA.

3673 411 3781 468 696

2055 535 2107 603 Α
2133 532 2536 605 Basilicamque
2564 550 2750 605 super,
2785 547 2884 606 pro
2918 551 3077 606 posse
3109 537 3163 591 in
3196 537 3438 593 culmina
3467 538 3700 595 tollunt.

2203 639 2419 694 Interea
2446 639 2722 713 Augustus
2748 637 2985 695 truciore
3008 639 3224 695 furebat
3246 641 3300 695 in
3335 641 3476 698 altos

2132 742 2438 816 Signiferos
2469 744 2576 810 ira;
2606 743 2775 799 trudit
2794 743 3050 814 squalore
3069 742 3472 814 Chrysanthum

2131 833 2377 891 Carceris
2398 833 2711 900 honoriﬁci,
2735 851 2845 907 qua
2871 840 3116 890 stercora
3144 831 3290 887 ﬂuxa
3316 833 3534 888 cloacas

2131 934 2468 990 Extenuant:
2501 937 2716 991 Dariam
2746 937 3058 993 meretricia
3079 945 3234 1010 septa
3256 948 3562 1013 receptant.

2131 1027 2456 1103 Suggeritur
2493 1031 2680 1086 clauso
2711 1031 2806 1086 sed
2838 1032 2927 1086 lux
2962 1032 3151 1088 divina
3180 1033 3542 1105 Chrysantho,

2131 1117 2379 1172 Balsama
2401 1118 2683 1190 respirans
2716 1121 2920 1191 pariter
2950 1121 3250 1196 fragrantia
3281 1122 3469 1178 fertur.

2133 1207 2381 1262 Evadens
2402 1224 2623 1263 caveam
2651 1210 2819 1264 Darim
2845 1210 2932 1266 leo
2963 1211 3197 1266 mittitur
3226 1213 3404 1268 audax

2130 1297 2386 1352 Servator
2415 1298 2632 1353 decoris
2663 1300 2972 1371 cellamque
3005 1301 3288 1375 ingressus
3315 1303 3550 1359 honorat

2131 1385 2409 1453 Orantem,
2443 1393 2677 1441 astratus
2702 1388 3032 1460 placidoque
3055 1389 3236 1464 rigore
3268 1396 3472 1457 tuetur,

2134 1475 2384 1546 Dumque
2406 1475 2589 1531 ferunt
2621 1475 2830 1531 Christo
2863 1479 3048 1548 plures
3075 1486 3394 1534 reverenter
3420 1480 3699 1536 honorem

2133 1571 2375 1628 Mirificis
2409 1573 2608 1643 trepidi
2643 1574 2796 1639 visis,
2829 1574 3119 1644 praefectus
3149 1576 3205 1629 in
3235 1577 3355 1646 ipso

2133 1661 2378 1716 Fornicis
2409 1661 2594 1735 ignem
2625 1661 2778 1716 aditu
2807 1663 2981 1717 multa
3015 1664 3172 1718 trabe
3199 1665 3452 1736 praecipit
3480 1665 3572 1721 edi
3608 1684 3622 1720 :

2132 1750 2320 1806 Bellua
2349 1752 2645 1807 raucisono
2677 1750 2914 1806 ﬂammis
2944 1753 3226 1823 pavefacta
3260 1755 3440 1827 rugitu

2062 1859 2112 1928 Β
2137 1848 2464 1905 Perturbare
2491 1848 2696 1919 locum,
2726 1851 2815 1904 cui
2845 1851 2999 1922 virgo
3031 1852 3368 1908 animosior:
3413 1876 3438 1903 α
3482 1853 3579 1908 Exi

2136 1938 2362 2005 Secure,
2391 1937 2670 2008 emigrans
2702 1937 2854 1994 nullo
2885 1939 3087 1995 lmdore
3118 1947 3332 2007 tenore,

2137 2025 2360 2080 Liberat
2390 2024 2481 2079 ille
2510 2025 2733 2096 quidem
2766 2035 2819 2080 te
2847 2026 2904 2081 in
2937 2043 3026 2082 me
3055 2043 3219 2099 quem
3248 2029 3398 2084 mitis
3424 2028 3701 2084 houoras.
3751 2054 3775 2075 -

2136 2116 2421 2172 Exhibitus
2442 2117 2674 2187 posthac
2703 2117 2965 2188 praefecto
2997 2125 3216 2191 aptatur
3244 2120 3452 2191 equino

2138 2208 2252 2263 Sub
2281 2209 2436 2264 trabe
2469 2217 2744 2265 tormento
2776 2219 3034 2280 porrecta
3075 2211 3317 2267 immane
3371 2211 3758 2284 Chrysanthus

2140 2309 2389 2364 Machina
2403 2309 2501 2364 sed
2524 2309 2744 2383 refugit,
2770 2310 3090 2382 rapiturque
3123 2311 3178 2365 in
3202 2311 3376 2366 flabra
3397 2313 3627 2368 minutis

2138 2401 2426 2456 Dissiliens
2457 2400 2665 2467 frustis,
2689 2409 3028 2476 sparguntur
3057 2403 3277 2458 vincula
3301 2404 3526 2475 passim,

2140 2496 2446 2568 Lampades
2465 2497 2765 2568 applicitae,
2798 2497 3033 2568 depulso
3066 2497 3281 2566 ardore,
3312 2498 3589 2574 gelantur.

2141 2593 2206 2649 At
2243 2592 2551 2660 Celerinus,
2593 2607 2659 2648 eo
2686 2607 2994 2670 concussus
3025 2593 3192 2648 corda
3221 2600 3467 2664 stupore,

2146 2695 2306 2751 Gesta
2337 2695 2504 2751 refert
2530 2695 2780 2751 domino.
2811 2695 3042 2771 magicis
3071 2696 3163 2768 qui
3197 2695 3482 2752 fraudibus
3507 2703 3635 2752 acta

2145 2785 2502 2855 Dependens,
2537 2791 2719 2840 castos
2750 2785 2992 2856 pretioSo
3025 2781 3136 2840 fine
3161 2784 3380 2857 jugales

2146 2873 2421 2929 Grandine
2455 2873 2707 2948 saxigero
2737 2872 3017 2948 submergi
3049 2873 3507 2939 mandatarenis;

2143 2960 2382 3017 Tramite
2413 2977 2523 3033 quo
2555 2961 2678 3017 coeli
2711 2961 3051 3033 Stephanum
3081 2978 3250 3032 super
3279 2962 3386 3016 alta
3423 2962 3600 3018 secuti

2144 3055 2400 3112 Lacteolo
2429 3072 2702 3129 roseoque
2735 3057 2967 3112 innean
2995 3056 3129 3112 ﬂore
3149 3057 3414 3131 gemellas

2143 3151 2441 3208 Stemmata
2473 3158 2740 3225 perpetuo
2781 3152 2929 3208 rutili
2970 3169 3226 3208 meruere
3257 3169 3514 3220 coronas;

2067 3239 2118 3310 Ο
2143 3240 2428 3313 Largoque
2469 3257 2568 3312 per
2591 3241 2828 3312 populos
2859 3241 2990 3297 dum
3027 3249 3294 3316 spargunt
3334 3243 3479 3298 dona
3507 3243 3714 3299 salutis

2146 3330 2347 3402 Crypta
2367 3346 2534 3402 supra
2559 3331 2801 3386 tumulos
2835 3330 2982 3386 claro
3015 3330 3309 3386 fabricatur
3338 3332 3580 3399 honore;

2147 3417 2262 3482 Quo
2293 3419 2423 3473 dum
2456 3433 2604 3489 saepe
2633 3419 2744 3474 coit
2778 3420 2959 3474 votiva
2991 3419 3302 3491 frequentia
3331 3421 3536 3491 plebis,

2144 3507 2444 3562 [Eneadum
2475 3508 2584 3562 dux
2619 3524 2764 3564 saeva
2782 3509 3042 3577 fremens,
3069 3509 3386 3566 celebrante
3415 3519 3638 3567 caterva

2143 3599 2387 3672 Mystica,
2422 3600 2536 3655 voti
2565 3599 2748 3656 aditus
2777 3601 2958 3656 claudi
2986 3601 3144 3672 jubet
3170 3617 3264 3656 ora
3295 3602 3474 3658 levato

2142 3687 2378 3756 Pariete,
2400 3689 2836 3762 conclusamque
2869 3691 3044 3761 premi
3066 3696 3220 3746 vasto
3251 3707 3454 3765 aggere
3483 3694 3781 3766 templum,

2139 3782 2338 3854 Sicque
2369 3792 2555 3839 manet
2575 3783 2705 3839 dum
2733 3785 2901 3839 cruda
2930 3785 3050 3856 pios
3075 3785 3358 3840 tribulatio
3380 3785 3564 3840 tundit

2139 3875 2484 3947 Sculptilium
2514 3876 2673 3947 pulsa
2697 3877 2875 3932 donec
2905 3876 3043 3932 Urbs
3075 3877 3234 3933 sorde
3266 3877 3448 3949 piatur

2143 3967 2206 4023 Et
2236 3968 2448 4023 Christo
2473 3984 2626 4023 sacra
2651 3968 2829 4034 busta,
2854 3970 2966 4024 Deo
3000 3976 3307 4044 retegente,
3337 3976 3625 4027 notantur.

2142 4059 2360 4116 Restitit
2388 4065 2442 4114 at
2471 4059 2722 4130 quaedam
2763 4059 2933 4114 sacris
2961 4060 3162 4116 intecta
3195 4060 3439 4116 fenestra

2145 4151 2260 4217 Qua
2283 4159 2598 4206 sanctorum
2627 4151 2925 4223 inspectari
2956 4158 3320 4208 monumenta
3347 4153 3578 4208 licebat:

2143 4243 2352 4298 Visitur
2376 4251 2663 4317 argentum
2697 4244 2801 4298 hac
2827 4243 2974 4299 intus
3004 4243 3151 4316 quod
3177 4244 3301 4298 vina
3329 4243 3489 4298 litare

2144 4344 2306 4400 Plebs
2329 4343 2459 4400 olim
2483 4343 2764 4411 intulerat,
2789 4344 3088 4416 clausaque
3114 4344 3394 4398 resederat
3415 4342 3562 4397 aula.

2146 4435 2255 4490 Hac
2277 4435 2730 4507 quidam,jussus
2761 4435 2970 4506 specie,
3004 4434 3329 4505 penetralia,
3358 4434 3562 4506 praeda:

2144 4524 2277 4597 Spe,
2311 4525 2523 4596 irrepit,
2550 4524 2871 4596 rapiturque
2899 4541 3062 4596 rapax
3094 4524 3346 4596 rapiente
3375 4524 3600 4596 rapina;

2061 4616 2121 4686 D
2147 4617 2238 4673 Sic
2262 4624 2450 4689 raptus
2481 4616 2702 4688 rapiens
2727 4625 2878 4671 extra
2908 4633 3207 4688 prorepere
3239 4616 3412 4682 nisus,

2146 4713 2298 4769 Haud
2323 4713 2469 4770 valet
2490 4728 2776 4788 egressum
2801 4712 3058 4768 introitus
3078 4712 3320 4783 reperire
3351 4711 3582 4782 reperti,

2142 4805 2484 4862 Circumiens
2513 4811 2625 4860 tota
2654 4822 2901 4879 gyroque
2931 4811 3163 4880 vagante
3198 4804 3454 4860 laborans

2151 4895 2322 4953 Nocte
2361 4913 2463 4952 nec
2493 4897 2784 4952 inveniens
2813 4896 3020 4951 aditum
3055 4911 3164 4967 quo
3196 4894 3434 4950 claustra
3467 4894 3780 4968 relinquat;

2149 4987 2284 5040 Dum
2316 4985 2457 5041 lucis
2486 4986 2664 5058 spatio
2695 4987 2894 5041 coelum
2924 4986 3267 5060 nigresceret
3295 4994 3417 5039 acto

2148 5064 2333 5138 Exitus
2365 5082 2493 5136 hinc
2525 5098 2740 5136 rursum
2771 5088 2977 5153 petztur
3014 5096 3346 5152 rursumque
3377 5089 3637 5155 negatur,

2156 5183 2324 5239 Nocte
2355 5189 2540 5238 notata
2567 5182 2658 5238 die
2690 5189 2800 5239 tota
2840 5190 3112 5237 cataracta
3139 5179 3378 5244 recedit;

2155 5275 2245 5331 Sic
2272 5275 2451 5330 tribus
2479 5274 2824 5344 elusumjam
2857 5273 3112 5329 noctibus
3132 5289 3278 5347 aegra
3308 5271 3501 5347 fatigat

2156 5364 2296 5419 Cura
2318 5364 2584 5436 laborque
2611 5381 2842 5430 vacans;
2872 5363 3053 5418 reddit
3077 5363 3166 5417 lux
3191 5361 3349 5416 tertia
3365 5367 3569 5418 cuncto

2151 5453 2281 5508 Jura
2303 5453 2442 5523 foro,
2475 5470 2676 5525 pueros
2701 5453 2889 5508 ferulis
2906 5451 3212 5525 vulgusque
3241 5449 3462 5522 plateis,

2152 5544 2484 5616 Diversoque
2515 5559 2667 5598 reum
2699 5541 2999 5598 certamine
3021 5556 3206 5596 carcer
3240 5538 3458 5596 adurit:

2153 5637 2291 5692 Hinc
2329 5637 2526 5708 pudor,
2561 5635 2687 5689 inde
2728 5634 2902 5688 fames
2944 5633 3163 5705 rapiunt
3196 5632 3407 5685 incerta
3435 5631 3770 5690 trahentem;

2154 5728 2293 5794 Quid
2324 5728 2410 5783 cui
2443 5734 2725 5798 praeponat
2753 5726 2984 5779 libratur
3014 5724 3122 5778 vita
3154 5721 3392 5792 pudore:

419 5831 508 5890 Hae
536 5827 838 5892 dominam
866 5841 1110 5892 extremo
1149 5836 1480 5897 ῑεωυηηιω.
1509 5812 1759 5910 munem-3,
1808 5812 2056 5898 οοέιάαηι
2155 5821 2218 5876 At
2249 5820 2526 5875 cruciaute
2559 5817 2702 5873 fame
2725 5834 2898 5889 panso
2931 5817 3103 5873 decus
3133 5812 3322 5870 interit
3351 5828 3476 5880 ore,
