3890 6398
152 412 261 467 697
650 432 655 441 π
784 408 868 464 DE
907 406 1169 485 CIIIIISTI
1208 407 1571 464 TRIUMI’HIS
1610 409 1782 466 APUD
1822 407 2091 464 ITALIAM
2132 406 2308 462 LIBRI
2348 405 2479 460 XIV.
2523 435 2591 444 —
2632 403 2754 458 LIB.
2801 402 2887 456 VI.

153 544 458 621 Egrediens
485 542 730 609 tandem,
766 540 972 613 populo
1002 549 1287 612 spectante
1327 539 1530 596 fatetur

152 637 471 713 Flagitium,
503 640 793 709 pressante
814 633 1039 708 probro,
1073 649 1184 691 non
1216 649 1326 690 are
1355 640 1631 708 gravatus.

1803 548 1852 615 Α
1880 543 2145 597 Damasus
2170 545 2231 595 ut
2260 538 2462 593 factum
2489 537 2657 610 longo
2688 541 2812 607 post
2833 540 3081 604 tempore
3112 529 3302 595 sumit,

1881 630 2100 704 Obtegit
2127 644 2191 688 os
2219 629 2376 696 adis,
2408 642 2560 683 sacra
2586 624 2777 680 limina
2807 621 3062 680 versibus
3080 626 3263 675 ornat.

1678 788 1888 843 CAPUT
1932 788 2017 843 VI.

1456 894 1533 953 De
1573 900 1777 953 sancto
1821 890 1967 953 Gaio
2003 907 2183 968 papa.

151 1028 317 1085 Sedis
335 1027 655 1100 apostolica
685 1027 850 1083 Gaius
887 1036 1011 1100 post
1041 1028 1437 1100 Eutychianum

149 1121 410 1178 Culmina
428 1121 675 1188 sortitus,
692 1121 1087 1177 moderamine
1106 1128 1297 1177 tractat
1319 1122 1554 1178 honesto
1589 1141 1604 1189 ;

150 1214 291 1268 Nam
322 1209 514 1268 statuit
528 1212 794 1287 gradibus
814 1229 1108 1267 scansuros
1148 1213 1295 1268 celsa
1315 1213 1523 1280 subire,

150 1301 398 1357 Saltibus
427 1318 458 1357 a
487 1302 639 1358 nullo
668 1302 923 1379 Ecclesia
946 1301 1257 1373 superarier
1283 1317 1488 1367 arcem,

150 1393 366 1449 Militia
399 1393 593 1448 Christi
627 1395 924 1465 primatum
957 1400 1016 1447 ut
1047 1410 1209 1449 nemo
1241 1399 1494 1465 capessat

149 1485 219 1540 Ni
246 1484 501 1541 tirocinio
524 1500 621 1556 per
648 1485 867 1558 singula
891 1485 1078 1539 munia
1103 1493 1309 1560 surgat.

150 1577 250 1633 IIis
271 1577 506 1648 aliisque
533 1577 716 1632 nitens
734 1586 1049 1633 sanctorum
1073 1578 1331 1633 ductibus
1356 1578 1523 1633 altum

151 1667 322 1721 Sacra
350 1666 609 1722 columba
642 1666 800 1736 petit,
819 1683 1021 1737 supera
1048 1666 1104 1721 in
1128 1666 1346 1741 fastigia
1378 1666 1569 1735 fertur,

148 1755 418 1828 Augetur,
450 1753 667 1820 colitur,
697 1759 910 1821 vernat,
934 1753 1200 1821 munitur,
1222 1762 1455 1821 amatur,

150 1845 425 1920 Regmina
448 1845 660 1912 dilatat,
685 1846 996 1913 decoratur,
1031 1846 1437 1920 magniticatur.

149 1938 378 1994 Lividus
395 1939 683 2010 antiquum
716 1938 955 2011 nigranti
986 1937 1114 1993 felle
1138 1956 1413 1995 venenum

146 2030 361 2104 Anguis
392 2029 730 2086 inexhausta
752 2031 955 2085 mentis
986 2038 1139 2087 torvo
1168 2032 1384 2103 agmine
1415 2031 1661 2100 volvens,

148 2121 411 2197 Suggerit
438 2137 589 2176 arma
616 2122 757 2178 dolis
778 2123 1104 2194 animosque
1130 2123 1383 2178 accendit
1411 2123 1480 2177 ab
1506 2123 1640 2178 atris

150 2211 326 2268 Cociti
357 2213 591 2280 facibus,
623 2214 931 2286 suadetque
963 2214 1267 2270 domestica
1290 2215 1459 2283 bella,

150 2307 327 2364 Fratri
354 2306 519 2363 frater
547 2314 606 2363 ut
636 2308 879 2364 invideat
908 2324 1251 2381 carpensque
1275 2310 1529 2375 lacessat,

151 2398 422 2466 Mordeat,
451 2400 689 2468 incuset,
720 2400 897 2456 civilis
920 2399 1125 2455 ferveat
1146 2401 1330 2456 ardor.

152 2488 246 2546 Sic
275 2491 459 2565 magis
493 2489 798 2563 inspiciens
833 2498 1060 2547 externa
1090 2492 1337 2567 pericula
1365 2508 1529 2565 posse

1798 1895 1850 1964 B

1874 1030 2102 1085 Sumere
2130 1034 2455 1100 proventum
2478 1034 2765 1099 postquam
2780 1024 2974 1080 intima
2996 1022 3208 1077 viscera
3222 1019 3421 1086 turbat,

1875 1122 2276 1197 Languidulum
2301 1122 2356 1176 in
2376 1122 2574 1191 vulgus
2604 1120 2884 1175 robustum
2917 1114 3143 1171 suscitat
3170 1113 3385 1168 hostem

1873 1212 2141 1268 Tartareis
2171 1228 2390 1266 armans
2417 1208 2656 1264 ﬂammis
2687 1206 3106 1263 Diocletianum.

1876 1304 1936 1359 In
1968 1303 2163 1358 Christi
2190 1302 2424 1356 famulos
2448 1307 2617 1356 totum
2646 1298 2740 1369 qui
2779 1297 3017 1352 concitat
3046 1294 3237 1349 orbem
3270 1308 3283 1348 :

1877 1399 1942 1454 Et
1970 1397 2100 1471 quia
2134 1396 2427 1452 nonnullos
2459 1393 2745 1450 constabat
2774 1390 3012 1446 fascibus
3037 1388 3177 1444 altos

1882 1490 2073 1545 Militia
2090 1490 2285 1553 claros,
2318 1488 2496 1559 primo
2529 1487 2629 1541 hos
2658 1484 2957 1554 depellere,
2992 1480 3176 1556 ﬂagris

1875 1584 1971 1640 Vel
1998 1592 2187 1639 censet
2214 1580 2416 1654 subigi,
2451 1586 2622 1635 totum
2653 1595 2777 1634 mox
2800 1577 2954 1633 savit
2985 1576 3040 1630 in
3078 1590 3277 1647 agmen
3312 1591 3325 1627 :

1876 1672 2022 1728 Scita
2046 1672 2210 1739 dicat,
2243 1671 2461 1725 decreta
2492 1675 2663 1735 notat,
2686 1672 2961 1739 praccpta
2987 1665 3252 1739 resignat,

1876 1764 2238 1821 Ecclesiarum
2270 1763 2407 1817 aula
2435 1760 2679 1832 lapidem
2709 1766 3030 1814 evertantur
3058 1756 3127 1811 ad
3157 1757 3351 1821 imum,

1875 1854 2165 1925 Scriptura
2190 1868 2405 1923 supera
2436 1851 2558 1906 diro
2590 1856 2887 1905 exurantur
2913 1849 2968 1903 in
2996 1847 3125 1921 igne
3156 1864 3169 1901 :

1876 1944 2119 2010 Quilibet
2147 1943 2349 2018 insigni
2381 1949 2630 1998 nostrum
2661 1938 2916 1995 suﬂ‘ultus
2944 1939 3162 1995 honore

1877 2035 2127 2092 Culmine
2165 2035 2381 2090 sublato
2412 2049 2612 2090 nomen
2654 2033 2961 2106 pratendat
2991 2032 3158 2086 inane
3196 2049 3213 2086 :

1877 2127 2168 2182 Servorum
2200 2128 2246 2182 si
2285 2127 2409 2199 quis
2450 2126 2660 2181 Christo
2691 2124 3007 2180 famularicr
3034 2130 3189 2194 Optct

1878 2217 1969 2274 Sic
1997 2225 2213 2273 maneat
2238 2220 2459 2289 penitus
2488 2233 2585 2289 spe
2615 2217 2886 2272 libertatis
2912 2216 3190 2286 adempta,

1879 2307 2062 2362 Primo
2095 2308 2212 2363 hac
2241 2308 2515 2382 legantur,
2546 2315 2671 2378 post
2699 2306 2828 2360 hinc
2855 2305 3094 2360 truciora
3121 2308 3423 2359 seruntur:

1879 2398 2137 2453 Ecclesia
2169 2414 2425 2469 proceres
2465 2395 2641 2471 redigi
2670 2395 2772 2451 sub
2803 2396 2985 2451 vincla
3005 2402 3299 2450 monentur

1880 2488 2331 2561 Omnimodisque
2363 2486 2511 2562 adigi
2539 2485 2718 2559 pomis
2748 2485 2817 2541 ad
2855 2500 3011 2540 sacra
3031 2483 3319 2553 jubentur.

1657 2643 1861 2700 CAPUT
1898 2644 2010 2699 VII.

969 2751 1049 2811 De
1075 2754 1298 2813 sanctis
1327 2750 1744 2824 Marcelliano,
1783 2757 1835 2810 et
1864 2749 2084 2823 Marco,
2122 2757 2299 2826 atque
2327 2745 2694 2807 Sebastiano.

160 2885 257 2940 His
288 2882 541 2942 incitatos
575 2884 713 2942 orbe
733 2890 845 2943 toto
876 2885 1097 2943 fomites

158 2973 468 3028 Comitatur
491 2981 645 3029 atrox
673 2973 894 3030 ﬂamma
924 2976 1122 3031 Christi
1154 2994 1253 3048 per
1280 2985 1420 3047 sata,

158 3065 354 3121 Solum
385 3080 609 3121 vacasse
635 3066 787 3123 cade
813 3067 1024 3124 nullum
1056 3069 1317 3137 creditur,

159 3155 378 3221 Quanto
401 3155 589 3211 minus
620 3156 865 3213 Romana
886 3156 1017 3214 belli
1060 3158 1316 3215 incendia

162 3246 428 3301 Haustum
455 3245 668 3301 cruoris
697 3246 953 3303 nesciere
980 3248 1204 3305 mania.

162 3334 261 3391 Hic
291 3335 686 3407 comprehensi
706 3327 1063 3393 destinantur'
1084 3338 1320 3395 vinculis

163 3428 384 3484 Gemini
415 3437 708 3499 parentum
738 3429 884 3486 clara
915 3430 1111 3487 fratres
1140 3431 1369 3500 lumina,

160 3520 546 3577 Marcellianus
572 3528 740 3594 atque
768 3522 1002 3590 Marcus,
1044 3524 1217 3580 nobili

162 3610 255 3665 Sat
283 3610 459 3680 stirpe
486 3610 635 3666 celsa
664 3613 1032 3683 provehentes
1057 3620 1366 3671 stemmata.

163 3700 257 3754 Eis
271 3699 550 3771 simulque
571 3700 788 3756 traditis
824 3701 1121 3758 clientibus

164 3790 548 3858 Sebastianus,
577 3790 661 3846 vir
684 3793 797 3848 Deo
813 3792 1191 3865 plenissimus,

163 3884 280 3940 Sub
309 3884 537 3940 militari
558 3892 712 3941 veste
727 3888 979 3958 quamvis
1010 3888 1254 3956 abditus,

166 3980 389 4037 Honore
427 3980 629 4048 clarus,
659 3982 888 4056 regibus
912 3983 1287 4058 gratissimus,

163 4074 306 4149 Juge
334 4073 636 4128 exhibebat
664 4073 721 4131 in
746 4074 868 4129 dies
896 4075 1153 4132 solatium

166 4161 432 4219 Consulta
451 4161 678 4219 ﬁrmans
707 4164 1016 4221 vividorum
1048 4173 1358 4236 pectorum,

167 4252 286 4317 Quo
316 4252 520 4307 blanda
545 4252 777 4318 calcent,
807 4253 945 4308 dura
972 4260 1221 4310 temnant
1239 4256 1449 4325 saculi,

170 4342 207 4397 F
211 4342 349 4398 luxu
379 4342 619 4399 labantis
647 4359 770 4415 qua
798 4343 1330 4416 fasttcuntpulveris.

170 4432 266 4487 His
293 4431 425 4487 dum
455 4431 693 4488 calorem
719 4436 924 4489 mentis
950 4435 1120 4490 armis
1149 4435 1411 4493 roborant

167 4525 459 4598 Minasque
488 4524 670 4583 stabili
698 4531 755 4581 et
781 4525 952 4601 ﬂagra
970 4528 1136 4584 corde
1162 4538 1470 4598 transeunt,

172 4614 380 4687 Capitis
404 4615 615 4671 subacti
644 4615 754 4673 lati
785 4623 918 4673 eunt
945 4617 1259 4686 sententia,

169 4704 382 4761 Pariter
406 4705 665 4781 genitrix,
694 4706 962 4781 coniuges
986 4722 1053 4764 ac
1081 4706 1267 4773 liberi,

171 4795 277 4851 Eos
303 4810 493 4851 amore
533 4807 946 4869 prosequuntur
973 4798 1164 4853 nexili.

172 4886 291 4952 Quo
322 4885 384 4941 fit
406 4886 618 4963 dierum
639 4894 698 4943 ut
725 4888 1020 4960 impetrent
1042 4891 1294 4948 inducias

173 4980 438 5037 Prafecto
469 4981 539 5036 ab
581 4981 743 5038 Urbis
780 4985 1045 5043 tredecim
1075 4986 1386 5045 Chromatio
1418 5006 1432 5057 ;

174 5069 501 5125 Reddantur
531 5070 642 5125 aris
671 5080 732 5128 ut
752 5073 1057 5147 jungantur
1087 5076 1326 5149 legibus,

174 5158 475 5216 Pulsantur
500 5176 634 5236 ergo
656 5163 1013 5233 plurimarum
1046 5165 1265 5223 ﬂatibus

174 5253 444 5308 Aurarum
478 5270 492 5308 :
523 5270 621 5310 eos
642 5255 818 5312 amica
846 5257 1003 5313 turba
1031 5260 1299 5316 concutit.

175 5344 317 5411 Quid
345 5347 517 5414 saxei,
540 5348 673 5419 quid
712 5360 1072 5421 perseverent
1101 5352 1265 5412 ferrei
1298 5372 1314 5420 ;

172 5435 392 5491 Patrem
421 5437 701 5505 abdicent,
730 5446 1005 5496 tormenta
1022 5443 1183 5499 matri
1222 5453 1558 5515 praparent,

172 5522 406 5578 Demant
423 5523 534 5579 sibi
564 5523 703 5597 ipsis
727 5529 1042 5600 reapuendo
1074 5531 1292 5602 gaudia,

174 5618 566 5692 Spemantque
588 5621 755 5677 vitam
780 5623 1150 5697 deserantque
1169 5626 1402 5699 gloriam

174 5710 493 5786 Necemque
516 5716 736 5787 templis
765 5725 1033 5787 appetant
1059 5718 1347 5778 affectibus
1375 5720 1404 5776 ?

177 5804 243 5859 At
267 5820 332 5862 se
358 5813 619 5878 parentes
642 5806 877 5865 filiorum
909 5809 1153 5867 dulcium

1880 2884 2198 2941 Meminisse
2221 2884 2491 2956 pandant,
2519 2882 2609 2938 vel
2641 2881 2792 2938 citati
2820 2881 3069 2952 pulsibus
3084 2880 3152 2950 (η

1882 2981 2000 3038 Mox
2018 2987 2195 3035 mater
2233 2981 2399 3035 intrat
2427 2995 2488 3034 se
2518 2978 2788 3033 misellam
2809 2976 3099 3032 clamitans

1881 3072 2071 3129 Soluta
2100 3087 2268 3128 canos
2296 3068 2614 3124 exhibendo
2646 3069 2873 3133 lacteos,

1880 3164 2334 3228 Pectusiretecta,
2364 3161 2469 3215 fert
2499 3159 2735 3231 papillas
2765 3156 3037 3227 pendulas

1808 3278 1857 3351 Ο
1883 3251 2159 3323 Lacrymis
2184 3257 2438 3305 retexens
2464 3248 2723 3316 ejulando
2754 3244 3077 3316 crepundia,

1889 3346 2135 3400 Pressam
2170 3359 2272 3397 nec
2296 3342 2424 3396 ullis
2455 3338 2793 3396 conferenda
2818 3353 2879 3392 se
2901 3338 3061 3392 malis

1887 3436 2287 3501 Tribulatione,
2319 3442 2517 3504 sponte
2556 3432 2765 3486 lethum
2803 3431 3012 3485 liberos

1889 3525 2057 3595 Sequi
2098 3530 2370 3594 petentes,
2398 3538 2538 3594 quos
2563 3521 2823 3576 tulissent
2861 3518 3080 3573 barbari

1890 3616 2227 3687 Sequeretur
2252 3614 2428 3667 audax
2460 3629 2559 3683 per
2582 3617 2828 3666 catervas
2858 3609 3116 3671 hosticas,

1889 3706 2038 3760 Novo
2066 3703 2333 3775 applicari
2356 3703 2655 3777 pugionem
2686 3699 2905 3763 funere,

1890 3798 2140 3866 Gladium
2161 3795 2383 3868 neganti
2417 3794 2525 3849 vim
2557 3791 2681 3847 neci
2703 3790 2880 3846 diram
2913 3789 3044 3845 inici

1890 3893 2063 3948 Senes
2093 3898 2350 3963 parentes
2372 3889 2672 3945 liberorum
2699 3887 3010 3942 ultroneam

1888 3985 2149 4054 Spectare
2181 3988 2437 4049 mortem,
2471 3980 2601 4036 ﬁliis
2630 3977 2973 4050 superstites.

1891 4079 2015 4133 Hac
2046 4078 2175 4132 dum
2206 4083 2486 4141 seruntur,
2526 4081 2641 4129 tum
2670 4088 2839 4128 senex
2860 4078 2917 4127 et
2953 4069 3154 4126 debilis

1890 4171 2049 4226 Pater
2077 4170 2145 4225 ab
2179 4169 2408 4240 sequela
2436 4168 2779 4222 servulorum
2809 4165 3102 4219 adducitur

1890 4264 1989 4329 Qui
2022 4264 2247 4336 pulvere
2274 4272 2441 4335 caput
2469 4261 2808 4318 sordidando
2839 4273 3134 4333 cygneum,

1896 4354 2221 4425 Hujusmodi
2250 4370 2425 4430 agras
2448 4354 2641 4424 implet
2662 4368 2823 4407 auras
2844 4350 3073 4406 vocibus
3105 4365 3119 4402 :

1897 4469 1923 4495 οι
1946 4446 2073 4501 Vale
2104 4447 2331 4501 daturus
2360 4446 2505 4502 ultro
2535 4445 2746 4501 lethum
2773 4442 3113 4498 adeuntibus

1891 4540 2107 4595 Accedo
2132 4539 2335 4612 gnatis,
2366 4554 2491 4610 qua
2511 4553 2637 4594 meo
2656 4552 2978 4610 paraveram

1809 4653 1868 4723 D
1891 4632 1951 4687 In
1980 4630 2280 4687 liberorum
2301 4630 2633 4701 prabiturus
2654 4628 2869 4723 fune-ra.

1893 4723 1953 4778 Et
1982 4735 2106 4792 qua
2143 4725 2373 4791 repente
2402 4724 2552 4783 nata,
2583 4718 2753 4793 gnati,
2779 4715 2997 4772 insania

1892 4811 2088 4865 Amare
2113 4817 2369 4876 mortem,
2404 4808 2542 4879 proh
2568 4807 2726 4863 dolor
2755 4806 2767 4862 l
2797 4822 2897 4862 vos
2917 4805 3173 4871 addocet,

1895 4903 2041 4968 Quos
2071 4901 2356 4957 imbuehat
2378 4901 2634 4957 eminens
2660 4900 2861 4972 peritia

1897 4998 1961 5054 Et
1987 4997 2285 5072 singularis
2314 4996 2517 5052 mentis
2546 4995 2783 5052 ornabat
2806 4993 3007 5069 vigor?

1897 5086 2066 5143 Vobis
2093 5087 2227 5160 quid
2255 5086 2500 5158 appetita
2525 5086 2705 5142 solum
2732 5085 2790 5139 in
2830 5081 3108 5155 prosperis

1898 5176 2142 5232 Adversa
2181 5177 2333 5233 nulla
2361 5193 2526 5248 quam
2552 5176 2735 5231 timeri
2753 5190 2863 5229 non
2880 5173 3083 5243 jubent
3112 5171 3139 5224 ἲ

1902 5265 2117 5333 Venite,
2149 5271 2354 5336 patres,
2385 5264 2637 5319 inhibere
2662 5263 2810 5329 talia,

1899 5356 2192 5431 Contingat
2220 5372 2465 5428 unquam
2495 5372 2565 5411 ne
2596 5354 2707 5426 pati
2739 5369 2837 5409 vos
2865 5352 3015 5408 talia.

1894 5448 2160 5516 Juvenes,
2181 5447 2395 5514 adeste,
2427 5446 2555 5502 ﬂete
2574 5452 2773 5518 sponte
2804 5444 3053 5516 perditos
3085 5461 3100 5509 ;

1897 5537 2175 5609 Lacrymis
2205 5537 2376 5610 rigata
2407 5535 2703 5608 praferant
2731 5534 3031 5609 caliginem

1897 5630 2027 5686 Seni
2057 5646 2255 5702 perosa
2277 5630 2542 5685 destituto
2574 5629 2805 5697 lumina,

1896 5722 2064 5778 Ferro
2091 5722 2242 5777 feriri
2276 5737 2346 5776 ne
2386 5722 2918 5778 ducesconsiderem

1897 5813 2072 5888 Egra
2100 5819 2361 5882 senecta,
2393 5812 2526 5870 ﬂere
2544 5828 2685 5885 quos
2706 5829 2817 5870 non
2838 5814 3038 5886 pertuli

3385 395 3490 451 698
