3890 6410
391 373 499 429 699
1157 379 1528 439 FLODOARDI
1568 385 1878 442 CANONICI
1919 385 2254 444 REMENSIS
2296 389 2633 446 OPUSCULA
2672 391 2982 476 METRlCA.

386 495 712 570 Ferulisque
735 500 1016 571 quondam
1039 503 1370 573 vapulanter
1395 506 1605 564 horrui.
1645 533 1669 556 η

385 587 551 644 Natos
583 589 826 646 ferentes
857 603 1271 666 prosequuntur
1301 599 1570 675 conjuges

387 679 795 755 Obtutibusque
820 692 975 759 grata
1004 687 1238 762 pignora
1273 691 1552 766 ingerunt,

388 777 630 842 Quorum
671 780 987 853 relinquant
1016 800 1077 839 se
1107 794 1408 856 querentes
1432 789 1668 846 fastibus

383 869 631 944 Jugalem
661 887 904 928 amorem
934 876 1094 946 queis
1125 884 1388 948 putentur
1414 882 1670 952 perdere,

388 961 651 1017 Dominos
680 963 967 1020 domorum
987 983 1052 1021 ac
1082 967 1320 1025 filiorum
1353 989 1494 1044 quos
1525 973 1762 1045 probent

385 1051 474 1107 Sic
502 1052 828 1110 lancinatori
858 1057 1002 1113 ultro
1037 1060 1174 1115 tradi
1207 1065 1508 1134 gaudeant,

384 1143 655 1211 Spernant
687 1152 943 1212 parentes
971 1155 1136 1220 atque
1167 1151 1373 1208 amicos
1403 1155 1674 1223 nesciant,

386 1230 599 1287 Pellant
619 1234 842 1290 maritas
871 1236 1242 1312 abdicentque
1275 1242 1481 1300 liberos

387 1322 493 1376 Has
525 1322 670 1379 inter
696 1343 860 1382 auras
878 1331 1289 1407 conjngumque
1312 1336 1579 1408 lacrymas

385 1411 460 1465 Ac
488 1413 802 1473 nesciorum
836 1417 1126 1492 pignorum
1159 1423 1401 1494 suspiria

385 1507 564 1562 Animi
601 1511 799 1566 resolvi
833 1514 1165 1572 militantum
1197 1529 1504 1590 cmperant,

389 1602 542 1658 Lasso
573 1604 823 1661 dolorem
851 1613 1248 1668 contrahentes
1265 1623 1510 1686 pectore.

386 1690 588 1745 Horum
623 1691 818 1748 beatus
846 1695 988 1752 altor
1017 1699 1145 1756 huic
1172 1707 1487 1773 spectaculo

387 1781 745 1839 Sebastianus
767 1786 986 1842 militari
1017 1793 1297 1850 schemate

388 1873 587 1929 Latens
612 1876 809 1933 adesse
849 1896 959 1935 non
1000 1883 1165 1939 inane
1194 1887 1425 1944 duxerat
1457 1907 1472 1955 ;

391 1965 704 2039 Vidensque
736 1970 864 2025 belli
907 1971 1054 2029 fasce
1085 1975 1259 2053 frangi
1292 1980 1519 2050 milites,

390 2054 704 2127 Perrumpit
731 2075 930 2133 agmen
960 2063 1250 2120 concionis
1278 2066 1483 2137 lividae,

390 2143 625 2199 Medium
659 2149 924 2204 tumultus
959 2168 1020 2206 se
1050 2153 1313 2228 ingerens
1351 2159 1618 2228 victoriae,

395 2234 700 2307 Lassosque
730 2238 956 2296 adortus
986 2242 1072 2298 his
1102 2255 1300 2316 petens
1335 2251 1681 2321 palaestrides
1709 2273 1723 2312 :

400 2351 415 2376 ι
455 2327 496 2382 Ο
534 2329 738 2385 milites
757 2332 956 2390 virtute
980 2337 1094 2406 jam
1128 2339 1412 2402 fortissimi

392 2417 431 2473 Ο
458 2419 632 2490 praelii
661 2423 901 2479 caelestis
923 2426 1353 2502 instructissimi,

393 2507 594 2564 Palmze
622 2510 811 2585 vigore
833 2516 1035 2570 mentis
1058 2517 1182 2574 altae
1214 2525 1469 2594 proximi,

393 2598 481 2654 Sic
513 2615 662 2655 nunc
685 2617 921 2659 coronas
949 2605 1159 2663 frivolis
1189 2610 1415 2683 ineptiis

392 2686 554 2742 Juvat
575 2705 854 2760 perennes
881 2695 1209 2765 ungularum
1239 2717 1448 2771 ponere
1482 2723 1496 2759 :

395 2780 524 2848 Sed,
559 2798 768 2852 quaeso,
797 2785 973 2841 discat
999 2787 1266 2848 fortitudo
1309 2795 1520 2852 mitium

396 2871 500 2926 Per
528 2888 626 2928 vos
657 2873 766 2930 fide
792 2879 1006 2947 potiore
1045 2885 1263 2939 cunctis
1295 2887 1488 2944 instrui

394 2961 573 3016 Armis
594 2963 773 3036 rigore
791 2983 914 3038 quae
935 2980 1195 3040 parantur
1215 2974 1394 3032 ferreo
1426 2997 1440 3043 ;

396 3053 646 3110 Victoriae
678 3057 851 3114 nolite
880 3069 1076 3118 vestra:
1108 3063 1345 3142 insignia

395 3144 500 3198 Per
528 3144 732 3201 blanda
763 3149 996 3220 perdere
1028 3151 1356 3213 feminarum
1380 3177 1683 3235 murmura,

398 3233 578 3289 Hostis
609 3235 824 3293 subacti
851 3239 994 3295 colla
1025 3258 1094 3298 ne
1125 3245 1406 3318 dimittite,

395 3322 611 3378 Calcate
650 3323 797 3380 bella
823 3342 894 3382 ne
919 3343 1210 3404 resurgant
1239 3337 1446 3407 vivida,

396 3413 512 3468 Neu
543 3415 684 3471 victa
707 3417 868 3474 vobis
898 3437 958 3476 se
985 3423 1202 3500 erigant
1231 3429 1472 3488 victricia
1500 3452 1513 3489 :

401 3507 552 3563 Licet
582 3509 745 3578 hujus
773 3516 985 3585 experti
1015 3534 1138 3574 acre
1164 3520 1320 3579 fortis
1350 3529 1600 3597 praelium

397 3599 652 3670 Repetite
677 3604 813 3660 scite
841 3606 1064 3664 duriora
1094 3615 1341 3686 vulnera,

399 3692 537 3756 Quin
567 3693 806 3768 gloriosa
834 3699 981 3754 celsa
1012 3700 1144 3758 belli
1173 3707 1417 3766 culmina

397 3785 597 3840 Amore
630 3787 793 3860 longe
807 3795 988 3848 terreo
1021 3797 1319 3868 sustollite,

397 3872 509 3929 Nec
535 3876 885 3945 parvulorum
909 3881 1134 3941 ﬂetibus
1161 3887 1428 3961 deponite
1462 3911 1477 3961 ;

398 3967 532 4023 Nam
563 3969 828 4045 lugubres
857 3992 1066 4053 angore
1097 3998 1240 4052 quos
1268 3988 1558 4046 attenditts

400 4061 651 4118 Gaudere
691 4073 882 4134 staret,
914 4081 1344 4148 noscerentquae
1375 4083 1639 4152 noscitis;

399 4152 606 4226 Nempe
636 4157 914 4216 aestimant
953 4162 1057 4218 hoc
1085 4180 1208 4221 esse
1239 4170 1415 4225 solum
1447 4174 1672 4232 vincere

399 4243 552 4308 Quod
584 4251 873 4319 temporali
906 4253 1033 4321 jure
1064 4259 1270 4314 mundo
1301 4261 1523 4332 vivitur,

399 4339 514 4404 Quo
537 4341 824 4403 desinente
855 4348 965 4404 vita
1002 4351 1153 4408 nulla
1183 4355 1476 4426 splendeat
1505 4378 1518 4416 :

400 4431 617 4489 Scirent
638 4436 786 4493 enim
818 4440 863 4495 si
896 4445 1090 4500 mortis
1118 4463 1182 4503 ac
1221 4451 1494 4509 molestiae

397 4524 659 4582 Securam
687 4528 738 4583 ei
756 4529 812 4585 in
843 4549 952 4605 qua
978 4546 1172 4612 regnat
1193 4540 1598 4616 immortalitas,

399 4617 472 4672 Ac
499 4620 833 4690 sempiterna
857 4639 1268 4688 commorantur
1294 4639 1498 4710 gaudia

398 4706 692 4764 Vobiscum
725 4712 792 4766 ad
824 4713 971 4770 illam
1003 4706 1665 4804 currerent'pertingere;

403 4798 511 4854 Hac
536 4798 691 4856 ﬂocci
719 4820 910 4874 pensa,
942 4798 1537 4884 concupiscerenteam

400 4889 458 4942 ln
491 4892 863 4964 gratulatione
885 4913 1009 4967 quae
1037 4899 1157 4974 jugi
1173 4919 1425 4974 manens,

399 4975 632 5033 Omnino
665 4979 872 5037 habere
889 4987 1064 5042 nescit
1101 5006 1342 5063 unquam
1375 4998 1708 5058 terminum:

401 5067 572 5140 Lugat
601 5073 716 5138 (sic)
751 5073 879 5130 inde
910 5077 1018 5133 vita
1047 5084 1227 5152 qualis
1254 5085 1358 5141 ista
1387 5095 1647 5159 transeat,

400 5159 570 5224 Quam
601 5161 760 5232 falsa,
792 5184 955 5238 quam
987 5171 1202 5242 dolosa,
1244 5194 1406 5248 quam
1447 5182 1738 5241 celerrima

403 5249 738 5342 Malesuada,
770 5258 942 5325 vafra,
975 5262 1309 5337 circulatrix,
1346 5272 1579 5342 perﬁda,

402 5339 530 5402 Quae
555 5340 676 5396 dira
700 5361 897 5414 pravos
917 5349 1140 5409 invehat
1165 5373 1265 5427 per
1302 5339 1557 5426 crimina.

402 5433 519 5531 Q-uo
547 5435 841 5508 diligentes
869 5445 1053 5513 ducat,
1087 5457 1142 5506 et
1167 5453 1300 5524 quid
1334 5471 1607 5531 praeparet

399 5523 620 5579 Aiterna
643 5543 930 5596 procreata
960 5555 1107 5597 mors
1135 5523 1200 5600 ut
1219 5563 1284 5602 ex
1310 5523 1376 5606 ea

404 5610 540 5710 finio
577 5614 879 5710 servientes
900 5624 1025 5691 jure
1050 5635 1218 5689 sumit
1243 5641 1459 5710 perpeti

405 5695 470 5751 Ut
498 5699 752 5756 exsulare
781 5714 1149 5784 protoplastos
1177 5695 1356 5797 egerit

2029 519 2084 585 Α
2110 512 2245 568 Vitae
2273 514 2536 585 perennis
2565 514 2860 572 destitutos
2890 517 3087 588 patria.

2112 603 2234 659 Haec
2254 621 2371 672 vos,
2404 605 2590 673 amici,
2623 605 2786 676 fallit,
2820 606 2963 662 istos
2988 608 3186 666 ludere

2110 695 2282 750 Vitam
2313 703 2567 766 petentes
2593 714 2737 769 quos
2765 706 3084 754 manentem
3117 702 3309 759 sistitis
3344 723 3359 770 ;

2113 787 2237 842 Haec
2265 804 2363 843 vos
2391 796 2648 859 parentes
2678 790 2746 844 ad
2777 790 3038 848 decorem
3061 794 3320 852 calicum

2112 879 2316 935 Gnatos
2345 889 2543 936 euntes
2581 881 2835 937 detinere
2867 886 3117 958 suggerit
3151 905 3164 940 :

2115 970 2241 1026 Haec
2268 972 2534 1048 conjuges
2567 973 2778 1029 honore
2818 974 3026 1032 blando
3057 986 3361 1050 martyrum

2113 1061 2338 1116 Lethale
2371 1071 2561 1118 mente
2591 1063 2734 1119 ferre
2761 1065 2908 1139 cogit
2936 1069 3218 1138 poculum,

2108 1152 2344 1208 Assensa
2373 1153 2531 1209 vobis
2557 1155 2720 1228 queis
2745 1156 3006 1214 adessent
3044 1169 3317 1234 tempora,

2102 1246 2220 1301 Jam
2255 1248 2499 1318 separari
2531 1249 2854 1325 contigisset
2894 1253 3192 1323 perpetim,

2107 1337 2275 1394 Vobis
2302 1355 2406 1396 nec
2435 1340 2559 1396 illos
2589 1347 2794 1397 aeterna
2821 1341 2965 1399 inter
2994 1347 3233 1403 tormina

2111 1429 2359 1501 Unquam
2391 1430 2597 1486 deinde
2624 1431 2916 1488 cederetur
2946 1435 3149 1504 visere,

2109 1523 2525 1581 lncredulorum
2559 1524 2656 1580 ubi
2686 1526 2907 1582 ﬂamma
2932 1530 3109 1601 carpit
3136 1539 3385 1604 pectora,

2117 1615 2295 1672 Edunt
2325 1617 2596 1672 dracones
2624 1617 2773 1673 labia
2811 1619 3311 1692 blasphemantium

2117 1709 2319 1764 Vorant
2352 1697 2612 1776 colubrze,
2647 1709 2988 1781 perﬁdorum
3019 1716 3252 1786 viscera,

2117 1798 2324 1868 Strepit
2353 1797 2612 1866 ejulatus,
2644 1798 2805 1854 ﬂetus
2827 1801 2917 1856 hic
2945 1809 3001 1857 et
3029 1803 3310 1871 dissonus,

2038 1859 2088 1927 Β
2119 1859 2355 1964 Ριειίεοι·
2382 1859 2702 1964 gementum
2734 1908 2898 1963 quem
2931 1895 3158 1968 exigunt
3187 1898 3450 1955 incendia

2117 1979 2408 2051 Pcenaeque
2436 1979 2588 2036 nullo
2614 1979 2874 2037 ﬁniendae
2905 1985 3162 2054 termino,

2115 2068 2279 2122 Ustus
2303 2068 2634 2124 cremandus
2664 2070 2796 2124 dum
2827 2081 3062 2128 novatur
3093 2075 3315 2132 millies.

2119 2157 2240 2211 Haec
2267 2173 2398 2230 ergo
2421 2164 2474 2213 et
2495 2159 2632 2214 istos
2647 2162 2954 2218 transilissc
2986 2163 3238 2236 linquite,

2115 2249 2296 2305 Vitare
2327 2257 2382 2306 et
2413 2251 2519 2322 ipsi
2558 2260 2745 2308 mente
2773 2263 2932 2310 cauta
2959 2256 3209 2327 pendite,

2117 2339 2336 2411 ﬂosque
2376 2339 2446 2394 ad
2484 2355 2717 2397 coronas
2746 2342 3051 2400 destinatas
3090 2347 3316 2416 mittite,

2117 2425 2228 2481 Nec
2257 2435 2604 2498 separantur,
2639 2428 2785 2486 absit
2813 2431 2900 2487 hic
2927 2433 3087 2489 vobis
3120 2434 3285 2492 timor
3317 2455 3330 2491 :

2121 2516 2336 2572 Vadunt
2374 2533 2566 2588 parare
2597 2519 2731 2590 quin
2755 2520 2955 2576 domus
2980 2521 3034 2575 in
3063 2523 3268 2580 aethera

2121 2608 2340 2664 Manere
2354 2609 2643 2666 vobiscum
2671 2618 2837 2684 atque
2867 2614 2974 2668 laeti
3007 2614 3192 2672 vivere

2123 2697 2223 2753 Ubi
2255 2699 2596 2770 sempiterna
2634 2702 2982 2776 gratulentur
3009 2702 3220 2776 gloria:

2121 2790 2279 2855 Quod
2303 2790 2349 2844 si
2381 2791 2579 2846 domus
2605 2791 2694 2847 hic
2726 2791 3035 2867 diliguntur
3055 2802 3248 2852 terreae

2121 2878 2290 2942 Quam
2322 2885 2451 2933 sunt
2480 2879 2720 2950 petenda
2749 2888 2957 2936 structa
2979 2882 3201 2939 domata
3225 2883 3438 2956 obryzo

2118 2967 2383 3024 Praeclara
2412 2969 2648 3043 gemmis
2677 2969 2888 3044 fulgide
2917 2973 3268 3029 stellantibus

2119 3063 2232 3128 Qua
2259 3079 2371 3119 non
2398 3064 2569 3120 decor
2588 3067 2880 3123 marcescit
2907 3085 3150 3142 unquam
3185 3070 3413 3142 ﬂorens,

2119 3156 2322 3212 Nemus
2347 3157 2559 3212 virente
2589 3174 2650 3214 se
2681 3174 2838 3215 coma
2864 3177 3144 3234 nunquam
3179 3166 3330 3221 exuit

2041 3231 2090 3298 C
2117 3249 2269 3304 Rivis
2298 3250 2563 3306 decenter
2591 3231 3063 3334 irrigataymolle—is
3089 3274 3106 3322 ;

2123 3341 2218 3396 Hic
2244 3357 2527 3413 nunquam
2558 3357 2839 3399 amoenum
2869 3351 3023 3416 prata
3047 3347 3288 3418 perdunt
3316 3349 3573 3417 ﬂoscida,

2121 3437 2283 3493 Grato
2316 3453 2619 3509 perennem
2654 3441 2826 3496 odore
2845 3442 3013 3497 vitam
3045 3442 3238 3499 ﬂantia

2123 3529 2330 3583 Lumen
2359 3529 2482 3584 sine
2511 3529 2729 3597 umbra,
2761 3546 2866 3586 nec
2895 3531 3041 3586 diem
3067 3547 3174 3588 nox
3204 3535 3465 3590 terminat

2122 3617 2484 3673 Serenitatem
2519 3634 2801 3691 nunquam
2831 3620 3150 3676 inumbrant
3179 3622 3387 3689 nubila,

2119 3705 2477 3762 Securitatem
2507 3707 2658 3762 nulla
2694 3715 2956 3780 rumpunt
2987 3709 3240 3782 improba

2118 3797 2299 3868 Dapes
2328 3795 2578 3852 celebres
2607 3797 2760 3852 nulla
2797 3798 2999 3854 sistunt
3037 3799 3216 3855 tristia

2119 3893 2397 3955 Lamenta,
2430 3892 2630 3960 luctus,
2659 3893 2920 3962 ejulatus,
2953 3894 3146 3952 sibilus

2119 3986 2237 4043 Non
2269 3985 2569 4041 audiuntur
2590 3986 2700 4053 hic,
2732 4001 2838 4042 nec
2865 4002 3106 4058 unquam
3140 3995 3538 4062 perstrepunt:

2125 4075 2432 4140 Horrenda,
2473 4081 2635 4141 tetra,
2668 4074 2894 4130 sordida
2924 4085 3017 4130 aut
3050 4075 3319 4132 deformia

2124 4168 2241 4223 Non
2269 4166 2360 4221 hic
2387 4164 2648 4220 videntur
2669 4182 2684 4231 ;
2705 4164 3080 4236 pulchritudo,
3113 4166 3433 4233 ammnitas,

2124 4257 2398 4330 Splendor
2434 4272 2670 4311 serenus
2685 4272 2750 4312 ac
2771 4257 2975 4322 nitens,
3006 4255 3322 4313 formositas

2123 4350 2322 4406 Oculos
2352 4348 2539 4404 fovent
2564 4349 2683 4403 haec
2711 4363 2932 4420 semper
2960 4349 3290 4407 intuentium
3316 4369 3331 4405 :

2125 4438 2280 4504 Quod
2302 4437 2470 4493 corda
2500 4445 2658 4493 vexet
2687 4437 2826 4492 nihil
2867 4438 3096 4494 resultat
3121 4439 3348 4495 auribus

2125 4526 2224 4582 Ubi
2266 4526 2590 4600 angelorum
2621 4527 2744 4581 laeta
2775 4526 3020 4598 psallunt
3059 4542 3267 4601 organa
3301 4545 3315 4583 :

2039 4579 2094 4648 D
2121 4619 2215 4675 Hic
2245 4579 2445 4692 fulgur,
2469 4625 2563 4672 aut
2585 4579 2867 4688 coruscus,
2897 4628 2992 4674 aut
3010 4579 3250 4675 tonitrua

2119 4715 2409 4787 Nunquam
2437 4714 2708 4770 nitentem
2741 4714 3105 4771 verberamnt
3133 4716 3340 4772 aethera
3371 4736 3388 4782 ;

2119 4803 2435 4860 Amaritudo
2467 4803 2619 4859 nulla
2640 4810 2862 4878 gustum
2901 4803 3124 4861 conﬁcit
3156 4822 3171 4871 ;

2119 4890 2358 4966 Virgulta
2387 4889 2626 4966 gignunt
2653 4891 3064 4948 cinnamomum
3087 4893 3478 4954 etbalsamum

2125 4984 2363 5050 Quorum
2391 4999 2644 5055 saporem
2671 4990 2824 5058 grata
2847 4984 2950 5041 fert
2977 4984 3316 5060 fragrantia;

2124 5074 2242 5130 Non
2259 5073 2372 5128 ulla
2408 5080 2622 5128 stercus
2649 5089 2777 5128 esca
2807 5075 2977 5148 cogit,
3018 5075 3258 5130 nectaris

2125 5166 2499 5240 Digestionem
2531 5181 2642 5222 non
2660 5165 3016 5238 agitrefectio
3051 5184 3066 5231 ;

2125 5260 2192 5315 Ut
2222 5276 2347 5315 cum
2373 5259 2523 5314 bono
2554 5265 2855 5328 pascuntur
2884 5274 3044 5313 aures
3072 5258 3266 5314 nuntio

2123 5351 2290 5406 Nares
2323 5351 2493 5406 odore
2529 5352 2716 5406 lumen
2734 5356 2961 5422 aspectu
2988 5350 3219 5421 Optimo.

2121 5447 2277 5512 Quod
2307 5447 2545 5519 quisque
2570 5463 2792 5502 sumere
2822 5446 3016 5512 ambit,
3050 5446 3136 5501 hic
3157 5461 3283 5501 mox
3323 5448 3570 5519 percipit
3599 5466 3615 5515 ;

2122 5543 2431 5598 Frustratur
2459 5542 2739 5613 appetitus
2767 5541 2881 5597 illic
2911 5541 3123 5596 nemini
3159 5558 3172 5594 :

2121 5631 2252 5686 Istic
2272 5631 2498 5686 rebellis
2517 5631 2611 5704 qui
2642 5631 2920 5702 illecebris
2949 5629 3176 5697 exstitit,

2121 5723 2182 5778 Et
2209 5722 2482 5796 quidquid
2508 5723 2600 5779 hic
2629 5722 2839 5779 dimisit
2863 5721 3061 5778 affectu
3091 5721 3207 5788 Dei,

3651 399 3771 456 700
