3890 6410
121 395 222 450 701
752 393 836 446 DE
875 392 1136 447 CHRISTI
1176 391 1537 447 TRIUMPHIS
1579 390 1749 446 APUD
1789 391 2056 446 ITALIAM
2097 391 2273 448 LIBRI
2314 393 2438 448 XIV.
2481 423 2551 433 —
2589 393 2717 448 LIB.
2761 391 2846 446 Vl.

126 523 550 594 Multiplicatum
581 528 956 594 consequetur
983 522 1214 577 centies.
1241 541 1266 572 ν

126 617 263 671 Vitae
293 621 562 682 creatum,
593 624 770 670 morte
795 615 955 684 juxta
981 615 1211 678 consita,

131 705 422 760 Hominem
448 705 645 760 timere
671 704 829 772 cujus
856 709 1012 758 antra
1042 703 1263 771 debeat,

128 797 267 852 Vitas
294 796 492 851 futurae
521 795 683 867 quale
715 811 945 868 regnum
977 810 1226 867 quaerere

129 885 240 940 Cur
264 887 354 940 hic
383 885 636 956 voluptas
651 886 722 940 sit
750 885 1026 940 domanda
1059 882 1330 954 corporis,

130 977 285 1031 Bona
314 974 629 1046 respuenda
661 991 782 1046 quae
809 974 1032 1030 Creator
1061 974 1258 1040 edidit,

127 1065 415 1119 Narrando
449 1079 709 1135 promens
737 1063 884 1118 clara
915 1064 1109 1119 doctor
1132 1063 1360 1130 lumina,

125 1155 298 1209 Veras
323 1169 462 1223 opes
492 1159 548 1207 et
575 1169 702 1207 vera
743 1153 937 1224 pandit
961 1154 1161 1225 gaudia
1205 1172 1218 1208 :

132 1244 211 1297 Ab
254 1243 342 1297 his
361 1243 430 1298 ad
459 1242 552 1296 illa
582 1257 692 1313 quo
724 1243 994 1316 migretur
1015 1245 1231 1298 tramite

133 1335 449 1406 Horumque
479 1335 672 1389 amicis
712 1335 844 1407 quid
873 1343 1097 1406 paretur
1127 1343 1336 1407 postea.

131 1431 302 1494 Quam
335 1435 478 1483 tetra
507 1427 618 1482 sint
646 1434 938 1494 tormenta,
966 1444 1129 1500 quam
1155 1429 1423 1495 crudelia,

129 1519 328 1573 Sinant
354 1517 552 1571 beatos
582 1517 698 1571 haec
727 1533 921 1572 cavere
960 1525 1226 1590 martyres

129 1614 413 1670 Patienter
440 1615 544 1669 ista
573 1612 644 1667 ob
669 1613 761 1666 illa
781 1612 933 1667 ferre
972 1614 1067 1684 qui
1107 1614 1286 1669 sciant
1314 1633 1328 1679 ;

124 1705 427 1759 Vertantur
457 1703 512 1757 in
545 1701 841 1773 tranquilla
869 1701 1070 1775 gaudia
1101 1702 1354 1772 lacrymaa
1384 1721 1400 1768 ;

120 1797 362 1863 Jamjam
403 1795 692 1867 quiescant
714 1794 1037 1848 desinentes
1067 1795 1331 1868 plangere

125 1889 386 1960 Regnare
418 1900 562 1956 quos
592 1882 870 1938 constabit
911 1884 1022 1938 alto
1049 1885 1292 1939 culmine

125 1982 463 2052 Christoque
484 1979 708 2048 junctos
732 1985 952 2049 sceptra
973 1978 1100 2034 coeli
1129 1996 1350 2034 sumere
1384 1997 1398 2046 ;

126 2074 276 2139 Quin
307 2073 378 2128 ad
413 2087 648 2128 coronas
667 2086 726 2125 se
753 2071 1023 2141 petendas
1052 2071 1312 2139 excitent,

126 2166 467 2234 lIostemque
509 2168 715 2232 partam
740 2161 911 2216 inisse
951 2159 1162 2216 foveam
1195 2163 1470 2218 noverint.

122 2256 254 2310 Haec
284 2255 416 2308 dum
445 2252 642 2307 beatus
669 2250 832 2305 miles
858 2251 994 2324 Agni
1027 2251 1248 2307 disserit

120 2345 228 2409 Qui
260 2343 490 2398 militem
517 2357 613 2396 ore
643 2339 964 2411 proferebat
994 2341 1204 2408 saeculi,

121 2438 373 2492 Firmare
399 2437 574 2510 signis
604 2438 752 2493 dicta
782 2451 1044 2507 supremo
1075 2436 1219 2491 Patri

128 2530 340 2592 Placet,
373 2542 604 2582 corusco
638 2526 952 2599 fulgurante
979 2527 1217 2594 caelitus,

126 2618 506 2674 llluminando
539 2616 938 2688 disputatorem
975 2632 1135 2670 suum

124 2709 252 2763 Mox
276 2706 598 2763 ccelicorum
630 2705 851 2761 visitatu
883 2705 1086 2760 civium

126 2797 387 2853 Gaudens
417 2795 655 2861 renidet,
691 2802 843 2850 veste
884 2795 1301 2866 prieclarissima

125 2888 470 2960 Juvenisque
501 2887 720 2960 fulgens
748 2889 998 2943 osculum
1031 2887 1138 2942 fert
1169 2887 1440 2958 pollicens

129 2980 226 3034 Sui
251 2995 554 3050 perennem
593 2978 826 3053 gratiam
868 2978 1151 3033 consortii.

203 3071 332 3136 Zoe,
366 3069 655 3124 Nicostrati
688 3084 842 3136 uxor,
884 3069 939 3123 in
973 3069 1131 3137 cujus
1163 3067 1331 3122 domu

135 3169 243 3221 Ista
268 3174 324 3221 et
351 3170 619 3239 geruntur
647 3179 744 3219 ore
776 3179 871 3218 sex
898 3162 1085 3217 clauso
1113 3161 1284 3216 silens

130 3255 390 3311 Manebat
418 3254 579 3308 annis
608 3268 796 3324 pressa
823 3251 874 3306 vi
903 3242 1251 3325 aegritudinis
1284 3267 1296 3304 :

133 3347 266 3412 Quae
299 3351 490 3399 mente
516 3359 652 3397 sana
681 3343 812 3398 dum
831 3341 1071 3413 capessit
1092 3340 1260 3406 edita,

127 3439 316 3494 Tuens
346 3435 576 3507 superni
609 3442 819 3489 tantum
863 3434 1126 3488 honorem
1158 3431 1406 3498 luminis,

126 3529 364 3599 Stupore
395 3525 552 3581 tertis
584 3525 698 3595 (sic)
722 3524 1066 3595 exprobrans
1099 3538 1265 3577 manu
1293 3521 1478 3578 innuit

131 3617 294 3684 Quod
325 3623 434 3670 tam
465 3614 676 3686 patenti
709 3613 876 3668 corda
906 3628 1016 3668 non
1035 3611 1171 3666 dent
1201 3610 1392 3666 famini

133 3710 200 3764 Et
229 3707 494 3762 advoluta
514 3705 642 3777 quis
668 3705 812 3760 valet
837 3710 990 3777 rogat
1028 3702 1196 3758 notis.

131 3799 523 3863 Sebastianus,
556 3803 614 3851 ut
640 3796 788 3867 capit
815 3795 1023 3850 silentii

131 3893 361 3959 Causas,
386 3910 410 3940 ci
444 3890 578 3963 Ego,
607 3887 809 3961 inquit,
839 3902 1000 3941 verus
1028 3900 1153 3940 esse
1184 3885 1231 3939 si
1259 3884 1456 3956 probo,

130 3987 342 4040 Servus
359 3982 643 4048 Tonantis,
684 3995 812 4036 vera
851 3979 898 4034 si
928 3985 1056 4034 sunt
1081 3978 1269 4034 omnia

130 4083 174 4136 A
207 4096 300 4135 me
328 4079 523 4145 relata,
559 4079 676 4133 haec
697 4075 935 4131 credidit
964 4090 1086 4146 quae
1117 4073 1344 4141 femina,

115 4171 362 4230 'Solutor
389 4171 511 4240 ejus
540 4171 718 4226 solvat
747 4185 843 4224 ora
861 4167 1154 4224 Zachariae.
1205 4190 1224 4216 ι

133 4267 420 4323 Exclamat
449 4267 553 4321 hac
579 4264 683 4320 sub
714 4279 850 4320 voce
879 4263 983 4318 Zoe
1012 4261 1297 4338 gratulans

134 4360 444 4428 Cretesque
473 4371 726 4428 pangens
755 4370 820 4409 ac
853 4353 1170 4408 medentem
1211 4352 1519 4422 praedicans

134 4451 358 4506 Vidisse
388 4456 596 4504 testans
625 4449 693 4504 ab
725 4447 984 4518 supernis
1012 4446 1270 4521 angelum

130 4542 362 4597 Missum
395 4539 655 4595 volumen
693 4539 943 4593 attulisse
968 4538 1223 4594 cmlicum

131 4632 438 4702 Virumque
456 4646 628 4701 pansa
648 4627 948 4684 luminasse
989 4629 1211 4702 pagina,

135 4726 230 4780 llis
253 4726 560 4795 adstupens
581 4725 662 4779 vir
695 4725 816 4793 ejus
847 4723 1252 4797 indulgentiam

133 4817 388 4870 Astratus
415 4814 544 4868 almi
570 4813 780 4888 ﬂagitat
810 4813 1075 4888 vestigiis,

137 4903 338 4958 Christi
364 4902 600 4957 clientes
627 4902 779 4974 quod
808 4911 1092 4975 gravasset
1113 4898 1370 4965 nexibus,

137 4996 441 5066 Manusque
468 4994 653 5050 baccis
683 5000 982 5069 occupatas
1002 4994 1271 5053 eximens,

139 5089 356 5161 Rogare
384 5093 608 5141 sanctos
649 5086 808 5141 liberi
837 5085 1163 5141 recederent

135 5178 270 5232 Sese
303 5177 528 5231 beatum
559 5184 616 5232 et
639 5175 979 5246 expiandum
1014 5189 1360 5246 prosequens

135 5268 344 5324 Horum
378 5281 601 5321 recessu
633 5267 679 5320 si
707 5272 1015 5320 mereretur
1051 5265 1183 5335 pati.

138 5380 158 5407 ι
193 5360 316 5423 Quo
345 5355 462 5424 fiet,
503 5358 658 5412 aiunt
697 5357 943 5429 expediti
976 5364 1267 5429 martyres,

134 5450 484 5506 Perfectione
512 5457 695 5506 vestra
719 5458 871 5523 tanta
891 5451 936 5504 si
971 5449 1110 5506 fides

132 5543 334 5613 Coepit,
368 5542 550 5597 velitis
579 5559 679 5613 pro
711 5543 980 5598 necandis
1009 5551 1066 5598 ut
1085 5543 1244 5612 mori,

131 5632 252 5696 Qua
282 5630 468 5686 fronte
501 5639 652 5686 tanto
676 5631 917 5686 roborati
953 5639 1200 5702 tempore

136 5723 447 5778 Prodemus
477 5723 732 5777 haustum
765 5723 1043 5794 passionis
1072 5725 1310 5795 propria:

139 5814 280 5870 Nam
311 5815 466 5888 larga
497 5815 693 5870 Christi
721 5822 936 5871 constat
963 5817 1247 5873 afﬂuentia

1791 525 1839 591 Α
1867 519 2085 574 Potiora
2115 519 2370 591 praebens
2398 537 2561 592 quam
2590 527 2811 594 rogatur
2843 535 3077 574 munera

1867 613 1966 678 Qui
1997 621 2104 668 tam
2138 631 2400 686 supremo
2431 632 2529 670 vos
2559 615 2800 670 nitentes
2827 614 3072 670 culmine

1868 707 2228 763 Perfectionis
2261 707 2427 761 addet
2456 706 2759 762 eminentia
2814 726 2839 756 ιδ

1867 795 1992 850 Haec
2020 805 2186 866 atque
2218 795 2375 865 plura
2405 794 2533 848 dum
2567 793 2855 864 profantur
2884 791 3073 862 inclyti

1866 887 2096 953 Fratres,
2129 894 2386 958 parentes
2423 896 2586 957 atque
2609 885 2767 939 amici
2787 883 3010 955 perfidae

1865 983 2238 1038 l’ersuasionis
2263 981 2448 1036 ﬂendo
2488 981 2914 1050 paenitudinem,

1861 1075 2026 1141 Parti,
2053 1075 2187 1149 jugo
2229 1089 2448 1143 cmpere
2481 1072 2673 1128 Christi
2699 1088 2952 1144 promere
2986 1089 2999 1125 :

1860 1163 1978 1218 Sibi
2006 1170 2198 1218 sancta
2235 1162 2375 1217 tradi
2405 1179 2600 1238 urgere
2631 1160 3040 1233 primiscrinius
3076 1203 3090 1228 ,

1861 1256 2222 1312 Sebastianus
2246 1257 2395 1312 hunc
2425 1256 2677 1310 redactos
2715 1253 2950 1309 vinculis

1859 1346 2029 1401 Jubet
2056 1362 2308 1420 gregare,
2338 1345 2504 1400 simul
2535 1349 2830 1414 capessant
2860 1341 3109 1413 mystica,

1865 1434 2095 1504 Stupere
2124 1434 2464 1490 Nicostratus
2494 1440 2551 1487 ut
2582 1432 2824 1487 restibus

1863 1526 2044 1582 Pressi
2075 1526 2266 1580 subire
2293 1541 2445 1581 sacra
2470 1525 2686 1596 possint
2718 1523 2926 1588 munia,

1861 1621 2017 1692 Capit
2045 1637 2302 1692 superna:
2331 1620 2615 1695 dignitatis
2647 1618 2936 1690 praesulem

1861 1713 1964 1768 Pro
1995 1713 2310 1767 liberandis
2326 1721 2500 1768 morte
2534 1711 2918 1782 peccatoribus

1859 1805 2164 1861 Mortalium
2197 1822 2258 1860 se
2288 1805 2587 1861 contulisse
2618 1803 2903 1859 obtutibus
2934 1821 2950 1869 ;

1782 1897 1832 1964 Β
1858 1895 1916 1950 Id
1950 1895 2238 1949 tradidisse
2270 1893 2510 1949 credulis
2531 1892 2851 1964 mysterium

1860 1987 2042 2040 Funes
2066 1985 2269 2041 resolvi
2302 2000 2411 2057 quo
2435 1986 2684 2039 valerent
2709 1982 3024 2038 criminum.

1860 2078 2019 2133 Paret
2048 2093 2264 2133 reorum
2292 2077 2554 2134 obsessor
2579 2091 2775 2131 omnes
2803 2088 3130 2148 aggregans,

1860 2171 2005 2235 Quos
2043 2170 2314 2224 allocutus
2344 2168 2502 2223 miles
2531 2168 2708 2222 almus
2736 2165 2948 2221 invenit

1859 2260 2151 2330 Promptos
2173 2259 2418 2328 supremi
2450 2257 2698 2312 servituti
2732 2255 3018 2327 principis.

1861 2349 2194 2420 Polycarpus
2215 2347 2416 2402 exhinc
2441 2347 2739 2402 advocatus
2771 2344 3060 2415 presbyter

1861 2440 2071 2496 Gaudet
2101 2440 2309 2495 tuendo
2338 2439 2491 2495 lucra
2519 2439 2696 2494 divini
2728 2438 2916 2493 horrei

1862 2535 2209 2606 Hortansque
2231 2534 2374 2589 divis
2403 2534 2603 2589 imbuit
2622 2532 2930 2604 profatibus

1863 2625 2017 2680 Casto
2043 2625 2341 2680 sacrandos
2371 2620 2960 2695 praestruensjejunio.

1863 2715 1987 2770 Haec
2012 2730 2144 2789 ergo
2179 2714 2518 2769 Nicostratus
2547 2720 2605 2767 ut
2636 2712 2737 2766 fert
2763 2710 2952 2766 omnia

1865 2804 2076 2858 Patrata
2115 2802 2611 2859 Commentariensi
2631 2801 2875 2856 Claudio.

1861 2896 1982 2952 Mox
2010 2896 2104 2950 ille
2133 2904 2348 2970 gnatos,
2383 2903 2536 2966 peste
2564 2894 2715 2949 varia
2745 2892 3060 2965 languidos,

1865 2985 2107 3050 Quorum
2141 2985 2314 3040 ﬂuore
2336 2991 2529 3040 venter
2555 3000 2727 3038 unum
2760 2981 3062 3054 turgidum,

1864 3074 2148 3145 Frequens
2172 3074 2453 3144 leprosum
2496 3072 2628 3126 fecit
2656 3072 2812 3126 ulcus
2840 3071 3098 3134 alterum,

1870 3165 2127 3235 Adducit,
2159 3165 2272 3220 imo
2302 3181 2362 3218 se
2386 3162 2550 3218 ﬁdem
2577 3163 2679 3217 sub
2700 3168 2923 3232 pectore

1787 3284 1836 3350 Ο
1872 3262 2083 3316 Tenere
2114 3260 2316 3330 fassus,
2359 3259 2601 3314 Christus
2630 3259 2825 3313 horum
2856 3255 3032 3331 gloria

1865 3353 2020 3418 Quod
2051 3352 2376 3406 imminente
2398 3349 2592 3404 mortis
2613 3365 2643 3402 a
2669 3347 2918 3419 periculo

1868 3443 2139 3498 Restituet
2169 3441 2293 3497 illos
2319 3441 2555 3495 sanitate
2587 3437 2820 3494 reddita.

1867 3535 2013 3600 Quos
2034 3535 2164 3588 dum
2206 3533 2401 3587 beatus
2421 3531 2572 3586 fonte
2603 3531 2938 3601 Polycarpus
2967 3543 3124 3584 sacro

1869 3624 2072 3699 Tingit,
2105 3623 2354 3678 residunt
2378 3621 2530 3676 nulla
2557 3619 2737 3676 morbi
2765 3620 3039 3692 stigmata.

3365 391 3474 446 702

1873 3717 2016 3772 Felix
2048 3723 2308 3772 notantur
2344 3724 2512 3787 atque
2542 3712 2740 3768 Felicis
2767 3711 2942 3766 simul
2963 3711 3024 3782 [f.
3071 3707 3486 3778 Felicissimus],

1873 3806 2172 3862 Feliciores
2193 3807 2305 3874 jam
2335 3805 2449 3876 pati
2477 3801 2824 3875 parentibus,

1872 3897 2000 3952 Post
2022 3895 2153 3950 inde
2171 3892 2583 3966 Tranquillinus
2612 3907 2759 3964 aeger
2781 3887 3031 3954 artubus,

1870 3985 2204 4042 Marcelliani
2231 3984 2417 4039 fratris
2443 3992 2609 4054 atque
2649 3969 2921 4053 prosator,

1869 4079 2005 4133 Dum
2042 4093 2104 4133 se
2133 4076 2334 4131 fatetur
2360 4075 2526 4131 corde
2559 4088 2699 4146 puro
2728 4071 2957 4128 credere

1867 4175 1928 4229 Et
1954 4180 2081 4244 post
2110 4171 2383 4225 lavacrum
2404 4168 2450 4223 si
2483 4167 2616 4235 luet,
2637 4181 2749 4222 non
2778 4165 3019 4229 desinat,

1870 4263 2016 4316 Litus
2042 4266 2256 4315 sacrato
2283 4257 2586 4330 sospitatur
2604 4256 2888 4330 unguine;

1872 4353 2030 4407 Liber
2057 4352 2248 4407 dolore
2278 4350 2577 4422 podagrico
2607 4365 2672 4404 ac
2700 4345 3030 4419 chiragrico,

1872 4443 1938 4496 Ut
1975 4441 2259 4521 absolutus
2278 4447 2472 4514 stagna
2509 4442 2650 4494 saltu
2680 4439 3029 4508 irrumperet,

1873 4535 2070 4589 Verum
2093 4533 2380 4596 invocans,
2413 4547 2578 4602 quem
2609 4530 2848 4585 mundus
2878 4530 3115 4602 ignorat,
3142 4528 3335 4582 Deum.

1781 4605 1834 4672 ἶ)
1940 4627 2070 4681 Post
2099 4626 2246 4679 hunc
2277 4623 2440 4678 amici
2471 4623 2760 4678 diluuntur
2786 4622 3082 4694 pignorum
3122 4636 3135 4672 :

1874 4718 2312 4785 Crescentianus,
2334 4718 2545 4785 Justus,
2585 4716 2837 4772 Urbanus
2867 4730 3114 4787 quoque,

1873 4808 2085 4874 Vitalis,
2121 4805 2515 4877 Euthycianus,
2547 4812 2707 4861 aucto
2730 4803 2983 4860 Aristone
3017 4820 3034 4870 ;

1874 4897 2085 4953 Deinde
2115 4898 2457 4952 Nicostratus
2477 4902 2533 4950 et
2554 4893 2852 4960 Castorius,

1871 4989 2243 5062 Sequiturque
2284 4987 2810 5045 Commentariensis
2838 4973 3116 5042 Claudius.

1870 5086 1975 5141 Zoe
2014 5085 2217 5140 dehinc
2245 5091 2301 5138 et
2325 5083 2698 5155 Symphorosa
2731 5098 2794 5137 ac
2821 5080 3027 5142 Martia,

1868 5177 2298 5233 Vernaculorum
2324 5185 2380 5230 et
2402 5175 2560 5230 turba
2591 5171 2969 5244 primiscrinii,

1871 5269 2002 5324 Cum
2030 5266 2290 5324 carcerali
2319 5267 2392 5321 de
2419 5266 2600 5340 rigore
2630 5263 2823 5318 liberis

1872 5359 2074 5415 Omnes
2113 5357 2369 5430 quaterni
2402 5356 2590 5412 decies
2627 5362 2794 5427 atque
2821 5354 3029 5426 septies

1873 5453 1967 5507 Pio
1995 5451 2193 5506 sacrati
2226 5449 2376 5505 fonte
2401 5447 2599 5503 Christi
2630 5448 2685 5502 in
2714 5446 2992 5502 laudibus.

1873 5545 2070 5600 Noctes
2100 5542 2300 5597 diebus
2329 5542 2655 5612 c0pulantes
2686 5539 2961 5596 ambiunt.

1874 5639 2037 5693 Ferro
2067 5650 2323 5707 supernae
2353 5632 2668 5689 consecrari
2702 5633 2868 5688 curia:

1876 5729 2166 5785 Dilationis
2207 5727 2465 5799 expedito
2493 5733 2768 5798 tempore,

1876 5819 2114 5876 Vocante
2140 5816 2551 5889 Tranquillinus
2579 5820 2635 5869 et
2657 5813 2988 5875 Chromatio.
