3890 6414
425 383 532 444 703
1148 392 1517 448 FLODOARDI
1558 392 1860 452 CANONICI
1903 395 2234 453 REMENSIS
2275 394 2610 454 OPUSCULA
2652 395 2960 451 METRICA.

427 512 616 569 Grates
636 516 951 585 rependens
993 515 1223 571 redditis
1249 532 1350 588 pro
1375 518 1586 587 liberis,

429 605 640 671 Quibus
665 607 860 662 astruit
887 622 947 663 se
978 608 1279 674 redditum,
1312 610 1464 680 ipsos
1489 617 1545 666 et
1566 612 1697 679 sibi,

427 694 817 767 Adgandetbis
843 695 1136 766 praefectus
1159 704 1215 752 et
1235 698 1413 753 ferant
1437 699 1597 768 jubet

428 785 522 841 Dis
548 786 729 855 thura,
759 787 857 843 sed
889 787 1083 844 Christi
1114 790 1269 846 audit
1297 797 1357 847 ut
1378 792 1676 863 praeconia,

428 874 638 932 Clamat
665 876 949 932 subactum
978 878 1277 935 liberorum
1317 881 1550 937 insaniae

427 967 624 1023 Errore
644 976 864 1039 captum
898 971 1045 1025 haud
1085 972 1297 1028 eruisse
1325 974 1628 1031 erroribus.

427 1056 493 1112 At
520 1055 621 1111 iste
655 1057 789 1128 quid
828 1058 897 1112 sit
918 1074 1074 1115 error
1098 1061 1353 1133 apprime
1385 1064 1690 1135 explicans,

427 1144 595 1210 Quam
619 1146 820 1221 dogma
852 1158 1098 1205 nostrum
1132 1168 1321 1208 errore
1346 1154 1417 1209 sit
1456 1155 1796 1212 liberrimum

424 1237 659 1294 Ratione
689 1240 827 1295 lucis
856 1248 973 1296 orat
1003 1242 1382 1301 invictissime.

424 1332 518 1385 Ast
546 1330 640 1402 qui
672 1331 981 1403 triumphos
1010 1336 1278 1391 destinavi
1310 1339 1519 1409 percito

426 1424 657 1499 Signare
680 1442 841 1482 curru
864 1427 1076 1485 fervido
1095 1448 1193 1486 axe
1219 1432 1461 1499 volvere,

426 1517 624 1574 Omitto
654 1526 710 1575 et
739 1520 842 1575 ista
871 1525 1236 1590 transvolans,
1277 1531 1331 1580 et
1361 1526 1617 1596 plurima.

424 1606 721 1663 Praefectus
741 1608 895 1664 illum
925 1612 1173 1667 sessione
1195 1613 1445 1683 proxima

427 1699 851 1756 Utaudiendum
884 1702 1152 1759 dimoveri
1184 1707 1471 1775 postulans

425 1795 712 1868 Noctuque
733 1797 961 1853 mittens
990 1800 1222 1855 advocat
1251 1801 1544 1867 secretius,

426 1886 671 1958 Aurique
701 1904 902 1963 magna
924 1889 1269 1961 praeferendo
1297 1894 1546 1963 pondera

433 1977 577 2033 Petit
606 1978 819 2034 revolet
849 1980 976 2052 quis
1004 1981 1152 2056 viget
1181 1982 1551 2039 medicamina
1654 1998 1663 2007 '

428 2067 552 2138 ipse
578 2075 638 2122 ut
656 2069 848 2124 salutis
872 2071 958 2125 his
978 2080 1218 2127 resumat
1239 2073 1457 2129 robora.

427 2177 453 2209 α
489 2155 658 2221 Scito,
690 2158 871 2229 inquit
898 2158 1023 2226 iste,
1056 2161 1151 2215 Dei
1183 2161 1424 2217 furorem
1457 2164 1673 2235 perpeti

434 2247 630 2305 Christi
659 2258 916 2321 putantes
934 2240 1307 2309 'nundinalem
1339 2256 1592 2330 gratiam,

428 2338 561 2394 Fide
592 2341 773 2410 parari
799 2356 923 2413 quae
947 2346 1113 2411 valet,
1146 2361 1255 2400 non
1283 2348 1484 2418 obryzo
1521 2366 1535 2415 ;

429 2425 632 2483 Credas
658 2432 824 2487 modo
847 2431 1000 2487 illum
1027 2435 1280 2490 sanitatis
1311 2437 1622 2507 praesulem,

428 2523 561 2579 Vitas
580 2524 850 2595 datorem,
879 2529 1157 2599 sospitatis
1180 2530 1478 2600 praeticem,

432 2613 681 2670 Gaudere
710 2616 895 2688 quibis
924 2618 1137 2691 integra
1166 2636 1289 2677 cum
1321 2622 1526 2695 gaudio

432 2703 618 2759 Salute
648 2707 854 2762 mentis
882 2710 1163 2781 gratulans
1192 2721 1248 2766 et
1275 2714 1542 2784 corporis.
1576 2733 1603 2765 ιι

434 2792 611 2848 Judex
634 2795 703 2848 ad
735 2795 838 2851 ista
868 2798 1071 2867 pandat
1097 2801 1246 2854 hunc
1275 2800 1481 2875 ﬂagitat

434 2880 551 2945 Quo
583 2881 925 2940 Christianus
944 2887 994 2941 vi
1014 2888 1208 2942 salutis
1230 2890 1485 2963 gaudeat.

436 2990 467 3020 ι
496 2969 730 3040 Possim,
764 2972 964 3046 inquit,
987 2975 1107 3046 ipse
1144 2976 1486 3033 Christianus
1514 2979 1720 3054 degere

434 3066 503 3122 Ut
522 3068 773 3125 sanitatis
802 3070 1069 3125 nuntiarit
1093 3073 1314 3145 gaudia.
1351 3093 1375 3124 ι)

431 3155 791 3228 Polycarpum
823 3166 878 3213 at
906 3158 997 3215 ille
1024 3160 1169 3216 dicta
1200 3170 1254 3237 et
1284 3168 1405 3217 acta
1433 3162 1698 3236 digerens

429 3248 570 3304 Ante
590 3264 686 3305 ora
714 3266 903 3306 secum
936 3253 1170 3324 proripit
1201 3254 1517 3322 Chromatii,

432 3343 675 3399 Medium
707 3345 979 3403 bonorum
1012 3350 1099 3404 cui
1130 3350 1322 3406 salutis
1342 3367 1574 3407 munere

435 3435 739 3492 Praefectus
765 3437 943 3505 offert,
971 3457 1190 3497 caenum
1220 3450 1279 3498 ut
1310 3444 1411 3498 iste
1438 3444 1673 3515 respuit,

437 3527 711 3584 Christum
744 3531 1039 3588 colendum
1069 3535 1350 3606 sospitatis
1381 3536 1575 3591 fenore

436 3621 598 3676 Modo
630 3621 733 3677 hac
764 3623 999 3680 salutem
1033 3642 1217 3681 merce
1249 3628 1486 3683 dandam
1506 3629 1833 3699 przedicans.

433 3716 606 3771 Struit
634 3716 907 3774 faventem
939 3735 1004 3775 ac
1032 3720 1268 3792 imperat
1299 3722 1593 3793 jejunium,

434 3810 546 3866 Nec
563 3810 755 3886 segnis
784 3812 979 3883 implet
1001 3814 1149 3885 quod
1182 3813 1426 3869 ﬂendum
1460 3822 1783 3886 prtemonct,

434 3899 760 3957 Sebastiano
791 3901 958 3958 fultus
981 3903 1186 3974 inclyto
1217 3905 1357 3960 duce
1388 3922 1401 3959 :

436 3993 548 4050 Hoc
566 3995 692 4064 jure
721 4004 1012 4068 postquam
1041 3998 1371 4055 dedicarunt
1395 4000 1660 4069 triduum,

437 4085 877 4143 Commilitonem
908 4088 1131 4145 visitare
1170 4099 1305 4146 eunt
1332 4107 1537 4147 novum
1574 4110 1588 4158 ;

436 4175 592 4230 Hunc
620 4176 982 4232 sustinentem
1004 4177 1133 4232 dum
1160 4180 1401 4235 salutant
1424 4188 1645 4236 actuum

438 4263 624 4319 Fidem
655 4264 841 4336 vigere
866 4265 979 4334 jam
1014 4266 1274 4322 medullis
1303 4269 1563 4325 hauriunt
1589 4288 1602 4323 :

438 4352 642 4420 Poscit,
671 4363 956 4426 parentem
986 4372 1087 4412 ceu
1120 4357 1337 4428 piorum
1361 4366 1674 4428 erexerant,

436 4445 754 4503 Nodositate
783 4463 844 4502 se
878 4447 1155 4504 resolvant
1174 4457 1390 4505 artuum
1432 4470 1450 4518 ,-

435 4538 760 4595 lllidolores
797 4542 1167 4613 sempiternos
1196 4543 1494 4614 praeferunt

440 4631 775 4688 Crudelitate
808 4634 1173 4690 terminandis
1202 4636 1461 4707 impares,

438 4726 548 4783 Eos
575 4726 875 4795 timendos,
916 4730 1310 4800 precavendos
1340 4731 1642 4788 admonent
1667 4750 1682 4786 :

442 4815 879 4872 Charissalutem
899 4819 1323 4890 competendam
1356 4827 1666 4893 perpetem.

439 4910 757 4980 Praefectus,
790 4921 850 4968 ut
871 4928 991 4968 mos
1019 4920 1105 4969 est
1133 4915 1440 4982 sacrandis,
1473 4916 1701 4973 unicum

439 5003 540 5060 Dat
571 5019 798 5072 nomen,
829 5020 1041 5081 augens
1060 5004 1232 5061 tilium
1264 5006 1590 5064 Tiburtium.

440 5096 798 5152 Sebastianus
824 5106 1013 5153 sancta
1042 5106 1231 5154 sancte
1258 5100 1478 5155 tradere

441 5187 645 5243 Doctus
673 5186 868 5243 salutis
907 5188 1213 5260 corporalis
1254 5194 1564 5262 praemonet

442 5277 643 5333 Subire
664 5294 818 5334 sacra
842 5294 913 5334 ne
945 5286 1095 5351 petat
1112 5281 1278 5337 modo
1290 5281 1484 5357 gratia,

442 5366 577 5421 Viae
604 5367 867 5436 perennis
887 5368 1055 5424 corde
1085 5369 1219 5441 quin
1250 5386 1407 5442 spem
1439 5369 1663 5445 colligat

441 5457 792 5526 Mentemque
812 5475 1023 5526 veram,
1055 5460 1101 5514 si
1131 5461 1365 5516 salutem
1385 5460 1599 5533 diligat,

437 5549 518 5605 Ad
548 5546 822 5603 visionem
844 5552 1089 5607 veritatis
1108 5554 1307 5609 excitet
1351 5571 1365 5621 ;

437 5640 572 5705 Quis
600 5635 675 5688 sit
711 5647 923 5695 creator
960 5645 1203 5698 omnium
1232 5644 1343 5699 ﬁde
1373 5645 1593 5715 probet,

437 5732 666 5789 Cultore
696 5740 916 5799 semper
944 5735 1182 5805 gaudeat
1210 5738 1303 5809 qui
1331 5739 1583 5808 simplice
1618 5756 1632 5793 :

431 5822 652 5896 Vulgus
693 5814 922 5878 deorum
950 5824 1036 5880 vel
1064 5825 1290 5883 dearum
1323 5831 1581 5899 reprobat

2077 525 2129 595 Α
2156 523 2389 600 Frangat
2414 522 2622 597 figuras
2652 536 2791 594 quas
2820 520 3041 577 colebat
3070 519 3268 576 fictiles
3296 538 3311 586 ;

2154 613 2266 671 Nec
2294 631 2461 687 posse
2490 614 2643 670 fonte
2673 613 2985 669 sanctitatis
3025 613 3178 667 ablui

2152 704 2325 760 Secus
2350 704 2459 759 nisi
2475 719 2673 759 omnes
2699 703 2973 759 idolorum
3006 702 3245 775 nugulas

2150 796 2307 852 Prius
2337 795 2628 862 abdicarit,
2658 803 2843 869 strage
2876 810 3112 866 quorum
3137 794 3351 850 sanitas

2150 888 2532 958 Redintegrari
2561 887 2805 943 sauciato
2829 886 3051 943 debeat.

2150 977 2316 1042 Queis
2342 984 2624 1032 annuente
2656 983 2712 1031 et
2731 975 2991 1030 vernulas
3017 976 3333 1032 Chromatio

2147 1069 2226 1123 Ad
2244 1069 2361 1124 haec
2384 1068 2637 1138 jubente,
2662 1082 2775 1123 non
2808 1068 2999 1123 sinunt
3039 1067 3346 1123 doctissimi

2149 1165 2325 1220 Duces
2354 1164 2590 1220 inertem
2619 1164 2727 1220 hoc
2755 1163 2948 1234 praelio
2971 1178 3191 1218 manum
3223 1162 3341 1218 dari
3379 1181 3394 1228 ;

2151 1253 2302 1309 Bello
2332 1254 2590 1325 supernis
2618 1254 2729 1309 imo
2752 1253 2850 1308 tuti
2884 1253 3170 1324 principes

2153 1342 2458 1415 Cinguntur
2485 1343 2672 1410 armis,
2704 1359 2846 1398 vana
2878 1343 3059 1396 adorti
3092 1342 3375 1399 schemata

2151 1435 2370 1502 Rotare,
2398 1436 2584 1491 divum
2611 1451 2736 1491 mox
2770 1435 3010 1490 ducenta
3042 1435 3126 1489 vel
3148 1434 3391 1505 amplius

2148 1523 2436 1597 Figmenta
2456 1524 2620 1578 larvis
2643 1522 2912 1578 fabricata
2952 1529 3297 1591 conterunt;

2149 1612 2313 1676 Queis
2330 1611 2685 1667 comminutis
2713 1612 2916 1682 gratias
2949 1612 3056 1666 Deo
3088 1610 3289 1665 ferunt.

2147 1700 2320 1756 Dilata
2345 1700 2543 1755 suadet
2572 1716 2704 1755 cura
2739 1700 3062 1773 diligentius

2147 1793 2301 1848 Hunc
2335 1790 2619 1858 sciscitari,
2653 1791 2901 1862 pressius
2942 1791 3087 1844 hunc
3120 1790 3346 1845 discuti.

2147 1886 2285 1952 Quid
2313 1891 2498 1940 mente
2527 1890 2724 1956 gestet,
2759 1884 2804 1938 si
2837 1900 2947 1955 qua
2975 1886 3059 1939 vel
3091 1884 3405 1939 resederint

2149 1976 2323 2031 lllaesa
2348 1980 2593 2031 monstra
2622 1974 2970 2029 turbidorum
2995 1974 3308 2039 numinum,

2154 2068 2402 2124 Dubiove
2433 2067 2600 2123 corde
2631 2068 2986 2123 subnotatum
3027 2066 3352 2139 scrupulum

2154 2159 2475 2214 Adulterina
2496 2158 2690 2229 pandit
2715 2158 2809 2212 ille
2827 2157 3139 2212 machinam

2156 2251 2327 2307 Vitrei
2357 2250 2558 2306 cubilis
2588 2255 2703 2305 arte
2742 2249 2944 2305 cultam
2982 2249 3194 2314 coelica,

2151 2346 2516 2401 Portentuoso
2544 2345 2707 2419 signa
2737 2344 2958 2399 dantem
2989 2343 3283 2418 aenigmate
3317 2358 3333 2411 ;

2151 2438 2190 2493 A
2220 2445 2375 2509 patre
2408 2437 2564 2509 plura
2591 2437 2813 2492 fabricae
2844 2437 3007 2504 hujus
3036 2436 3287 2507 pondera

2148 2529 2279 2585 Auri
2304 2529 2465 2603 litata.
2488 2528 2735 2584 nil'domi
2768 2544 2894 2584 esse
2925 2528 3145 2583 charius

2148 2617 2455 2674 Monstrant
2484 2618 2751 2674 docentes
2783 2618 2841 2672 id
2866 2617 3063 2673 salutis
3092 2617 3352 2673 aemulum

2148 2710 2235 2765 Nil
2264 2727 2387 2768 esse
2416 2711 2612 2780 fidum,
2639 2719 2734 2768 aut
2752 2711 2967 2768 veritati
2989 2727 3297 2767 consonum

2149 2803 2437 2878 Figmenta
2464 2807 2634 2863 vafris
2655 2822 2800 2862 caeca
2831 2804 2994 2879 nugis
3022 2805 3245 2861 volvere
3278 2821 3292 2859 :

2159 2900 2243 2955 Nil
2274 2901 2550 2973 puritatis,
2584 2901 2660 2956 nil
2687 2899 2989 2970 juvaminis
3022 2899 3210 2966 edere,

2158 2989 2511 3063 Probantque
2540 2991 2686 3047 clara
2717 2989 2841 3045 luce
2870 2989 2983 3043 divi
3010 2986 3257 3043 muneris

2158 3085 2240 3140 Nil
2268 3084 2517 3141 veritatis
2548 3083 2633 3139 his
2664 3085 2837 3139 latere
2865 3081 3170 3138 mcechicis.

2158 3178 2354 3249 Stupet
2383 3183 2588 3232 retecta
2618 3177 2743 3232 luce
2768 3191 2897 3231 vere
2923 3173 3244 3248 languidus,

2151 3268 2435 3339 Deumque
2453 3266 2631 3322 solum
2658 3265 2801 3340 legis
2827 3264 2991 3334 hujus
3012 3261 3298 3334 praedicat,

2152 3357 2253 3421 Qui
2284 3365 2393 3411 tam
2423 3371 2624 3411 serena
2654 3354 2779 3410 luce
2810 3369 3001 3409 servos
3030 3352 3271 3419 evibrat,

2151 3444 2424 3516 Favetque
2453 3444 2674 3498 demum
2698 3442 3011 3516 confragosi
3040 3440 3287 3496 numinis

2149 3532 2344 3589 Subirc
2367 3533 2591 3598 damna,
2619 3529 2871 3584 salutatis
2902 3543 3082 3583 arcem
3114 3528 3356 3599 duplicis

2149 3630 2238 3685 Sic
2262 3627 2633 3700 appetendam
2668 3624 2942 3681 confitens
2973 3639 3033 3677 se
3065 3624 3317 3679 credere.

2162 3719 2396 3792 Exponit
2419 3735 2549 3788 ergo
2579 3717 2625 3772 si
2651 3716 2783 3788 quid
2816 3715 3080 3771 ornandae
3107 3715 3308 3769 domus

2162 3812 2318 3884 Signi
2349 3809 2541 3865 residit
2569 3807 2807 3880 gemmei
2836 3822 2937 3860 seu
2966 3805 3127 3861 vitrei
3157 3824 3174 3871 ;

2160 3898 2390 3971 Fragilis
2419 3896 2626 3952 metalli
2659 3896 2789 3950 dum
2823 3901 3077 3949 teruntur
3105 3900 3426 3959 stemmata,

2158 3989 2451 4046 Chromatii
2482 4003 2541 4043 se
2572 3985 2871 4058 praeferens
2900 3984 3187 4039 obtutibus

2154 4080 2380 4136 Juvenis
2408 4091 2638 4134 corusco
2668 4074 2927 4146 splendet
2961 4088 3058 4128 ore
3088 4071 3382 4140 ﬂammeis,

2156 4175 2383 4231 Missum
2417 4186 2738 4228 asseverans
2776 4184 2838 4223 se
2881 4167 3142 4238 supernis
3167 4168 3398 4223 sedibus

2157 4268 2197 4322 A
2229 4284 2361 4341 rege
2388 4265 2602 4322 Christo
2634 4265 2957 4336 sospitatem
2996 4262 3240 4318 vividam

2160 4356 2441 4413 Credentis
2467 4356 2632 4428 aegris
2655 4362 2715 4410 ut
2751 4354 3008 4410 refundat
3034 4351 3287 4415 artubus,

2161 4451 2237 4506 Ad
2270 4451 2390 4505 haec
2410 4449 2635 4522 vigente
2659 4462 2829 4502 sanus
2859 4444 3010 4501 omni
3041 4456 3274 4515 corpore

2078 4577 2138 4646 D
2160 4540 2462 4598 Praefectus
2490 4538 2669 4593 audax
2699 4547 2827 4608 post
2856 4536 3179 4591 medentem
3208 4547 3457 4598 currere,

2168 4638 2402 4694 C(eleste
2439 4649 2643 4706 corpus
2674 4633 2959 4687 inhibetur
2987 4638 3216 4704 tangere
3246 4645 3261 4694 ;

2068 1840 2117 1908 B

2080 3221 2130 3292 C

2164 4730 2473 4789 Sebastiani
2505 4728 2604 4785 sed
2629 4735 2827 4783 tenens
2857 4725 3096 4799 vestigia

2162 4823 2382 4878 Fatetur
2410 4835 2535 4875 esse
2564 4818 2713 4873 celsa
2746 4815 2944 4870 Christi
2979 4811 3246 4877 culmina,

2161 4919 2349 4974 Solum
2378 4918 2527 4971 hunc
2556 4912 2848 4969 colendum
2883 4909 3145 4981 praedicat
3161 4905 3469 4971 Tiburtius,

2160 5013 2327 5068 Paulo
2358 5015 2488 5065 ante
2517 5013 2738 5062 sanctos
2767 5003 3052 5059 destinans
3084 4999 3428 5062 fornacibus,

2162 5104 2523 5163 Sebastianus
2548 5100 2749 5157 Christi
2774 5097 3035 5153 alendum
3066 5094 3314 5168 tegmine

2162 5194 2412 5269 Spoliare
2446 5191 2656 5247 mundo
2676 5188 2867 5263 deligit
2892 5182 3293 5242 Chromatium.

2166 5284 2483 5356 Suadetque
2512 5294 2831 5338 successore
2864 5278 3021 5332 lzetus
3049 5282 3210 5330 exeat

2166 5381 2350 5438 Mundi
2376 5377 2739 5449 occupatione
2774 5392 2788 5441 ;
2814 5369 3182 5445 poscitgratia

2167 5479 2278 5533 Deo
2308 5472 2540 5530 vacandi
2570 5469 2738 5525 rebus
2768 5466 3032 5521 arbitrum
3063 5460 3296 5517 urbicis.

2170 5565 2358 5621 Fidem
2390 5569 2633 5635 rogatus,
2663 5573 2797 5613 voce
2830 5553 3025 5627 pandit
3054 5551 3227 5606 libera

2161 5653 2520 5709 Abominatus
2551 5648 2717 5703 corde
2739 5646 2923 5701 celsus
2958 5643 3105 5699 idola
3132 5661 3150 5709 ;

2162 5743 2398 5799 Scitalus
2427 5757 2496 5795 an
2527 5743 2755 5810 peccata
2779 5741 2977 5791 cuncta
3015 5732 3238 5788 deserat

2164 5836 2429 5889 Camatur
2451 5830 2543 5886 hic
2574 5845 2685 5886 non
2718 5825 2994 5898 proditum
3024 5823 3129 5879 sibi
3160 5827 3342 5883 antea,

3707 392 3800 448 704
