3890 6396
107 383 220 440 705
732 389 814 442 DE
854 388 1111 446 CHRISTI
1152 392 1512 450 TRIUMPHIS
1553 395 1725 451 APUD
1768 396 2033 453 [TALIAM
2075 398 2252 455 ΜΒΝ
2295 400 2430 457 XIV.
2472 432 2540 442 —
2583 403 2707 459 LIB.
2752 405 2836 461 Vl.

106 514 312 569 Rerum
343 521 472 569 ante
499 516 680 571 nodos
709 517 1063 589 dissipandos
1088 536 1361 591 asserens,

103 605 252 658 Iram
286 606 518 660 merenti
549 612 607 661 ut
632 615 855 677 praestet
884 609 1306 683 indulgentiam,

102 696 269 752 Omni
310 698 512 753 relaxet
534 699 772 756 debitori
804 702 1046 770 credita;

101 789 401 845 Grassante
431 790 477 845 si
511 791 648 863 quid
675 792 902 848 abstulit
927 795 1211 865 cupidine,

94 878 260 936 Juste
290 895 590 952 repensum
620 897 745 939 mox
773 883 1039 940 reformet
1064 885 1299 959 integre.

97 973 174 1030 Se
209 975 561 1044 concubinis,
593 993 654 1033 se
681 979 907 1035 resolvit
944 980 1210 1048 vernulis,

98 1066 447 1123 Renuntiare
475 1068 610 1125 libet
638 1077 698 1125 ut
736 1079 904 1142 queat
929 1072 1165 1143 probris.

94 1160 334 1217 Juvenis
362 1162 558 1219 beatus
590 1172 646 1220 et
683 1166 888 1221 decens
916 1166 1199 1223 Tiburtius

98 1272 127 1303 ι
172 1253 587 1310 Renuntiandis
617 1256 684 1322 si,
716 1265 892 1327 pater,
925 1259 1164 1332 negotiis

95 1344 269 1409 Queis
299 1345 552 1420 obligare
584 1346 685 1402 rite
713 1356 937 1419 tempus
965 1348 1205 1421 ﬂagitas,

91 1436 212 1511 Ego
244 1437 640 1508 implicandus,
663 1439 748 1494 his
768 1439 1058 1495 libidinem
1088 1458 1232 1515 nego

94 1531 492 1603 Susceptionis
519 1536 1003 1606 exsequendorum
1035 1545 1281 1606 actuum,

92 1620 162 1676 Ut
201 1624 511 1680 advocatus
540 1626 860 1682 caalicorum
902 1640 1267 1703 pragmatum,

90 1714 217 1769 Non
251 1721 584 1785 terreorum,
626 1718 817 1773 tradar
841 1719 982 1776 aulae
1012 1722 1277 1777 caelitum.

92 1805 436 1863 Sebastiano
468 1808 616 1864 hunc
653 1810 934 1866 vinciente
967 1812 1335 1882 amplexibus,

89 1896 437 1970 Polycarpus
474 1899 638 1955 almis
664 1900 865 1957 imbuit
887 1902 1227 1974 liquoribus;

91 1986 265 2042 Pater
291 2004 514 2045 morosa
538 2005 642 2047 nec
674 1992 942 2048 retrieans
970 2000 1242 2066 tempora,

90 2076 286 2132 Mundi
314 2076 590 2135 abdicatis
612 2079 827 2154 integre
860 2083 1117 2157 negotiis,

93 2169 393 2227 Hominem
424 2179 667 2229 veternae
688 2190 748 2229 se
778 2191 988 2231 exuens
1016 2176 1337 2253 ferruginis,

90 2258 307 2314 Novum
351 2258 537 2316 induit
563 2262 806 2318 candore
830 2264 1035 2321 ﬂorens
1056 2266 1230 2323 lacteo

91 2348 229 2404 Cum
257 2365 372 2422 quo
403 2353 622 2429 remissi
650 2360 872 2410 centum
905 2363 1041 2412 eunt
1067 2357 1154 2413 bis
1183 2360 1391 2431 septies

92 2441 318 2500 Honore
355 2443 468 2500 divi
499 2445 780 2502 candidati
807 2448 1061 2522 gurgitis,

89 2534 241 2599 Quos
271 2537 557 2594 servitutis
587 2541 870 2611 expedivit
890 2542 1146 2598 vinculis.

162 2631 257 2688 Sic
281 2639 404 2688 acta
425 2632 612 2709 ﬂagris
639 2642 828 2691 sancta
857 2635 1053 2692 Christi
1084 2639 1327 2695 Ecclesia

86 2724 392 2780 Crescebat
417 2725 563 2781 inter
591 2737 1028 2799 persequentum
1059 2730 1289 2787 verbera
1313 2749 1328 2799 ;

84 2814 493 2873 Triturafortis
517 2816 600 2874 sic
637 2818 890 2889 replebat
922 2820 1137 2877 horrea.

83 2905 317 2963 Furoris
347 2907 495 2981 ignis
522 2909 722 2965 acriter
750 2919 1096 2982 proruperat,

83 2998 197 3053 Sed
231 2998 357 3055 laeta
380 2998 576 3056 Christi
601 3001 949 3072 pullulabant
974 3004 1244 3075 germina.

80 3087 182 3144 Jus
210 3089 554 3166 abnegatam
584 3092 800 3148 civibus
831 3093 1049 3159 Christi,
1085 3094 1212 3164 fori,

84 3178 406 3252 Fontesque
436 3181 603 3249 circa,
636 3190 692 3237 et
719 3183 999 3239 nundinas
1032 3187 1330 3242 statunculi

82 3271 304 3337 Quibus
329 3272 578 3341 litarent,
610 3275 769 3346 queis
790 3292 1024 3332 necesse
1054 3277 1163 3333 huc
1192 3280 1384 3352 egredi

82 3364 190 3419 Per
215 3380 348 3420 rura
375 3371 432 3419 et
457 3364 623 3421 urbes
653 3366 706 3421 id
736 3367 981 3434 student,
1008 3384 1107 3439 per
1132 3368 1362 3439 insulas,

82 3454 279 3510 Omnis
307 3460 509 3527 negata
528 3454 642 3524 jam
675 3455 784 3527 piis
814 3455 1067 3512 civilitas.

80 3545 148 3598 At
176 3543 271 3599 vix
298 3542 823 3615 decenterinclytus
853 3545 1200 3603 Chromatius

80 3632 331 3688 Fovebat
359 3648 525 3690 omne
551 3635 696 3692 ovile
724 3636 924 3693 Christi
955 3640 1247 3708 creditum,

81 3721 450 3779 Necessitudo
479 3732 541 3780 ut
565 3726 871 3798 corporalis
902 3730 1183 3785 neminem

80 3814 227 3870 Diris
256 3816 477 3887 piorum
507 3817 746 3874 cultibus
778 3821 1177 3879 substerneret.

80 3908 188 3964 Sed
221 3909 360 3965 dum
386 3910 635 3967 tenebris
661 3912 847 3970 lumen
878 3916 1005 3970 abdi
1028 3932 1136 3986 non
1167 3918 1333 3986 valet,

80 3996 389 4071 Respergit
419 4016 548 4055 arva
587 4000 809 4058 ductum
842 4004 911 4057 ab
939 3982 1086 4060 urbe
1106 3982 1327 4081 longius

78 4086 296 4159 Nempe
323 4095 388 4144 ut
416 4090 653 4145 tenellas
678 4089 876 4148 Christi
909 4109 1041 4150 oves
1071 4095 1418 4155 Chromatius

78 4181 343 4239 Servaret
373 4184 557 4256 ampla
588 4202 688 4258 per
714 4188 893 4244 vireta
919 4190 1121 4259 tutius,

76 4268 367 4342 Campana
394 4272 530 4340 late,
570 4290 667 4331 seu
695 4278 958 4333 medendi
1000 4281 1177 4355 gratia

81 4359 467 4417 Possessionis
492 4362 647 4419 adire
677 4374 864 4422 censet
884 4369 1126 4438 praedia:

76 4454 159 4509 Ad
191 4454 345 4511 bella
371 4456 535 4527 prisci
567 4470 949 4530 praeparantur
977 4463 1204 4532 milites,

81 4541 356 4616 Campum
379 4544 550 4600 duelli
582 4553 742 4625 turpe
773 4549 951 4606 visum
984 4551 1262 4624 linquere,

77 4633 196 4699 Quo
228 4649 337 4705 per
362 4632 596 4690 furentis
626 4637 768 4692 colla
789 4654 851 4693 se
873 4639 1049 4695 hostis
1077 4642 1338 4698 subdere

77 4722 330 4778 Adversa
350 4732 555 4779 norunt
574 4724 683 4779 tela
711 4733 908 4783 cuncta
936 4727 1211 4803 frangere.
1330 4725 1342 4735 ’

80 4813 145 4867 At
174 4812 379 4869 doctor
408 4812 587 4869 almus
617 4815 838 4871 etPetri
867 4817 1107 4874 vicarius

78 4907 313 4963 Pastore
345 4923 531 4964 cassos
560 4926 630 4966 ne
662 4910 905 4967 remittat
926 4912 1113 4982 Gaius,

81 4999 161 5054 Ad
206 4998 498 5074 irriganda
527 5000 885 5070 parvulorum
907 5009 1129 5073 pectora

80 5090 452 5162 Polycarpum
482 5090 639 5147 abire
670 5093 970 5165 neophytis
998 5110 1120 5149 cum
1154 5093 1360 5151 fetibus

73 5183 269 5253 Jubet,
299 5197 560 5239 coronam
586 5191 800 5256 partam
827 5186 1069 5242 hiantem
1097 5203 1319 5244 sumere

76 5272 240 5347 Legis
274 5271 462 5328 ferens
492 5273 639 5329 haud
679 5274 972 5331 immemor
1002 5274 1284 5331 licentiam

82 5364 540 5421 Corroborandos
570 5365 651 5422 ire
682 5382 806 5423 cum
850 5366 1182 5432 Chromatio.

83 5454 177 5509 Cui
203 5453 399 5530 jungit
420 5462 608 5526 aptum
639 5473 741 5513 ceu
765 5458 1013 5513 sodalem
1046 5457 1247 5517 filium.

78 5548 173 5600 Ast
204 5547 330 5618 ipse
361 5544 519 5602 fortis
549 5547 654 5604 tiro
680 5557 861 5605 castra
886 5550 1140 5620 linquere

78 5633 345 5691 Deforme
376 5636 587 5691 ducens
616 5637 876 5694 incitatus
900 5639 1111 5710 Spiritu

83 5722 401 5779 Exclamat:
446 5743 474 5775 α
515 5723 641 5791 Oro,
675 5734 865 5783 sancte
892 5727 1429 5799 praesulpraisulum,

81 5811 158 5869 Ne
189 5827 286 5869 me
313 5811 459 5872 velis
485 5812 617 5872 dare
647 5819 803 5888 terga
830 5814 993 5873 bellis
1014 5816 1229 5889 obviis;

1762 528 1810 596 Α
1841 527 1957 582 Stat
1987 544 2186 599 nempe
2216 535 2433 602 gratum
2460 532 2747 601 valdejam
2779 535 2823 589 si
2858 536 3058 593 millies

1840 616 1983 672 Caedi
2014 619 2253 687 daretur,
2278 636 2377 689 pro
2410 622 2520 676 Deo
2540 638 2668 678 vero
2694 626 2859 693 mori,

1838 708 1954 773 Quo
1981 707 2107 764 finis
2138 710 2380 784 ignaram
2410 711 2539 767 inde
2566 714 2731 770 vitam
2772 732 3099 793 consequar,
3146 750 3168 772 ι

1838 795 2235 869 Congratulans
2259 799 2345 853 his
2368 801 2789 873 papalacrymas
2818 807 2958 876 litat,

1838 885 1992 957 Capit
2011 888 2123 959 (sic)
2154 891 2401 961 petitque
2424 891 2621 948 Christi
2643 894 2695 948 ei
2716 897 3024 956 victoriam.

1838 974 2029 1031 Fortes
2055 977 2305 1033 residunt
2332 995 2466 1054 ergo
2482 982 2676 1038 castris
2705 985 2946 1042 milites:

1839 1065 2240 1136 Marcellianus,
2270 1060 2478 1127 Marcus
2507 1084 2671 1145 atque
2695 1077 2890 1134 horum
2922 1098 3125 1152 parens

1838 1161 2193 1219 Sebastianus
2218 1165 2337 1236 ipse
2365 1183 2488 1223 cum
2514 1169 2783 1241 Tiburtio,

1835 1252 2163 1327 Fratresque
2193 1257 2533 1315 Nicostratus
2562 1270 2620 1317 et
2660 1263 2958 1338 Castorius,

1833 1340 2072 1413 Zoeque,
2100 1344 2412 1401 Victorinus
2442 1356 2611 1420 atque
2651 1350 2930 1422 Claudius,

1838 1430 1967 1485 Cum
1999 1433 2243 1489 liberatis
2271 1435 2426 1491 fauce
2452 1440 2645 1495 mortis
2672 1441 2886 1509 liberis,

1838 1519 1931 1573 His
1958 1536 2102 1591 papa
2122 1538 2280 1577 sacra
2304 1524 2558 1582 dividens
2578 1532 2957 1591 moderamina

1836 1610 2074 1666 Moratur
2101 1613 2236 1684 ipsis
2260 1615 2486 1683 junctus
2510 1618 2565 1672 in
2598 1622 2825 1691 palatio,

1838 1701 2027 1759 Custos
2052 1703 2273 1760 fovebat
2299 1708 2501 1764 aedium
2526 1727 2667 1782 quos
2697 1713 2963 1773 Castulus.

1838 1798 1896 1852 In
1926 1798 2089 1856 laude
2113 1801 2309 1856 Christi
2339 1803 2559 1860 fletibus
2583 1808 2814 1877 jejuniis

1834 1886 1952 1942 illic
1977 1889 2177 1945 diebus
2206 1896 2261 1945 et
2285 1893 2555 1950 vacabant
2572 1898 2849 1968 noctibus,

1832 1977 2151 2036 Orationum
2180 1991 2335 2055 grata
2360 1984 2491 2039 Jesu
2521 2002 2753 2045 munera

1830 2070 2132 2128 Devotione
2154 2074 2468 2133 deferentes
2497 2079 2711 2137 sedula.

1830 2163 2008 2239 Ailgris
2047 2168 2291 2224 medelas
2319 2172 2658 2230 exhibebant
2687 2178 2924 2247 pestium

1832 2253 2029 2310 Larvas
2058 2254 2322 2331 fuganda,
2355 2260 2539 2317 dando
2578 2266 2738 2320 caecis
2778 2267 3005 2326 lumina.

1754 1846 1807 1915 B

1831 2343 1955 2399 Haec
1975 2346 2103 2399 dum
2134 2356 2401 2419 geruntur
2430 2350 2667 2423 inclytus
2698 2356 2985 2415 Tiburtius

1829 2433 2070 2498 Quodam
2095 2436 2332 2507 plateam
2363 2441 2479 2496 sole
2510 2445 2804 2513 quamdam
2836 2450 3108 2508 transiens

1829 2522 2121 2595 Delapsum
2154 2526 2222 2580 ab
2251 2528 2361 2583 alto
2385 2532 2628 2601 repperit
2647 2533 3028 2604 juvenculum,

1828 2615 2087 2679 Quassata
2126 2620 2284 2689 cujus
2313 2638 2438 2677 ossa
2466 2625 2916 2698 discrepantibus

1828 2706 2051 2765 Cessere
2080 2710 2283 2779 frustis,
2307 2731 2509 2786 corpus
2538 2734 2601 2773 ac
2629 2735 2902 2778 summum
2932 2735 3100 2798 caput

1824 2795 1909 2852 Ita
1936 2802 2295 2857 comminutis
2324 2804 2651 2876 dissipantia
2680 2810 2911 2867 artubus

1825 2887 2013 2944 Solum
2042 2898 2103 2947 ut
2131 2894 2390 2964 sepulcro
2419 2909 2743 2956 cerneretur
2770 2919 3071 2977 congruus.

1827 2983 1962 3039 Huic
1992 2988 2448 3062 appropinquans
2476 2992 2657 3049 fundit
2686 2996 3009 3067 Symbolum

1824 3075 2134 3149 I’recesque
2154 3080 2339 3155 jungit
2364 3097 2462 3137 ore
2482 3083 2618 3140 latas
2647 3088 2880 3155 coelico;

1825 3163 1947 3219 Mox
1984 3165 2274 3239 integratis
2303 3169 2385 3224 sic
2412 3172 2649 3243 resurgit
2679 3175 2924 3245 ossibus,

1824 3252 2011 3308 Salute
2042 3253 2197 3310 laetus
2223 3272 2287 3312 ac
2310 3257 2504 3331 vigens
2526 3260 2919 3329 homunculus,

1824 3342 2174 3401 Contusionis
2197 3362 2300 3403 ceu
2331 3350 2470 3403 nihil
2501 3351 2788 3409 subiverit.

1820 3434 2033 3491 Tenent
2063 3445 2285 3492 euntem
2313 3440 2564 3496 sanitatis
2587 3444 2883 3520 prodigum

1822 3523 1995 3579 Pueri.
2008 3533 2266 3596 parentes
2286 3526 2634 3601 offeruntque
2658 3537 2941 3591 servulum

1824 3613 2254 3672 Ressuscitatum
2277 3635 2395 3675 Sive
2424 3628 2616 3691 poscat
2637 3626 2908 3695 amplius;

1819 3704 1964 3768 Quos
2003 3707 2384 3776 apprehensos
2409 3709 2572 3779 paulo
2607 3711 2784 3767 turbis
2809 3726 3065 3791 segregat

1819 3795 2140 3868 Summique
2159 3798 2304 3855 vires
2337 3801 2577 3856 numinis
2607 3819 2745 3873 pure
2777 3804 3009 3873 indicat,

1821 3886 2173 3961 Cernensque
2203 3907 2393 3947 eorum
2412 3892 2658 3950 roborari
2687 3903 2916 3966 pectora

1816 3982 2038 4040 Timore
2077 3984 2300 4055 Christi,
2320 3988 2542 4058 praesuli
2574 3988 2732 4045 offert
2763 3992 2914 4049 Gaio.

1823 4071 1980 4126 Illum
2009 4072 2279 4130 ferentem
2311 4076 2663 4148 quilevatum
2687 4082 2899 4153 gratias

1822 4159 2073 4231 Baptizat
2097 4164 2272 4219 auctis
2302 4164 2477 4234 gloria
2506 4168 2855 4238 parentibus,

1822 4254 2034 4312 Primos
2064 4259 2285 4315 novella
2313 4260 2587 4334 colligens
2617 4279 2682 4318 ex
2703 4266 2902 4321 arbore

1822 4349 2050 4406 Fructus
2079 4352 2229 4420 fidei,
2264 4355 2439 4425 possit
2468 4364 2529 4412 ut
2553 4373 2892 4430 cognoscere

1822 4440 2052 4515 Lignum
2084 4444 2288 4500 decore
2318 4446 2676 4516 praebitorum
2710 4448 3008 4515 fructuum,

1730 4510 1791 4579 Β
1818 4510 2173 4587 Furibundus
2203 4510 2397 4603 hostis,
2417 4535 2569 4589 lucra
2597 4543 2751 4592 tanta
2781 4510 3035 4595 crescere

1817 4619 2020 4676 Dolens
2049 4619 2200 4690 fidei,
2231 4622 2376 4677 hanc
2401 4622 2533 4677 dum
2563 4623 2785 4679 lacessit
2806 4626 3056 4696 publice,

1746 3213 1796 3283 C

1817 4712 2217 4788 Congressione
2243 4714 2493 4770 clancula
2517 4717 2837 4790 aggreditur
2865 4734 3115 4792 quoque,

1817 4802 2142 4879 Legensque
2176 4812 2364 4862 notum
2397 4806 2649 4862 criminis
2672 4809 2991 4875 satellitem,

1820 4899 2045 4974 Delegat
2075 4899 2277 4953 almum
2306 4899 2610 4954 mentiatur
2630 4917 2927 4973 supparem

1816 4995 2161 5063 Junctusque
2193 4990 2332 5062 patri
2363 4990 2511 5045 clara
2537 4996 2715 5045 vertat
2747 4990 3005 5063 pignora,

1816 5080 2077 5152 Captetve
2107 5079 2281 5147 fucis;
2315 5085 2622 5151 aucupatus
2653 5078 2857 5134 abditis

1814 5176 1983 5241 Quem
2013 5172 2144 5228 dum
2171 5170 2495 5242 frequenter
2517 5171 2697 5245 arguit
2715 5170 3013 5228 Tiburtius.

1814 5269 2075 5326 Tonsoris
2102 5272 2218 5322 arte
2249 5265 2398 5337 quod
2429 5279 2665 5336 repexos
2692 5264 2908 5338 digerat

1817 5358 2002 5414 Fronti
2030 5356 2280 5428 capillos,
2314 5354 2475 5425 queis
2504 5352 2802 5426 glabellum
2836 5354 3109 5424 percolat,

1817 5450 1967 5517 Quod
1994 5447 2352 5520 prandiorum
2383 5444 2608 5500 sedulus
2633 5460 2691 5499 se
2722 5444 2944 5502 luxibus

1818 5547 1936 5611 Det,
1971 5542 2296 5599 feminarum
2331 5538 2534 5610 pandat
2569 5538 2712 5594 ultro
2739 5539 3082 5611 aspectibus,

1818 5632 2060 5691 Orationi
2083 5639 2137 5686 et
2164 5629 2448 5684 subtrahat
2461 5627 2725 5697 jejuniis;

1818 5724 1959 5779 Vitet
1986 5735 2213 5776 manere
2243 5716 2440 5775 Christi
2470 5717 2527 5774 in
2557 5717 2780 5791 hymnis
2804 5718 3065 5795 pervigil.

1818 5811 1910 5867 His
1938 5825 2063 5867 acre
2095 5813 2290 5875 tactus,
2322 5805 2503 5864 fronte
2532 5805 2737 5863 nubem
2768 5806 3028 5880 protegit,

3357 414 3461 469 706
