3890 6480
145 416 242 473 709
737 414 820 468 DE
859 412 1121 468 CHRISTI
1160 411 1527 468 TRIUMPHIS
1567 413 1742 468 APUD
1781 412 2050 470 ITALIAM
2096 414 2275 469 LIBRI
2315 411 2425 467 XIV
2488 442 2556 453 -—
2598 412 2721 466 LIB.
2766 414 2851 468 Vl.

144 545 214 599 Ad
244 546 363 600 haec
392 543 560 617 ligato
589 543 839 598 membra
867 558 999 597 saxo
1039 542 1229 597 vitreis
1254 554 1269 574 ι

144 633 375 688 Tradunt
404 632 650 697 ﬂuentis,
691 632 873 686 Tibris
913 633 1069 687 alveo
1111 632 1392 706 ingerunt.

145 727 333 797 Martyr
362 725 626 800 magistro
658 741 767 780 non
784 725 968 780 ferens
1000 724 1117 779 haec
1134 724 1312 780 occuli

145 818 457 873 Sebastiano
489 823 649 893 gesta
676 816 859 872 subito
901 816 1054 872 serit.

147 911 264 966 Haec
292 911 387 965 ille
416 916 641 965 sanctus
662 916 847 964 narrat
877 915 935 963 ut
955 908 1259 976 sodalibus,

147 998 233 1052 Vir
260 997 440 1069 inquit
467 998 632 1067 hujus
662 1016 674 1052 :
707 1022 730 1046 α
757 997 898 1062 Quid
931 1012 1210 1052 moramur
1242 994 1270 1049 7
1300 996 1521 1052 feminae

148 1087 220 1143 En
243 1087 577 1142 advocantes
602 1102 704 1142 nos
734 1102 970 1142 coronas
997 1092 1247 1157 prmeunt
1287 1103 1300 1139 :

148 1178 305 1233 Fiunt
332 1178 546 1233 maritae
562 1187 830 1250 martyres
852 1178 1002 1249 quod
1033 1177 1270 1232 vivimus
1327 1198 1352 1228 ι)

146 1268 426 1322 Accensus
458 1282 593 1341 ergo
625 1267 1003 1337 apostolorum
1038 1266 1248 1331 limina,

148 1359 371 1431 Accepit
400 1359 549 1413 unde
581 1364 765 1429 optata
804 1357 1024 1425 conjux,
1057 1358 1241 1413 visitat

146 1450 431 1520 Oransque
461 1446 755 1502 manifesta
784 1446 932 1501 Pauli
961 1446 1030 1501 ad
1068 1445 1280 1508 limina.

149 1543 402 1614 Repetite
427 1548 644 1612 patrum
673 1540 803 1594 dum
835 1540 1014 1593 nitent
1045 1538 1338 1605 solemnia,

147 1638 428 1709 Dolosque
461 1651 679 1708 passus,
711 1635 889 1689 imbre
926 1650 1183 1690 saxorum
1208 1635 1353 1689 viam

146 1729 415 1800 Stephani
443 1735 666 1784 secutus
682 1728 790 1782 alta
818 1727 1034 1782 scandit
1062 1727 1321 1782 culmina.

147 1822 413 1892 Datisque
444 1834 621 1891 prono
652 1818 866 1873 ﬂumini
900 1817 1060 1873 almis
1086 1819 1315 1875 artubus

145 1914 412 1968 Tiberina
440 1910 607 1967 funus
638 1911 866 1966 abluere
896 1911 1114 1966 caerula.

221 2006 475 2076 Itemque
500 2003 864 2070 Nicostratus,
894 2010 1061 2073 atque
1102 2000 1383 2068 Claudius,

148 2096 443 2169 Simulque
472 2095 792 2151 Victorinus
821 2102 876 2150 et
906 2094 1205 2161 Castorius,

147 2186 561 2258 Symphoriano
592 2183 758 2239 rebus
796 2191 977 2249 aucto,
1007 2198 1238 2254 corpora

147 2275 397 2331 Tibridis
418 2290 523 2346 per
551 2288 678 2329 oras
706 2274 836 2328 dum
855 2280 1153 2344 reposcunt
1173 2280 1493 2345 martyrum,

148 2367 299 2423 Fieri
324 2368 473 2422 inter
509 2366 688 2421 undas
728 2372 1119 2439 promerentur
1134 2374 1403 2436 martyres
1437 2384 1451 2419 :

150 2455 316 2528 Capti
347 2456 681 2513 exhibentur
703 2473 829 2511 nam
862 2462 1053 2511 notato
1086 2454 1284 2527 judici,

154 2546 420 2601 Hortatur
438 2545 565 2601 illos
588 2546 748 2601 thura
776 2544 917 2599 ferre
957 2546 1051 2616 qui
1080 2544 1201 2599 deis

152 2636 497 2708 Blandisque
528 2644 585 2691 et
610 2636 789 2706 aspris
821 2651 920 2706 per
946 2636 1066 2690 dies
1094 2650 1266 2708 agens
1304 2634 1499 2690 decem

152 2726 377 2782 Movere
408 2727 560 2782 nullo
600 2726 863 2797 praevalet
892 2724 1180 2780 molimine
1214 2742 1227 2778 :

151 2816 469 2887 Fractoque
497 2816 621 2871 nisu
653 2814 849 2886 pandit
875 2814 977 2869 ista
1008 2813 1237 2887 regibus
1270 2832 1284 2868 :

150 2909 295 2964 Tum
326 2908 596 2964 lancinari
620 2908 783 2963 tertio
811 2908 1111 2963 tortoribus

145 3000 328 3066 Jussi,
362 3006 528 3070 atque
557 3000 686 3054 torti
720 2999 890 3074 ﬂagra
911 2999 1102 3053 ludum
1136 2997 1406 3070 deputant
1436 3015 1453 3063 ;

150 3092 339 3147 Humo
361 3091 608 3159 subacta,
637 3090 987 3146 destinantur
1006 3091 1216 3163 aequori
1242 3108 1255 3144 :

150 3189 326 3244 Libet
365 3189 672 3260 palaestram
702 3203 977 3243 marmora
1006 3188 1150 3243 intra
1190 3188 1472 3254 claudere,

151 3281 327 3336 Libet
357 3280 583 3336 ﬂuentis
604 3279 733 3334 ferri
773 3280 829 3334 in
861 3281 1088 3334 aethram
1111 3279 1358 3350 limpidis

149 3373 473 3444 Mundique
505 3371 660 3427 fonte
690 3380 1088 3427 consecrantur
1124 3372 1368 3446 gurgite,

150 3462 469 3534 Postquam
511 3460 568 3514 hi
598 3461 868 3516 recedunt
893 3469 1038 3515 astra
1079 3461 1222 3530 pulsi
1254 3476 1285 3514 a
1308 3461 1556 3532 perﬁdis,

146 3558 479 3631 Torquatus
507 3558 638 3612 almi
661 3556 851 3612 fraude
883 3564 1062 3612 coetus
1088 3557 1367 3628 hospitem

150 3648 331 3703 Ducit
363 3648 664 3719 petendum
690 3665 704 3701 :
737 3649 1177 3719 comprehensus
1206 3647 1457 3702 Castulus

148 3737 268 3792 Ter
300 3736 623 3792 sciscitatus
643 3743 727 3792 ter
743 3745 967 3793 catastae
989 3736 1253 3803 culmine,

151 3830 351 3885 Fortis
369 3837 626 3902 repertus
655 3830 785 3884 dum
817 3831 930 3885 Deo
962 3828 1067 3884 fert
1091 3828 1345 3902 gloriam,

150 3925 372 3981 Foveze
412 3924 670 3980 barathro
692 3939 906 3978 mersus
937 3923 1047 3978 alto
1076 3923 1298 3997 glareas,

152 4016 281 4072 Sub
315 4017 470 4072 fasce
499 4025 710 4072 tantum
738 4016 959 4071 clausus
980 4015 1089 4071 imo
1115 4030 1370 4086 corpore,

146 4112 221 4165 At
256 4114 463 4179 mente
490 4106 654 4173 liber,
686 4106 834 4161 celsa
861 4104 1079 4160 scandit
1104 4104 1309 4159 sidera.

146 4195 585 4262 Marcellianus,
626 4194 840 4250 Marcus
870 4194 1109 4265 hincque
1148 4193 1217 4247 ab
1248 4192 1436 4264 impiis

145 4290 191 4345 Τ
193 4290 354 4352 enti,
392 4287 583 4343 foratis
611 4286 911 4360 alligantur
931 4284 1105 4356 stipiti

150 4380 417 4448 Plantis,
450 4378 625 4435 secuti
659 4378 1014 4434 Conditorem
1045 4377 1327 4449 stigmate.

148 4474 480 4531 Tormenta
511 4470 705 4526 fratres
725 4469 872 4526 ferre
900 4457 1098 4525 Christi
1129 4484 1375 4525 consona

150 4565 467 4619 Laetamur
503 4560 725 4631 hymnis
754 4559 882 4615 diva
911 4560 1109 4615 dantes
1139 4576 1369 4634 organa,

145 4656 289 4712 1am
327 4653 653 4710 territantes
682 4666 819 4707 voce
847 4652 983 4705 suda
1011 4651 1281 4707 territant.

149 4745 223 4801 Et
253 4741 620 4819 gratulantes
647 4740 953 4815 gloriantur
982 4742 1194 4811 Optimo

148 4833 517 4893 Dilectionis
547 4841 693 4887 stare
726 4831 817 4886 fixi
836 4833 1058 4897 robore,

152 4929 506 4999 Optantque
536 4923 686 4977 abire
720 4923 824 4977 hoc
845 4922 1060 4992 praediti
1084 4921 1389 4978 fulcimine.

152 5021 312 5076 Vota
348 5016 676 5076 audiuntur,
704 5024 1060 5086 perseverant
1085 5016 1344 5070 laudibus

151 5111 261 5165 Sic
299 5122 427 5162 nox
455 5106 566 5160 diei
593 5106 693 5160 hac
732 5105 786 5159 in
828 5104 1081 5176 palaestra
1100 5105 1372 5177 jungitur,

150 5197 495 5266 Crucisque
525 5193 721 5249 Christi
751 5202 811 5251 ut
830 5195 1156 5265 expleantur
1181 5194 1372 5248 munia

152 5293 352 5346 Latus
389 5287 526 5341 hinc
552 5287 773 5358 utrique
800 5285 1114 5357 perforatur
1154 5286 1369 5351 lancea,

154 5384 262 5439 Sic
288 5387 357 5436 et
391 5387 703 5449 sequuntur
732 5392 904 5451 regna
943 5376 1213 5431 Christum
1248 5376 1303 5430 in
1328 5391 1513 5431 aurea.

241 5473 408 5547 Regi
435 5473 657 5534 talentis
686 5472 771 5527 his
798 5472 1074 5527 lucrorum
1101 5472 1335 5527 redditis

154 5566 589 5628 Sebastianus,
622 5564 913 5635 expeditus
938 5563 1179 5635 insequi,

157 5664 395 5718 Fertur
430 5655 646 5728 regenti
670 5660 888 5725 sceptra
916 5654 1025 5709 diis
1052 5654 1360 5709 contrarius
1390 5671 1404 5706 :

240 5809 423 5884 (185)
450 5806 531 5861 An
562 5807 885 5864 sacerdotes
908 5806 1059 5863 Jovis
1096 5806 1318 5862 Viminii
1351 5806 1381 5860 ?

1803 1867 1855 1935 Β

1792 549 1841 615 Α
1864 543 2098 598 Vocatus
2122 550 2262 597 astat
2288 542 2343 595 in
2374 541 2601 595 deorum
2632 540 2891 608 injuriam

1866 636 2110 690 Latuisse
2143 642 2333 690 contra
2359 636 2669 706 principum
2696 636 2963 690 tutamina

1866 724 2127 795 Culpatur
2156 742 2171 789 ;
2213 724 2306 778 ille
2330 724 2642 794 principum
2676 739 2775 794 pro
2797 724 2974 797 gloria

1863 812 2000 867 Vera
2040 819 2320 884 precatum
2353 829 2414 867 se
2445 812 2646 867 fatetur
2673 812 2870 867 sedulo

1862 904 2047 960 Jesum
2079 905 2404 978 benignum,
2436 920 2628 959 saxeas
2658 919 2767 959 non
2808 904 3095 972 formulas,

1865 993 2010 1057 Quos
2041 992 2319 1063 postulare
2350 992 2552 1047 mentis
2581 999 2727 1047 esset
2766 993 3024 1063 perditae.

1872 1085 1962 1140 His
1990 1085 2240 1141 suavioris
2269 1085 2569 1156 imperator
2607 1085 2844 1139 turbinis

1871 1163 2097 1231 Afﬂatus
2125 1177 2205 1231 ira
2235 1196 2251 1231 :
2291 1176 2510 1242 «Miles,
2531 1176 2731 1247 inquit,
2766 1192 2991 1246 prorue,

1874 1268 2140 1323 Proceres
2170 1278 2225 1323 et
2254 1268 2398 1322 alma
2430 1268 2725 1338 despuenti
2758 1269 2983 1323 numina

1876 1361 1954 1415 Ne
1980 1362 2113 1415 dent
2143 1361 2365 1414 citatum
2396 1358 2591 1415 fervidi
2618 1376 2751 1415 ense
2781 1360 3009 1427 exitum,

1876 1452 2057 1507 Denso
2084 1452 2328 1507 cohortis
2358 1452 2656 1523 impetatur
2684 1452 2926 1524 agmine,

1879 1544 2081 1598 Crebra
2109 1551 2302 1599 suatur
2330 1544 2669 1614 spiculorum
2708 1544 2960 1615 cuspide,

1875 1638 2065 1711 Cingat
2093 1652 2298 1693 corona
2326 1636 2507 1692 fronte
2522 1652 2723 1692 nexum
2756 1637 2809 1691 in
2835 1637 3023 1707 stipite

1878 1733 2221 1804 Signumque
2251 1728 2376 1787 teli‘s
2403 1739 2625 1802 praestet
2656 1731 3019 1787 irruentibus.
3049 1753 3078 1783 υ

1880 1824 1925 1877 lt
1952 1822 2343 1879 obsecundans
2372 1823 2577 1878 turbidi
2611 1839 2808 1898 agmen
2849 1824 3062 1888 militis,

1884 1912 2085 1967 Parant
2115 1918 2340 1982 patente
2363 1912 2519 1981 jussa
2546 1928 2764 1982 campo,
2798 1910 3035 1968 farciunt

1882 2005 2047 2062 Ferro
2076 2007 2382 2078 pharetras,
2416 2006 2797 2078 ambitumque
2828 2006 3126 2080 digerunt;

1882 2096 2167 2151 Lunantur
2195 2113 2375 2163 arcus,
2408 2105 2710 2152 exeruntur
2734 2096 2983 2167 spicula:

1884 2186 2025 2241 Eunt
2051 2185 2107 2240 in
2138 2202 2307 2240 unum
2341 2185 2472 2241 hinc
2494 2187 2625 2242 inde
2647 2192 2725 2241 tot
2746 2186 3065 2253 arundines,

1883 2273 2105 2329 Certant
2134 2275 2262 2346 quis
2289 2276 2501 2346 aptiora
2535 2274 2666 2349 figat
2702 2274 2931 2329 vulnera
2960 2292 2974 2341 ;

1884 2361 2017 2417 Cute
2048 2361 2142 2417 ille
2172 2378 2389 2417 summa
2415 2364 2523 2417 tela
2538 2369 2733 2418 cuncta
2759 2362 3013 2434 suscipit,

1884 2454 1977 2509 Vis
2008 2454 2157 2509 nulla
2187 2454 2376 2510 sedem
2395 2455 2599 2510 mentis
2630 2455 2844 2530 ingredi
2868 2456 3015 2511 valet
3052 2474 3065 2509 :

1887 2547 2055 2603 Solus
2087 2548 2288 2618 petitus
2318 2555 2396 2603 tot
2425 2548 2807 2619 pharetrarum
2840 2549 3060 2622 agmine

1886 2637 2030 2691 Viris
2044 2644 2123 2693 tot
2139 2642 2278 2692 astat
2299 2654 2393 2692 arx
2424 2637 2901 2711 inexpugnabilis,

1888 2729 2084 2787 Christi
2116 2729 2288 2784 lorica
2318 2745 2483 2800 quem
2512 2728 2736 2803 tegebat
2764 2729 3026 2784 muniens
3059 2746 3073 2782 :

1889 2824 2145 2879 Silvescit
2169 2823 2348 2879 hirtus
2373 2831 2490 2879 tuta
2518 2824 2652 2879 setis
2671 2830 2731 2878 ut
2760 2822 2878 2878 fera

1891 2914 2061 2979 Quem
2079 2914 2394 2983 judicantes
2414 2922 2539 2985 post
2568 2913 2723 2969 necis
2753 2919 2833 2969 tot
2859 2914 3001 2969 ostia

1895 3009 2048 3064 Lanii
2074 3016 2271 3065 tenore
2308 3025 2473 3081 posse
2502 3008 2655 3064 nullo
2696 3008 2900 3075 vivere,

1896 3104 2199 3177 Linquunt,
2228 3121 2332 3160 nec
2362 3111 2543 3160 actum
2570 3104 2763 3160 mortis
2792 3103 2964 3159 antris
2993 3102 3246 3159 ambiunt

1896 3193 1993 3249 Cui
2016 3201 2096 3249 tot
2121 3193 2383 3248 videntur
2410 3192 2623 3247 funeris
2642 3192 2892 3264 vestigia.

1825 3242 1875 3310 Ο
1898 3286 2071 3341 Noctu
2100 3284 2290 3339 relicta
2312 3283 2566 3354 martyris
2591 3242 2806 3347 Zetarii:

1899 3375 2097 3429 Curare
2125 3373 2289 3429 funus
2314 3372 2577 3427 lancinati
2608 3370 2880 3447 gestiens,

1898 3466 2090 3520 Vivum
2115 3464 2330 3519 reducit
2352 3479 2517 3535 quem
2558 3462 2785 3534 petebat
2821 3470 3103 3517 mortuum

1896 3554 2061 3609 Edes
2092 3555 2147 3609 in
2177 3554 2316 3609 altas
2346 3553 2545 3607 ductus
2584 3552 2760 3607 hostis
2781 3551 2983 3607 robora

1900 3642 2110 3697 Paucos
2141 3641 2370 3696 resumit
2390 3640 2676 3711 sospitatis
2708 3639 2764 3692 in
2806 3639 2950 3705 dies,

1902 3737 2217 3809 Fugamque
2240 3735 2380 3790 inire
2415 3740 2779 3808 suggerentes
2811 3733 2866 3786 in
2896 3731 3007 3787 ﬁde

1903 3828 2074 3903 Magis
2103 3828 2383 3898 triumpho
2424 3827 2676 3883 roborata
2699 3825 2923 3879 roborat
2950 3841 2964 3888 ;

1904 3921 2155 3992 Ipsisque
2187 3920 2438 3991 pandens
2458 3918 2683 3994 regibus
2709 3932 2834 3972 sese
2865 3915 3103 3983 intimat,

1907 4013 2302 4082 Surreptiones
2331 4011 2584 4066 falsitatis
2614 4024 2853 4085 arguens

1907 4102 2209 4174 Hostesque
2236 4101 2425 4157 verbis
2451 4100 2697 4157 veritatis
2736 4099 3054 4169 increpans.

1911 4191 2177 4247 Mirantur
2209 4192 2285 4246 illi
2316 4206 2483 4263 quem
2516 4194 2781 4245 necarant
2807 4188 2994 4243 vivere
3023 4205 3040 4252 ;

1915 4282 1995 4337 Ad
2024 4283 2485 4354 supprimendam
2516 4281 2699 4336 reddit
2730 4280 2831 4335 iste
2860 4277 3129 4333 insaniam

1909 4378 1977 4433 Se
2006 4375 2320 4432 restitutum
2352 4391 2462 4447 qua
2493 4374 2690 4430 beatos
2721 4377 2986 4435 atterunt,

1915 4464 2157 4522 Oﬂ'endit
2186 4480 2319 4539 ergo
2345 4463 2657 4519 Viminosos
2688 4460 2834 4529 (185)
2864 4458 3194 4513 admonens.

1831 4525 1887 4593 D
1918 4560 2155 4617 Jubetur
2186 4525 2315 4614 hinc
2346 4572 2596 4629 eousque
2625 4525 2762 4611 caedi
2798 4525 3041 4608 fustibus

1923 4656 2058 4710 Dum
2090 4653 2397 4710 concitatus
2421 4661 2569 4707 astra
2594 4650 2813 4706 scandit
2849 4648 3096 4719 spiritus.

1922 4748 2072 4803 Hanc
2101 4743 2422 4801 Christianis
2451 4740 2764 4798 invidentes
2793 4741 3023 4816 gloriam

1919 4837 2058 4894 Saevi
2089 4836 2290 4893 cloaca:
2303 4834 2551 4889 membra
2574 4833 2787 4888 dedunt
2815 4830 3052 4886 sordidae
3086 4846 3100 4891 ;

1920 4930 2187 5003 Squalore
2218 4928 2393 5001 mergi
2435 4926 2534 4981 sed
2556 4935 2705 4981 vetat
2725 4924 2988 4979 Divinitas

1920 5021 2021 5077 Tot
2047 5027 2427 5077 consecratum
2451 5033 2655 5089 corpus
2682 5018 2813 5072 olim
2844 5015 3066 5087 praeliis.

1927 5113 2131 5168 Lucina
2160 5112 2326 5167 castis
2355 5110 2447 5166 hic
2467 5109 2697 5165 vacabat
2728 5106 2944 5163 actibus

1927 5206 2190 5267 Matrona,
2221 5202 2396 5258 sancti
2421 5203 2587 5273 plena
2617 5200 2741 5254 luce
2774 5197 3030 5269 Spiritus,

1930 5297 2077 5351 lianc
2090 5295 2363 5351 allocutus
2393 5308 2494 5363 per
2522 5305 2777 5361 soporem
2811 5287 3028 5343 coalitus

1926 5386 2149 5456 Martyr.
2187 5408 2213 5431 α
2256 5382 2496 5453 Require
2524 5387 2708 5436 nostra
2748 5376 2975 5431 mandat
3003 5375 3192 5429 abdita

1927 5477 2062 5532 Circi
2102 5478 2289 5532 cloaca
2319 5490 2440 5546 quae
2466 5471 2677 5528 levabis
2708 5471 2960 5545 pignora,

1925 5568 2203 5638 Suspensa
2228 5564 2473 5637 gumpho
2506 5562 2672 5633 (186),
2706 5559 2966 5615 sordibus
2997 5574 3099 5614 nec
3138 5557 3344 5612 addita.

1927 5657 2049 5711 Haec
2078 5664 2135 5710 tu
2163 5661 2384 5725 reperta
2413 5650 2787 5723 apostolorum
2813 5648 2966 5722 regia

2003 5804 2148 5876 (186)
2178 5802 2363 5869 Clavo,

3383 417 3487 475 ’710
