3890 6428
425 373 523 430 711

426 499 656 556 Locabis
683 499 828 554 alma
855 497 920 552 ad
957 496 1266 568 principum
1295 496 1544 570 vestigia.
1579 515 1608 546 υ

427 590 681 667 Exsurgit
707 588 800 644 illa
827 589 970 655 laeta,
999 602 1252 644 somnum
1286 586 1522 642 dissicit.

1169 366 1538 425 FLODOARDI
1577 363 1884 422 CANONlCl
1927 363 2258 420 REMENSIS
2295 365 2634 422 OPUSCULA
2679 363 2985 420 METRICA.

2063 499 2119 569 Α
2146 493 2459 566 Parensque
2475 493 2682 563 junctis
2709 499 2872 548 nocte
2894 491 3088 546 eadem
3121 489 3366 546 vernulis

3673 363 3785 418 712

2145 586 2304 642 Jusso
2337 586 2587 642 recondit
2612 593 2772 641 nacta
2794 585 3006 640 honore
3045 598 3296 638 munera.

1265 754 1764 845 INCIPIT
1829 751 2215 840 LIBER
2282 753 2957 842 SEPTIMUS.

1836 931 2047 988 CAPUT
2095 931 2378 988 PRIMUM.

1553 1058 1631 1118 De
1671 1066 1877 1118 sancto
1924 1057 2173 1118 Gabinio
2219 1065 2272 1115 et
2317 1051 2628 1117 Susanna.

425 1213 612 1269 Frater
638 1215 755 1266 erat
779 1207 894 1262 Gaii
928 1204 1212 1272 Gabinius,
1245 1204 1338 1259 ille
1370 1203 1680 1258 Suzannam

424 1303 674 1360 Nutribat
703 1298 970 1360 sobolem,
1003 1309 1207 1365 supero
1236 1308 1400 1364 quam
1428 1295 1719 1346 ornaverat
1747 1303 1904 1353 auro,

423 1396 586 1450 Fama
615 1407 776 1448 aures
802 1388 1032 1456 hujusce
1062 1394 1247 1441 terens
1278 1381 1603 1439 Diocletiani

423 1481 646 1537 Nuntiat
673 1477 953 1553 egregiam
977 1475 1151 1530 forma
1190 1488 1470 1544 sensuque
1503 1469 1743 1541 puellam
1779 1508 1794 1533 ,

425 1572 522 1625 llle
552 1585 752 1642 parans
772 1583 957 1642 sagam
975 1566 1163 1640 genito
1193 1563 1404 1618 vincire
1433 1559 1707 1621 maritam,

423 1661 620 1736 Dirigit
652 1659 916 1714 illustrem
977 1655 1297 1728 quemdam,
1348 1655 1546 1710 horum
1601 1667 1766 1707 carne
1817 1648 2046 1721 propin-

1762 1743 1972 1815 ictuum,

429 1847 532 1912 Qui
564 1851 718 1902 catus
749 1843 853 1900 ista
881 1851 1028 1899 serat
1055 1841 1434 1911 taedarumque
1465 1837 1652 1894 omnia
1673 1837 1874 1891 ﬁrmet.

2071 1790 2124 1860 B

2149 1195 2330 1251 Credit
2356 1196 2445 1252 hic
2468 1196 2710 1267 acceptis
2739 1195 2993 1268 vivisque
3025 1194 3337 1250 infunditur
3367 1193 3556 1261 undis,

2150 1289 2413 1344 Culminis
2434 1290 2620 1345 eximii
2651 1290 2976 1363 contingere
2998 1290 3193 1344 nititur
3220 1304 3426 1355 arcem,

2146 1381 2475 1453 Addicitque
2499 1381 2616 1436 foro
2647 1397 2848 1436 census
2874 1397 2940 1436 ac
2969 1381 3106 1436 libat
3135 1379 3330 1452 egenis
3364 1395 3378 1442 ;

2148 1475 2328 1530 Utitur
2348 1478 2451 1532 hac
2481 1476 2537 1530 in
2562 1494 2620 1532 re
2646 1476 2756 1533 fido
2783 1477 3024 1532 Trasone
3059 1474 3235 1530 sodali
3268 1492 3280 1527 :

2149 1566 2220 1633 Is,
2251 1565 2471 1620 velante
2491 1573 2636 1633 toga,
2661 1565 2856 1620 Christi
2884 1571 3031 1619 texto
3055 1564 3182 1638 igne
3213 1561 3450 1628 calebat,

2149 1653 2453 1708 Chrismate
2483 1670 2649 1725 quem
2676 1653 2839 1708 Gaius
2868 1654 3076 1708 dudum
3113 1666 3361 1706 sacrasse
3394 1657 3621 1704 notatur

2149 1743 2414 1800 Noctibus
2443 1745 2534 1800 ille
2564 1746 2760 1800 adiens
2779 1745 2953 1807 vicos,
2983 1743 3258 1818 ergastula
3291 1744 3554 1806 lustrans,

2148 1835 2397 1908 Indignis
2417 1834 2679 1890 alimento
2709 1833 2806 1889 Dei
2837 1834 2939 1888 sub
2964 1834 3175 1888 honore
3198 1831 3430 1898 ferebat,

428 1935 568 1990 Hinc
607 1940 820 2007 patrem
849 1933 943 1988 ille
975 1931 1111 2005 petit
1167 1950 1184 1997 ;
1237 1935 1395 2003 pater
1442 1933 1496 1982 at
1554 1934 1892 1999 patruusque
1941 1923 2050 1977 Su-
2149 1929 2308 1986 Gesta
2339 1929 2695 1996 recondebat,
2718 1928 2893 1984 titulis
2912 1936 3271 1984 monumenta
3298 1926 3535 1982 colebat.

1728 2018 1976 2092 [zannam

423 2119 720 2176 lnveniunt
747 2117 906 2172 ﬁrma
925 2115 1148 2188 penitus
1187 2112 1372 2168 radice
1410 2110 1617 2186 vigere,

420 2209 643 2265 Semina
673 2222 794 2280 qua:
816 2206 1086 2260 dederant
1106 2202 1257 2257 nullo
1280 2199 1497 2276 agmine
1529 2197 1702 2251 ﬂabra
1729 2195 1944 2250 timere.

423 2303 680 2359 Claudius
707 2300 926 2373 imperii
954 2314 1198 2355 summos
1224 2295 1758 2368 proponithonores,

422 2394 687 2449 Eximiam
721 2392 868 2464 regis
897 2390 1131 2461 prolem,
1175 2388 1346 2460 patris
1374 2387 1844 2456 altasequentem,

422 2487 488 2541 Et
517 2486 726 2540 ditione
757 2484 874 2556 pari
909 2481 1171 2537 sublimia
1192 2487 1406 2551 sceptra
1447 2485 1753 2550 regentem,

422 2579 764 2650 Praecipuum
773 2577 1036 2646 juvenem
1067 2576 1366 2647 splendore
1399 2590 1461 2629 ac
1493 2573 1693 2628 robore
1716 2571 1921 2626 celsum
1953 2587 1966 2624 :

423 2669 519 2724 llla
547 2668 713 2723 fidem
744 2683 972 2722 servans
995 2666 1338 2727 coelestibus,
1375 2664 1483 2718 ima
1513 2662 1714 2718 refutat

422 2763 670 2829 Foedera,
704 2762 895 2817 divino
922 2763 1222 2816 humanum
1257 2758 1539 2830 postponit
1569 2758 1860 2822 honorem,

422 2855 651 2910 Sidereo
674 2855 815 2909 fastu
845 2853 1125 2908 terrestria
1153 2851 1396 2908 culmina
1416 2849 1662 2914 sordent,

423 2947 712 3018 Perpetuis
734 2945 918 3020 regnis
937 2944 1189 3000 mortalia
1220 2942 1467 3016 regmina
1481 2941 1671 2997 vilent.

422 3041 644 3096 Diversa
678 3040 889 3096 alterno
917 3037 1046 3093 dum
1080 3036 1285 3091 famine
1306 3043 1431 3090 vota
1461 3041 1737 3096 seruntur,

2149 2023 2244 2077 Ast
2260 2022 2355 2077 ubi
2385 2022 2619 2078 sollicito
2643 2031 2958 2078 reserantur
2984 2021 3125 2077 facta
3150 2028 3411 2090 tyranno,

2151 2117 2251 2182 Qui
2282 2117 2442 2172 saevis
2471 2117 2690 2192 subigat
2716 2118 2880 2173 mittit
2903 2116 3243 2174 cruciatibus
3257 2115 3434 2171 almos

2148 2210 2347 2279 Julius,
2381 2211 2576 2268 exsilio
2608 2210 2802 2267 fratres
2831 2210 2926 2282 qui
2957 2210 3157 2266 missus
3179 2209 3247 2265 ad
3275 2209 3382 2264 ista

2145 2302 2407 2373 Deportat
2437 2302 2660 2376 gemino
2691 2311 2745 2356 et
2772 2301 3171 2374 Prepedignam
3200 2299 3431 2372 pignore
3463 2295 3693 2351 fultam.

2145 2394 2353 2451 Caelum
2385 2395 2530 2451 vinci
2555 2395 2928 2466 impossibiles
2961 2393 3280 2450 holocausta
3309 2407 3408 2461 per
3439 2388 3636 2463 ignem

2146 2488 2206 2542 Hi
2234 2489 2478 2544 subeunt
2504 2489 2727 2560 pariter,
2760 2489 2926 2543 rutilo
2955 2487 3164 2562 fulgore
3196 2485 3436 2540 nitentes
3466 2500 3481 2550 ;

2143 2580 2291 2636 Ostia
2315 2581 2598 2653 relliquias
2627 2597 2862 2652 quorum
2893 2580 3041 2651 capit
3077 2593 3302 2650 aequore
3322 2576 3518 2632 lectas.

2144 2671 2414 2728 Obsessus
2443 2689 2566 2728 cum
2590 2674 2743 2744 prole
2774 2673 2948 2747 nigris
2977 2670 3242 2726 Gabinius
3263 2669 3460 2732 antris,

2145 2760 2391 2834 Longum
2418 2760 2514 2816 ubi
2547 2761 2840 2816 continuas
2864 2759 3060 2814 teritur
3079 2757 3325 2813 limando
3341 2764 3595 2823 catenas,

2146 2855 2352 2909 Emicat
2381 2869 2412 2909 e
2444 2853 2642 2908 vinclis
2678 2859 2974 2923 penetrans
3004 2850 3251 2906 ctelestia
3282 2849 3444 2904 liber.

2147 2949 2356 3006 }Estuat
2387 2949 2605 3020 imperii
2633 2948 2788 3004 furor
2810 2947 3175 3022 aegrescitque
3196 2945 3429 3000 decoros

2147 3041 2231 3096 lre
2263 3041 2406 3113 pios,
2440 3040 2776 3112 mandatque
2806 3055 2919 3094 suae
2951 3037 3246 3110 perducier
3271 3036 3410 3091 aulae

422 3129 522 3195 Ωοί
555 3145 754 3200 capere
785 3127 1028 3190 advenit,
1055 3126 1678 3197 capitur.laqueansque
1709 3127 1924 3178 ίθηοίυν
1955 3139 1968 3190 ἱ
2073 3170 2122 3240 C
2144 3135 2332 3191 Dotale
2364 3135 2620 3190 invictam
2651 3133 2971 3205 sociamque
3001 3131 3188 3189 venire
3212 3129 3410 3204 jugali,

422 3224 715 3280 Instruitur
742 3222 1010 3293 patribus,
1043 3219 1295 3276 scelerati
1322 3219 1558 3291 poenitet
1579 3226 1755 3286 actus,

419 3316 704 3372 Fluctibus
732 3314 973 3369 abluitur
997 3313 1161 3380 divis,
1187 3327 1390 3382 supero
1413 3327 1573 3367 amne
1614 3317 1846 3366 novatur
1879 3328 1892 3376 ;

418 3403 666 3476 Tingitur
685 3410 849 3474 atque
881 3403 1077 3458 domus
1097 3401 1331 3476 geminze
1371 3401 1479 3455 duo
1512 3400 1721 3456 lumina
1753 3400 1941 3472 prolis,

422 3494 705 3560 Quaacivas
733 3501 788 3546 et
827 3491 1154 3559 Alexander,
1185 3489 1529 3561 Prepedigna
1554 3489 1777 3564 jugalis.

425 3590 645 3662 Integer
671 3603 791 3642 esse
822 3587 917 3642 Dei
951 3586 1130 3641 cultor
1161 3586 1288 3640 dum
1319 3585 1575 3640 Claudius
1605 3584 1780 3639 ambit

416 3683 591 3754 Atque
613 3680 769 3753 sequi
798 3680 1070 3736 Christum
1090 3680 1155 3734 ad
1189 3678 1435 3734 coelestia
1485 3685 1700 3746 sceptra
1730 3681 2040 3744 vocantem,

418 3775 620 3830 Cuncta
650 3773 968 3829 facultatum
993 3773 1242 3828 vendens
1273 3771 1501 3842 largitur
1532 3769 1743 3842 egenis,

416 3864 643 3938 Singula
673 3879 908 3934 quaeque
962 3862 1105 3917 valet
1134 3861 1440 3916 vinctorum
1488 3859 1762 3932 ergastula
1799 3857 2040 3914 lustrans

416 3959 740 4014 Sanctorum
767 3973 889 4012 sese
920 3956 1158 4027 pedibus
1188 3954 1508 4026 prosternit,
1542 3960 1594 4009 et
1623 3954 1820 4008 horum

415 4047 679 4122 Tegmine
709 4046 795 4102 vel
826 4047 976 4101 victu
1007 4045 1206 4118 satagit
1237 4045 1480 4099 relevare
1511 4050 1754 4108 catenas,

417 4140 540 4210 lpse
572 4155 797 4210 precum
839 4154 1077 4209 poscens
1099 4155 1196 4210 per
1221 4153 1317 4192 eos
1350 4137 1552 4208 pietate
1585 4136 1774 4191 levari.

413 4227 671 4284 Pluribus
697 4230 976 4302 Augustus
1004 4230 1153 4284 hunc
1173 4237 1494 4300 exspectare
1516 4227 1713 4283 diebus

417 4318 564 4384 Fert,
596 4317 816 4374 firmare
848 4325 1050 4390 putans
1080 4318 1418 4374 solidissima
1448 4317 1661 4374 foedera
1695 4318 1856 4389 jussi.

414 4413 476 4468 At
508 4431 691 4486 neque
723 4423 1106 4485 consumptam
1137 4423 1355 4485 reparat
1386 4414 1515 4470 dum
1549 4413 1768 4468 Cinthia
1783 4413 2038 4482 formam,

413 4504 490 4558 Ad
511 4506 686 4560 celsas
711 4507 860 4561 mdes
889 4507 976 4561 vel
1002 4506 1138 4561 festa
1170 4507 1382 4561 theatra
1412 4521 1716 4573 reversum,

411 4596 616 4660 Quaerit
645 4605 827 4652 utrum
861 4599 1028 4672 longe
1057 4599 1392 4665 discesserit,
1434 4615 1503 4653 an
1531 4597 1800 4654 remeanti

411 4686 692 4750 Quidlibet
723 4689 998 4745 obstiterit
1031 4691 1246 4757 ;eredit
1276 4691 1539 4764 languore
1571 4697 1866 4757 moratum,

411 4774 580 4843 llujus
611 4784 729 4832 erat
755 4794 949 4834 secum
979 4780 1141 4834 frater
1167 4796 1356 4836 comes
1393 4781 1589 4836 ordine
1622 4796 1804 4835 rerum
1837 4797 1851 4834 :

409 4865 672 4923 Maximus
715 4869 861 4924 hunc
886 4869 963 4924 illi
1002 4870 1236 4926 solatum
1276 4871 1516 4926 invisere
1554 4872 1740 4927 mittit.

406 4953 608 5028 z’Egroti
637 4957 732 5028 qui
760 4965 929 5012 strata
953 4957 1116 5024 levet,
1141 4960 1233 5030 qui
1265 4959 1476 5016 fervida
1499 4959 1676 5016 sedet.

409 5041 649 5098 Turbida
671 5054 985 5115 componat,
1021 5045 1239 5102 fastidia
1269 5048 1436 5103 cruda
1477 5049 1708 5119 repellat

407 5133 639 5205 Insuper
664 5136 907 5207 inquirat
938 5137 1098 5194 dotes
1128 5148 1183 5194 et
1213 5147 1372 5210 pacta
1410 5139 1632 5210 puella},

407 5224 548 5288 Quid
580 5235 805 5300 gestum
839 5229 1063 5298 referat,
1092 5240 1283 5302 poscat
1311 5246 1434 5303 quae
1456 5231 1602 5287 dona
1633 5231 1924 5303 rependat.

401 5314 668 5372 Maximus
697 5321 966 5377 accedens
989 5323 1248 5394 precibus
1277 5340 1401 5379 cum
1426 5323 1590 5396 plebe
1631 5331 1920 5380 vacantem

403 5403 632 5474 lleperit
659 5407 915 5464 Ecclesim
943 5412 1190 5482 fratrem,
1222 5415 1590 5487 stupidusque
1623 5423 1841 5471 renutat

405 5496 553 5592 911M.
578 5497 685 5592 sibi
719 5517 806 5592 res
835 5516 1074 5581 pangat;
1107 5511 1398 5566 mirantem
1422 5510 1684 5566 Claudius
1721 5513 1897 5568 almos

401 5583 642 5652 Proripit
667 5585 734 5636 ad
767 5587 971 5660 Patres,
1003 5599 1138 5652 recti
1169 5599 1261 5668 qui
1293 5599 1482 5669 pervia
1519 5600 1673 5654 callis

396 5671 541 5726 Dum
565 5675 847 5741 retegunt,
899 5677 1166 5739 famulant
1221 5687 1290 5757 (?)
1345 5688 1666 5760 agitantque
1721 5689 1789 5743 ad
1818 5690 2027 5746 lumina

1643 5781 1659 5852 [
1683 5788 1951 5838 mentem.

2144 3229 2312 3293 Quam
2342 3227 2578 3284 stolidus
2606 3225 2868 3283 famulam
2885 3225 3146 3300 ignorans
3175 3223 3380 3294 pietate
3406 3219 3644 3292 superni

2142 3323 2328 3396 Regis,
2363 3338 2427 3377 ea
2453 3321 2834 3393 reputatflecti
2861 3319 2929 3375 ad
2960 3335 3060 3374 sua
3095 3319 3249 3387 jussa
3269 3316 3610 3372 Suaannam.

2137 3415 2348 3485 Accipit
2379 3422 2434 3470 at
2463 3424 2755 3486 postquam
2781 3413 2924 3468 votis
2956 3421 3013 3466 et
3050 3409 3304 3466 cantibus
3329 3408 3452 3463 illas

2141 3503 2439 3574 Exzequare
2461 3502 2630 3557 simul
2663 3507 2874 3562 noctes,
2908 3501 2980 3554 ita
3011 3499 3254 3554 condere
3283 3497 3432 3552 soles

2141 3595 2338 3651 Christi
2358 3595 2544 3662 laude,
2563 3596 2721 3664 jubet
2749 3593 2926 3650 soboli
2957 3598 3208 3648 revocata
3234 3589 3481 3661 paternis

2141 3685 2388 3749 Edibus,
2420 3693 2480 3740 ut
2510 3701 2702 3756 presso
2727 3684 3018 3757 subigatur
3034 3683 3188 3756 virgo
3219 3681 3454 3752 pudore.

2143 3775 2476 3848 Adgaudens
2501 3774 2724 3842 juvenis
2748 3790 2902 3844 spem
2945 3771 3191 3843 praeripit
3256 3778 3421 3842 atque
3451 3769 3775 3836 reductam,

2139 3866 2308 3921 Nocte
2335 3866 2577 3921 abdente
2609 3865 2777 3938 nigrae
2795 3873 2970 3919 terras
2999 3861 3272 3918 velamine
3288 3861 3469 3932 pallae.

2138 3954 2376 4026 Appetit,
2411 3954 2806 4027 ingressusque
2845 3953 3069 4008 domum
3097 3951 3391 4023 splendore
3421 3965 3661 4008 corusco

2141 4044 2291 4097 llanc
2322 4043 2534 4097 radiare
2561 4043 2732 4109 videt,
2761 4058 3077 4114 superoque
3109 4041 3289 4096 nitore
3306 4039 3628 4096 micantem.

2139 4140 2404 4210 Obstupet
2432 4137 2690 4194 horriﬁco
2719 4137 3072 4194 tremefactus
3094 4135 3326 4202 lumine,
3359 4135 3532 4206 pallet

2139 4231 2430 4297 Marcidus,
2460 4230 2751 4297 exanimis,
2783 4229 3098 4300 repetitque
3129 4225 3329 4298 palatia
3350 4240 3564 4280 cassus.

2139 4325 2346 4400 Anguis
2372 4323 2425 4379 id
2457 4324 2670 4380 Atracio
2689 4332 2900 4397 gestum
2934 4323 3072 4378 dans
3091 4319 3337 4393 perfidus
3353 4335 3473 4387 ore,

2140 4421 2303 4476 Mittit
2324 4437 2448 4475 eum
2478 4419 2719 4475 Numicis
2748 4419 2808 4489 (Ῥ)
2833 4424 2993 4492 cogat
3023 4416 3116 4489 qui
3149 4415 3378 4471 subdier
3393 4415 3527 4470 aris.

2056 4487 2117 4557 D
2139 4515 2337 4569 Jussus
2359 4514 2412 4568 in
2436 4514 2537 4567 ista
2569 4487 2932 4568 Macedonius
2947 4487 3078 4565 dum
3102 4509 3322 4564 flectere
3355 4514 3556 4574 tentat,

2138 4607 2358 4663 Robore
2383 4607 2671 4662 subnixam
2695 4608 2820 4662 divo
2835 4621 2944 4662 non
2962 4604 3177 4660 credere
3197 4603 3393 4674 parcit,

2134 4697 2395 4752 Fustibus
2421 4697 2633 4772 ignavis
2663 4696 2918 4769 quatiens
2949 4695 3040 4767 pia
3069 4695 3281 4749 viscera
3307 4691 3515 4768 flagris.

2134 4789 2318 4844 Gloria
2341 4789 2594 4860 virgineo
2620 4788 2736 4862 regi
2749 4795 2909 4843 sonat
2939 4802 3036 4842 ore
3060 4800 3324 4856 superno,

2131 4877 2579 4948 Continuansque
2603 4877 2698 4931 Dei
2729 4876 2924 4931 laudes
2951 4875 3154 4929 invicta
3177 4872 3372 4928 feritur
3397 4889 3412 4937 ;

2130 4965 2272 5020 Ense
2299 4966 2691 5036 triumphalem
2721 4964 2951 5020 subiens
2967 4964 3212 5018 attollere
3231 4961 3468 5034 palmam

2129 5058 2280 5130 Eque
2311 5058 2478 5113 domu
2503 5057 2673 5127 patris
2699 5057 2993 5112 aetheream
3025 5053 3367 5110 transcendit
3389 5053 3444 5107 in
3476 5053 3694 5122 aulam,

2129 5147 2299 5202 latrat
2325 5154 2378 5202 et
2405 5148 2598 5203 aeterni
2615 5147 2887 5204 thalamos
2907 5147 3232 5220 dignissima
3263 5145 3430 5218 regis.

2129 5237 2372 5293 Membra
2403 5239 2611 5296 Serena
2641 5240 2834 5312 legens
2863 5239 3112 5294 tenebris
3141 5238 3254 5305 dat,
3307 5245 3557 5295 aromate
3587 5243 3765 5298 multo

2129 5332 2344 5396 Condit,
2379 5341 2433 5389 et
2464 5333 2694 5391 involvit
2723 5334 2914 5389 nitidis
2952 5333 3363 5405 promptissima
3381 5333 3528 5390 velis

2129 5429 2304 5500 Atque
2329 5427 2480 5498 pium
2510 5427 2766 5482 manibus
2793 5433 3050 5502 satagens
3079 5441 3413 5496 componere
3441 5425 3640 5494 funus,

2132 5516 2306 5571 Patris
2338 5515 2629 5570 Alexandri
2649 5533 2810 5571 secus
2839 5533 2963 5572 ossa
2994 5516 3158 5571 beata
3189 5517 3466 5571 recondit.

2130 5608 2239 5662 Nec
2267 5608 2471 5676 patitur
2500 5617 2746 5663 sanctum
2763 5609 2960 5664 tellure
2992 5609 3162 5663 latere
3188 5624 3469 5673 cruorem,

2129 5695 2402 5751 Carbaseo
2433 5697 2598 5750 rimas
2625 5704 2877 5751 scrutans
2907 5697 3039 5768 quin
3069 5696 3235 5752 sumit
3255 5699 3470 5752 honore

2130 5781 2508 5857 Candentique
2539 5784 2730 5843 levans
2753 5787 2888 5860 tegit
2914 5786 3117 5858 inclyta
3149 5785 3294 5841 dona
3323 5788 3577 5847 metallo.
