3890 6400
110 393 216 447 713
728 387 811 442 DE
852 385 1109 442 CHRISTI
1148 382 1508 438 TRIUMPHIS
1549 382 1719 437 APUD
1761 380 2027 437 ITALIAM
2068 380 2240 435 LIBRI
2281 379 2413 435 XIV.
2458 410 2520 420 -—-
2564 380 2686 437 LIB.
2732 380 2839 436 VII.
3116 423 3120 427 .
3345 383 3450 438 7M

1762 521 1807 587 Α
1836 506 2080 577 Cumque
2108 505 2437 571 Antoninus,
2470 513 2579 560 tum
2606 506 2863 561 Claudius
2883 513 3047 577 atque
3079 506 3309 578 Cyrinus

1837 602 2078 657 Membra
2108 601 2200 656 ubi
2238 602 2384 656 nuda
2408 602 2595 670 jacent
2625 601 2849 676 triginta
2885 610 2941 657 et
2978 604 3225 675 quinque
3252 605 3453 661 diebus

1836 697 1963 752 Post
1992 713 2024 751 a
2049 696 2304 752 Marcello
2330 713 2453 751 cum
2479 697 2640 752 laude
2661 696 2918 771 leguntur
2931 707 2987 753 et
3016 698 3240 770 hymnis

1834 787 1987 842 Saava
2016 803 2117 858 per
2137 787 2463 843 immodicas
2487 787 2768 843 tribulatio
2788 788 3016 844 canduit
3044 789 3197 846 orbis

1830 875 1952 930 Haec
1981 885 2185 946 partes,
2216 890 2329 932 uno
2348 882 2558 931 tantum
2579 876 2683 931 sub
2715 892 2907 931 mense
2935 876 3175 946 dierum,

1829 965 1894 1019 Ut
1921 972 2136 1036 septem
2163 975 2329 1038 atque
2358 966 2551 1021 decem
2583 973 2715 1021 tunc
2742 967 2914 1021 millia
2937 983 3077 1023 caesa
3109 968 3377 1026 feruntur.

1827 1057 2095 1129 Tempore
2125 1075 2228 1114 nec
2250 1075 2418 1130 parvo
2444 1060 2644 1115 coelum
2669 1060 2806 1116 actis
2832 1060 3079 1133 undique
3104 1062 3329 1131 sanctis,

1828 1149 2067 1206 Praesule
2097 1151 2377 1223 praecipuo
2408 1152 2571 1208 sedes
2589 1152 2835 1208 Romana
2864 1154 3088 1209 vacarit.

111 521 239 584 Quae
265 525 476 574 secreta
505 517 697 573 colens
716 516 970 586 intraque
998 512 1198 585 palatia
1226 528 1452 567 servans

110 612 329 667 Occulta
362 610 595 665 Domino
634 624 755 664 sese
795 606 1005 661 libabat
1042 606 1097 660 in
1138 622 1252 671 ara,

112 701 277 768 Hujus
306 699 437 755 dum
459 698 671 753 meritis
702 702 889 751 evecta
920 694 1129 749 levatur
1149 694 1202 748 in
1232 692 1375 747 astra

108 791 389 869 Sanguine
410 789 657 862 martyrii
688 789 820 845 Caio
849 786 1099 844 caelestia
1138 795 1323 854 nacte,

106 884 278 955 Inque
321 882 430 954 poli
474 895 646 954 regno
684 878 879 934 merita
907 877 1180 933 renitente
1212 892 1439 943 corona,

104 974 455 1029 Marcellinus
474 973 526 1027 ei
556 972 708 1026 sedis
735 969 981 1026 succedit
1010 971 1221 1025 honore

101 1065 174 1117 Ac
200 1062 455 1135 sequitur
478 1061 659 1128 Iactis,
682 1061 786 1116 sub
818 1060 1015 1115 eodem
1038 1060 1181 1115 colla
1211 1065 1442 1130 tyranno

102 1148 389 1219 Desectus,
419 1152 618 1208 caelum
645 1161 701 1207 et
730 1150 908 1222 pretio
935 1147 1165 1205 cervicis
1183 1148 1443 1219 adeptus,

1620 1304 1830 1362 CAPUT
1880 1307 1948 1363 II.

1301 1435 1378 1493 De
1413 1436 1643 1496 sanctis
1680 1436 1886 1499 Primo
1917 1448 1969 1498 et
2005 1441 2251 1500 Felicia.

96 1581 250 1637 Tunc
276 1580 491 1636 Primus
516 1585 578 1635 et
604 1577 936 1645 Felicianus,
968 1593 1193 1633 auream

100 1670 283 1726 Evecti
311 1670 381 1724 ad
411 1669 629 1736 urbem,
650 1668 802 1724 caede
831 1670 1030 1725 coelum
1066 1675 1407 1738 competunt.

98 1764 201 1829 Qui
231 1763 478 1838 glorioso
516 1762 648 1817 dum
674 1762 931 1816 renident
960 1761 1201 1817 culmine

99 1854 415 1926 Christique
440 1853 592 1909 cultu
618 1854 963 1926 gratulantur
986 1852 1204 1919 sedulo,

101 1946 522 2002 Calumniantur
538 1963 568 2000 a
599 1945 848 2016 profanis
868 1946 1115 2001 Romulae

99 2037 259 2092 Cives
285 2037 432 2109 quod
466 2036 618 2092 urbis
645 2038 766 2111 lege
788 2035 986 2092 Christi
1015 2037 1284 2091 viverent.

99 2130 452 2195 Quaeruntur,
494 2129 829 2184 exhibentur
855 2129 1020 2185 ambo
1050 2128 1278 2203 regibus

98 2221 383 2293 Trudique
412 2219 636 2286 dantur,
668 2219 812 2274 ferro
842 2220 1049 2286 onusti,
1082 2220 1138 2273 in
1168 2234 1426 2282 carcere;

100 2316 216 2381 Qua
248 2315 527 2371 sublevati
556 2315 751 2371 cmlico
782 2314 984 2370 solatio

100 2405 361 2460 Gaudent
388 2404 618 2474 superni
646 2404 795 2477 regis
820 2403 899 2457 uti
931 2403 1160 2458 nuntio:

102 2497 238 2551 Item
277 2494 489 2551 reducti
520 2494 834 2565 principum
866 2491 1255 2562 conspectibus

102 2585 254 2639 Faue
278 2582 541 2656 applicari
569 2583 906 2653 deputantur
933 2580 1198 2646 Herculis,

104 2676 202 2730 Cui
244 2674 359 2728 liba
389 2673 533 2729 ferre
558 2672 696 2727 forte
721 2672 767 2726 si
798 2676 1217 2726 contemnerent

104 2764 356 2818 Immane
379 2770 550 2819 tortos
574 2761 746 2837 ﬂagra
771 2761 891 2817 dira
913 2759 1236 2815 subderent.

101 2854 399 2909 Tormenta
433 2853 577 2908 victa
608 2852 868 2907 nuntiant
891 2850 1022 2904 dum
1065 2848 1270 2904 milites

102 2945 318 3015 Legant
346 2944 592 3000 furentes
616 2944 716 3000 bos
745 2943 1000 2999 Pmmoto
1036 2940 1317 3012 principes

101 3036 290 3091 Cruda
320 3036 602 3091 necandos
630 3035 936 3106 quastione
963 3031 1204 3105 praesidi.

101 3129 245 3183 Item
267 3126 512 3183 tenebris
528 3127 913 3197 mancipantur
932 3125 1167 3181 carceris

104 3222 363 3293 Itemque
393 3220 517 3276 caeli
538 3219 872 3275 roborantur
895 3217 1130 3273 nuntiis.

105 3308 306 3364 Plures
339 3314 589 3363 teruntur
616 3306 713 3362 ubi
744 3307 888 3373 dies,
920 3320 1128 3377 praeses
1147 3304 1309 3371 jubet

107 3399 251 3455 Foro
281 3398 351 3453 ad
393 3397 633 3454 tribunal
661 3396 911 3453 exhiberi
940 3395 1272 3467 praesidens;

106 3488 398 3559 Responsa
430 3487 556 3544 forti
579 3486 923 3558 proferentes
946 3492 1171 3557 pectore

1835 1578 2010 1633 Stauti
2040 1580 2249 1636 renecti
2266 1581 2564 1638 destinavit
2586 1582 2761 1653 stipiti

1834 1670 2185 1743 Sudibusque
2216 1672 2424 1743 palmas
2445 1672 2739 1744 perforavit
2759 1690 2822 1730 ac
2844 1672 3018 1744 pedes
3042 1691 3057 1737 ;

1754 1777 1805 1846 Β
1836 1760 2044 1834 Diuque
2068 1770 2290 1830 tortum,
2316 1779 2421 1818 nec
2450 1764 2591 1819 cibis
2610 1780 2710 1835 per
2740 1772 2848 1820 tres
2880 1765 2999 1820 dies

1834 1855 2037 1909 Potuve
2069 1854 2199 1910 fovit
2222 1872 2236 1909 :
2259 1854 2367 1910 alta
2401 1854 2596 1911 Christi
2617 1857 2715 1911 sed
2747 1872 2943 1912 manus

1832 1948 1937 2001 Alit
1963 1946 2202 2002 levando
2232 1949 2609 2020 protegentis;
2642 1948 2735 2020 qui
2765 1949 2859 2003 Dei

1834 2039 1967 2094 Dum
1995 2038 2157 2092 laude
2180 2039 2383 2112 gaudet
2412 2055 2739 2110 permanere
2762 2038 3061 2094 immobilis

1837 2128 1968 2182 Item
1998 2127 2231 2200 ﬂagellis
2260 2128 2563 2199 imperatur
2596 2128 2774 2194 affici;

1832 2222 1942 2277 Nec
1967 2223 2047 2278 sic
2075 2223 2360 2288 subactus,
2385 2225 2542 2278 belus
2566 2222 2738 2278 antris
2771 2223 3031 2288 truditur,

1832 2311 2177 2383 Sanctusque
2206 2313 2423 2367 Primus
2451 2313 2815 2369 lancinandus
2844 2314 3056 2370 sistitur

1832 2398 1930 2462 Qui
1973 2398 2132 2454 valde
2158 2400 2318 2454 szevis
2337 2409 2647 2456 maceratus
2675 2402 2932 2465 fustibus,

1832 2487 2014 2543 Victor
2038 2495 2242 2544 catasta
2263 2489 2584 2544 sublevatur
2609 2491 2811 2555 editus,

1836 2575 2048 2632 Circum
2073 2577 2366 2651 ﬂagrantes
2395 2580 2707 2651 accipitque
2735 2580 3056 2653 lampades;

1838 2668 2075 2724 Invictus
2103 2669 2211 2726 alto
2239 2671 2369 2725 dum
2404 2672 2618 2726 renidet
2646 2672 2835 2743 praalio

1839 2757 1994 2813 Humi
2025 2759 2241 2814 refusus
2261 2760 2570 2830 applicatur
2593 2760 2818 2826 lectulo,

1840 2852 2251 2926 Plumbumque
2278 2854 2333 2909 iu
2357 2871 2454 2910 ora
2482 2854 2725 2911 bulliens
2744 2856 2873 2910 dum
2904 2855 3153 2911 funditur

1837 2942 2151 2998 Felicianus
2182 2944 2304 2998 dira
2328 2944 2508 3000 visere
2536 2945 2773 3000 additur.

1837 3035 2193 3107 Angustiatur
2220 3051 2432 3106 prseses
2472 3035 2666 3092 ambos
2705 3036 2929 3090 intuens

1759 3146 1810 3215 Ο
1842 3122 1900 3176 In
1931 3122 2092 3177 laude
2122 3121 2318 3178 Christi
2345 3123 2568 3195 gloriari
2599 3123 2933 3188 immobiles,

1838 3213 2186 3286 Gemensque
2214 3215 2410 3281 victus,
2433 3214 2839 3285 amphitheatro
2858 3212 2997 3282 jube

1838 3306 1964 3362 Dari
1990 3306 2174 3362 furore
2205 3306 2443 3375 bestiali,
2469 3314 2530 3362 ut
2553 3307 2772 3378 expleat

1841 3396 1995 3460 Quod
2025 3412 2135 3451 non
2168 3393 2423 3469 ﬂagellis,
2454 3394 2603 3467 igne,
2635 3396 2779 3451 ferro
2808 3395 3083 3466 praevalet.

1841 3484 1986 3540 Missi
2009 3484 2199 3540 leones
2225 3484 2294 3539 ad
2325 3484 2496 3556 pedes
2526 3485 2720 3540 horum
2754 3494 2921 3540 ruunt

104 3580 259 3643 Quos
284 3575 533 3655 separari
558 3574 750 3630 fraude
774 3584 964 3630 censet
988 3573 1245 3639 subdola,

107 3668 382 3725 Fraterna
407 3667 645 3723 credens
671 3682 813 3740 quos
843 3674 1065 3722 tuentur
1091 3665 1315 3734 robora,

108 3762 208 3818 Vel
243 3768 539 3838 segregata
575 3762 924 3833 supprimant
950 3759 1275 3816 certamina.

110 3854 459 3910 Felicianum
492 3853 622 3908 hinc
642 3852 843 3908 credier
874 3853 1162 3918 mandans,
1190 3850 1308 3906 foro

111 3944 445 4016 Spectantc,
488 3941 698 4014 plumbi
729 3942 1060 4013 protercntis
1099 3941 1346 4006 verbere,

107 4035 238 4102 Aut,
273 4033 498 4107 deligat,
534 4031 800 4103 preponit
831 4040 889 4085 ut
920 4030 1075 4085 laetos
1103 4029 1224 4084 dies

105 4128 216 4183 Aut
244 4126 560 4203 cogitandis
585 4124 851 4181 macerari
883 4123 1173 4178 machinis.

1847 3574 2096 3647 Agnique
2128 3574 2255 3630 facti
2283 3585 2437 3631 torva
2465 3575 2634 3630 corda
2660 3576 2936 3643 nesciunt,

1844 3665 2093 3739 Aguntur
2122 3664 2254 3731 ursi,
2286 3674 2343 3719 et
2372 3664 2427 3718 hi
2452 3664 2670 3734 piorum
2699 3663 2877 3738 gloria

1846 3753 2253 3809 Immanitatem
2282 3760 2465 3809 mente
2506 3761 2719 3808 mutant
2743 3752 2948 3808 sobria.

1846 3841 2040 3898 Isthzec
2060 3858 2265 3898 corona
2293 3850 2566 3898 contuens
2593 3843 2960 3914 spectantium

1847 3934 2105 4007 Mirisque
2143 3935 2271 3990 tacti
2301 3934 2470 3991 corda
2498 3934 2901 3990 decertantium

1846 4024 2073 4079 Dextras
2102 4023 2233 4079 ﬁdei
2262 4024 2333 4080 ad
2361 4023 2517 4079 mille
2548 4024 2885 4099 quingentos
2914 4024 3116 4080 ferunt.

1848 4121 2063 4191 Angore
2092 4125 2282 4189 septus
2308 4135 2512 4190 praeses
2538 4119 2786 4191 undique
2814 4119 3037 4176 horrido

104 4217 173 4272 At
207 4217 306 4272 ille
340 4233 354 4270 :
404 4236 427 4266 ι
471 4214 565 4270 Cui
592 4214 801 4271 servire
830 4212 959 4287 legi,
990 4211 1262 4266 serviam:
1848 4208 2110 4264 Mucrone
2132 4208 2269 4263 caedi
2298 4209 2636 4282 gratulantes
2663 4210 2944 4282 praecipit;

107 4311 234 4367 lere
258 4311 379 4380 jam
407 4310 689 4385 octoginta
716 4323 908 4364 cursus
939 4314 1248 4378 temporum
1852 4298 2025 4371 Regni
2049 4313 2282 4354 coronas
2310 4298 2392 4354 sic
2416 4299 2820 4370 triumphantes
2839 4307 3051 4370 petunt,

106 4402 245 4458 Mihi
267 4409 464 4473 terque
484 4400 616 4456 deni
644 4408 704 4455 ut
728 4399 1019 4456 veritatem
1047 4412 1314 4467 comperi,
1765 4433 1820 4502 Β
1961 4405 2132 4502 regii:
2161 4389 2287 4445 οωιί
2308 4390 2537 4465 gloriosi
2567 4390 2827 4491 subeunt,

104 4494 284 4561 Queis
306 4495 387 4550 nil
415 4499 718 4550 retractans
746 4492 931 4548 saeculi
963 4491 1033 4546 de
1062 4488 1285 4564 nugulis
1766 4480 1819 4502 "’
1853 4480 2060 4551 Pioque
2080 4480 2462 4536 Numentanus
2488 4498 2659 4555 agger
2682 4480 2890 4552 cespite

102 4587 340 4645 Servire
367 4601 584 4642 summo
609 4583 886 4641 Conditori
912 4582 1151 4655 pratuli.
1190 4602 1216 4633 υ
1853 4575 1894 4628 Α
1924 4574 2247 4631 Christianis
2282 4582 2437 4647 rapta
2461 4575 2651 4631 condit
2679 4575 2934 4650 pignora.

100 4677 195 4733 Sic
234 4676 577 4751 gloriantem
609 4689 815 4746 praeses
855 4672 1057 4729 ardens
1086 4670 1333 4737 vincere,

1616 4767 1829 4824 CAPUT
1879 4768 1973 4824 IlI.

1457 4905 1532 4964 De
1570 4913 1777 4966 sancto
1818 4903 2142 4964 Pancrati.

104 5043 444 5102 Pancratius
474 5059 612 5115 puer
638 5044 743 5099 hac
769 5058 931 5118 reges
961 5042 1066 5097 sub
1098 5048 1281 5116 strage
1312 5039 1611 5111 triumphat

103 5138 515 5210 Aiternamque
530 5144 693 5208 parat
712 5134 909 5208 capitis
932 5134 1190 5190 mercede
1216 5147 1501 5188 coronam.
1855 5133 2024 5198 Quem
2066 5145 2293 5205 patruus
2324 5134 2456 5192 fovit
2478 5136 2792 5207 Dionysius,
2822 5143 2986 5208 atque
3015 5136 3187 5191 dicari

105 5231 370 5287 Membra
398 5228 489 5301 pio
513 5229 737 5300 rapiens
765 5226 951 5283 studio
990 5224 1254 5284 Octavilla
1276 5230 1551 5289 venustat,
1855 5225 2027 5282 Fonte
2041 5227 2194 5282 dedit
2225 5227 2368 5293 vitae,
2403 5226 2714 5299 Christique
2733 5229 2986 5283 accendit
3011 5244 3221 5297 amore,

112 5323 279 5379 Haud
318 5321 510 5393 procul
554 5321 701 5377 Urbe
731 5328 946 5395 tegens,
977 5319 1150 5374 virtus
1179 5316 1275 5372 ubi
1305 5317 1473 5391 digna
1501 5321 1755 5386 petentes
1856 5317 2070 5372 Robore
2088 5316 2323 5372 ﬁrmavit
2348 5317 2468 5373 fuso
2487 5318 2708 5392 fulgere
2738 5334 2955 5384 cruore,

112 5410 365 5465 Damnat
393 5410 652 5465 inimicos
680 5408 911 5480 verique
942 5407 1173 5463 adversa
1204 5405 1467 5461 ferentes.
1856 5408 2058 5480 Sicque
2078 5409 2225 5463 diem
2257 5408 2524 5464 claudens
2556 5410 2773 5481 pietatis
2792 5427 2927 5481 pace
2958 5411 3188 5483 quievit.

110 5498 387 5555 Traditur
418 5499 528 5554 huc
555 5498 603 5554 si
629 5498 755 5570 quis
784 5497 969 5553 veniat
997 5496 1239 5567 perjuria
1269 5501 1508 5550 tractans
1856 5502 2008 5557 Tunc
2034 5503 2188 5576 virgo
2217 5502 2465 5558 illlustris
2494 5519 2677 5559 veram
2708 5512 2794 5559 est
2824 5504 3035 5561 lucrata
3068 5506 3301 5562 salutem

108 5591 326 5659 Edere,
354 5590 439 5648 vel
464 5590 586 5647 diro
617 5591 827 5662 rapitur
854 5589 1159 5663 spiramine
1191 5594 1387 5660 captus
1863 5591 2120 5664 Corporis
2147 5592 2333 5647 attritu
2360 5593 2586 5662 capiens
2626 5594 2733 5648 hoc
2759 5593 2981 5650 turbine
3010 5595 3270 5667 palmam.

111 5679 212 5737 Vel
247 5680 524 5752 delapsus
551 5679 719 5736 humo
745 5678 941 5736 vitales
965 5677 1369 5735 deseritauras.
1420 5673 1429 5681 ’
1863 5681 2030 5736 Sacra
2054 5681 2166 5736 Deo
2185 5680 2393 5736 Soteris
2416 5680 2483 5751 (ἲ)
2513 5687 2568 5736 et
2595 5687 2781 5738 mente
2810 5689 2868 5738 et
2897 5698 3129 5754 corpore
3161 5684 3308 5754 felix,

1856 5038 1994 5093 Hinc
2009 5039 2168 5095 multi
2190 5041 2336 5095 hunc
2363 5039 2574 5096 adeunt
2602 5041 2923 5097 discrimina
2948 5047 3095 5097 certa
3122 5049 3400 5117 rogantes,

440 5865 744 5929 PATROL.
799 5863 1135 5929 CXXXV.
3119 5871 3199 5931 23
