3890 6436
483 375 591 440 715

1249 373 1614 432 FLODOARDI
1657 375 1964 431 CANONICI
2006 375 2335 432 REMENSIS
2375 371 2714 430 0PUSCULA
2754 368 3042 425 METRICA
3759 364 3840 418 716

1992 514 2201 570 CAPUT
2247 513 2332 569 IV.

1496 625 1573 686 De
1600 628 1826 686 sanctis
1867 625 2145 698 Claudio,
2180 626 2518 686 Nicostrata
2547 631 2598 681 et
2628 622 2830 681 sociis.

490 762 747 817 Claudius
772 768 936 833 atque
960 761 1297 817 Nicostratus
1322 778 1448 817 cum
1480 763 1882 834 Symphoriano

489 854 842 924 Castorioque
871 853 1219 920 renidebant,
1251 853 1507 908 excidere
1537 853 1684 910 docti

485 946 774 1010 Marmora,
807 945 1110 1016 priscorum
1143 944 1314 1000 facies
1343 944 1709 1018 efﬁngere'ad
1738 961 2001 1020 unguem.

486 1037 837 1111 Sceptrigero
865 1035 995 1091 hinc
1018 1036 1167 1091 chari
1192 1035 1527 1091 formant~ad
1550 1039 1704 1107 jussa
1726 1037 1967 1102 metalla,

488 1127 807 1198 Cunctaque
833 1143 934 1198 pro
965 1127 1109 1184 votis
1143 1144 1489 1200 quaecunque
1528 1129 1768 1200 incoepta
1807 1134 2114 1201 sequuntur

488 1220 622 1274 Dum
643 1219 802 1294 signo
831 1220 1050 1276 munire
1081 1222 1259 1276 crucis
1287 1221 1574 1277 molimina
1594 1229 1789 1277 curant

488 1305 803 1376 Simplicius
828 1305 1081 1377 quidam,
1115 1307 1304 1379 dispar
1334 1317 1541 1375 mente,
1571 1319 1687 1364 arte
1715 1309 1945 1376 sodalis,

492 1399 625 1453 Dum
655 1399 916 1454 comitum
947 1400 1140 1472 nequit
1163 1400 1388 1475 ingenio
1418 1401 1671 1458 conferre
1697 1401 1967 1468 laborem,

489 1489 880 1562 Sollicitusque
903 1508 1135 1547 manens
1161 1493 1358 1564 quaerit
1378 1494 1462 1548 vel
1496 1494 1622 1565 quis
1653 1494 1797 1548 Deus
1825 1495 2023 1548 horum

490 1577 722 1632 Nomine
740 1577 844 1632 sub
873 1580 1032 1649 cujus
1059 1587 1168 1634 tam
1201 1589 1421 1651 compta
1447 1581 1686 1636 edantur
1714 1586 1768 1634 et
1797 1587 1943 1650 apta,

490 1667 925 1738 Symphorianus
945 1669 994 1722 ei
1017 1669 1120 1724 hoc
1150 1669 1333 1724 studio
1349 1678 1566 1724 secreta
1597 1669 1845 1744 roganti:

491 1776 522 1806 α
557 1756 799 1812 Credere
820 1758 866 1812 si
889 1759 1092 1824 valeas,
1125 1758 1324 1830 inquit,
1347 1759 1656 1830 pandemus
1687 1766 1934 1814 utartem

492 1847 768 1914 Invenias,
798 1848 1098 1920 capiasque
1125 1849 1315 1923 jugem
1340 1850 1464 1905 sine
1487 1850 1660 1905 limite
1688 1850 1876 1905 vitam.
1911 1872 1937 1899 ιι

491 1938 722 2010 Moxque
750 1938 860 1994 fide
891 1949 1115 1996 ostensa
1140 1941 1400 2008 solidant,
1438 1949 1740 2014 sanctoque
1779 1941 1978 2012 Cyrillo

491 2029 826 2084 Sacrandum
860 2031 1166 2099 assignant,
1201 2032 1328 2086 diva
1356 2049 1521 2103 quem
1544 2032 1705 2087 diluit
1736 2031 1885 2086 unda

496 2120 867 2193 lnformatque
897 2122 1086 2187 sacris,
1119 2132 1173 2178 et
1202 2124 1434 2194 mystica
1464 2124 1610 2179 dona
1642 2123 1848 2178 revelat

495 2209 604 2263 Nec
630 2209 854 2283 longum
878 2226 909 2265 a
937 2211 1182 2282 sephicis
1212 2211 1376 2266 delati
1410 2211 1600 2266 munia
1633 2210 1828 2265 Christi

498 2305 810 2370 Decertare,
844 2321 947 2360 nec
976 2305 1214 2360 indictos
1242 2305 1519 2362 excudere
1543 2306 1722 2362 divos.

497 2395 668 2463 Velle,
696 2397 962 2466 juhentur
991 2397 1070 2452 uti
1098 2397 1272 2454 doctae
1297 2398 1678 2455 moderamine
1709 2397 1912 2472 lingua:

2134 771 2183 835 Α
2213 762 2512 833 Lampadio
2533 759 2912 831 disquirantur
2942 762 3208 812 censente
3241 753 3484 809 tribuno.

2215 856 2360 921 Quos
2385 854 2476 908 ille
2501 851 2833 926 aggrediens
2862 847 3177 920 Hyperiona
3205 846 3404 901 suadet
3432 844 3682 898 adorent

2217 946 2512 1002 Consilium
2541 944 2850 999 delatorum
2873 956 2985 1014 quo
3007 947 3227 996 vertere
3253 936 3470 1009 possint

2217 1040 2298 1095 llli
2364 1045 2697 1095 constanter.
2747 1063 2766 1081 ι
2813 1034 3070 1089 Mannum
3150 1045 3432 1102 nunquam
3492 1024 3693 1091 edita‘,
3759 1040 3846 1078 no-

3590 1119 3790 1191 {atrum

2213 1201 2443 1280 Oramus
2469 1223 2760 1278 Dominum
2792 1218 2940 1285 coeli,
2973 1217 3070 1273 sed
3103 1216 3197 1288 qui
3232 1216 3470 1286 imperat
3499 1211 3626 1268 orbi

2215 1313 2383 1368 Filius
2415 1313 2530 1383 ipse
2558 1312 2676 1377 Dei,
2701 1311 2794 1382 qui
2828 1307 3074 1364 condidit
3104 1303 3314 1370 omnia,
3336 1301 3467 1357 vivi.
3516 1324 3544 1348 ι»
3615 1331 3622 1336 -

2216 1402 2470 1458 Pluribus
2490 1401 2620 1457 hinc
2651 1401 2814 1463 orsis,
2832 1397 2981 1453 varia
3002 1409 3225 1466 quoque
3247 1390 3441 1446 fraude
3482 1386 3703 1458 petitos

2217 1494 2350 1549 Dum
2396 1491 2831 1564 perstantvalidi
2862 1489 3117 1545 custodia
3157 1479 3591 1557 publicasumit;

2220 1586 2396 1654 Atque
2423 1581 2533 1636 fide
2565 1580 2756 1639 Christi
2781 1579 2919 1634 verti
2948 1594 3059 1634 non
3091 1591 3259 1647 posse
3290 1569 3533 1645 probati,

2215 1674 2477 1748 Tegmine
2506 1673 2787 1728 nudantur
2806 1669 3107 1744 ﬂagrisque
3137 1671 3396 1722 secantur
3412 1659 3615 1716 acutis.

2224 1763 2552 1834 Lampadius
2584 1762 2716 1816 dum
2738 1760 2968 1815 dilaniat
2996 1765 3151 1814 torvo
3167 1757 3372 1825 impete
3401 1756 3632 1806 sanctos

2223 1855 2479 1908 Daemone
2501 1858 2806 1922 correptus,
2839 1858 2979 1904 tetro
3009 1844 3319 1902 demittitur
3345 1843 3506 1907 Orco,
3574 1883 3588 1888 -

2223 1944 2433 1999 Auditis
2462 1944 2663 2016 quibus
2692 1943 2969 2017 Augustus
2992 1938 3244 2009 furiaque
3285 1935 3533 2005 repletus

2224 2037 2441 2092 Mandat
2471 2036 2548 2091 uti
2593 2034 2821 2106 plumbo
2857 2031 3019 2088 loculi
3039 2031 3311 2086 ducantur
3337 2036 3393 2082 et
3420 2025 3536 2080 illic

2143 2091 2192 2159 Β
2221 2129 2555 2184 Claudantur
2583 2091 2715 2191 vivi,
2746 2125 3009 2196 fluviique
3040 2129 3296 2197 tegantur
3326 2120 3382 2174 in
3415 2116 3610 2183 undis,

2229 2217 2355 2273 Post
2382 2233 2632 2271 mensem
2661 2216 2747 2270 bis
2775 2230 2984 2286 sexque
3011 2213 3132 2267 dies
3151 2212 3374 2267 inventa
3395 2206 3582 2262 ﬁdelis

2228 2309 2563 2364 Nicodamus
2591 2307 2816 2379 quidam
2849 2307 2995 2362 levat
3023 2304 3210 2372 undis,
3242 2302 3386 2358 alma
3416 2298 3700 2369 domique

2229 2397 2466 2472 Pignora
2494 2412 2624 2453 cum
2653 2395 2847 2452 loculis
2873 2394 3116 2466 pretiosa
3130 2391 3336 2450 talenta
3351 2387 3635 2446 recondit.

2016 2531 2227 2588 CAPUT
2263 2532 2326 2588 V.

1657 2641 1736 2700 De
1762 2649 1970 2700 sancto
1995 2639 2213 2700 Severo
2243 2656 2312 2698 ac
2337 2640 2694 2702 Severiano.

501 2768 738 2823 Severus
758 2783 823 2823 ac
853 2767 1182 2822 Severianus
1210 2767 1563 2838 postmodum

502 2855 787 2927 Simulque
805 2855 1137 2921 Victorinus,
1170 2861 1335 2927 atque
1367 2856 1565 2911 horum
1597 2870 1787 2911 comes

503 2944 908 3015 CarpOphorus,
942 2944 1046 2998 acti
1077 2943 1146 2998 ad
1162 2959 1337 3010 sacra,
1371 2943 1523 2998 nullo
1553 2943 1840 3014 subjacent

503 3037 682 3092 Litare
702 3053 888 3105 suasu,
913 3053 1015 3092 nec
1033 3037 1219 3103 minis,
1257 3053 1360 3091 nec
1382 3035 1669 3092 fraudibus

502 3128 718 3192 Queunt
747 3126 955 3182 moveri
987 3126 1130 3181 colla
1158 3127 1292 3181 dent
1318 3133 1377 3181 ut
1404 3125 1613 3198 impiis.

504 3220 628 3274 Haec
658 3219 974 3276 turbulento
996 3221 1124 3275 dum
1154 3220 1392 3275 citantur
1421 3218 1681 3291 principi,

499 3308 665 3364 lubet
693 3309 1043 3381 applicentur
1077 3316 1203 3365 ante
1225 3325 1381 3364 sacra
1410 3308 1668 3379 Asclepii,

2227 2763 2356 2828 Quae
2386 2764 2442 2818 ni
2469 2769 2785 2834 precentur,
2815 2760 2966 2816 caede
2999 2757 3258 2831 plumbea
3289 2753 3519 2820 cadent,

2226 2855 2458 2912 Mactata
2487 2855 2759 2911 mandans
2791 2854 2848 2908 in
2867 2853 3049 2925 platea
3069 2864 3302 2923 corpora

2228 2944 2470 2999 Canibus
2500 2943 2741 3014 relinqui
2769 2943 2855 2999 vel
2887 2941 3018 2998 feris
3049 2937 3391 2997 volucribus.

2228 3036 2357 3101 Quae
2392 3037 2509 3091 sole
2540 3036 2732 3108 quinto
2771 3040 3002 3106 exposta
3029 3040 3324 3104 postquam
3353 3029 3436 3085 sic
3461 3029 3661 3098 jacent

2229 3129 2433 3184 Levant
2464 3129 2541 3200 pii
2581 3129 2812 3185 collecta
2843 3127 3040 3182 Christi
3071 3125 3338 3182 vernulae.

2227 3218 2517 3274 Praemissa
2540 3219 2694 3288 juxta
2723 3218 3062 3274 collocantes
3099 3215 3298 3271 funera

2228 3307 2326 3362 Ubi
2359 3315 2415 3366 et
2438 3308 2659 3364 coronis
2687 3307 2996 3384 gloriantur
3021 3311 3283 3378 quatuor.

2010 3432 2223 3488 CAPUT
2263 3432 2352 3488 Vl.

1859 3543 1938 3602 De
1975 3550 2182 3604 sancto
2229 3541 2497 3603 Genesio.

507 3681 790 3737 Mimorum
821 3681 1085 3752 princeps
1112 3681 1423 3754 lepidaaque
1455 3681 1724 3736 Genesius
1751 3680 1883 3735 artis

508 3771 745 3825 Vertitur
771 3776 823 3826 et
838 3770 1084 3842 quatitur
1114 3770 1307 3826 tritura
1338 3771 1459 3838 hac,
1493 3776 1658 3840 atque
1686 3769 1968 3841 probatur,

509 3865 881 3935 inventusque
915 3863 1124 3934 probus
1153 3862 1488 3938 dignusque,
1521 3863 1635 3934 poli
1667 3863 1863 3918 horrea
1892 3860 2126 3918 scandit.

509 3953 606 4007 Hic
634 3961 818 4008 torvos
844 3953 1008 4027 nugis
1029 3953 1247 4008 animos
1276 3953 1452 4007 lenire
1483 3959 1674 4007 suetus

509 4045 798 4117 Principis,
833 4055 998 4117 atque
1021 4045 1168 4100 feros
1197 4045 1330 4101 ludo
1360 4061 1696 4117 componere
1727 4060 1958 4111 sensus;

509 4135 736 4190 Deditus
768 4141 822 4188 et
852 4134 1083 4205 placitos
1108 4134 1404 4208 grassatori
1427 4134 1595 4188 edere
1623 4139 1833 4207 gestus,

511 4225 786 4281 Festivum
815 4225 1074 4280 simulare
1103 4224 1313 4290 dolum,
1348 4225 1401 4279 in
1428 4225 1610 4278 derisa
1639 4224 1846 4280 referre

509 4316 727 4371 Crudeli
763 4314 1012 4370 infensos
1027 4314 1236 4386 captori
1267 4313 1482 4368 ludicra
1511 4314 1663 4368 ritus.

512 4413 651 4487 Ergo
691 4413 784 4467 die
807 4412 1044 4484 quodam
1082 4408 1565 4465 tentansludenda
1596 4423 1790 4480 parare

514 4505 778 4561 Perverso
809 4504 1105 4575 spectatori
1126 4503 1390 4574 mysteria
1420 4501 1617 4556 Christi

513 4598 772 4672 Nugator,
807 4597 988 4652 medio
1021 4595 1282 4668 preponit
1311 4610 1529 4650 acrama
1550 4596 1763 4652 theatro

514 4691 575 4746 Ut
599 4691 766 4746 cubet
791 4697 1030 4765 aegrotus
1051 4695 1350 4761 poscatque
1381 4690 1556 4745 salute
1588 4689 1882 4744 lavacrum.

2157 3683 2205 3750 C
2235 3680 2304 3736 Se
2326 3681 2600 3738 charisma
2631 3683 2726 3739 Dei
2753 3683 2882 3740 totis
2911 3682 3122 3739 ambire
3148 3680 3431 3748 medullis,

2235 3769 2351 3835 Quo
2391 3782 2690 3828 renovatus
2715 3773 2897 3844 aquis,
2927 3772 3110 3844 pravis
3138 3770 3388 3844 rapiatur
3419 3768 3492 3825 ab
3530 3770 3696 3826 actis.

2236 3859 2414 3932 thue
2436 3861 2765 3916 sacramenti
2791 3861 3136 3933 complentes
3159 3861 3390 3933 mystica
3422 3859 3627 3914 Christi

2235 3948 2490 4004 Vestibus
2510 3950 2658 4005 hunc
2687 3949 2952 4006 decorant
2981 3951 3142 4016 albis,
3169 3964 3294 4004 mox
3320 3948 3498 4004 milite
3529 3955 3736 4019 raptus

2236 4038 2459 4094 Sistitur
2486 4047 2544 4094 ut
2576 4040 2704 4096 ludo
2736 4040 2921 4111 Specie
2953 4041 3184 4096 scitetur
3209 4038 3384 4094 inani.

2234 4128 2330 4184 lllé
2361 4129 2522 4184 datus
2552 4145 2736 4184 coram
2766 4129 2917 4184 subit
2933 4129 3084 4184 edita
3111 4129 3303 4200 sicque
3327 4127 3578 4200 profatus

2235 4221 2492 4276 Inchoat:
2539 4242 2564 4272 α
2605 4221 2766 4289 Audi,
2796 4223 3064 4295 Auguste,
3090 4221 3231 4291 jocis
3261 4220 3540 4276 exercitus
3571 4227 3774 4276 astans

2236 4315 2432 4371 Audiat
2461 4323 2516 4371 et
2554 4317 2745 4389 populi
2775 4317 3056 4388 sapientes
3082 4316 3241 4371 urbis
3260 4316 3462 4387 opima:

2236 4409 2533 4464 Advertant
2558 4426 2570 4462 :
2600 4424 2703 4480 ego
2735 4407 3072 4463 Christicolae
3101 4406 3190 4462 vel
3220 4422 3424 4461 nomen
3448 4405 3776 4463 abhorrens

2237 4500 2433 4556 Christi
2459 4500 2791 4556 insultabam
2822 4500 3041 4556 famulis
3061 4500 3320 4571 ipsosque
3351 4508 3613 4569 parentes

2241 4593 2490 4649 Nominis
2519 4609 2812 4649 exsecraris
2841 4593 3000 4649 titulo
3035 4601 3142 4648 tam
3169 4592 3374 4648 risibus
3401 4601 3553 4664 apta,

2242 4690 2423 4745 Rebar
2439 4698 2500 4745 ut
2527 4695 2584 4749 in
2618 4703 2868 4750 nostrum
2895 4691 3154 4764 mysteria
3173 4700 3390 4748 vertere
3430 4689 3630 4746 ludum

513 4806 537 4827 ·
581 4780 730 4848 "eia.
768 4780 966 4852 inquit.
999 4780 1193 4846 nostri,
1224 4779 1406 4853 gravis
1443 4795 1536 4847 ΘΠ,
1573 4779 1731 4846 Ιθνίε,
1755 4784 1975 4850 exilem,
2001 4777 2136 4833 ι’εά-
2240 4790 2452 4846 Niterer
2477 4788 2657 4845 excito
2680 4795 2902 4860 turpare
2929 4803 3128 4842 arcana
3159 4787 3423 4854 cachino;

1929 4871 2067 4942 (dar,

2241 4883 2334 4938 Ast
2361 4889 2422 4936 ut
2450 4895 2622 4952 aquas
2650 4877 2808 4951 tetigi
2841 4876 3084 4960 ﬁdeique
3115 4876 3328 4960 profata
3359 4878 3619 4948 rependi,

511 4964 788 5040 Collegaa?
819 4996 880 5005 —
915 4963 1143 5018 Fabrine
1169 4977 1384 5028 sumus,
1409 4969 1461 5016 te
1491 4967 1584 5016 aut
1617 4962 1849 5017 runcina
1879 4967 2065 5018 nostra
2155 4988 2214 5058 D
2243 4975 2464 5032 caelitus
2493 4973 2754 5029 emissam
2781 4969 2946 5026 video
2977 4953 3355 5026 ‘mihi‘verucis
3379 4969 3490 5025 alta

512 5058 643 5113 Esse
682 5057 856 5113 levem
887 5055 1092 5112 faciet?
1129 5075 1159 5106 ι)
1202 5053 1394 5125 Populi
1423 5053 1604 5109 ridere
1643 5069 1848 5110 corona

510 5149 744 5205 Vesani:
778 5149 871 5204 ille
899 5148 1082 5204 subit:
1128 5167 1154 5199 α
1199 5145 1394 5202 Christi
1421 5146 1546 5202 volo
1577 5145 1755 5200 cultor
1792 5143 1948 5200 obire

515 5270 577 5280 -
606 5239 806 5305 Quare,
829 5236 1028 5293 aiunt?
1055 5267 1126 5277 —-
1155 5237 1400 5304 Summa,
1443 5235 1556 5301 ille,
1597 5235 1688 5292 die
1710 5247 1821 5308 quo
1854 5235 2136 5311 transfuga

1771 5329 1993 5402 [sumar.
2035 5355 2062 5380 κ

510 5418 774 5475 Ecclesiae
806 5421 1014 5476 accitus
1049 5421 1201 5476 venit
1227 5421 1518 5486 exorcista,
1547 5421 1828 5489 sacerdos,

508 5511 608 5575 Qui
655 5510 797 5562 lecto
828 5525 989 5565 secus
1010 5513 1262 5568 assidunt
1292 5514 1449 5584 quasi
1482 5513 1696 5569 lusibus
1717 5515 1870 5590 aegri.

505 5599 645 5654 Ecce
672 5604 902 5662 repente
931 5600 1041 5656 Deo
1071 5601 1264 5655 fraude
1292 5601 1592 5672 inspiratur
1618 5603 1846 5671 abacta;

501 5688 761 5750 Dumque
789 5695 982 5756 r0gant
1023 5689 1159 5760 quid
1191 5705 1287 5744 eos
1324 5693 1668 5760 vocitaverit,
1699 5695 1886 5750 omnia
1920 5709 2136 5767 ponens

488 5772 673 5835 Prisci
707 5768 848 5826 furta
879 5776 1013 5845 doli,
1051 5793 1190 5851 puro
1223 5782 1336 5849 jam
1367 5783 1534 5839 corde
1555 5784 1759 5841 fatetur

2240 5063 2549 5120 Protexisse
2571 5077 2816 5127 manum,
2846 5059 2970 5115 caeli
2993 5074 3082 5114 me
3108 5058 3349 5115 ambisse
3369 5059 3604 5116 colonos

2240 5154 2470 5211 Lumine
2501 5151 2798 5225 fulgentes,
2831 5163 3034 5219 supero
3059 5147 3317 5220 libroque
3343 5148 3582 5205 citantes

2238 5248 2367 5314 Quae
2397 5245 2547 5320 gessi
2571 5260 2602 5298 a
2630 5255 2804 5314 puero
2833 5241 2998 5306 mala,
3039 5238 3402 5312 delentesque
3433 5239 3663 5298 lavacro

2238 5337 2582 5408 Scripturam
2617 5333 2760 5386 hanc
2782 5330 2903 5401 ipso
2934 5329 3139 5385 tinctus
3171 5345 3282 5401 quo
3313 5329 3590 5386 candidus
3622 5339 3766 5390 asto.

2239 5431 2301 5486 Et
2329 5428 2456 5483 nive
2485 5424 2806 5481 candidiore
2833 5421 2964 5478 dein
3007 5422 3304 5493 Splendore
3325 5436 3583 5480 corusco.

2239 5523 2444 5595 lnclyte
2476 5537 2624 5577 nunc
2664 5519 2828 5592 igitur
2857 5517 3133 5589 princeps,
3167 5517 3472 5588 papulique
3505 5534 3794 5591 sequaces.

2238 5615 2438 5669 Omnes
2468 5612 2561 5684 qui
2589 5626 2804 5665 mecum
2841 5609 2960 5663 haec
2982 5607 3242 5680 mysteria
3263 5613 3420 5681 gesta
3452 5607 3734 5677 probatis,

2239 5705 2367 5760 Esse
2411 5704 2580 5757 Deum
2625 5715 2815 5755 verum
2855 5698 3147 5755 Dominum
3190 5712 3414 5769 quoque
3457 5699 3679 5756 credite
3715 5697 3849 5753 Chri-

3621 5791 3795 5863 [stum.
