3890 6396
88 392 189 448 ’717

89 523 243 578 Hunc
265 521 456 577 lumen
486 520 705 577 radiare
735 520 918 592 pium,
944 536 1130 576 veram
1157 521 1300 575 hanc
1327 520 1585 591 pietatem

88 615 420 687 Sumpturos
446 614 691 678 veniam,
724 614 769 667 si
794 613 1029 684 pmnitet
1048 628 1191 678 esse,
1224 628 1323 683 per
1353 612 1551 683 ipsum.
1580 636 1604 659 »ι

89 704 460 774 Induperator
488 702 561 757 ad
589 702 704 757 haec
725 700 805 755 ira
831 699 1077 770 repletus
1106 715 1288 755 amara

87 792 351 848 Fustibus
378 792 550 858 hunc,
583 790 704 845 dire
740 796 796 844 et
810 788 1129 844 vehementi
1160 787 1390 843 verbere
1415 791 1642 851 tortum,

90 885 358 941 Praefecto
382 883 593 939 addicit
619 882 872 938 Plutiano
900 896 1100 954 cogere
1130 880 1305 935 sacris

84 978 408 1044 Tormento,
451 975 610 1045 cujus
628 974 881 1030 lacerans
908 979 1060 1027 secat
1087 973 1293 1046 ungula
1315 987 1574 1043 pensum;

85 1069 462 1141 Lampadibus
490 1075 666 1125 tostus
697 1066 827 1123 ﬁdei
868 1067 925 1121 in
953 1066 1229 1138 praeconia
1267 1066 1448 1132 durat,

812 389 896 444 DE
933 388 1192 444 CHRISTI
1233 387 1599 444 TRIUMPHIS
1640 389 1812 444 APUD
1854 389 2124 445 ITALI/tM
2164 390 2339 447 LIBRI
2381 391 2511 448 XVI.
2554 424 2623 434 —
2663 393 2788 449 LIB.
2833 396 2895 451 V.

3331 401 3437 454 ’118

1747 528 1792 590 Α
1823 523 1935 577 Rex
1963 538 2062 593 pro
2091 538 2200 594 quo
2231 523 2453 580 occidar
2479 525 2526 579 si
2555 524 2759 580 millies
2790 526 2909 597 ipse
2928 527 3168 583 manebo
3200 545 3215 582 :

1820 616 1920 683 Qui
1948 613 2590 686 coepiChristum,rapiet
2617 617 2751 671 mihi
2786 617 2973 671 nullus
2999 618 3068 673 ab
3104 634 3239 674 ore:

1819 707 2108 778 Nunquam
2161 721 2193 759 a
2223 705 2389 761 corde
2442 721 2570 762 meo
2628 704 2902 762 Christum
2954 714 3229 763 tormenta
3260 711 3444 781 repel-

3260 805 3373 860 lent

1820 892 2057 948 Poenitet
2080 901 2134 948 at
2164 893 2394 950 nimium
2426 896 2673 952 horroris
2702 913 2813 969 quo
2841 897 3035 954 coelica
3064 896 3183 964 risi,

1820 982 2007 1039 Serius
2027 989 2083 1039 et
2108 985 2309 1061 Regem
2330 989 2479 1058 quod
2511 988 2613 1044 tiro
2654 988 2931 1060 superbus
2961 989 3129 1046 adivi.
3160 1018 3191 1048 υ

1825 1072 1914 1126 His
1943 1080 2194 1144 perstans
2214 1076 2472 1148 claraque
2500 1078 2596 1132 Dei
2614 1081 2717 1135 sub
2746 1081 2908 1137 laude
2925 1088 3203 1143 resultans

89 1189 117 1212 α
150 1162 359 1219 Praeter
382 1179 533 1231 eum,
552 1162 770 1231 dicens,
794 1177 960 1234 quem
978 1160 1113 1230 vidi,
1137 1176 1301 1233 quem
1331 1161 1476 1229 colo,
1496 1176 1607 1217 non
1639 1168 1721 1215 est
1822 1161 2063 1234 Martyrii
2087 1164 2311 1220 tandem
2330 1173 2592 1222 aeternam
2616 1170 2761 1242 capit
2780 1187 2915 1229 ense
2945 1190 3227 1233 coronam.

1551 1307 1762 1363 CAPUT
1803 1309 1917 1364 VII.

1445 1417 1523 1476 De
1563 1426 1776 1477 sancta
1818 1414 2036 1478 Lucia.

88 1557 305 1613 Nobilis
333 1554 501 1625 hujus
527 1570 665 1610 anus
689 1553 890 1629 stragis
908 1553 1068 1609 ania
1094 1552 1277 1629 rigore

90 1647 228 1702 Coeli
247 1646 397 1702 celsa
424 1645 564 1718 petit
590 1646 813 1701 viduam
835 1661 997 1718 quam
1031 1645 1454 1716 pluribusannis

87 1740 292 1794 Dextra
314 1738 412 1793 Dei
443 1744 685 1793 sanctam
717 1753 916 1808 supero
944 1737 1179 1792 servavit
1208 1738 1432 1792 honore.

92 1828 265 1883 Filius
294 1828 437 1883 hanc
468 1826 688 1882 famulis
718 1827 982 1882 Dominus
1011 1843 1115 1882 ceu
1143 1827 1394 1898 praecinit
1416 1827 1548 1883 olim
1574 1845 1587 1892 ;

94 1918 337 1971 Adversa
357 1915 538 1971 defert
567 1915 765 1970 Christi
802 1916 911 1970 diis
938 1916 1120 1970 vivere
1150 1916 1292 1991 lege.

1754 1875 1801 1939 Ιὶ

1822 1553 2149 1610 Innumeros
2171 1553 2360 1612 sufﬁre
2388 1557 2789 1618 solensstolido
2804 1562 2930 1637 igne
2962 1565 3198 1636 colebat,

1826 1645 2002 1717 thue
2033 1648 2255 1704 domum
2284 1652 2583 1721 pertransit
2613 1653 2730 1709 ovis
2769 1658 3060 1713 mactanda
3098 1661 3341 1717 tonantis

1826 1734 1901 1788 En
1923 1735 2109 1792 subito
2136 1739 2291 1794 caelis
2318 1739 2437 1795 visa
2459 1747 2543 1795 est
2564 1741 2774 1814 allapsa
2804 1745 3061 1802 columba

1828 1825 1888 1878 Et
1909 1841 2077 1896 super
2105 1825 2361 1903 efﬁgians
2400 1837 2483 1885 ter
2520 1831 2777 1907 stigmata
2803 1834 3113 1892 Geminiani

1828 1913 1982 1969 Clara
2012 1917 2192 1972 crucis
2214 1927 2380 1989 caput
2407 1921 2605 1976 annisu
2632 1923 2954 1981 moderante
2980 1928 3205 1989 resedit.

92 2010 265 2076 Quam
291 2009 453 2078 jubet
483 2007 682 2064 adduci
742 2008 961 2064 ductam
1004 2010 1431 2083 aggrediturque
1464 2017 1729 2081 tyrannus
1830 2004 1879 2058 IS
1910 2021 2133 2078 quoque
2162 2008 2472 2078 suspiciens
2499 2011 2623 2066 C(Bli
2654 2014 2762 2068 alta
2794 2022 3076 2085 patescere
3098 2021 3275 2075 cernit

89 2106 250 2171 Quod
281 2121 445 2161 cruce
472 2103 747 2161 conﬁxum
770 2105 914 2160 colat
941 2106 1283 2178 insultetque
1317 2108 1536 2163 sacellis
1570 2124 1583 2160 ε

87 2204 291 2258 Vivere
319 2202 367 2256 si
386 2201 580 2268 libeat,
611 2201 754 2256 divis
781 2201 915 2256 dare
938 2202 1096 2257 thura
1129 2204 1481 2275 propinquet,

90 2294 213 2359 Quo
244 2292 350 2348 sibi
373 2291 604 2365 prOpitii
636 2308 735 2363 per
763 2308 917 2346 sacra
944 2292 1195 2347 litamina
1227 2302 1458 2363 pareant

93 2410 117 2429 α
158 2381 411 2452 Propitii,
451 2381 567 2449 illa,
589 2380 696 2436 sibi
729 2396 931 2453 neque,
964 2398 1070 2436 nec
1096 2381 1575 2453 cultoribusipsis,

90 2475 233 2530 Nam
262 2475 397 2529 mihi
432 2473 707 2546 propitius
732 2475 999 2530 Dominus
1025 2492 1182 2531 meus
1220 2492 1342 2531 esse
1370 2476 1569 2543 suevit,

87 2566 209 2622 Nec
232 2566 451 2639 linquet
480 2583 675 2636 poenas
704 2582 805 2639 pro
836 2567 994 2635 cujus
1016 2582 1202 2622 amore
1216 2578 1405 2639 parata

92 2657 685 2726 Quaslibetintuleris,
717 2675 839 2714 sum
872 2658 1037 2725 ferre,
1065 2667 1119 2714 et
1146 2659 1365 2715 vincula
1405 2668 1458 2714 et
1490 2660 1668 2734 ignes.
1698 2683 1721 2709 η

92 2749 421 2804 Femineum
454 2749 681 2822 capiens
710 2749 877 2805 robur
903 2751 1165 2822 vincique
1195 2768 1499 2823 pavescens

95 2838 351 2895 Carceris
379 2841 522 2895 hanc
551 2839 780 2895 coluber
817 2840 1043 2895 mandat
1069 2839 1222 2895 vafer
1250 2840 1444 2895 abdier
1463 2840 1657 2897 antris.

101 2930 208 2988 Hic
229 2934 518 2990 hominum
539 2934 842 2990 desolatam
870 2934 1155 2990 fulcimine
1187 2944 1387 2990 cuncto

100 3024 221 3079 Rex
254 3038 391 3078 suus
430 3022 578 3078 haud
607 3022 800 3091 abibit,
827 3023 953 3079 coeli
977 3023 1236 3098 dignatur
1276 3024 1487 3079 honore

93 3114 322 3171 Tollere
351 3122 406 3170 et
432 3116 674 3172 aethereo
699 3116 887 3172 solans
912 3118 1157 3172 relevare
1188 3118 1389 3174 nitore.

96 3208 284 3265 Volvit
311 3214 467 3264 atrox
497 3206 668 3264 furias
695 3209 782 3265 leo
813 3216 1263 3282 temnentemque
1285 3210 1533 3280 rapinam

98 3302 345 3374 Carpere
375 3302 677 3359 bacchatur
705 3318 1000 3378 coramque
1032 3304 1257 3359 reducta
1281 3303 1446 3359 beata

100 3393 335 3447 Femina
363 3392 638 3468 subigitur
662 3393 859 3469 rigidis
888 3393 957 3448 ad
996 3393 1227 3448 verbera
1248 3393 1414 3469 lignis
1445 3411 1460 3460 ;

104 3485 361 3557 Dumque
400 3484 498 3540 diu
527 3485 743 3552 teritur,
785 3485 1008 3542 subitus
1038 3493 1242 3542 tremor
1268 3485 1658 3542 incutitaedem

102 3574 525 3647 Delubrnmque
547 3573 702 3630 Jovis
727 3575 884 3646 lapsu
922 3574 1173 3631 dissolvit
1198 3575 1408 3647 opimo,

104 3663 420 3721 Parietibus
440 3663 611 3736 lapidi
642 3671 701 3720 ut
725 3664 866 3736 lapis
895 3665 1042 3720 haud
1070 3665 1282 3721 haerere
1303 3667 1531 3723 valeret.

103 3753 316 3812 vaior
340 3761 396 3809 at
416 3753 597 3810 dirum
624 3754 846 3828 gravius
867 3755 1053 3827 coquit
1090 3755 1172 3810 ira
1212 3756 1486 3826 lanistam,

101 3847 415 3920 Aﬁ'errique
433 3846 641 3917 jubens
670 3847 913 3919 amplum
931 3848 1067 3904 vasti
1098 3849 1225 3904 aaris
1251 3851 1512 3918 ahenum,

104 3941 334 4013 Repleri
364 3941 615 4012 plumbo,
648 3942 770 4013 pice
798 3942 1044 4009 mandat,
1070 3951 1125 3998 et
1145 3942 1333 3998 omnia
1350 3942 1557 3998 circum

105 4034 334 4091 Robore
371 4034 622 4089 succindi
652 4034 823 4090 latera
850 4035 980 4091 hinc
995 4045 1160 4107 atque
1184 4035 1315 4090 inde
1337 4044 1564 4111 gregato

106 4122 485 4196 Immergique
510 4130 694 4179 truces
724 4124 1007 4180 victricem
1050 4125 1369 4181 Hammonis
1399 4125 1455 4180 in
1484 4125 1612 4201 igne

102 4213 227 4279 Qua
256 4212 391 4267 dum
419 4212 543 4268 laeta
566 4219 774 4286 tropaea
804 4213 981 4270 tribus
998 4215 1146 4270 canit
1175 4214 1268 4270 illa
1284 4214 1502 4284 diebus,

102 4304 305 4360 Visere
335 4304 578 4360 crudelis
603 4311 718 4362 tota
742 4322 812 4361 an
839 4306 1155 4362 subsederit
1186 4307 1361 4363 hostis

104 4396 173 4452 In
204 4396 429 4452 cineres
444 4395 613 4472 legat,
644 4398 841 4470 recipit
870 4399 1000 4470 quia
1028 4398 1180 4454 salva
1207 4398 1454 4466 resultet,

102 4485 224 4541 Nec
254 4483 472 4540 feritate
491 4492 649 4542 vacat
679 4487 967 4557 perculsus
993 4487 1237 4543 culmine
1268 4494 1436 4543 tantae

102 4578 347 4635 Virtutis
368 4576 571 4646 lanius,
603 4577 773 4633 furias
802 4594 984 4651 neque
1014 4596 1221 4651 ponere
1254 4587 1458 4642 motus.

106 4664 616 4736 Praecipitinsanus
642 4666 789 4724 ferro
820 4668 1162 4741 plumboque
1205 4685 1304 4740 per
1340 4670 1497 4725 urbis

106 4759 382 4813 Ductetur
394 4758 596 4814 mulier
616 4758 811 4815 victrix
832 4769 1060 4818 onerata
1084 4761 1313 4833 plateas.

106 4846 215 4901 Illa
243 4852 439 4902 ornata
469 4863 660 4904 means
685 4848 948 4922 gravibus
979 4866 1077 4921 per
1098 4851 1340 4922 compita
1365 4851 1575 4922 baccis,

106 4936 345 4992 Accedit
370 4936 588 4993 foribus
615 4937 754 4995 civis
772 4940 860 4995 cui
892 4940 1252 4997 Geminianus

113 5028 471 5102 Cognomen,
511 5027 730 5100 pollens
758 5029 960 5102 Opibus
1000 5030 1096 5103 qui
1117 5031 1278 5088 thure
1307 5040 1539 5103 penates

1766 2106 1776 2119 δ
1831 2092 2257 2167 Proripiensque
2284 2096 2488 2173 fugam,
2529 2099 2698 2155 celeri
2728 2103 2863 2173 petit
2891 2105 3096 2176 impete
3126 2125 3380 2180 campum

1828 2186 1942 2249 Qua
1970 2187 2169 2242 mulier
2187 2189 2385 2244 virtute
2416 2191 2586 2246 animi
2620 2200 2891 2250 tormenta
2922 2197 3179 2274 fatigans,

1827 2277 2186 2334 Praevalidum
2215 2278 2351 2335 duro
2382 2288 2573 2338 tractat
2599 2284 2895 2343 luctamine
2923 2289 3155 2359 bellum,

1824 2371 2204 2442 Certantisque
2232 2380 2425 2443 petens
2455 2392 2630 2447 prono
2652 2380 2884 2455 vestigia
2915 2398 3081 2437 cursu

1825 2463 2062 2520 Cernere
2084 2468 2233 2538 quod
2260 2484 2477 2524 cessum
2509 2473 2701 2547 pangit
2754 2490 2907 2531 sacra
2957 2493 3189 2533 munera
3220 2493 3456 2549 poscens

1776 2612 1793 2613 γ
1828 2554 1943 2618 Quo
1975 2554 2114 2611 duce
2144 2556 2378 2627 syderco
2410 2558 2690 2616 Protasius
2721 2561 3076 2621 iresacerdos

1830 2645 2155 2717 Praecipitur
2175 2647 2416 2721 divoque
2444 2652 2664 2707 avidum
2695 2672 2935 2729 purgare
2968 2657 3180 2713 lavacro

1827 2737 1988 2793 Jussa
2008 2740 2171 2813 gerit,
2205 2758 2455 2814 puroque
2472 2744 2647 2800 virum
2674 2756 2854 2803 sacrat
2884 2765 2914 2803 a
2936 2749 3063 2806 nive
3098 2751 3334 2821 piatum,

1833 2829 2018 2886 Tertia
2047 2831 2116 2885 ab
2149 2832 2280 2888 inde
2311 2834 2432 2890 dies
2462 2836 2709 2901 victricia
2739 2838 2887 2895 bella
2910 2840 3169 2897 reformat

1836 2923 1969 2979 Cum
2001 2943 2133 2999 rege
2164 2927 2470 2985 fEneadum
2504 2931 2629 2988 laeta
2660 2934 2840 2991 tirone
2864 2937 3100 3005 recenti,

1830 3017 2143 3076 Tormentis
2170 3038 2313 3094 quos
2344 3023 2439 3080 ille
2469 3027 2628 3083 novis
2657 3030 2949 3101 pomisque
2971 3034 3209 3103 repertis

1831 3108 2072 3179 Impetit,
2106 3111 2304 3183 hisque
2332 3111 2527 3169 furens
2564 3117 2734 3172 cassis
2764 3118 2974 3175 addicit
2999 3123 3171 3177 atroci

1831 3203 2002 3268 Quem
2033 3206 2273 3262 truciore
2303 3208 2390 3263 via
2420 3216 2571 3264 retur
2606 3212 2798 3282 saevire
2837 3213 3070 3283 lanistae,

1833 3291 2099 3363 Suppleat
2136 3301 2195 3349 ut
2224 3296 2270 3350 si
2298 3296 2432 3368 quid
2455 3303 2675 3354 torturae
2707 3300 2852 3356 desit
2880 3301 2936 3356 in
2965 3302 3171 3360 hostes.

1834 3386 1927 3442 Ille
1958 3387 2093 3459 quid
2126 3388 2361 3464 ingestis
2377 3391 2558 3447 valeat
2586 3394 2963 3464 superaddere
2991 3399 3249 3466 volvens,

1759 3507 1809 3575 Ο
1832 3478 2109 3535 Victorum
2143 3480 2321 3555 rigido
2353 3484 2598 3540 cervices
2618 3486 2819 3543 robore
2832 3489 3013 3546 tundit

1839 3567 2071 3640 Moxque
2103 3570 2220 3626 solo
2251 3570 2475 3629 incusso
2513 3589 2803 3644 procerum
2825 3577 2955 3632 terit
2978 3578 3114 3635 aedis
3133 3579 3326 3636 adacta
3357 3598 3372 3647 ;

1839 3658 2088 3716 Victores
2117 3668 2308 3717 contra
2342 3664 2488 3734 capit
2510 3664 2643 3721 hinc
2662 3667 2974 3738 apofrasius
3004 3685 3193 3737 arma;

1838 3749 2093 3822 Quinque
2121 3752 2223 3806 sub
2237 3752 2341 3808 hoc
2360 3754 2569 3824 palmas
2599 3761 2654 3810 et
2690 3757 3043 3829 septuaginta
3071 3770 3373 3830 capessunt

1839 3841 1939 3907 Qui
1973 3842 2109 3915 juga
2136 3842 2424 3900 subierant
2454 3844 2651 3902 Christi
2681 3848 2983 3904 virtutibus
3011 3850 3138 3917 acti,

1837 3932 1982 3997 Quas
2019 3934 2163 3991 Deus
2200 3936 2255 3991 in
2287 3934 2506 3992 famulis
2538 3938 2676 3994 miro
2701 3939 2959 4010 patrabat
2986 3941 3221 3998 honore.

1837 4025 2052 4082 Funera
2084 4035 2204 4099 post
2230 4045 2488 4102 quorum,
2513 4031 2686 4100 judex
2716 4031 2967 4102 abjectus
2992 4034 3050 4089 in
3078 4036 3256 4091 undas

1837 4115 2238 4189 Praecipitatur,
2280 4135 2482 4191 equum
2512 4121 2656 4178 duce
2685 4124 3038 4180 concutiente
3063 4125 3289 4182 sinistro

1844 4207 1963 4262 Alto
1993 4223 2025 4262 a
2053 4215 2222 4278 ponte
2251 4216 2446 4279 petens
2474 4211 2639 4267 imam
2673 4213 2960 4269 demersus
2986 4214 3245 4285 abyssum
3269 4234 3287 4280 ;

1845 4293 2087 4366 Corpore
2118 4295 2378 4352 Tzenareo
2409 4314 2532 4354 cum
2562 4307 2753 4357 mente
2782 4309 3004 4357 voratus
3031 4303 3182 4357 hiatu
3213 4321 3226 4357 :

1845 4387 1979 4442 Nam
2014 4388 2232 4444 miserae
2258 4390 2467 4447 exuvim
2498 4391 2652 4447 nullo
2695 4400 2821 4464 post
2852 4392 3033 4450 littore
3063 4394 3213 4450 visae.

1848 4476 1974 4532 Post
1999 4485 2190 4534 contra
2202 4478 2438 4535 athletas
2464 4487 2717 4551 portenta
2747 4490 2955 4554 trapaaa
2982 4482 3226 4541 nitentes

1850 4571 2103 4647 lnsurgat
2132 4573 2335 4649 Stygiis
2363 4574 2696 4650 Megalesius
2716 4579 2991 4653 anguibus
3017 4586 3172 4635 actus

1851 4664 2201 4737 Invictosque
2232 4667 2476 4737 probans
2506 4667 2658 4725 nullo
2679 4670 2998 4740 superarier
3026 4677 3145 4726 astu

1846 4754 2177 4829 Aggreditur
2203 4755 2390 4831 gladio
2420 4757 2648 4814 mittens
2677 4766 2830 4815 trans
2859 4760 3059 4831 sydera
3088 4760 3258 4817 ferro.

1765 4814 1819 4883 D
1849 4843 2060 4915 Inclyta
2087 4845 2336 4901 membra
2374 4847 2517 4919 rapit
2544 4848 2747 4904 mulier
2775 4850 2864 4905 cui
2896 4849 3127 4905 Maxima
3148 4865 3349 4905 nomen

1852 4932 2030 5007 thue
2059 4934 2465 5007 triumphantes
2497 4938 2658 4995 decet
2687 4937 2844 4995 abdit
2874 4939 3085 4997 honore
3116 4945 3366 4995 venusto.

1613 5139 1822 5198 CAPUT
1872 5142 2013 5199 VIII.

1280 5249 1359 5311 De
1387 5254 1614 5315 sanctis
1640 5253 1998 5315 Marcellino
2031 5263 2083 5313 ει
2117 5251 2315 5315 Petro.

112 5384 231 5444 Hoc
261 5384 617 5443 Marcellinus
643 5387 747 5443 sub
766 5403 944 5463 agone
973 5388 1279 5462 Petrusque
1308 5390 1653 5462 triumphant

111 5477 361 5543 Quorum
392 5476 779 5533 multimodam
813 5478 1006 5533 Petrus
1032 5478 1303 5534 exorcista
1332 5478 1647 5549 palaestram

108 5572 382 5629 Luctatns
411 5571 673 5644 gravidas
698 5573 918 5629 clausus
948 5572 1179 5629 limabat
1205 5574 1438 5629 ahenas.

114 5661 371 5719 Carceris
384 5660 651 5718 obsessor
669 5668 893 5738 gnatam
919 5662 1213 5720 obsidione
1243 5662 1470 5720 dolebat

110 5749 405 5809 Daemonis
425 5748 724 5820 astrictam,
758 5750 1052 5809 Dominum
1077 5766 1246 5824 quem
1283 5752 1516 5809 credere
1537 5752 1729 5808 Petrus

1864 5390 2120 5446 Hortatur
2149 5390 2426 5446 Christum
2457 5391 2658 5446 summi
2688 5391 2937 5466 genitum
2965 5408 3089 5449 esse
3108 5396 3374 5464 tonantis,

1859 5483 1976 5548 Quo
2005 5482 2215 5538 sobolis
2246 5490 2406 5545 pacta
2433 5484 2613 5538 valeat
2642 5484 2883 5557 gaudere
2900 5486 3099 5543 salute.

1865 5593 1890 5624 «
1920 5572 2085 5628 Miror
2120 5572 2439 5639 consilium,
2482 5572 2726 5644 prudens
2751 5574 3026 5631 Artemius
3044 5575 3250 5649 inquit,

1855 5665 1930 5719 Te
1956 5666 2103 5721 Deus
2129 5680 2325 5720 eruere
2350 5665 2495 5721 haud
2527 5665 2674 5737 potis
2703 5674 2788 5722 est
2805 5674 2954 5736 tuus,
2988 5678 3043 5725 et
3064 5671 3200 5727 colis
3230 5671 3410 5743 ipsum

1858 5753 2036 5824 Ipsius
2064 5762 2125 5810 ut
2153 5755 2343 5827 plagas
2370 5761 2424 5809 et
2451 5754 2672 5809 vincula
2702 5757 2930 5813 nomine
2965 5766 3150 5829 portes
