3890 6436
501 375 608 429 719

507 506 603 569 Qui
638 505 849 559 salvare
872 518 1048 558 meam
1075 502 1273 573 poterit
1293 502 1340 556 si
1371 500 1556 556 favero
1571 499 1780 571 prolem
1811 497 1839 551 ?

504 595 662 665 Atqui
692 594 788 664 (ait
823 593 933 657 ille)
965 593 1106 646 Dens
1133 592 1273 646 valet
1321 591 1450 646 hinc
1485 607 1641 645 meus
1673 590 1930 646 omnibus
1957 597 2121 662 atque

504 685 688 739 Poenis
720 684 956 754 eripere,
988 689 1043 736 at
1069 689 1287 752 praestat
1313 689 1520 736 certare
1541 681 1784 735 duellum

502 777 754 843 Fortiter,
786 787 1048 830 aeternum
1081 783 1138 829 ut
1167 774 1375 829 valeam
1407 784 1631 846 captare
1651 775 2011 846 triumphum.

503 867 732 921 Credere
765 867 810 921 si
850 882 937 921 me
966 866 1066 931 vis,
1095 873 1301 929 custos,
1331 864 1630 939 geminabo
1659 870 1903 928 catenas,

502 957 573 1011 Te
595 972 819 1030 quoque
847 957 900 1010 in
935 955 1043 1010 ima
1076 955 1424 1011 tenebrarum
1449 956 1551 1012 sub
1577 957 1795 1012 vincula
1824 955 2001 1011 solum

503 1049 811 1104 Detrudens
836 1062 1016 1102 caveae
1044 1046 1478 1103 claustraomnia
1505 1058 1620 1106 tuta
1648 1049 1980 1124 relinquam,

504 1139 770 1193 Omnibus
793 1147 846 1191 et
867 1136 1110 1203 credam,
1135 1137 1182 1190 si
1208 1145 1260 1193 te
1282 1139 1426 1192 Deus
1458 1146 1616 1194 eruet
1638 1138 1774 1194 istis.
1813 1162 1833 1189 θ

504 1232 601 1286 Dat
639 1230 831 1283 Petrus
859 1244 1144 1283 assensum
1176 1245 1236 1283 se
1266 1229 1386 1297 ejus
1416 1236 1643 1284 testatur
1669 1230 1736 1284 ad
1765 1229 1914 1284 aedes

505 1323 826 1391 Venturum,
858 1339 966 1378 non
993 1324 1061 1378 ad
1092 1323 1322 1378 libidum
1356 1323 1671 1379 tentaminis
1698 1323 1922 1395 (inquit;

508 1416 564 1473 Id
592 1418 683 1472 fiet
715 1416 962 1479 humani,
993 1417 1128 1488 quin
1157 1417 1224 1471 ad
1251 1417 1476 1472 deitatis
1505 1419 1628 1472 lesu

504 1508 732 1562 Lumina
763 1506 1034 1560 demersis
1064 1507 1348 1562 hominum
1383 1508 1680 1580 pandenda
1707 1507 1981 1562 tenebris.

506 1601 621 1665 Ille,
651 1606 817 1670 caput
847 1598 1106 1670 quatiens
1137 1616 1148 1652 :
1184 1599 1369 1654 nimiis
1400 1600 1597 1654 delirat
1625 1600 1715 1655 hic
1747 1610 1902 1656 actus

503 1690 818 1748 Tormentis
844 1689 1000 1761 (infit)
1036 1708 1050 1755 ;
1082 1701 1360 1764 prOperat,
1395 1692 1910 1768 narratquejugali.

507 1788 582 1842 En
614 1787 800 1842 subito
824 1786 1022 1852 noctis,
1054 1787 1227 1842 solem
1246 1787 1634 1843 claudentibus
1661 1787 1894 1854 umbris,

1265 367 1633 426 FLUDOARDI
1676 367 1981 424 CANONICI
2025 367 2354 422 REMENSIS
2395 367 2734 421 OPUSCUlA
2776 367 3090 422 METHICA.

2155 509 2198 567 Α
2232 497 2382 550 Hunc
2405 498 2568 552 simul
2598 498 2902 566 eXpediens
2931 498 3125 552 ambos
3159 497 3417 568 perducit
3444 497 3499 550 in
3532 495 3696 550 aedes

2229 593 2344 656 Quo
2379 609 2555 660 nuper
2582 592 2689 646 laeti
2716 590 2854 647 votis
2881 599 2932 645 et
2963 592 3123 648 laude
3155 593 3424 647 vacabant

2226 684 2479 740 Consiliis
2510 683 2725 738 munire
2750 699 2920 738 novos
2950 684 3269 738 ccelestibus
3297 699 3495 757 agnos,

2228 773 2558 843 Praecipiens
2590 780 2712 842 post
2743 773 2842 827 hac
2866 772 3082 827 censori
3112 773 3376 828 accedere
3405 772 3574 826 duro.

2227 865 2552 919 Albescente
2577 865 2704 936 polo
2736 865 2914 920 noctis
2944 864 3072 918 dum
3105 869 3242 917 tetra
3273 862 3573 928 recedunt,

2228 957 2524 1029 Dispositis
2555 958 2851 1012 luctatores
2881 960 3208 1025 repetuntur
3234 951 3305 1006 ab
3337 953 3536 1006 antris.

2229 1051 2392 1115 Queis
2416 1053 2641 1106 minime
2666 1047 3228 1115 inventis,Artensius
3247 1045 3611 1117 ipsejubetur

2229 1141 2461 1208 Arctari,
2493 1150 2659 1212 atque
2686 1139 2807 1194 deis
2837 1154 2992 1193 sacra
3025 1136 3429 1192 ferrelitamina
3454 1134 3613 1206 cegi,

2230 1233 2390 1286 Stans
2419 1232 2522 1286 sub
2555 1233 2766 1287 honore
2790 1231 2883 1285 Dei
2907 1246 3031 1284 cum
3065 1229 3224 1300 prole
3246 1245 3309 1282 ac
3339 1228 3586 1298 conjuge
3620 1224 3770 1279 fortis

2230 1325 2449 1380 Rudere
2482 1325 2774 1379 mandatur
2797 1323 3003 1390 junctis
3034 1321 3320 1376 all‘ectibus
3349 1319 3505 1383 abdi,

2230 1416 2470 1471 Caditur
2493 1417 2611 1487 ipse
2635 1415 2859 1487 quidem
2894 1415 3079 1488 gladio
3110 1431 3210 1486 per
3237 1413 3430 1468 limina
3461 1417 3676 1482 cryptae

2231 1505 2368 1560 Filia
2400 1523 2525 1561 cum
2553 1512 2727 1560 matre
2755 1505 2988 1574 abjeetze
3017 1505 3278 1577 saxisque
3302 1509 3508 1560 notatae

2233 1595 2457 1651 Mortem
2491 1595 2790 1650 evadentes
2821 1594 3048 1666 capiunt
3071 1595 3189 1649 sine
3221 1593 3393 1648 limite
3417 1592 3617 1657 vitam,

2235 1691 2494 1746 Ductores
2515 1705 2639 1743 esse
2681 1688 2845 1743 laniis
2877 1697 3002 1743 ante
3031 1704 3126 1743 ora
3149 1688 3395 1742 ferentes

2233 1784 2519 1840 Terrorem
2551 1784 2846 1850 incutiunt,
2879 1784 3120 1840 comitati
3141 1783 3303 1854 plebe
3336 1780 3623 1852 frequenti

508 1880 698 1933 Petrus
727 1878 907 1943 adest,
936 1879 1250 1934 veneranda
1281 1881 1461 1935 crucis
1481 1879 1765 1956 signacula
1791 1887 2014 1952 gestans
2045 1897 2060 1943 ;
2158 1904 2208 1971 Β
2238 1876 2532 1933 Carniﬁces
2561 1876 2666 1948 ipsi
2695 1875 3003 1931 retinentur
3023 1872 3383 1944 etintercepti

508 1971 588 2024 illi
621 1971 741 2039 ejds
770 1969 925 2024 strati
961 1971 1196 2042 pedibus
1219 1972 1458 2027 clamare
1488 1990 1787 2043 supernum

510 2059 639 2115 Esse
669 2076 954 2132 unumque
985 2062 1178 2129 Deum,
1236 2063 1523 2117 Dominum
1575 2062 1696 2116 sine
1729 2061 1956 2138 tigmine
1980 2061 2136 2117 Chri-

1881 2159 2061 2231 [stum.

509 2244 641 2298 Filia
663 2259 787 2300 mox
810 2245 1028 2316 plenam
1057 2246 1224 2303 sumit
1250 2246 1474 2302 Paulina
1502 2246 1761 2316 salutem,

512 2337 572 2392 Et
604 2338 896 2404 Christum,
932 2355 1069 2410 quos
1111 2339 1201 2394 illa
1221 2339 1419 2394 domus
1446 2341 1744 2407 retinebat,
1769 2341 2002 2397 adorant
2031 2362 2040 2392 ;

513 2429 770 2482 Dtemone
801 2444 861 2482 se
893 2429 1106 2483 Domini
1132 2428 1428 2501 profitente
1457 2429 1649 2503 vigore
1679 2430 1991 2486 subactum.

510 2515 775 2588 Vulgatur
805 2517 1238 2588 circumpositis,
1281 2519 1561 2590 curritque
1593 2519 1833 2574 virorum

511 2607 813 2662 Tercentus
841 2607 1018 2677 major
1045 2624 1277 2674 cuneus,
1319 2626 1596 2682 sexusque
1623 2611 1852 2666 secundi

515 2698 758 2767 Amplior
785 2697 1041 2768 irrumpit
1060 2715 1346 2764 numerus,
1368 2701 1685 2770 spectacula
1711 2702 1855 2757 clara

514 2784 694 2839 Visuri
724 2784 1032 2856 dantesque
1064 2787 1160 2841 Dei
1192 2788 1468 2857 praeconia
1498 2790 1716 2842 summi.

515 2873 649 2928 Tum
675 2874 864 2928 Petrus
896 2875 1269 2930 Marcellinum
1301 2877 1657 2948 cupientibus
1689 2879 1798 2935 illis

518 2968 682 3023 Sacra
710 2969 895 3024 subire
916 2977 1094 3036 vocat,
1129 2979 1358 3026 cunctos
1379 2971 1498 3043 qui,
1532 2973 1820 3046 presbyter
1847 2975 2049 3044 almus,

517 3060 703 3115 Abluit
733 3061 1061 3133 ablatosque
1097 3063 1189 3133 pio
1213 3065 1493 3119 connectit
1522 3066 1653 3120 ovili

515 3153 875 3224 Sacratosque
907 3154 1234 3228 reosjungit
1274 3158 1501 3212 custode
1535 3159 1770 3225 solutos,

516 3242 756 3296 Nexihus
787 3251 1096 3313 exemptos,
1128 3245 1277 3300 vitiis
1297 3262 1437 3318 quos
1467 3249 1690 3319 expedit
1719 3251 1851 3304 atris

521 3336 879 3405 Comperiens
917 3352 1116 3391 censor
1135 3338 1361 3392 mandat
1383 3339 1488 3392 sibi
1516 3340 1701 3395 sistier
1727 3341 1942 3407 ambos,

519 3427 909 3497 Presbyterum
944 3433 1108 3499 atque
1139 3430 1486 3498 exorcistam,
1522 3431 1776 3503 latusque
1797 3433 2058 3487 sacerdos

516 3516 674 3582 Vera,
717 3517 811 3571 ubi
838 3519 1211 3588 prosequitur,
1240 3518 1481 3574 dictante
1513 3519 1942 3590 furorejubetur

519 3605 846 3661 Carniﬁcem
875 3607 1203 3662 suavistundi
1233 3625 1331 3679 per
1358 3609 1569 3664 viscera
1601 3612 1822 3686 pagnis.

520 3697 792 3753 Deﬁciunt
825 3699 978 3765 lanii,
1011 3715 1169 3754 sacer
1198 3701 1592 3772 insuperabilis
1625 3711 1787 3758 astat.

518 3792 838 3860 Sejunctum
866 3792 996 3846 inde
1029 3793 1184 3848 Petro
1216 3795 1444 3849 densata
1485 3795 1716 3867 cuspide
1742 3798 1864 3853 vitri

522 3881 664 3934 Trux
692 3882 898 3935 nudum
926 3880 1087 3949 jubet
1114 3883 1348 3938 insterni
1378 3885 1653 3957 caecisque
1687 3887 1910 3942 latebris

526 3973 771 4027 Luminis
797 3974 1057 4029 auxilium
1087 3975 1290 4030 auferri
1324 3976 1643 4049 victumque
1677 3979 1866 4054 negari

528 4061 759 4135 Ingemit
784 4063 1006 4136 abjungi
1043 4064 1233 4118 Petrus
1257 4080 1514 4136 saevoque
1545 4074 1778 4136 tyranno
1814 4084 1828 4120 :

531 4174 550 4201 ι
589 4153 716 4206 Cum
745 4155 987 4209 vocitent
1008 4155 1242 4223 subjecti
1273 4157 1495 4228 (inquit)
1529 4167 1580 4212 te
1609 4159 1749 4214 forte
1781 4176 2040 4216 serenum

527 4271 554 4298 (ι
589 4248 820 4303 Nubilus
850 4265 912 4304 es
944 4265 1042 4320 per
1070 4260 1267 4305 cuncta
1289 4251 1395 4306 tuis
1422 4253 1748 4309 tenebrosus
1780 4258 2004 4311 etactis.
2033 4282 2055 4301 -

523 4337 614 4391 Sic
653 4352 874 4409 quoque
905 4339 1210 4413 constringi
1233 4339 1352 4410 ipse
1383 4340 1561 4405 datur,
1593 4343 1674 4398 sic
1708 4345 1943 4400 nexibus
1969 4347 2082 4402 indi

526 4427 846 4499 Arctarique
880 4430 1053 4501 pedes
1089 4430 1222 4504 ligni
1255 4434 1558 4502 pressantis
1586 4434 1759 4490 hiatu.

527 4520 802 4593 Astrigera
841 4520 1091 4577 desolato
1132 4524 1372 4578 cmlcstis
1398 4526 1655 4581 alumnus

529 4610 856 4682 Presbytero
885 4614 1086 4668 summi
1118 4613 1334 4689 legatur
1362 4616 1431 4670 ab
1461 4633 1586 4672 arce
1607 4621 1868 4682 tonantis.

531 4702 699 4777 Erigit
729 4705 878 4761 hunc
903 4706 1100 4780 plagis,
1130 4709 1354 4778 proprio
1379 4710 1685 4766 circumdat
1712 4714 1940 4781 amictu,

530 4792 764 4864 Proripit
796 4796 852 4849 in
883 4795 1124 4867 cippoac
1155 4797 1296 4854 ferro
1327 4816 1434 4871 qua
1467 4801 1659 4858 Petrus
1684 4804 1926 4878 agebat;

2238 1971 2415 2037 Stant,
2440 1985 2594 2025 sacra
2626 1969 2756 2023 dum
2806 1969 3095 2023 celebrans
3158 1978 3515 2021 consummat.
3554 1963 3660 2018 rite
3685 1979 3835 2017 sacer-

2841 2130 2854 2137 ,Π
3661 2057 3787 2128 [(los.

2241 2162 2302 2211 At
2331 2155 2679 2212 confcssores
2701 2153 2804 2209 sibi
2832 2157 2945 2224 jam
2970 2149 3191 2207 diﬁ‘erre
3213 2168 3476 2206 ceronam

2245 2250 2537 2304 llorrcntes
2566 2254 2792 2318 partam,
2826 2245 3090 2317 populum
3121 2244 3384 2298 secedere
3404 2242 3700 2298 mandant.

2243 2338 2311 2392 Se
2342 2337 2537 2392 vinclis
2559 2336 2723 2398 ultro,
2756 2335 2954 2410 gladiis
2986 2351 3046 2388 se
3077 2342 3276 2403 sponte
3320 2333 3583 2386 ferentes.

2243 2430 2381 2500 Ergo
2414 2445 2582 2483 canes
2609 2428 2782 2482 rabidi
2815 2427 2965 2481 nulla
2997 2425 3295 2481 dulcedine
3319 2425 3450 2480 moti

2241 2519 2561 2574 Prasmissos
2589 2519 2682 2574 ubi
2719 2518 3044 2583 dilacerant,
3073 2525 3392 2586 acuuntque
3414 2514 3663 2568 furorem

2243 2614 2359 2666 Non
2392 2617 2606 2682 ponunt
2635 2625 2912 2682 proceres,
2932 2615 3137 2662 aeterna
3171 2607 3415 2677 trephzea
3444 2612 3710 2676 petentes

2244 2704 2481 2760 Nexibus
2503 2703 2789 2768 invadunt,
2815 2702 3088 2772 nodisque
3120 2699 3186 2756 ad
3221 2699 3418 2756 robora
3442 2698 3716 2771 jungunt,

2243 2796 2512 2868 Quodque
2569 2794 2748 2849 ferant
2805 2792 3014 2847 lethum
3065 2797 3363 2863 properant
3422 2789 3673 2862 rogitare
3704 2786 3837 2857 magi-

3592 2880 3788 2951 [strum.

2248 2976 2296 3030 is
2325 2983 2514 3031 monet
2543 2973 2746 3029 abduci
2779 2973 2834 3026 in
2861 2971 3068 3042 sylvam
3101 2987 3224 3043 quae
3255 2972 3436 3028 Ni-nra
3468 2977 3668 3023 vocata

2246 3068 2499 3125 Candida
2527 3067 2664 3121 facta
2688 3065 2794 3136 piis
2817 3080 3065 3130 nemora,
3098 3073 3263 3135 atque
3293 3062 3396 3117 sub
3431 3060 3627 3115 abdita
3653 3061 3789 3115 caedi.

2247 3160 2549 3215 Obscurum
2573 3159 2722 3213 ducti
2755 3159 2812 3212 in
2833 3157 3032 3212 saltum
3064 3157 3330 3227 lucosque
3361 3154 3462 3208 sub
3500 3153 3655 3207 altos

2169 3274 2218 3342 ρ
2251 3252 2460 3306 Avulsis
2489 3252 2725 3322 spatium
2759 3251 2926 3306 caedis
2957 3248 3065 3303 sibi
3099 3247 3351 3301 sentibus
3382 3251 3606 3315 aptant.

2251 3343 2424 3414 Inque
2456 3342 2630 3396 vicem
2665 3340 2929 3412 suplices,
2960 3338 3113 3412 pacis
3133 3337 3241 3392 sibi
3262 3347 3319 3391 ut
3348 3338 3540 3390 oscula
3576 3336 3760 3397 libant,

2247 3432 2380 3487 Vota
2407 3446 2551 3506 genu
2583 3432 2778 3484 dantes
2801 3429 2976 3500 posito
3006 3428 3104 3482 sed
3145 3427 3312 3483 corde
3329 3427 3530 3491 levato,

2249 3523 2582 3579 Lcthiferum
2615 3529 2871 3594 prompta
2890 3521 3128 3594 gladium
3156 3518 3370 3574 cervice
3392 3524 3704 3588 receptant.

2252 3618 2522 3691 Virginem
2549 3616 2784 3691 gemmis
2815 3615 3015 3670 animae
3056 3613 3306 3668 visuntur
3335 3618 3545 3666 etauro

2253 3708 2532 3763 Przecnltae
2555 3708 2742 3778 specie
2777 3722 2990 3778 superae
3017 3704 3324 3762 cultoribus
3350 3703 3488 3756 aulae

2256 3800 2408 3854 Celsa
2447 3799 2639 3853 subire
2672 3799 2806 3869 poli,
2840 3797 3039 3853 caelum
3063 3805 3359 3868 penetrare
3393 3809 3488 3864 per
3517 3807 3709 3856 auras,

2259 3887 2512 3943 Carniﬁci
2535 3889 2655 3942 haec
2684 3903 2950 3942 concessa
2981 3886 3119 3940 truci
3145 3891 3392 3956 spectare
3428 3880 3710 3940 feruntur,

2257 3977 2358 4043 Qui
2391 3977 2522 4031 dum
2551 3976 2668 4030 vier
2701 3975 2891 4041 refert,
2920 3974 3090 4030 torvis
3116 3974 3245 4026 dum
3278 3969 3514 4041 pmuitct
3549 3969 3712 4032 actis,

2251 4067 2371 4121 Jam
2401 4065 2588 4120 senior
2610 4065 2734 4120 vitm
2763 4065 2965 4119 meruit
2995 4078 3148 4117 sacra
3180 4061 3326 4116 dona
3356 4075 3455 4130 per
3481 4060 3688 4112 undas.

2253 4159 2427 4232 Digno
2452 4158 2634 4212 danda
2662 4157 2782 4212 solo
2799 4162 3057 4229 retegunt
3095 4169 3194 4207 sua
3217 4150 3464 4206 membra
3502 4149 3682 4212 beati,

2250 4252 2377 4314 Quae
2411 4247 2649 4302 Firmina
2681 4249 2822 4301 levat
2853 4244 3168 4317 pariterque
3197 4241 3419 4306 Lucilla,
3449 4249 3707 4294 venustae

2258 4337 2538 4411 Sanguine
2565 4342 2849 4404 matronae,
2880 4334 3084 4388 mentis
3112 4330 3508 4404 magelumine
3542 4329 3724 4392 clarae,

2258 4432 2698 4502 Admonitaeque,
2729 4446 2899 4502 specu
2929 4428 3141 4500 positus
3168 4425 3449 4481 Tiburtius
3477 4424 3648 4478 almis

2258 4526 2372 4589 Qua
2401 4524 2560 4581 ﬂoret
2583 4524 2796 4579 meritis
2823 4530 3034 4577 sacrata
3055 4522 3111 4575 in
3143 4529 3300 4590 septa
3331 4517 3670 4572 recondunt.

2263 4623 2527 4675 Damasus
2553 4619 2672 4674 haec
2701 4619 2982 4691 quondam
3014 4631 3138 4688 quaa
3168 4627 3493 4685 percussore
3517 4609 3728 4666 ferente

2260 4714 2612 4785 Compererat
2641 4712 2828 4766 stricto
2857 4711 2986 4765 licet
3016 4709 3161 4763 edita
3183 4706 3429 4763 carmine
3460 4706 3670 4780 vulgat.

2176 4574 2233 4643 Ι)

2036 4937 2248 4993 CAPUT
2287 4937 2374 4992 Xl.

1738 5067 1813 5126 De
1848 5068 2079 5129 duobus
2113 5073 2337 5130 sanctis
2375 5068 2693 5132 Faucibus.

529 5195 844 5268 Presbyteri
876 5197 1062 5252 divina
1093 5197 1203 5254 duo
1231 5216 1332 5271 per
1358 5216 1511 5256 sacra
1534 5202 1804 5271 nitebant,

529 5287 767 5344 Nomine
787 5287 1016 5356 Felices,
1047 5289 1238 5345 felices
1267 5292 1485 5348 actibus
1505 5295 1690 5361 ambo,

528 5381 748 5435 Fratres
772 5380 890 5454 lege
922 5382 1042 5446 Dei,
1074 5400 1338 5458 germano
1376 5389 1652 5462 sanguine
1693 5388 1907 5446 fratres.

527 5469 827 5535 Correptus
856 5473 1045 5528 senior
1071 5490 1363 5546 procerum
1385 5476 1627 5534 dictante
1653 5478 1840 5536 furore

520 5553 744 5614 Iudicis
775 5555 1052 5618 invehitur
1080 5573 1294 5622 secreta
1323 5569 1392 5623 ad
1423 5570 1651 5625 numina
1681 5571 1908 5627 Dracchi

517 5651 728 5738 Atreus
755 5651 986 5738 urgebat
1016 5659 1235 5716 Pelusia
1263 5681 1419 5721 sacra
1451 5666 1676 5738 Serapis

512 5735 800 5793 Hebraeos
821 5735 952 5794 Olim
992 5745 1134 5800 duce
1155 5751 1248 5819 qui
1276 5752 1527 5814 Tricante
1551 5735 1792 5830 subegit,

2259 5208 2444 5277 Cujus,
2474 5216 2534 5264 ut
2561 5207 2783 5263 insuﬁ'at
2808 5207 3062 5279 patribus
3092 5205 3362 5278 suplicata
3393 5209 3629 5265 vetustis

2261 5299 2383 5364 Ora,
2414 5300 2565 5354 velut
2586 5308 2750 5356 vento
2783 5298 2993 5363 folium,
3015 5309 3164 5354 vasta
3205 5315 3313 5354 aera
3351 5298 3651 5356 labascunt

2264 5387 2400 5443 Hinc
2420 5388 2555 5444 alias
2577 5388 2752 5446 victor
2781 5389 2948 5444 simili
2973 5388 3246 5444 deductus
3273 5389 3347 5444 ad
3367 5405 3498 5445 aras

2267 5479 2493 5535 lnsultat
2521 5480 2656 5548 Maja
2686 5478 2874 5554 genito
2902 5479 3098 5534 virtute
3123 5479 3308 5546 relisa,

2268 5571 2375 5626 Nec
2406 5572 2510 5626 dea
2537 5571 2783 5627 venatrix
2805 5587 3046 5642 arcuque
3070 5579 3126 5626 et
3161 5571 3436 5629 arundine
3460 5583 3678 5630 terrens

2263 5662 2381 5716 Oris
2412 5660 2585 5717 ﬂabra
2611 5663 2688 5734 pii
2719 5672 2924 5719 restare
2955 5662 3022 5718 ad
3051 5664 3237 5720 tenuia
3276 5665 3456 5721 fortis.

2261 5756 2556 5813 Judicisad
2583 5760 2780 5814 sedem.
2807 5765 2936 5831 post
2951 5759 3098 5814 clara
3125 5761 3376 5832 trophsea-
3401 5762 3681 5826 reduetus,
