3890 6400
41 420 146 474 721

38 544 341 598 Tormento
373 540 627 616 erigitur,
662 554 773 613 quo
813 539 1056 596 carmine
1090 547 1236 597 tanta
1269 552 1493 616 rogatur

34 634 175 687 Tam
203 632 321 687 dira
347 638 468 686 acta
495 631 671 701 dedit,
703 630 861 686 divos
892 648 997 703 qua
1021 630 1213 686 fraude
1246 631 1470 707 refregit

660 417 745 473 DE
783 416 1041 472 CHRISTI
1080 416 1440 473 TRIUIlPlIIS
1480 418 1650 473 APUD
1693 417 1960 473 ITALIAM
2003 416 2178 472 LIBRI
2218 416 2348 471 XIV.
2393 446 2452 456 -
2500 414 2604 470 LIB
2666 415 2778 470 VII.

1694 548 1747 615 Α
1773 542 1873 608 Qui
1901 543 2031 597 dum
2056 542 2193 598 scita
2206 540 2355 613 capit
2376 540 2663 613 caedisque
2694 540 2876 597 edicta
2901 541 3125 597 litand'ae

3299 418 3401 473 722

1775 636 1981 692 Obvius
2010 634 2217 691 addicit
2244 641 2557 706 promptum
2590 649 2648 689 se
2678 634 2746 689 ad
2772 650 2940 705 regna
2968 636 3179 691 tenenti

44 746 70 775 α
105 726 228 780 Non
255 723 564 790 malefacta,
593 723 794 796 inquit,
827 731 975 785 sunt.
1019 730 1074 779 at
1104 724 1246 778 bene
1268 723 1670 781 factatonantis
1774 726 1939 783 Oﬂert
1962 726 2131 783 exitio
2160 741 2389 781 currens
2409 724 2831 796 apprehendere
2872 725 3107 795 palmam
3143 743 3156 780 :

37 814 167 867 Non
196 813 312 868 hzec
326 812 516 867 fraude
545 812 730 887 vigent
749 811 885 884 quin
911 812 1075 867 laude
1102 812 1195 868 Dei
1210 814 1630 885 omnipotentis.
1650 842 1664 860 -

36 902 259 958 Censor
288 904 416 958 item
453 903 597 975 legat
624 902 893 957 vertenda
921 901 990 957 ad
1020 901 1145 957 fana
1173 903 1390 957 beatum
1423 920 1437 934 ·

35 998 110 1050 At
138 1010 210 1049 ne
237 993 378 1050 forte
403 994 527 1049 sole
549 991 711 1048 solito
740 1009 896 1048 sacra
925 993 1078 1047 arida
1096 1000 1277 1067 cogat,

33 1088 176 1150 Quae
202 1083 359 1138 viridi
393 1083 541 1158 viget
564 1083 836 1137 assistens
869 1082 1053 1137 radice
1078 1082 1303 1145 sacello,

33 1176 264 1230 Arboris
289 1175 532 1230 orandas
562 1174 790 1230 frondes
810 1181 866 1229 et
898 1174 1096 1229 robora
1127 1172 1352 1229 mandat

33 1269 138 1322 [lle
167 1283 360 1338 preces
384 1265 557 1322 eﬁ‘usa
585 1275 777 1323 censet
807 1267 1071 1322 radicitus
1100 1266 1262 1321 arbos

33 1357 265 1413 Sorruat
294 1366 552 1413 evertens
588 1357 754 1432 longo
784 1373 937 1411 sacra
968 1363 1222 1428 tempore
1253 1364 1417 1423 tecta,

33 1451 281 1520 \mplius
310 1451 401 1506 hic
428 1450 588 1505 vanis
618 1466 689 1505 ne
718 1449 1071 1521 decipiantur
1099 1450 1313 1517 inanes,

33 1541 145 1594 [ma
180 1547 379 1610 petens
406 1540 576 1593 robur
604 1548 777 1610 paret,
807 1546 1082 1610 praecepta
1100 1539 1346 1606 facessit,

34 1633 204 1687 vaia
234 1632 364 1686 fana
396 1634 522 1687 terit
547 1632 802 1704 quatiens
830 1641 1114 1703 vastatque
1152 1632 1482 1704 premitque,

33 1724 554 1795 Atque’ininntatim
587 1739 860 1797 spargens
890 1724 1120 1794 protrita
1153 1723 1389 1789 revellit,

34 1818 296 1893 iognitor
326 1818 443 1872 haec
464 1832 692 1872 sumens
713 1816 876 1884 jubet
908 1818 1056 1872 hunc
1087 1819 1264 1873 ultore
1296 1818 1471 1873 subiri

33 1910 192 1973 Ense,
226 1907 472 1978 ferisque
499 1905 638 1973 dari,
673 1905 1131 1974 communiajnra
1163 1908 1372 1979 negari.

33 1998 267 2051 framite
281 1997 507 2051 decreto
534 2005 736 2050 metam
770 1996 1073 2051 scandebat
1111 1996 1309 2070 agonis

33 2090 215 2142 Laetus
248 2093 305 2140 et
327 2087 645 2141 accelerans
675 2092 829 2156 parta
856 2085 1099 2158 gaudere
1125 2101 1332 2141 corona

34 2182 89 2234 At
118 2180 302 2256 magis
332 2187 392 2235 ut
420 2176 591 2233 niteat
619 2178 831 2234 socium
866 2178 1009 2233 Deus
1033 2178 1274 2249 applicat
1295 2187 1516 2235 auctum

1773 816 2020 888 —-Atqne
2050 831 2176 890 ego,
2220 812 2550 887 proclamat,
2578 811 2687 889 legi
2720 813 3032 868 summittar
3058 814 3239 869 eidem

1775 910 1889 976 Qua
1922 909 2061 965 nitet
2093 908 2182 964 hic
2220 907 2429 973 senior,
2450 906 2857 979 Dominumque
2883 906 3064 978 ipsum
3094 908 3216 963 colo
3242 907 3397 962 Chri-
3428 897 3442 909 ’

3088 998 3273 1070 [stum,
3297 1019 3322 1050 υ

1775 1092 1868 1148 His
1899 1091 2111 1164 rapitur
2139 1090 2301 1147 dictis
2332 1097 2386 1147 et
2416 1097 2606 1147 sancta
2626 1105 2726 1163 per
2746 1090 2934 1146 oscula
2955 1089 3181 1160 junctus

1762 1181 1956 1238 Felicis
1984 1179 2143 1252 parili
2168 1180 2384 1235 meritis
2415 1179 2521 1235 sub
2561 1186 2742 1251 strage
2759 1178 3007 1252 jugatur,

1763 1274 1825 1328 Et
1852 1271 2016 1325 simul
2056 1276 2312 1326 exsectus
2332 1270 2598 1325 coclorum
2631 1268 2700 1322 ad
2738 1267 2939 1340 gaudia
2968 1267 3144 1341 surgit
3178 1287 3192 1334 ;

1764 1362 1936 1430 Hujus
1959 1367 2083 1432 post
2104 1375 2307 1416 nomen
2339 1361 2471 1431 quia
2501 1359 2785 1415 nescivere
2824 1359 3057 1415 minoris

1763 1451 1841 1507 0b
1871 1451 2043 1505 decus
2067 1447 2259 1505 infusae
2288 1449 2529 1504 vocitant
2558 1447 2774 1504 virtutis
2804 1450 3103 1506 Adauctum

1761 1541 2019 1614 Aggressi
2053 1541 2214 1595 tacita
2239 1540 2375 1609 justi
2401 1540 2508 1596 sub
2540 1548 2703 1597 nocte
2730 1541 2977 1598 laborem

1764 1634 1880 1698 Qua
1908 1640 2117 1688 vastum
2150 1633 2413 1690 convulsa
2445 1634 2626 1689 sinum
2659 1634 2995 1704 patefecerat
3020 1635 3186 1689 arbos

1767 1720 2005 1793 Corpora
2033 1723 2263 1778 humant
2286 1721 2644 1794 conduntque
2676 1722 2751 1793 pii
2784 1722 2982 1777 tellure
3006 1722 3273 1795 triumphi
3314 1741 3329 1788 ;

1764 1813 2078 1870 Tabescens
2103 1814 2275 1870 livore
2307 1815 2467 1888 nigro
2495 1830 2693 1869 manus
2724 1812 2977 1885 improba
3007 1819 3181 1869 tentat

1693 1867 1742 1934 Β
1766 1903 1980 1959 Vellere
2011 1904 2262 1975 deposita
2293 1867 2500 1978 insigni
2529 1904 2597 1959 de
2631 1918 2759 1957 rure
2787 1867 3014 1967 talenta,

1765 1996 1978 2067 Quique
1998 2003 2165 2050 ruunt
2193 1995 2350 2067 Operi
2393 1994 2552 2050 furiis
2593 1999 2880 2064 raptantur
2904 1994 3100 2047 Averni

1763 2085 2034 2158 Tempore
2063 2103 2171 2158 qua
2198 2086 2351 2158 pacis
2379 2086 2642 2142 fabricata
2671 2084 2928 2140 educitur
2958 2085 3085 2139 aula

1765 2183 2057 2254 Martyrum
2086 2189 2141 2237 et
2170 2180 2372 2237 illustri
2414 2183 2674 2253 praeculta
2714 2188 2919 2253 trapiea
2949 2182 3135 2237 nitela,

1240 2405 1255 2410 ς
1552 2326 1762 2382 CAPUT
1811 2327 1872 2382 x.

1110 2447 1189 2505 Dc
1218 2456 1425 2505 sancto
1454 2448 1839 2523 Chr'ngono
1877 2457 1930 2506 et
1961 2416 2303 2507 Ahastasia.

33 2588 449 2659 Chrysogonum
480 2585 534 2639 in
558 2582 755 2639 vinclis
776 2584 1061 2639 Anastasia
1092 2584 1310 2639 fovebat

33 2675 292 2730 l'lnribus
324 2675 439 2729 haec
467 2672 633 2728 etiam
660 2672 853 2728 solatia
882 2673 1037 2745 plura
1068 2673 1277 2729 ferebat
1304 2692 1318 2740 ;

33 2772 171 2824 Nam
206 2768 292 2822 vir
321 2768 407 2823 hic
437 2784 728 2823 asservans
757 2782 934 2822 annos
960 2767 1239 2842 ergastula
1256 2767 1422 2823 binos

34 2857 275 2914 ’lurima
308 2856 633 2928 perpetitur,
665 2856 858 2911 Christi
882 2855 989 2910 sub
1018 2856 1264 2922 nomine,
1288 2861 1461 2912 victor

44 2966 268 3022 nsuper
301 2958 355 3013 et
386 2947 578 3002 Rufum
612 2948 900 3003 custodem
925 2948 1163 3020 acquirit
1190 2955 1243 3003 et
1272 2948 1392 3018 ejus

33 3050 271 3117 iureque
300 3050 523 3114 reperta
552 3041 815 3098 clientela
845 3050 928 3097 est
967 3057 1188 3097 servare
1230 3051 1479 3112 penates,

33 3140 150 3192 lum
196 3152 313 3208 qua
352 3135 521 3190 vincit
543 3151 714 3191 ovans
769 3134 1038 3190 Dominus
1078 3135 1381 3189 ceitamine
1422 3142 1653 3191 mactus.

33 3225 372 3282 tnastasiam
396 3224 619 3293 conjux,
653 3240 721 3279 ne
752 3223 989 3281 invisere
1020 3223 1195 3295 possit

33 3318 351 3376 larceribus
380 3316 590 3389 positos
620 3332 760 3389 quos
815 3317 1007 3373 Christi
1041 3323 1100 3372 ut
1129 3316 1377 3371 membra
1409 3317 1650 3386 colebat,

33 3408 287 3464 )bscuris
314 3407 489 3463 solam
519 3406 772 3473 injicicns
786 3405 1163 3478 penetralibus
1188 3405 1358 3460 abdit.

34 3497 295 3553 'rzeclara
326 3496 442 3550 haec
466 3505 589 3551 ortu
618 3494 844 3560 celebri,
878 3493 1194 3565 praeclarior
1221 3502 1369 3562 actu,

33 3594 176 3646 izevo
218 3589 447 3645 addicta
476 3589 616 3657 viro,
650 3588 792 3645 votis
821 3595 876 3644 at
901 3588 1088 3644 dedita
1115 3588 1350 3656 Christo,

33 3686 198 3740 [reret
224 3690 418 3738 mente
448 3682 577 3754 piis,
608 3683 771 3739 caecis
791 3682 1020 3740 obsessa
1051 3682 1294 3740 latebris.

33 3777 381 3850 :hrysogono
412 3773 510 3829 sed
540 3790 651 3831 anu
678 3776 870 3850 gerula
910 3775 999 3847 pia
1028 3770 1332 3848 grammata
1372 3776 1584 3853 legans,

33 3864 219 3937 iignat
244 3861 328 3918 uti
362 3878 583 3934 parvam
618 3862 821 3920 sacrari
857 3864 1109 3935 praestitit
1140 3865 1305 3921 undis

34 3952 194 4008 later
225 3969 378 4018 eam,
412 3950 537 4007 diva
558 3968 681 4025 quae
706 3953 997 4027 relligione
1027 3953 1240 4010 nitebat

33 4047 180 4116 Zujus
216 4055 348 4118 post
382 4047 628 4120 requiem
660 4047 817 4102 inﬁdi
834 4050 968 4121 juga
995 4048 1113 4102 dira
1144 4049 1322 4107 mariti

33 4137 363 4210 tumpserit,
397 4144 452 4192 at
482 4154 657 4193 nexus
686 4138 937 4194 morbum
966 4138 1193 4194 mentita
1222 4140 1442 4207 refutet,

33 4229 186 4285 iocte
214 4227 318 4283 die
341 4227 554 4283 Domini
583 4227 905 4299 amplexans
931 4227 1169 4302 vestigia
1192 4228 1323 4285 Jcsu
1358 4246 1372 4295 ;

33 4320 49 4365 Ῑ
57 4320 104 4373 ir
133 4335 273 4374 cum
305 4316 588 4389 sacrilegis
610 4317 733 4388 ejus
761 4318 1094 4389 patrimonia
1122 4327 1360 4377 vastans.

33 4414 77 4467 ie
111 4409 378 4467 tenebris
408 4426 639 4465 mersam
665 4398 1045 4482 penetralibus
1073 4410 1248 4484 egerit
1279 4410 1410 4466 atris

34 4504 107 4557 lis
135 4518 376 4575 quoque
417 4518 739 4574 corpoream
767 4500 995 4571 jamjam
1019 4499 1299 4556 dimittere
1331 4502 1497 4557 vitam

33 4601 306 4661 lutumet,
328 4592 403 4648 ob
436 4591 705 4648 Christum
735 4591 986 4666 gaudens
1013 4607 1175 4663 quam
1221 4607 1429 4663 ponere
1460 4592 1649 4657 malit;

33 4689 297 4743 ‘ristetur
320 4685 425 4742 sed
447 4701 606 4756 epes,
647 4685 789 4741 cmlo
819 4700 957 4756 quas
988 4684 1133 4739 vovit
1161 4684 1229 4738 ad
1260 4700 1438 4739 assem

33 4781 245 4845 lirtuti,
284 4778 477 4833 invisis
515 4777 785 4833 scelerum
818 4775 1153 4832 famulentur
1179 4776 1391 4832 amicis.

33 4899 37 4918 ι
73 4872 286 4937 Quare,
322 4884 482 4924 serve
512 4867 633 4935 Dei,
655 4867 886 4939 supplex
912 4877 963 4919 te
992 4865 1281 4938 deprecor,
1314 4865 1509 4938 inquit,

33 4963 150 5017 lres
177 4961 464 5016 instanter
484 4956 773 5013 Dominum
796 4956 880 5010 vel
905 4955 1069 5010 corda
1093 4954 1299 5030 jugalis

33 5057 302 5131 iubjuget
332 5053 454 5125 ipse
483 5053 612 5120 sibi,
644 5051 731 5108 vel
755 5053 801 5108 si
831 5051 982 5106 videt
1014 5051 1142 5125 igne
1168 5048 1495 5117 vorandum,

33 5146 181 5201 "erre
214 5145 405 5199 locum
431 5141 649 5210 jubeat,
679 5139 852 5196 satius
880 5139 1029 5212 quod
1057 5138 1223 5194 credo
1245 5154 1469 5212 negare.

33 5240 191 5302 luam
222 5235 524 5292 Dominum
555 5232 876 5304 fontemque
905 5246 1128 5285 manere
1157 5227 1649 5293 fatentibusillum,

33 5330 189 5385 ‘es‘is
206 5326 465 5382 Christus
493 5323 650 5379 adest
678 5322 852 5395 quod.
878 5321 991 5391 jam
1022 5319 1066 5375 si
1093 5318 1267 5374 libera
1298 5319 1518 5391 degam,

33 5419 356 5471 ianctorum
386 5412 611 5468 haerebo
634 5410 872 5483 pedibus
897 5424 1198 5480 curamque
1221 5407 1436 5479 piorum

33 5506 195 5562 lente
224 5503 389 5559 velut
423 5500 564 5573 αωρὶ
599 5499 752 5575 vigili
782 5514 1042 5553 exercere
1074 5497 1345 5553 laborem.
1381 5516 1406 5548 π

33 5597 307 5653 lescribit
340 5594 601 5666 precibus
629 5592 765 5648 fusis
784 5590 1076 5648 confessor
1097 5592 1165 5645 ad
1198 5591 1299 5644 ista
1333 5607 1344 5643 :

33 5683 524 5757 .Turbinibustibi
551 5682 761 5737 nutanti
787 5681 1088 5753 mundique
1112 5679 1369 5752 procellis

33 5779 298 5835 idveniet
339 5791 577 5847 prepare
600 5774 859 5848 gradiens
895 5790 1064 5846 super
1108 5788 1332 5845 aequora
1361 5773 1651 5836 Christus;

1771 2587 1832 2642 Et
1861 2587 1972 2642 fera
2001 2587 2255 2664 belligeri
2278 2588 2433 2644 fauce
2466 2590 2633 2645 incita
2665 2590 2839 2646 ﬂabra
2856 2590 3116 2647 draconis

1769 2680 1886 2735 Uno
1917 2682 2179 2752 praecepti
2211 2682 2474 2752 reprimet
2512 2699 2768 2739 sermone
2789 2684 2973 2739 relisa.

1769 2769 1931 2845 Ergo,
1960 2771 2129 2825 maris
2153 2772 2304 2826 velut
2335 2772 2390 2827 in
2423 2773 2631 2840 medio,
2658 2773 2928 2844 patienter
2951 2774 3189 2829 adorans

1764 2861 2002 2933 Expecta
2042 2863 2335 2920 Dominum
2375 2881 2500 2920 cum
2533 2873 2725 2922 sancto
2752 2874 2937 2922 mente
2971 2868 3263 2938 prepheta,

1763 2951 2115 3007 Proclamans
2148 2971 2162 3009 :
2195 2955 2329 3026 quid
2357 2971 2448 3010 me
2483 2955 2711 3011 turbans
2739 2956 2923 3010 anima
2954 2972 3098 3029 aegra
3142 2956 3338 3027 fatigas
3364 2959 3389 3011 ?

1762 3043 1895 3098 Fide
1919 3052 2010 3100 tuo
2039 3044 2092 3100 in
2126 3046 2380 3114 Domino,
2415 3063 2621 3119 nempe
2669 3047 2850 3119 ipsum
2898 3064 3091 3117 pressa
3122 3049 3340 3105 fatebor
3370 3068 3382 3106 :

1761 3135 1883 3206 Ipse
1916 3137 2021 3192 mei
2056 3139 2322 3208 praeclara
2352 3139 2523 3206 salus,
2548 3140 2796 3211 etgloria
2826 3139 3028 3193 vultus.

1758 3225 1999 3282 Muneris
2034 3227 2262 3282 aetherei
2288 3227 2579 3301 geminum
2601 3226 2993 3296 amplexabere
3018 3226 3228 3282 donum
3261 3245 3276 3283 :

1755 3317 1886 3371 Cum
1921 3315 2019 3371 tibi
2042 3314 2342 3369 reddentur
2381 3322 2616 3379 terrena,
2648 3330 2889 3384 superna
2926 3313 3207 3382 ferentur;

1759 3409 2003 3481 Namque
2036 3408 2160 3463 ideo
2193 3406 2458 3463 Dominus
2487 3407 2715 3480 longum
2770 3406 2918 3463 bona
2958 3408 3226 3478 protrahit
3253 3411 3390 3471 alta,

1758 3497 1836 3552 Ne
1864 3498 1936 3551 sit
1955 3496 2064 3553 vile
2085 3495 2233 3567 quod
2258 3495 2520 3567 impertit,
2549 3496 2658 3550 cita
2690 3512 2798 3550 neu
2830 3496 2956 3550 data
2986 3496 3227 3570 migrent
3260 3516 3276 3564 ;

1759 3589 1869 3644 Nec
1884 3574 2135 3652 turbere,
2156 3588 2263 3660 piis
2290 3587 2441 3660 quod
2480 3587 2760 3660 quondam
2788 3588 3026 3643 adversa
3052 3599 3381 3661 sequantur,

1760 3681 1853 3735 His
1882 3680 2142 3754 equidem
2163 3696 2344 3753 neque
2369 3679 2649 3750 deciperis
2679 3679 2812 3751 quin
2848 3677 2953 3733 fixa
2985 3681 3258 3748 probaris.

1762 3773 1912 3829 Haud
1943 3772 2042 3828 tibi
2085 3789 2185 3845 per
2215 3772 2498 3829 hominem
2532 3780 2749 3827 constat
2777 3772 3031 3853 defensio
3064 3780 3222 3830 tuta:

1685 3844 1735 3909 (ἶ
1759 3865 1890 3920 Nam
1923 3844 2253 3920 maledictus
2275 3865 2442 3921 homo
2472 3863 2528 3919 in
2549 3864 2847 3920 hominem
2867 3847 3029 3936 spem
3050 3881 3261 3936 ponere
3294 3866 3386 3922 ni-

3148 3960 3317 4031 [tens,

1759 4048 1821 4102 Et
1859 4046 2186 4103 benedictus
2242 4046 2410 4102 homo
2455 4045 2511 4101 in
2546 4045 2776 4101 Domino
2820 4060 2974 4117 spem
3022 4047 3189 4122 ﬁgere
3244 4065 3383 4121 gau-

3136 4141 3314 4212 [deus

1764 4231 2011 4302 Denique
2041 4238 2236 4287 cuncta
2259 4247 2393 4287 cave
2422 4230 2576 4306 vigili
2598 4229 2919 4302 peccamina
2947 4238 3156 4287 mente.

1763 4322 1958 4378 Christi
1972 4323 2124 4394 jussa
2162 4330 2341 4389 tenes,
2363 4322 2486 4393 ejus
2504 4324 2701 4379 solatia
2729 4339 2936 4396 quaere,

1759 4412 1863 4468 Ille
1882 4412 1993 4468 cito
2014 4412 2247 4485 aspiciet
2268 4413 2470 4484 placito
2487 4412 2593 4468 sibi
2620 4422 2728 4467 tem
2737 4427 2872 4485 pore
2895 4426 3108 4478 versus,

1761 4504 1886 4559 l’ost
1914 4504 2092 4559 noctis
2122 4504 2383 4560 tenebras
2413 4503 2667 4559 florentia
2692 4502 2901 4558 lumina
2940 4518 3199 4557 cernens.

1756 4599 1883 4655 Post
1913 4599 2112 4654 hiemis
2129 4600 2385 4674 glaciem,
2421 4600 2607 4655 Boreze
2636 4608 2759 4669 post
2780 4598 2953 4673 frigus
2977 4600 3255 4665 abactum,

1755 4693 1930 4746 Aurea
1960 4707 2125 4744 verna
2158 4690 2257 4745 tibi
2290 4690 2514 4757 cedent,
2545 4688 2891 4760 spirantibus
2920 4690 3121 4745 austris
3153 4707 3166 4743 :

1754 4778 1885 4833 Tum
1910 4778 2115 4849 pressis
2132 4778 2235 4833 sub
2263 4793 2449 4833 amore
2480 4779 2575 4835 Dei
2624 4777 2916 4850 prmsentia
2938 4778 3194 4850 praebens

1761 4865 2149 4937 Nexorumque
2179 4866 2367 4922 levans
2394 4865 2667 4922 solamine
2695 4865 2913 4920 vincula
2943 4864 3169 4930 blando,

1759 4957 1993 5012 Siderea
2021 4957 2263 5029 accipies
2293 4965 2348 5013 et
2379 4955 2489 5013 fine
2519 4957 2765 5014 carentia
2793 4956 2959 5012 dona.
2997 4977 3017 5006 ι

1757 5049 1930 5127 Erigit
1955 5048 2042 5103 his
2067 5049 2316 5106 animum
2346 5050 2582 5124 caligine
2609 5050 2794 5106 clausa
2821 5049 3031 5122 virago,

1757 5137 1963 5194 Lumen
1997 5144 2054 5192 ut
2079 5138 2314 5194 interius
2345 5148 2627 5212 nequeant
2656 5137 2871 5194 fuscarc
2899 5134 3143 5191 tenebrae
3179 5151 3193 5189 :

1756 5232 1968 5288 Fortior
2004 5238 2059 5287 at
2085 5234 2256 5303 pollet
2279 5234 2570 5304 pressaris,
2592 5233 2798 5308 g-tudet
2825 5245 3031 5304 agone,

1754 5321 1981 5397 Angitur
2009 5321 2204 5377 infelix
2227 5322 2434 5390 socius,
2466 5325 2817 5394 cumulatque
2840 5320 3080 5376 furorem
3115 5338 3133 5388 ;

1753 5418 1948 5473 Atterit
1972 5417 2261 5474 obsessam
2293 5425 2540 5490 potaque
2565 5417 2805 5491 ciboque
2835 5426 3038 5490 negato
3070 5435 3087 5485 ;

1755 5512 1849 5566 Vix
1873 5512 2145 5582 impendit
2165 5528 2387 5584 aquam,
2411 5520 2756 5583 consumptae
2786 5520 2846 5567 ut
2864 5520 3042 5567 morte
3065 5512 3274 5587 jugalis

1755 5599 2006 5655 Liberius
2032 5600 2350 5655 dominetur
2370 5615 2541 5671 apum
2561 5616 2701 5673 quas
2726 5600 2945 5656 deserat
2975 5600 3088 5657 illa.

1754 5696 1883 5761 Quae
1905 5695 2076 5767 recipi
2108 5712 2168 5751 se
2192 5695 2306 5764 jam
2338 5711 2573 5767 sperans
2595 5697 2713 5752 haec
2748 5712 2872 5753 ossa
2903 5695 3113 5771 relegat

1757 5787 2095 5846 Consolatori
2127 5806 2140 5843 :
2178 5813 2201 5836 ιι
2227 5788 2374 5845 Finis
2400 5788 2538 5845 mihi
2567 5804 2817 5862 corporis
2844 5788 3009 5845 instat
3037 5806 3051 5844 :
