3890 6404
421 374 527 428 ’7Ξ3

1178 368 1552 424 FLODOARDI
1593 365 1897 423 CANONICI
1943 363 2276 421 BEMENSIS
2318 365 2657 423 OPUSCULA
2696 365 3003 424 METRICA.

3685 369 3793 423 724

424 506 550 561 Esto
579 518 795 559 memor
820 501 1016 569 nostri,
1045 500 1291 557 tenebris
1318 500 1559 556 animam
1601 498 1984 575 egredientem
2079 503 2132 569 Α
2160 497 2255 553 Ille
2293 497 2481 555 ferens
2508 497 2680 555 sacris
2708 498 2895 554 divina
2912 498 3198 555 sororibus
3225 515 3352 556 orsa

428 600 551 669 Ipse
582 602 642 651 ut
673 594 940 664 suscipiat
967 593 1146 664 patior
1175 606 1273 663 pro
1295 592 1455 661 cujus
1484 607 1673 647 amore

428 689 599 758 Hujus
621 703 761 743 anus
789 686 920 742 inici
953 686 1115 741 nobis
1144 702 1266 758 quae
1292 685 1530 758 coaperis
1556 700 1674 740 ore.
1774 716 1775 719 η

430 780 527 835 Ille
556 777 660 833 sub
691 777 812 832 haec
842 793 854 829 :
891 796 912 825 ι
948 775 1150 829 Lucem
1208 790 1434 846 semper
1480 773 1806 846 progredior
1843 770 2057 828 umbris

430 873 653 928 Constat
680 876 735 925 et
763 874 966 941 aegroto
1000 867 1212 922 licitum
1252 872 1578 938 exspectare
1608 866 1841 921 salutem
1870 882 1886 932 ;

430 962 604 1016 Vitam
636 966 760 1031 post
786 964 1020 1013 mortem
1048 975 1061 1011 :
1088 957 1169 1012 sic
1198 972 1311 1012 uno
1340 956 1449 1011 fine
1474 955 1734 1011 fatiscunt

432 1051 626 1107 Omnia
655 1046 921 1103 mundani
950 1047 1034 1101 vel
1060 1046 1181 1101 laeta
1211 1046 1298 1102 vel
1326 1062 1525 1117 aspera
1554 1062 1770 1115 cursus,

434 1145 551 1210 Quo
571 1143 644 1198 sit
672 1157 801 1213 spes
830 1142 1042 1197 maestis
1073 1142 1329 1214 dcsitque
1358 1140 1619 1214 superbia
1657 1140 1820 1208 laetis,

434 1235 720 1291 Velificant
737 1249 849 1290 uno
869 1240 1071 1290 nostrae
1093 1241 1267 1290 vectae
1288 1249 1509 1305 aequore
1537 1232 1772 1305 cymbae,

437 1326 666 1400 Remige
687 1324 769 1379 sic
796 1338 907 1378 uno
939 1322 1154 1378 cunctis
1184 1322 1355 1378 corda
1384 1329 1509 1377 acta
1539 1321 1813 1377 feruntur.

439 1416 537 1471 Hic
575 1413 732 1469 ﬁrma
763 1428 919 1468 nexa
937 1412 1193 1484 quaedam
1223 1427 1491 1487 compage
1523 1411 1723 1467 carinae

438 1508 679 1564 Turbine
711 1507 939 1578 pulsata;
968 1512 1234 1576 superant
1264 1504 1405 1561 vada
1442 1504 1661 1560 concita
1683 1502 1839 1574 ponti
1872 1521 1887 1569 ;

439 1597 731 1654 Nonnullis
747 1595 984 1653 trabium
1008 1596 1150 1650 male
1171 1595 1367 1667 capula
1391 1594 1583 1664 juncta
1613 1593 1857 1666 phaselis

439 1691 758 1764 Tranquillo
792 1689 1094 1744 admissum
1122 1687 1277 1742 rimis
1308 1687 1452 1758 parit
1478 1702 1702 1759 aequore
1746 1691 1996 1758 pontum,

445 1785 507 1839 Et
527 1784 639 1839 cito
671 1782 997 1853 dispereunt
1026 1778 1290 1835 tricantes
1330 1793 1582 1850 quaerere
1622 1784 1862 1849 portum.

442 1876 536 1929 Ast
563 1873 766 1928 animis
782 1881 861 1936 tu,
891 1885 1059 1925 verna
1094 1868 1192 1924 Dei
1223 1869 1404 1924 crucis
1436 1868 1815 1939 indctroptea,

445 1970 653 2037 Aptans
681 1973 733 2019 te
775 1961 1029 2030 Domino,
1059 1976 1171 2032 quo
1201 1969 1494 2032 postquam
1526 1966 1651 2015 vota
1680 1958 1897 2014 subibis

445 2057 684 2129 Martyrii
713 2056 986 2111 scandens
1013 2054 1213 2125 palma
1231 2069 1356 2108 cum
1369 2052 1612 2109 culmine
1638 2053 1707 2107 ad
1738 2053 1938 2123 ipsum.
1971 2075 1994 2102 ι

447 2149 557 2203 Nec
584 2163 737 2202 mora
761 2146 977 2219 legatus
1006 2144 1321 2218 peregrinis
1348 2143 1582 2200 Publius
1601 2144 1715 2199 oris

448 2234 629 2302 Efﬂat,
657 2244 712 2290 et
750 2233 1027 2309 egelidum
1052 2239 1341 2289 revocatur
1366 2248 1568 2304 corpus
1590 2233 1647 2287 in
1674 2231 1871 2288 urbem

450 2330 733 2404 Conjugis.
776 2330 887 2385 Hoc
914 2329 1033 2385 viso
1065 2329 1325 2385 custodes
1358 2328 1548 2383 limina
1576 2327 1838 2399 linquunt

450 2418 866 2493 Diﬁ‘ugiuntque
900 2437 914 2484 ;
949 2418 1179 2490 probum
1214 2424 1329 2473 tuta
1347 2418 1633 2473 Anastasia
1660 2423 1841 2474 vatem

455 2517 669 2588 Expetit
689 2532 954 2571 enarrans
979 2515 1359 2586 lacrymasque
1386 2523 1441 2569 et.
1469 2514 1673 2589 gaudia
1701 2514 1949 2568 miscens

454 2610 595 2673 Quid
626 2608 851 2674 factum,
886 2607 977 2679 pia
1003 2607 1339 2680 contingerit
1369 2606 1591 2662 oracula
1622 2620 1909 2677 quorsum.

456 2698 651 2752 Libera
680 2697 760 2752 sic
795 2696 994 2751 vinclis
1019 2696 1330 2752 vinctorum
1356 2695 1571 2749 servula
1612 2693 1808 2748 Christi

457 2791 636 2846 Enitet
665 2805 952 2845 asservans
978 2788 1274 2863 ergastula,
1300 2795 1426 2844 vota
1456 2787 1795 2843 ministrans.

458 2882 672 2936 Arbiter
694 2880 752 2935 in
782 2888 1006 2935 sanctos
1037 2880 1203 2949 hujus
1229 2888 1340 2934 tam
1357 2879 1532 2950 pestis
1552 2878 1768 2933 acerbae

456 2973 725 3029 Mactabat
756 2979 923 3028 testes
953 2972 1213 3043 aquilinie
1243 2971 1298 3025 in
1332 2971 1582 3044 partibus
1610 2971 1739 3045 agni
1768 2989 1784 3037 ;

458 3066 571 3121 Nec
600 3065 733 3121 satis
761 3071 845 3119 est
874 3064 1022 3119 lanio
1047 3070 1382 3134 praesentum
1406 3063 1678 3136 sanguine
1709 3061 1868 3136 tingi.

460 3154 738 3208 Romanos
777 3167 941 3206 enses
962 3150 1131 3205 latum
1159 3151 1291 3221 quin
1314 3150 1524 3225 spargit
1542 3151 1597 3204 in
1628 3149 1822 3206 orbem
1855 3169 1871 3215 ;

462 3241 787 3297 Carceribus
804 3246 985 3295 servat
1010 3255 1150 3312 quos
1180 3238 1508 3311 praefectura
1534 3256 1634 3310 per
1653 3238 1850 3294 urbem

462 3337 589 3392 Diro
621 3335 848 3391 mandat
889 3335 978 3409 agi
1015 3334 1240 3409 gladio;
1272 3333 1378 3388 sibi
1407 3334 1616 3389 mittier
1641 3334 1844 3388 almum

464 3428 875 3501 Chrysogonum
901 3443 916 3491 ;
948 3425 1202 3496 sequitur
1229 3432 1357 3480 voto
1386 3425 1570 3499 gravis
1601 3440 1710 3480 aere
1738 3423 2017 3491 ministra,

463 3516 748 3591 Largaquc
778 3514 1049 3569 devinctis
1089 3514 1251 3568 etiam
1288 3512 1376 3568 hic
1413 3514 1686 3568 solamina
1716 3513 1948 3584 praebet,

465 3607 717 3679 Denique
749 3606 1134 3682 Chrysogonus
1162 3606 1465 3680 grassantis
1490 3605 1547 3659 in
1573 3621 1667 3661 ora
1698 3605 1959 3661 draconis

469 3701 790 3768 Perductus,
824 3699 1031 3771 petitur
1058 3698 1293 3770 laqueis,
1326 3696 1678 3769 quatiturque
1704 3697 1969 3752 secundis

471 3789 763 3854 Suadetur,
792 3789 879 3843 vel
914 3788 1235 3860 praefectus,
1258 3787 1345 3844 vel
1376 3786 1569 3842 consul
1600 3786 1794 3841 adoret

468 3878 706 3934 Numina
733 3877 1112 3944 Romulidum,
1145 3892 1255 3931 neu
1282 3883 1509 3946 spernat
1529 3889 1684 3929 sacra
1716 3882 2025 3944 parentum.

475 3994 499 4017 ‹‹
546 3969 723 4024 Unum
753 3967 851 4037 (ait
877 3967 985 4026 illcl
1018 3967 1191 4021 Deum
1225 3974 1551 4020 veneratum
1581 3963 1991 4029 mentisadoro,

473 4061 647 4117 Corde
670 4061 792 4116 colo
824 4059 1047 4130 suplici,
1082 4059 1316 4114 sinceris
1346 4072 1657 4129 prosequor
1686 4057 1843 4112 actis.

469 4154 788 4209 Vestrorum
819 4152 1114 4206 simulacra
1145 4151 1311 4206 deum
1342 4165 1463 4222 quae
1480 4164 1621 4204 vana
1651 4148 1958 4220 probantur

477 4247 670 4317 Utpote
700 4243 1039 4299 dmmonicas
1065 4249 1434 4297 contemnens
1453 4255 1683 4296 exsecro
1707 4240 1917 4296 thecas.

477 4340 702 4395 Famine
730 4354 839 4410 quo
869 4337 1123 4410 pandens
1155 4336 1324 4391 animi
1357 4335 1735 4406 insuperabile
1765 4336 1956 4402 robur,

472 4431 752 4487 Terminat
771 4430 1072 4506 egregiam,
1105 4429 1364 4484 desectus
1387 4428 1548 4491 colla,
1588 4428 1918 4498 palaestram,

478 4520 721 4575 Membra
745 4518 1033 4574 salutifero
1070 4517 1293 4589 populis
1309 4533 1381 4572 ne
1405 4517 1530 4586 jure
1555 4517 1816 4583 niterent,

479 4612 670 4666 Livore
701 4610 973 4680 aequoreis
1002 4609 1259 4665 demersa
1284 4609 1541 4677 lavantur
1566 4608 1622 4662 in
1654 4608 1839 4663 undis.
1894 4639 1905 4649 -

479 4708 541 4762 At
566 4722 677 4762 non
708 4705 898 4760 nereio
922 4710 1261 4777 praesumpta
1289 4696 1565 4761 vorantur'
1581 4702 1733 4759 hiatu

480 4797 599 4852 Non
628 4795 696 4851 ad
720 4804 943 4867 portum
965 4796 1159 4863 hostis,
1185 4795 1271 4850 vel
1302 4795 1580 4867 inhOSpita
1605 4794 1809 4859 littora,
1842 4794 1968 4848 laeta

483 4889 804 4941 Sanctarum
822 4877 894 4940 ad
920 4885 1093 4940 saltus
1123 4884 1355 4940 veniunt
1378 4883 1560 4958 legata
1581 4898 1856 4950 sororum,

485 4975 724 5047 Cyoniae,
754 4975 1018 5048 Hyrenes,
1049 4975 1394 5048 Agapesque,
1425 4990 1597 5030 senex
1629 4974 1724 5029 ubi
1751 4974 1934 5043 justus

486 5070 759 5126 Conderet
798 5070 917 5125 hzec
943 5068 1125 5123 Zoilus
1146 5077 1298 5124 casto
1326 5068 1599 5123 servanda
1629 5067 1819 5123 cubili.

489 5160 757 5217 Panditur
784 5161 914 5216 inde
928 5161 1047 5216 seni
1072 5178 1181 5233 qua
1210 5160 1280 5215 sit
1310 5166 1474 5230 caput
1501 5174 1728 5231 aequore
1761 5163 2001 5223 vectum,

490 5254 894 5325 lnventumquc
923 5253 1303 5309 velutsectum
1329 5268 1453 5308 mox
1484 5252 1638 5307 crede
1669 5250 1878 5307 recenti

494 5338 784 5414 Deligitur,
817 5342 1151 5414 propriaque
1181 5357 1348 5412 super
1375 5341 1593 5397 cervice
1617 5340 1848 5396 locatur.

494 5431 636 5485 Pace
664 5427 853 5483 fruens
884 5438 1086 5502 martyr
1112 5445 1426 5503 superaque
1455 5431 1513 5484 in
1544 5431 1667 5485 luce
1699 5429 1917 5496 beatus,

494 5523 620 5593 ipse
650 5519 737 5573 sui
766 5523 1036 5577 curatoris
1065 5539 1278 5579 memor
1306 5538 1427 5580 esse
1449 5522 1711 5593 probatur
1739 5537 1753 5587 ;

494 5616 895 5684 Apparensque
933 5615 1051 5667 seni
1084 5616 1352 5670 dictarum
1378 5614 1528 5669 bella
1563 5627 1812 5669 sororum

489 5706 610 5761 Jam
648 5701 936 5769 patranda,
970 5706 1186 5779 piaeque
1213 5709 1376 5764 docet
1401 5709 1650 5764 solamen
1682 5707 1918 5761 alumna:

494 5794 655 5848 Hunc
685 5795 965 5856 sumptum
998 5793 1076 5849 ire
1106 5796 1291 5851 datam
1316 5804 1631 5853 sanctorum
1662 5796 1795 5852 sede
1850 5793 2118 5867 quietem.

2094 1825 2146 1892 Β

2156 588 2259 643 Ter
2284 589 2502 645 decimo
2530 590 2849 661 explicitum
2881 590 3034 645 testis
3064 597 3191 661 post
3218 591 3337 647 sole
3368 592 3727 665 triumphum

2157 682 2313 737 Celsa
2333 682 2439 737 sibi
2469 682 2689 738 scandit
2718 683 3026 754 penetralia
3054 692 3295 753 martyre
3316 691 3497 754 parta,

2158 773 2411 850 Pignoris
2441 775 2642 830 eximia
2674 774 2799 830 lecti
2823 774 3082 830 mercede
3113 781 3356 846 recepta.

2157 864 2295 919 Hinc
2324 864 2378 918 in
2397 864 2689 936 praedictas
2717 871 3000 937 grassante
3030 864 3245 919 latrone
3278 878 3521 933 sorores,

2159 959 2225 1015 Ut
2264 960 2369 1014 sibi
2394 958 2497 1014 fert
2515 960 2756 1028 jussum,
2780 974 2890 1015 non
2922 959 3129 1015 deserit
3154 959 3301 1015 alma
3325 958 3590 1014 ministra

2161 1051 2391 1107 Carcere
2418 1051 2672 1105 detrusas
2699 1050 2983 1105 Anastasia
3002 1049 3251 1116 sodales,

2165 1143 2503 1214 lmpendens
2526 1142 2812 1218 geminum
2843 1141 3067 1213 pietatis
3099 1155 3329 1197 munere
3349 1141 3580 1196 victum.

2166 1236 2277 1291 Nec
2307 1236 2492 1290 minus
2523 1234 3074 1309 indignosrebusque
3111 1233 3345 1305 foroque
3373 1231 3658 1304 repulsos,

2168 1325 2403 1380 Nomine
2432 1325 2686 1395 sydereo,
2718 1323 2932 1399 gremio
2953 1323 3238 1398 genitricis
3267 1322 3497 1393 ad0ptat
3522 1338 3537 1375 :

2170 1411 2363 1466 Omnia
2401 1412 2635 1468 sollicite
2666 1429 2889 1478 curans,
2924 1411 3257 1490 patrimonia
3277 1410 3419 1467 coelo

2172 1505 2421 1562 Condere
2453 1505 2786 1577 deposcens,
2814 1505 2959 1561 votis
2988 1520 3270 1576 operaque
3310 1502 3595 1567 laborans,

2171 1599 2247 1653 Ne
2277 1615 2385 1670 qua
2416 1597 2587 1653 latere
2617 1599 2762 1652 sinat
2791 1598 2952 1652 terris
2981 1613 3105 1669 quae
3137 1603 3359 1652 voverat
3387 1595 3585 1659 astris;

2173 1688 2542 1744 Grassatorem
2574 1687 2777 1743 etenim
2810 1686 3063 1758 sequitur
3091 1686 3186 1758 qui
3214 1693 3397 1757 strage
3436 1684 3667 1756 piorum

2174 1780 2339 1835 Ardet
2368 1779 2574 1851 ubique
2607 1777 2712 1833 loci
2740 1785 2922 1833 vastas
2948 1775 3235 1831 effundere
3261 1775 3443 1830 caedes

2176 1876 2249 1929 Ac
2277 1859 2428 1931 velut
2460 1874 2888 1945 haudquaquam
2911 1871 3091 1928 valeat
3111 1869 3359 1942 reperire
3379 1868 3671 1923 necandos

2177 1972 2292 2037 Qua
2317 1969 2534 2043 pergit;
2577 1969 2799 2023 ductare
2824 1967 3010 2022 studet
3034 1965 3136 2021 sub
3167 1964 3349 2019 vincla
3379 1967 3662 2032 repertos,

2177 2061 2322 2125 Quos
2350 2058 2495 2113 inter
2523 2057 2805 2112 Macedum
2836 2056 3010 2111 dictas
3038 2053 3294 2126 perducit
3323 2052 3392 2107 ad
3418 2050 3598 2107 urbes

2178 2148 2480 2203 Germanas
2510 2146 2664 2201 nullo
2695 2146 2898 2201 sudore
2927 2144 3138 2199 abtrice
3168 2142 3466 2212 dirempta,

2179 2239 2308 2305 Quae
2340 2238 2487 2294 celso
2515 2245 2743 2309 superat
2772 2236 2938 2293 corde
2967 2249 3233 2306 scruposa
3271 2232 3483 2286 viarum

2178 2332 2462 2402 Quamque
2485 2346 2761 2401 supernus
2790 2343 2945 2384 amor
2976 2342 3074 2398 per
3090 2325 3247 2389 dura,
3274 2337 3373 2394 per
3399 2320 3577 2375 ardua
3594 2319 3749 2374 tollit

2178 2421 2475 2476 Pharsaliae
2506 2434 2765 2491 quaerens
2790 2424 2950 2489 aptos
2980 2416 3050 2470 ad
3081 2414 3203 2469 dira
3231 2412 3520 2467 ministros
3553 2428 3570 2477 ;

2176 2510 2318 2565 Trux
2347 2511 2435 2566 leo
2461 2509 2717 2565 victrices
2746 2506 2890 2578 rapit
2916 2506 3023 2560 huc
3059 2504 3127 2559 ad
3158 2518 3304 2558 saeva
3321 2516 3567 2583 sorores,

2183 2604 2326 2666 Quas
2354 2601 2445 2673 pia
2472 2598 2697 2655 solatrix
2727 2612 2882 2652 acres
2912 2610 3023 2651 non
3050 2594 3196 2649 inter
3222 2608 3435 2668 agones

2183 2690 2418 2756 Deserit,
2454 2688 2599 2743 haud
2631 2692 2837 2741 mactas
2865 2690 2989 2756 post
3012 2683 3158 2739 clara
3188 2690 3393 2753 tropaea
3422 2680 3703 2752 relinquit
3736 2700 3750 2751 ;
3797 2718 3803 2724 ε

2186 2785 2388 2857 Hisque
2425 2789 2761 2838 aeternorum
2792 2777 2987 2833 festiva
3017 2774 3219 2848 palatia
3248 2772 3427 2829 nactis

2188 2863 2526 2951 Regnorum,
2561 2872 2741 2927 meriti
2770 2872 2961 2927 thecas
2983 2867 3134 2925 cultu
3165 2874 3324 2922 ornat
3351 2864 3604 2920 honoris.

2190 2971 2364 3039 Hujus
2385 2985 2485 3040 per
2512 2966 2717 3021 multos
2736 2962 2954 3036 superis
2983 2961 3163 3033 legata
3187 2958 3441 3029 supellex

2192 3064 2324 3117 Dum
2356 3060 2527 3131 pollet
2547 3058 2711 3113 celsis
2732 3058 2845 3127 jam
2877 3051 3305 3125 centuplicanda
3337 3047 3565 3104 talentis

2194 3154 2259 3208 In
2284 3154 2441 3210 terris
2465 3167 2670 3226 augere
2699 3150 2931 3216 bonum,
2965 3146 3189 3219 pietatis
3210 3150 3421 3198 amator

2194 3250 2310 3304 Non
2341 3246 2521 3302 renuit
2541 3244 2763 3317 gemina
2794 3244 2936 3297 hanc
2964 3246 3233 3312 praestans
3290 3238 3529 3293 retinere
3569 3237 3820 3297 lucerna,

2194 3344 2329 3398 Dum
2353 3340 2515 3412 parili
2533 3338 2717 3412 jungit
2751 3335 3093 3392 Theodotem
3125 3334 3247 3389 luce
3284 3333 3610 3387 micantem.

2195 3434 2454 3491 Hostibus
2486 3433 2602 3486 haec
2625 3430 2846 3485 addicta
2872 3445 3035 3502 sagax
3067 3427 3497 3496 evaderefcurat,

2196 3522 2478 3589 Mundani,
2512 3521 2653 3576 saltu
2685 3527 2829 3575 astra
2849 3528 3070 3590 petens,
3104 3514 3452 3588 laqueamina
3480 3513 3641 3579 retis,

2195 3614 2517 3685 Zelantiquc
2551 3618 2716 3684 proCo
2748 3611 2857 3665 sibi
2886 3608 3073 3665 debita
3102 3608 3309 3680 praedia
3337 3607 3624 3678 linquens,

2197 3707 2444 3763 Nectitur
2462 3706 2718 3761 agthereaa
2751 3702 2936 3758 studio
2968 3701 3275 3757 exercenda
3306 3700 3587 3773 magistra:

2200 3799 2467 3868 Quaelibet
2497 3804 2622 3868 apta
2652 3796 2768 3852 foro
2798 3796 3020 3851 discens
3048 3793 3371 3865 impendere
3399 3792 3567 3848 coelo.

2206 3895 2329 3949 Haec
2357 3891 2542 3949 omnis
2569 3905 2700 3946 cura
2731 3889 3020 3954 ambabus,
3053 3887 3171 3941 haec
3196 3886 3316 3940 sola
3345 3883 3574 3954 cupido,

2206 3984 2404 4039 Matres
2433 3988 2494 4035 ut
2518 3979 2741 4055 genitis,
2762 3978 2957 4034 solatia
2977 3976 3220 4048 pendere
3234 3972 3465 4042 sanctis,

2198 4075 2519 4133 Subsidium
2548 4072 2687 4128 ferre
2715 4070 2978 4145 indignis,
3003 4068 3132 4123 dare
3155 4066 3353 4123 robora
3375 4065 3537 4130 tritis,

2201 4164 2521 4221 Praesidium
2555 4161 2793 4234 pavidis,
2829 4157 3086 4232 suffragia
3117 4156 3335 4211 tradere
3362 4152 3600 4219 maestis,

2120 4245 2124 4248 ’
2204 4256 2349 4310 Latis
2375 4252 2515 4309 ccelo
2546 4250 2765 4322 opibus,
2792 4247 3074 4319 raptisque
3097 4244 3165 4299 ad
3190 4243 3376 4321 sidera
3397 4241 3591 4312 justis.

2204 4346 2471 4414 Quaesitos
2500 4343 2662 4400 solito
2693 4342 2930 4396 lustrans
2957 4335 3235 4410 ergastula
3273 4342 3470 4402 mater,
3527 4367 3539 4376 ο

2202 4442 2340 4496 Dum
2368 4435 2565 4509 probat
2595 4434 2860 4492 emeritos
2886 4429 3170 4486 Anastasia
3189 4427 3481 4503 migrasse,

2208 4535 2278 4589 Se
2304 4530 2561 4603 lacrymis
2592 4527 2894 4583 desolatam
2925 4520 3133 4577 solatur
3160 4518 3371 4578 amicis.

2210 4624 2338 4689 Quae
2367 4622 2499 4676 ﬂetu
2529 4617 2751 4673 madida
2788 4629 2884 4670 ora
2914 4612 3099 4685 rigans
3128 4623 3289 4663 secus
3319 4612 3477 4661 antra
3505 4612 3738 4676 reperta

2212 4714 2491 4785 lntrepido
2525 4710 2794 4765 Christum
2825 4707 2949 4760 nisu
2978 4702 3109 4775 quia
3131 4700 3274 4755 fassa
3308 4696 3549 4773 roganti,

2210 4806 2460 4861 Traditur
2500 4800 2699 4872 Illyrici
2726 4797 2928 4867 stipato
2950 4794 3073 4863 jurc
3099 4789 3304 4846 forensi

2212 4897 2496 4962 Praefecto,
2526 4893 2845 4962 scitansque
2877 4888 3065 4942 datum
3104 4880 3472 4938 nihilominus
3500 4877 3597 4933 ille

2213 4987 2423 5059 Accipit
2451 4983 2733 5059 egregium
2751 4990 2946 5036 tenero
2978 4977 3080 5033 sub
3113 4982 3337 5047 pectore
3364 4970 3538 5026 robur

2214 5075 2599 5146 Quaerentique
2628 5085 2829 5145 genus,
2857 5080 3190 5137 causamque
3222 5061 3475 5118 interrita
3505 5059 3744 5131 pandit:

2214 5173 2514 5236 Adventus,
2545 5169 2732 5223 Jesum
2764 5180 2931 5234 super
2959 5170 3106 5215 astra
3127 5158 3324 5213 sedere
3353 5152 3632 5226 profatur,

2218 5270 2664 5336 Praesentemque
2694 5261 2812 5318 solo
2830 5258 3039 5314 sanctis
3060 5253 3331 5311 solamina
3362 5250 3507 5306 ferre
3543 5267 3559 5316 ;

2218 5358 2329 5413 Nec
2359 5361 2525 5430 negat
2554 5353 2641 5408 his
2666 5368 2725 5407 se
2756 5346 3043 5404 sollicitam
3062 5341 3299 5398 servisse
3332 5338 3649 5393 ministram

2223 5447 2370 5512 Quos
2399 5426 2828 5515 impugnarunt:
2864 5432 3094 5505 trepidis
3124 5429 3343 5486 auxisse
3376 5426 3662 5501 vigorem,

2223 5539 2382 5591 Arma
2413 5535 2656 5599 dedisse,
2688 5530 2831 5585 viam
2865 5531 3223 5587 monstrasse,
3257 5520 3474 5574 levasse
3499 5517 3746 5574 laborem

2225 5631 2320 5685 His
2344 5645 2404 5684 se
2433 5628 2709 5683 desertam
2731 5622 3093 5696 queriturque
3132 5619 3362 5686 repente
3398 5611 3682 5677 relictam,

2226 5719 2436 5775 Arimula
2462 5716 2625 5774 cordi
2658 5714 2748 5786 pio
2780 5718 2905 5784 post
2926 5710 3025 5765 hos
3050 5706 3264 5763 fervore
3297 5702 3605 5769 ferentem,
