3890 6398
79 391 187 446 725

687 388 773 443 DE
813 385 1072 442 CHRISTI
1111 385 1472 440 TRIUMPHIS
1512 385 1684 440 APUD
1726 387 1993 442 ITALIAM
2035 388 2210 443 LIBRI
2251 388 2382 444 XIV.
2425 419 2492 428 —
2533 390 2811 446 LIB.'Vll.

3326 399 3432 454 726

82 519 296 592 flosque
324 517 483 592 sequi
512 517 794 590 cupidam,
837 516 969 572 hinc
997 523 1053 572 et
1090 523 1280 586 aperto
1308 515 1516 570 lumine
1558 532 1700 586 pau-
1731 522 1780 586 Α
1809 516 2056 572 Bebricia
2087 518 2300 573 interea
2325 518 2636 574 'I‘heodotes
2664 520 2800 577 urbe
2830 522 3038 592 petitor

1498 607 1631 678 [sam

51 719 54 721 λ
80 698 198 763 Quo
228 704 355 769 post
380 703 633 753 exactum
664 697 887 753 tandem
912 697 1144 770 vestigia
1164 712 1392 752 censum

80 791 204 861 Ipsa
233 791 667 861 triumphantum
697 789 763 844 ad
795 789 992 847 caelos.
1024 789 1112 849 vel
1142 805 1266 843 sera
1295 796 1594 860 sequatur;

77 881 438 954 Comperiens
474 881 677 937 claram
713 897 918 953 praeses
947 881 1241 955 gentisque
1273 887 1470 956 togatae

75 974 256 1044 Stirpe
285 981 481 1040 satam,
510 972 627 1047 regi
655 973 802 1028 ducit
836 973 1165 1044 depromere
1192 973 1419 1046 dignum

75 1064 144 1118 Se
176 1062 476 1134 praetextati
509 1063 762 1119 sobolem
794 1079 1012 1118 servare
1045 1063 1376 1134 prehensam

77 1152 419 1208 Christicolae
436 1158 588 1208 tanto
614 1157 782 1207 sexta:
803 1151 1106 1206 nodamine
1133 1159 1345 1222 captam

77 1241 311 1297 Nomine
342 1242 446 1297 sub
485 1240 708 1308 Christi,
734 1241 995 1316 jugulum
1018 1257 1140 1311 quae
1170 1241 1413 1312 pendere
1445 1241 1612 1295 malit.

74 1335 332 1406 Praecipit
359 1333 450 1388 ille
480 1333 660 1388 datam
701 1334 884 1389 studio
914 1333 1186 1387 servarier
1214 1333 1388 1398 omni,

71 1423 235 1478 Iussa
266 1431 462 1478 tenens
491 1422 626 1494 quid
657 1437 854 1476 censor
878 1428 1024 1495 agat.
1058 1437 1180 1492 quae
1211 1438 1442 1476 munera
1469 1430 1654 1494 ponat.

75 1511 325 1584 Exquirit
351 1511 638 1583 praefectus
665 1527 821 1583 opes,
852 1511 1180 1582 patrimonia
1203 1512 1412 1582 poscit;

71 1605 364 1676 Accipiens
391 1605 644 1675 impensa
676 1605 824 1674 polo,
867 1603 1130 1658 libamina
1149 1603 1372 1674 profert.

72 1698 284 1754 Probra
323 1698 494 1752 Deum
525 1697 774 1768 capiens,
807 1696 1004 1751 insana
1023 1696 1245 1752 oracula
1275 1704 1483 1762 censet,

73 1789 399 1843 Dementem
421 1787 655 1842 demens
685 1785 907 1848 vocitat,
942 1785 1138 1855 probat
1170 1785 1262 1862 illa
1294 1786 1608 1854 socordem,

71 1876 500 1948 Invalidumque
539 1875 726 1930 animo
753 1875 898 1929 veris
928 1889 1220 1929 secernere
1250 1874 1403 1929 falsa.

70 1975 326 2039 Quaestor
355 1974 502 2028 dicta
533 1973 698 2028 refert
726 1972 864 2046 regi,
899 1971 1027 2027 furit
1049 1972 1141 2026 ille
1173 1972 1464 2043 requirens

69 2061 246 2116 Milite
286 2077 396 2133 quo
436 2060 599 2115 ﬁxam
639 2067 885 2132 superet,
918 2061 1080 2132 queis
1111 2061 1339 2115 dimicet
1361 2061 1547 2127 armis,

70 2151 409 2206 Sacricolam
443 2149 708 2204 eximium
731 2150 960 2220 capiens
987 2165 1153 2204 uxore
1177 2157 1486 2214 vacantem,

68 2240 257 2296 Tradit
286 2240 416 2295 huic
453 2239 540 2294 vel
571 2238 942 2305 subdendam,
975 2237 1236 2310 fanoque,
1265 2239 1561 2310 thoroque,

72 2331 166 2386 Vel
189 2329 238 2384 si
271 2328 553 2396 restiterit,
583 2327 950 2403 subigendam
985 2327 1222 2382 tormine
1245 2327 1412 2383 letho.

74 2419 169 2473 Ille
192 2418 379 2473 datam
407 2417 658 2490 gaudens
677 2415 827 2472 varia
854 2416 908 2469 in
942 2415 1248 2486 penetralia
1277 2415 1449 2482 ducit,

72 2505 371 2560 Dissimilis
399 2506 613 2560 diversa
639 2519 872 2560 monens
903 2503 1222 2558 discrimina
1247 2503 1412 2559 belli:

73 2603 210 2656 Hinc
235 2601 502 2677 gladium,
532 2600 662 2656 hinc
686 2616 902 2667 aurum,
931 2615 1180 2672 gemmas
1207 2600 1356 2663 hinc,
1393 2600 1520 2655 inde
1547 2607 1699 2656 cata-

1462 2693 1592 2764 [stas
1613 2710 1626 2760 ;

69 2784 328 2840 Mollibus
364 2784 495 2839 hinc
525 2783 684 2839 cunis
720 2783 937 2858 argenti
967 2791 1135 2838 strata
1167 2783 1476 2856 refulgent;

69 2878 304 2952 Ignibus
324 2877 453 2932 inde
475 2875 605 2931 feris
632 2876 760 2931 ferri
794 2885 915 2931 usta
943 2877 1169 2952 grabata
1201 2877 1491 2942 renident;

69 2973 206 3028 Inde
237 2988 385 3044 penu
416 2972 656 3043 dapibus
685 2972 855 3027 nimia
880 2972 1024 3043 stipe
1055 2971 1170 3026 dite
1199 2971 1490 3038 refertum;

68 3067 205 3120 Inde
238 3080 407 3136 specu
437 3063 680 3119 tenebris
705 3064 972 3136 testisque
998 3063 1266 3118 horrescit
1287 3063 1483 3119 acutis.

68 3161 199 3222 Quae
226 3173 419 3212 verum
442 3155 620 3212 lutum
643 3156 800 3211 fortis
833 3163 1026 3211 testata
1055 3156 1267 3230 virago,

72 3245 310 3300 Cernere
339 3261 400 3300 se
429 3244 681 3300 cumulos
695 3245 995 3316 opulentos
1023 3251 1265 3300 stercora
1291 3244 1505 3314 ce'uset,

71 3338 275 3393 Ferrea
304 3337 486 3392 vincla
514 3336 627 3409 poli
658 3337 898 3410 pretiosa
929 3338 1158 3392 monilia
1189 3336 1358 3394 ducit.

72 3431 165 3485 Ille
200 3436 406 3502 putans
433 3431 612 3502 spatio
643 3447 674 3485 a
703 3431 860 3485 caelis
890 3431 956 3484 ad
989 3438 1170 3485 terrea
1203 3432 1365 3493 volvi,

71 3524 196 3578 Fert
229 3522 675 3578 triduuminvitw
697 3523 1059 3594 jamjamque
1089 3539 1334 3593 superna
1357 3524 1592 3588 tenenti,

70 3616 397 3689 Allegatque
424 3613 617 3669 decem
647 3631 807 3686 sagas
834 3622 1148 3684 pervertere
1179 3615 1366 3681 corda,

70 3703 406 3760 lndomitam
435 3703 585 3758 visco
610 3703 891 3774 laqueisve
922 3703 1090 3778 ligare
1123 3703 1456 3758 columbam.

72 3794 224 3849 Hanc
254 3793 362 3850 illa:
386 3792 556 3848 variis
583 3799 851 3848 attentant
881 3792 1118 3847 retibus:
1150 3810 1365 3861 aurum,

69 3885 341 3939 Ardentes
365 3897 621 3956 gemmae,
653 3881 950 3954 Parthique
983 3881 1236 3937 feruntur
1261 3883 1462 3940 odores

73 3973 165 4028 Illa
195 3972 325 4044 polo
356 3969 543 4027 defixo
571 3970 788 4040 oculos,
819 3972 1071 4043 elataque
1098 3973 1327 4043 palmas,

68 4062 187 4117 Stat
218 4060 481 4132 precibus
518 4060 758 4127 haerens,
794 4075 896 4115 nec
927 4060 1094 4115 corda
1123 4076 1228 4115 nec
1258 4076 1353 4116 ora
1383 4061 1697 4128 reflectens,

67 4155 186 4210 Non
217 4169 404 4209 escam
433 4167 760 4208 somnumve
793 4159 1009 4224 petens,
1039 4169 1276 4208 sensuve
1315 4154 1677 4229 pigrescens;

67 4245 367 4302 Cornicum
398 4253 458 4299 ut
485 4259 652 4300 voces
677 4244 860 4315 aquila
881 4252 1182 4315 spernente
1214 4245 1505 4312 fatiscunt;

68 4341 158 4397 Sic
180 4339 289 4395 fusi
319 4355 536 4404 suasus,
566 4339 793 4395 immota
821 4339 925 4394 hac
946 4346 1146 4406 stante,
1176 4339 1480 4396 labascunt.

69 4433 296 4488 Cessum
322 4432 415 4487 ubi
447 4443 571 4502 post
595 4432 833 4502 spatium
867 4431 1157 4486 muliebria
1190 4431 1298 4486 tela
1326 4432 1488 4487 relisa

73 4521 369 4594 Improbus
407 4521 672 4576 insistens
695 4521 902 4576 athleta
931 4521 1179 4575 libidinis
1205 4521 1380 4587 audit,

73 4617 398 4686 lrrumpens
415 4614 698 4683 sacrajam
740 4621 994 4684 penetrat
1021 4630 1121 4686 per
1146 4621 1270 4669 vota
1296 4614 1560 4683 dicatum,

73 4705 280 4761 Nititur
309 4704 597 4775 amplexus
617 4703 829 4759 caelesti
855 4702 1061 4758 inferre
1091 4704 1310 4774 puellae,

74 4797 248 4861 Quem
279 4795 467 4851 subito
497 4795 728 4870 cingens
758 4795 1003 4850 tenebris
1029 4795 1240 4850 aorasia
1266 4791 1429 4850 vallat

74 4894 238 4964 Gyrat
263 4891 432 4947 inane
459 4891 676 4958 domus,
709 4889 906 4946 Christi
927 4889 1249 4963 contingere
1277 4905 1488 4943 servam

74 4981 395 5046 Invalidus;
428 4981 626 5036 surdos
655 4996 827 5036 vacuo
858 4986 1016 5035 vocat
1045 4995 1170 5034 aere
1201 4978 1393 5039 divos:

75 5073 247 5138 Queis
277 5071 501 5127 tandem
532 5072 740 5138 elusus,
782 5071 1064 5142 pestisque
1095 5071 1276 5145 rigore
1305 5077 1552 5138 coactus,

73 5163 333 5218 Astantes
360 5159 572 5216 foribus
601 5160 845 5216 clamans
872 5160 1002 5225 ciet,
1025 5159 1220 5231 hisque
1253 5167 1529 5233 receptus,

77 5257 363 5323 Evehitur,
386 5256 675 5329 cultasque
706 5256 800 5311 diu
832 5255 1081 5311 defertur
1109 5256 1177 5310 ad
1208 5272 1350 5320 aras,

78 5345 247 5400 Sacra
276 5343 416 5410 litat,
446 5344 612 5398 vitam
645 5360 677 5398 a
705 5344 900 5399 mortis
932 5343 1254 5398 ductoribus
1284 5350 1424 5410 orat,

78 5434 212 5487 Orsa
239 5431 388 5503 capit
413 5448 474 5486 se
496 5432 663 5507 digna
689 5431 801 5503 pati
833 5431 1186 5486 clementibus
1212 5431 1380 5497 ausis,

79 5523 478 5593 Tartareasque
492 5522 672 5594 agitur
695 5528 884 5592 raptus
907 5521 1199 5592 tysiphone
1230 5521 1333 5576 sub
1359 5522 1599 5576 umbras.

83 5616 281 5670 Libera
312 5613 565 5669 bellatrix
593 5614 760 5668 sociae
789 5613 1026 5688 magalia
1054 5613 1201 5680 visit,

85 5707 147 5761 Et
178 5705 286 5762 sibi
316 5712 472 5780 gesta
501 5703 614 5759 Deo
640 5703 935 5759 Theodotze
965 5719 1029 5757 ex
1057 5703 1251 5758 ordine
1282 5703 1507 5773 pandit:

84 5792 316 5850 Solibus
355 5798 524 5864 atque
545 5791 641 5847 Dei
669 5796 863 5848 noctes
894 5791 947 5848 in
979 5789 1238 5846 laudibus
1267 5790 1496 5845 addunt.

1806 609 2139 674 Adveniens,
2171 609 2374 680 Opibus
2391 612 2553 679 justae
2585 611 2907 682 perfunctus
2929 615 3139 687 inique,

1809 700 1955 755 Hanc
1985 700 2093 754 sibi
2121 702 2378 756 connecti
2403 702 2587 758 studio
2616 703 2882 776 ﬂagrabat
2907 705 3070 762 inerti

1807 792 2058 865 Dumque
2088 793 2209 848 dies
2235 809 2377 850 vano
2409 795 2671 850 insistens
2697 797 2821 851 terit
2850 797 3057 869 impete
3082 802 3288 871 plures,

1810 887 2025 942 Invenit
2056 887 2196 944 hanc
2226 889 2429 958 pariter
2454 906 2578 961 qute
2598 891 2821 947 roboret
2858 909 2954 948 ore
2983 896 3252 960 sodalem,

1810 974 1976 1039 Quam
2019 975 2164 1031 feros
2193 977 2476 1048 abripiens
2506 980 2720 1034 censori
2751 981 2958 1036 addicit
2988 986 3181 1049 atroci,

1811 1069 2147 1142 Primatique
2169 1087 2282 1126 suae
2321 1071 2659 1128 Theodotem
2691 1075 2928 1130 destinat
2952 1075 3123 1132 urbis.

1807 1163 1903 1217 Ille
1921 1164 2064 1234 piam
2097 1165 2293 1220 sceleri
2328 1166 2514 1221 nitens
2537 1167 2889 1223 substernere
2919 1176 3060 1224 tetro

1808 1251 1940 1304 Dum
1963 1251 2163 1321 probat
2193 1252 2551 1325 intrepidam,
2587 1263 2775 1310 natum
2807 1257 2911 1310 sub
2932 1258 3165 1312 tormina
3197 1259 3432 1330 primum

1809 1343 2048 1396 Destinat
2074 1344 2371 1411 Evodium,
2406 1347 2562 1414 pueri
2597 1348 2859 1418 praecelsa
2883 1349 3094 1419 profata

1803 1434 2124 1506 Indignaris,
2161 1436 2346 1508 ﬂagris
2367 1445 2424 1492 et
2450 1439 2640 1492 matrls
2670 1439 2725 1493 in
2760 1455 2855 1494 ora
2881 1440 3117 1506 lacessit,

1804 1525 2021 1579 Robora
2044 1525 2132 1579 cui
2158 1525 2396 1598 genitrix
2425 1528 2669 1582 cumulat
2696 1543 2952 1584 sermone
2981 1529 3120 1585 virili

1803 1619 2141 1674 Verberibus
2172 1627 2382 1674 testans
2414 1621 2498 1674 his
2524 1622 2728 1695 gaudia
2759 1638 2979 1678 sumere
3009 1623 3226 1679 Christi.

1808 1709 2025 1764 Arbiter
2057 1710 2259 1781 impuri
2291 1711 2385 1765 dat
2405 1713 2724 1768 scortatoris
2755 1715 3042 1770 honestam

1735 1819 1781 1884 ις
1806 1804 2075 1859 Sordibus
2108 1805 2312 1871 addici,
2348 1807 2579 1876 posthac
2618 1808 3003 1864 meretricibus
3033 1809 3181 1864 addi.

1806 1892 2026 1947 Incesto
2053 1899 2253 1947 castam
2289 1894 2411 1947 nisu
2441 1902 2744 1949 temerante
2773 1898 2980 1967 petenti

1806 1987 2039 2042 Naribus
2060 1989 2348 2043 exundans
2376 1988 2560 2044 valido
2587 1988 2706 2044 ﬂuit
2727 1991 2940 2062 impete
2969 1992 3213 2065 sanguis.

1807 2079 2096 2149 Improbus
2126 2086 2179 2134 et
2208 2079 2406 2134 clamat
2431 2080 2692 2148 juvenem
2725 2081 2937 2156 fulgore
2962 2083 3229 2138 nitentem

1805 2169 2018 2223 Auratae
2041 2169 2213 2223 vestis
2231 2169 2502 2224 solamina
2522 2170 2724 2225 dedere
2746 2171 2928 2238 matri,
3007 2179 3016 2188 '

1809 2258 1976 2327 Cujus
2005 2265 2206 2332 agente
2238 2259 2427 2314 datum
2451 2276 2636 2333 pugno
2669 2261 2772 2315 sibi
2803 2261 3032 2316 naribus
3062 2262 3248 2316 ictum.

1809 2346 2057 2418 Praecipit
2090 2347 2181 2401 hic
2219 2363 2419 2403 censor
2447 2357 2658 2404 vastum
2687 2349 3014 2405 succendier
3047 2349 3247 2422 ignem.

1808 2435 1870 2489 Et
1901 2435 2043 2489 trina
2075 2451 2199 2490 cum
2225 2435 2378 2505 prole
2406 2452 2541 2510 rogo
2572 2437 2885 2510 demergier
2901 2438 3124 2492 almam.

1804 2529 1933 2593 Quae
1971 2537 2159 2603 grates
2189 2531 2419 2585 Domino
2449 2531 2718 2598 referens,
2748 2532 3033 2588 benedicit
3060 2541 3290 2589 ovanter

1803 2619 2212 2689 Omnipotentis
2234 2620 2351 2674 heri
2373 2637 2600 2688 nomen,
2625 2622 2919 2677 clementia
2950 2623 3110 2691 cujus

1803 2711 2042 2786 Pignore
2070 2727 2128 2766 se
2170 2717 2392 2783 prOprio
2420 2729 2523 2768 nec
2549 2715 2714 2769 saeclo
2739 2722 2958 2784 separat
2978 2715 3104 2781 isto,

1801 2803 1912 2858 Nec
1941 2803 2145 2875 patitur
2171 2803 2371 2859 Christi
2404 2805 2681 2861 confessio
2711 2817 2900 2862 sancta
2940 2808 3150 2873 revelli,

1802 2892 1911 2946 Sed
1944 2908 2046 2948 nec
2075 2894 2322 2964 martyrii
2352 2895 2553 2950 sinitur
2579 2895 2684 2951 sub
2716 2913 2893 2972 agone
2918 2897 3178 2969 relinqui.

1803 2987 2004 3043 Caelica
2034 3004 2160 3043 cum
2197 2989 2343 3044 natis
2375 2992 2592 3046 scandit
2621 2992 2703 3046 sic
2743 2991 3168 3063 praevia'victrix
3196 3013 3213 3055 ;

1810 3079 2010 3149 Illyrici
2045 3079 2338 3151 praefectus
2370 3082 2528 3136 hians
2559 3083 2792 3154 opplere
2821 3099 3113 3138 crumenas

1720 3177 1768 3243 ρ
1798 3171 2044 3237 Munere,
2079 3179 2381 3241 proventus
2414 3180 2679 3228 matronae
2700 3173 3015 3240 obsederat,
3041 3174 3255 3230 abdens

1803 3259 2121 3316 Romuleam
2144 3260 2397 3315 claustris
2426 3270 2654 3316 matrem
2687 3263 2918 3317 custode
2937 3262 3212 3334 frequenti

1801 3352 2117 3423 Obseptam,
2148 3359 2475 3424 tentansque
2499 3353 2744 3407 animum
2785 3353 2888 3408 sub
2918 3361 3162 3424 pectore,
3195 3371 3362 3410 sexus

1802 3443 2030 3516 Infirmi,
2063 3443 2328 3510 validum,
2371 3444 2567 3500 suadet
2602 3455 2875 3517 praecepta
2904 3445 3148 3522 magistri

1803 3538 2044 3610 Expleat,
2073 3546 2129 3593 et
2159 3537 2304 3592 facili
2335 3554 2535 3593 census
2557 3538 2665 3592 sibi
2693 3538 2823 3595 dote
2846 3540 3088 3596 remittat

1799 3628 2156 3683 Temnentem
2190 3637 2444 3682 temnens
2466 3628 2711 3683 imitetur
2749 3645 2981 3683 munera
3012 3629 3308 3694 Christum,

1803 3718 1898 3772 Illa
1921 3726 2107 3772 terens
2142 3716 2296 3771 firma
2325 3717 2561 3772 calentia
2582 3717 2793 3787 spicula
2817 3734 3035 3787 parma;

1807 3829 1828 3856 ι
1873 3807 2100 3862 Vertere
2128 3821 2216 3860 me
2241 3805 2498 3861 mandata
2521 3805 2688 3875 jubes
2708 3822 2832 3877 quae
2867 3805 3112 3861 Christus
3132 3806 3326 3881 egenis

1801 3898 2073 3970 Praecipit,
2109 3897 2224 3970 ipse
2255 3897 2355 3953 tibi
2378 3898 2625 3968 locuples
2649 3897 2964 3969 impendier
2992 3913 3180 3962 orans,

1800 3992 1937 4046 Dum
1971 4005 2148 4061 neque
2167 3996 2218 4044 te
2245 4005 2433 4044 mensa
2463 3989 2691 4064 dignum
2723 3989 3033 4044 decreverit
3058 3996 3271 4055 auctor,

1803 4081 2142 4154 Pauperibus
2165 4081 2296 4152 poni
2319 4099 2481 4153 quam
2498 4081 2662 4151 jussit
2692 4098 2879 4138 amore
2912 4081 3174 4154 benigno.

1803 4173 2025 4227 Munera
2077 4171 2211 4242 quin
2257 4170 2304 4225 si
2360 4178 2544 4227 nostra
2592 4171 2808 4240 juvant,
2869 4170 3018 4243 quod
3082 4185 3247 4243 egere
3306 4184 3435 4240 pro-

1803 4335 2072 4406 Accipito,
2096 4342 2148 4391 et
2177 4334 2344 4410 largis
2361 4334 2490 4390 fidei
2521 4335 2726 4390 ditesce
2749 4335 2988 4392 talentis.
3191 4260 3362 4332 [bam

1805 4426 2054 4496 Dumque
2080 4425 2293 4480 alterna
2324 4432 2534 4493 serunt,
2565 4440 2761 4481 censor
2791 4423 3021 4479 rationis
3052 4421 3240 4494 opimo

1728 4544 1781 4610 ῃ
1808 4519 2080 4574 Deficiens
2109 4519 2283 4574 antris
2314 4519 2596 4574 victricem
2627 4518 2835 4574 claudit
2863 4517 3052 4588 opacis

1807 4611 2257 4690 Impugnangsque
2285 4608 2448 4662 minis
2477 4623 2676 4678 panem
2705 4608 2793 4663 vix
2823 4623 2946 4663 sero
2973 4607 3263 4662 ministrat.

1807 4698 1871 4751 At
1897 4695 2160 4751 Dominus
2175 4696 2396 4750 charam
2419 4695 2474 4749 in
2506 4695 2751 4750 tenebris
2775 4711 2884 4750 non
2908 4695 3109 4766 linquit
3129 4695 3428 4754 alumnam,

1808 4785 1943 4840 Huic
1974 4784 2276 4840 redhibens
2303 4783 2561 4839 comitem
2601 4784 2808 4838 dudum
2843 4783 3089 4839 coelestia
3116 4792 3361 4846 nactam;

1806 4873 1918 4929 Nec
1955 4874 2159 4945 patitur
2188 4872 2428 4928 desolari
2457 4873 2728 4928 solamine
2750 4873 2922 4941 dulci,

1805 4962 2067 5018 Noctibus
2102 4961 2308 5035 insigni
2346 4962 2680 5018 Theodotem
2712 4962 2918 5017 lumine
2946 4960 3182 5016 cinctam

1809 5055 2045 5111 Sedibus
2063 5057 2324 5127 asuperis
2352 5057 2422 5111 ad
2452 5072 2596 5112 eaea
2624 5057 2829 5112 cubilia
2857 5057 3069 5130 legans,

1811 5147 1906 5202 Cui
1937 5148 2199 5204 socianda
2233 5149 2380 5221 polo,
2412 5157 2473 5204 ut
2509 5155 2698 5204 sancto
2729 5149 2836 5204 sibi
2865 5148 3112 5202 vinxerat
3142 5154 3288 5212 actu,

1811 5238 1934 5293 Haec
1963 5237 2198 5308 dapidus
2230 5254 2498 5302 mensam,
2527 5237 2789 5309 varioque
2821 5237 3022 5291 decore
3047 5244 3289 5306 paratam

1811 5334 2132 5405 Apponens,
2160 5332 2473 5404 pariterque
2506 5347 2697 5402 preces
2723 5332 2792 5386 ad
2822 5332 3003 5386 sidera
3024 5330 3224 5386 tollens

1812 5427 2051 5481 [Etherei
2069 5428 2315 5482 solamen
2355 5428 2406 5482 ei
2431 5426 2697 5481 fundebat
2717 5425 2941 5492 amoris,

1811 5515 2080 5570 Sensibus
2107 5521 2161 5570 et
2189 5515 2372 5570 carnis
2400 5531 2660 5586 superum
2694 5515 3054 5586 impendebat
3076 5514 3366 5581 honorem,

1815 5607 2017 5662 Caelica
2049 5623 2218 5678 regna
2244 5615 2438 5677 petens
2468 5607 2677 5662 caelesti
2701 5614 2762 5662 ut
2791 5607 2913 5661 luce
2932 5607 3134 5661 niteret
3207 5610 3214 5616 '

1817 5701 2123 5772 Divinoque
2154 5701 2265 5772 poli
2294 5700 2563 5775 gauderet
2589 5708 2810 5757 nectare
2843 5701 3016 5773 pasci.

1823 5790 1932 5846 lloc
1962 5789 2058 5844 ubi
2082 5795 2164 5845 ter
2182 5789 2341 5845 denae
2372 5790 2706 5848 decorentur
2726 5789 2935 5847 lumine
2966 5799 3158 5847 noctes
