3890 6418
387 380 491 436 727
1145 376 1514 434 FLODOARDI
1557 376 1862 432 CANONICI
1905 375 2236 432 RBMENSIS
2277 376 2615 432 OPUSCULA
2656 376 2968 435 METRICA.
3644 385 3751 441 728

390 510 672 565 Defecisse
699 507 862 562 fame.
896 507 1164 577 tetrisque
1188 505 1513 561 horroribus
1546 505 1719 561 hostis
2036 510 2086 576 Α
2120 526 2143 550 οι
2189 504 2308 561 Non
2353 504 2487 561 mihi
2531 505 2689 561 tollet
2730 506 2842 572 (ait)
2902 505 3179 565 Christum
3225 520 3283 566 et
3312 511 3408 582 qui
3442 512 3648 568 vertice
3680 514 3749 569 de

392 598 540 653 Hanc
571 604 719 651 ratus
748 594 976 668 inquirit
1005 603 1284 661 tamenan
1301 595 1387 650 vel
1419 594 1612 649 fraude
1640 594 1887 665 supersit
3429 599 3600 671 [men
3649 626 3674 648 ι.

391 691 607 747 Fortius
636 690 729 743 illa
760 689 973 764 vigens,
1003 688 1311 760 meliusque
1340 696 1558 760 reperta
1588 690 1866 744 nitescens
2111 684 2284 749 Quem
2325 685 2456 740 dum
2497 684 2854 762 magniticant
2882 688 3089 744 celebri
3132 690 3237 746 sub
3278 691 3490 749 honore
3520 708 3747 751 sorores

388 779 619 835 Pellitur
649 779 896 851 undique
925 795 1113 835 curam
1142 779 1342 836 vincta:
1378 781 1537 841 hoste
1560 780 1792 844 ferente,
2110 777 2292 832 Altera
2318 776 2615 834 fluctisono
2646 779 2801 849 ponti
2830 776 3029 836 vallata
3054 796 3303 851 susurro,

388 871 718 942 Mutatisque
744 871 983 945 sigillato
1009 871 1332 928 custodibus
1361 880 1519 929 antro
2110 867 2295 923 Ληθτᾶ
2323 882 2528 923 Vesano
2550 867 2834 924 turbarum
2862 868 3038 926 libera
3054 878 3226 938 ηιοῑυ.

386 962 667 1035 Mergitur,
700 968 755 1017 et
789 960 1033 1017 tenebris
1062 961 1196 1016 latet
1223 960 1413 1017 abdita
1444 978 1637 1019 mense
1664 964 1914 1021 secundo
2113 959 2308 1015 Christi
2341 958 2484 1015 facta
2512 960 2610 1015 Dei
2633 960 2932 1031 praesentia
2960 972 3188 1033 pectora
3216 974 3463 1033 sumunt,

388 1055 497 1109 Nec
524 1063 685 1109 sueto
706 1054 775 1109 de
804 1069 958 1109 more
988 1061 1169 1109 tamen
1200 1053 1467 1110 solamina
1494 1056 1718 1123 desunt,
2114 1050 2285 1122 Inque
2314 1049 2414 1104 sali
2441 1049 2647 1115 medio,
2676 1049 2916 1106 statione
2946 1050 3122 1122 quieti

334 1166 345 1177 ·
386 1147 495 1201 Nec
520 1147 740 1201 cliaram
763 1145 964 1217 linquit
984 1145 1242 1202 comitem
1273 1146 1476 1202 dilecta
1500 1147 1738 1204 sodalis:
2115 1145 2223 1199 Ceu
2255 1150 2464 1216 portus,
2493 1160 2620 1199 cum
2651 1152 2812 1200 nocte
2844 1144 2994 1200 diem
3023 1144 3146 1203 sine
3171 1145 3395 1203 turbine
3404 1148 3668 1223 jungunt.

386 1239 450 1295 At
477 1238 639 1294 solito
660 1236 915 1293 refovens
943 1236 1261 1295 cmlestibus
1278 1238 1478 1293 educat
1499 1239 1665 1306 escis,
2113 1234 2293 1289 Tertia
2323 1235 2415 1290 lux
2457 1241 2631 1290 terras
2662 1235 2969 1305 palmarum
2997 1238 3225 1293 nomine
3244 1239 3423 1295 dictas

388 1331 593 1387 Clarior
613 1329 706 1386 illa
728 1330 931 1397 nitens,
963 1330 1238 1402 hilarique
1260 1330 1545 1405 augustior
1573 1346 1690 1397 ore,
2116 1326 2259 1394 Fert,
2287 1342 2410 1399 quae
2442 1326 2725 1383 nonnullis
2749 1327 2900 1383 vario
2931 1330 3233 1387 certamine
3260 1330 3430 1386 trusis

387 1424 519 1478 Ilum
548 1424 691 1495 dape
720 1423 960 1489 siderea,
992 1423 1232 1495 divoque
1258 1423 1561 1480 nutrimine
1582 1423 1759 1487 ﬂoret,
2115 1416 2432 1472 Gaudentes
2460 1417 2694 1489 fulgere,
2726 1418 2835 1489 piis
2865 1427 3140 1490 augentur
3161 1427 3216 1475 ct
3244 1420 3384 1477 istis.

388 1515 637 1588 Liquitur
667 1514 843 1570 hostis
864 1515 1036 1580 iners,
1065 1513 1304 1585 nisuque
1335 1512 1536 1569 fatiscit
1558 1513 1759 1568 inermi
2114 1510 2449 1581 Praecipiens
2480 1510 2712 1566 coluber
2741 1512 2946 1584 quibus
2974 1521 3272 1587 egerentur
3299 1514 3488 1570 arenis

385 1603 731 1675 Destituique
754 1611 916 1658 tuens
954 1604 1061 1658 hoc
1085 1618 1146 1657 se
1171 1601 1479 1665 molimine,
1510 1608 1681 1658 tentat
2114 1600 2384 1672 Spectari,
2414 1610 2638 1657 teneant
2662 1602 2875 1658 alacres
2902 1620 3025 1676 quae
3062 1622 3208 1673 rura,
3237 1606 3500 1678 capessit,

385 1700 463 1753 An
499 1696 679 1770 pelagi
704 1695 957 1749 invictam
991 1692 1153 1747 terris
1182 1698 1351 1764 queat
1380 1692 1587 1748 abdere
1626 1693 1867 1765 lymphis
2114 1690 2179 1745 Ut
2207 1691 2448 1759 valeant,
2502 1692 2638 1763 quid
2677 1700 2865 1766 agant,
2927 1693 3199 1750 Christum
3243 1696 3395 1768 quod
3433 1696 3606 1752 corde
3653 1714 3749 1752 se-

386 1789 824 1859 Admiscensque
853 1785 965 1841 reis
985 1784 1248 1856 Thetydis
1271 1784 1435 1853 jubet
1456 1785 1639 1839 indier
1663 1785 1848 1841 undis.

3391 1790 3671 1862 [quantur.

387 1881 631 1936 Flatibus
665 1886 786 1935 acta
827 1877 959 1933 ratis
995 1885 1211 1933 vastum
1238 1884 1485 1949 raptatur
1501 1878 1554 1932 in
1582 1893 1805 1949 aequor;
2037 1877 2082 1895 "
2112 1878 2209 1933 Ille
2239 1877 2428 1933 furens
2455 1893 2631 1934 saevos
2660 1878 2864 1933 celerat
2888 1879 3075 1953 legare
3105 1879 3401 1936 ministros
3563 1885 3574 1895 ‘

389 1971 668 2027 Fluctibus
693 1977 859 2042 atque
889 1968 1021 2024 feris
1040 1968 1275 2040 spoliata
1303 1968 1581 2024 addicitur
1601 1969 1790 2037 armis,
2111 1969 2430 2047 Crescentes
2454 1970 2762 2041 reprimant
2788 1971 2914 2027 nisu
2942 1972 3036 2043 qui
3068 1972 3324 2043 quolibet
3353 1990 3526 2029 ausus

390 2064 477 2118 Bis
514 2062 805 2138 sexagenis
831 2060 999 2117 sociis
1036 2066 1262 2116 onerata
1288 2059 1578 2135 tegendis;
2110 2062 2378 2117 Maturant
2407 2062 2582 2117 rabidi
2614 2071 2892 2134 praecepta
2930 2071 3152 2134 patrare
3177 2064 3415 2120 lanistis.

390 2157 728 2228 Undivagam
754 2153 889 2210 lethi
918 2153 1141 2208 fremitu
1168 2152 1452 2224 quatiente
1479 2153 1747 2221 carinam,
2107 2154 2243 2208 Tum
2272 2160 2487 2209 mentes
2512 2155 2756 2208 mulcere
2783 2153 2948 2221 dolis,
2984 2163 3194 2209 terrere
3225 2155 3481 2230 flagellis,

387 2254 724 2307 Praesentem
754 2248 1019 2321 expositis
1048 2248 1323 2306 intentant
1346 2250 1533 2305 omnia
1562 2258 1816 2306 mortem.

2112 2242 2349 2298 Invitare
2380 2243 2640 2309 humiles,
2670 2243 2833 2299 donis
2863 2242 3008 2298 ferre
3037 2243 3232 2298 ultima
3263 2244 3453 2309 duris;

388 2349 480 2401 Ast
496 2345 710 2402 animas
730 2349 956 2403 horrore
985 2345 1179 2419 legens
1207 2344 1447 2400 educere
1479 2345 1600 2401 diro
2111 2336 2174 2392 At
2202 2352 2312 2392 non
2344 2336 2601 2413 egregios
2631 2354 2847 2400 aurum.
2884 2354 2995 2394 non
3018 2337 3250 2393 vulnera
3283 2338 3565 2414 frangunt.

392 2436 805 2507 Cunctipotens,
830 2434 1046 2489 famulis
1070 2434 1286 2505 trepida
1316 2435 1419 2489 sub
1443 2442 1590 2490 sorte
1616 2434 1864 2491 sodalem
2109 2428 2226 2483 Non
2288 2444 2437 2484 mors
2516 2428 2658 2501 ipsa,
2729 2430 2945 2485 animos
3020 2436 3320 2501 properant
3398 2432 3465 2487 ad
3550 2431 3749 2488 funera

387 2526 571 2592 Mittit,
596 2526 839 2581 nutantis
860 2526 1066 2581 relevet
1085 2541 1207 2598 quae
1230 2526 1400 2581 corda
1429 2528 1719 2582 tumultus.
3457 2523 3669 2594 [for-tes.

388 2618 775 2688 ApprOperans
804 2616 1273 2681 aathraTbeodote
1304 2616 1552 2689 margine
1578 2617 1793 2688 cymbae
2112 2616 2200 2671 Bis
2238 2625 2459 2673 centum
2499 2615 2591 2672 hic
2616 2615 2842 2671 subiere
2871 2616 2970 2670 viri
2995 2616 3147 2672 vario
3176 2617 3383 2672 aethera
3409 2617 3604 2682 ductu,

390 2707 659 2771 Subsidit;
691 2705 1028 2778 ﬁrmansque
1057 2706 1273 2760 animos
1309 2706 1378 2759 de
1409 2721 1597 2777 puppe
1626 2706 1898 2773 labantes,
2110 2709 2256 2775 Quos
2294 2710 2665 2784 septingenta;
2696 2710 3033 2765 comitantur
3052 2727 3232 2786 agone
3267 2711 3483 2780 puellm.

391 2797 679 2870 Componit
708 2797 875 2852 celeri
894 2803 1148 2851 sternens
1178 2796 1392 2852 tumida
1421 2813 1647 2869 aequora
1674 2805 1831 2865 nutu,
2116 2805 2180 2859 At
2208 2805 2421 2861 ductrix
2451 2805 2678 2860 robusta
2706 2820 2906 2860 manus
2935 2806 3196 2870 exercita,
3232 2806 3353 2861 ﬁxis

390 2887 449 2941 Iit
478 2886 664 2941 solans
684 2885 940 2941 comitem
970 2885 1184 2940 vinctos
1204 2884 1368 2941 simul
1386 2886 1619 2941 advocat
1647 2886 1830 2943 astris.
2115 2895 2305 2952 Vincta
2334 2896 2507 2968 pedes
2546 2895 2705 2967 palis,
2740 2896 2953 2951 medios
2992 2896 3226 2952 exsultat
3258 2898 3315 2952 in
3348 2899 3526 2973 ignes,

391 2978 751 3034 Eutichianus
780 2994 877 3034 eos
904 2978 1048 3034 inter
1079 2979 1283 3050 pietate
1315 2995 1515 3034 serena
2118 2988 2516 3059 Exsultansque
2546 2986 2784 3041 animam
2818 2986 3088 3042 radiantia
3120 2988 3262 3043 tollit
3290 2989 3345 3044 in
3362 2996 3527 3045 astra.

391 3072 652 3134 Pollehat,
685 3072 778 3143 qui
814 3088 939 3127 rura
978 3079 1033 3127 et
1057 3086 1194 3142 opes
1224 3073 1476 3128 amittere
1505 3073 1779 3147 gaudens,
2115 3078 2299 3132 Funus
2316 3075 2610 3147 Apollonia
2648 3075 2836 3129 matris
2865 3081 3118 3131 servante
3143 3074 3293 3131 ﬁdeli

391 3160 553 3215 Fixus
580 3175 767 3217 amore
799 3161 889 3215 Dei
923 3161 1259 3233 contempsit
1287 3163 1491 3237 gaudia
1510 3162 1681 3219 szecli.
2039 3200 2087 3263 (ἶ
2116 3169 2394 3236 Curatum,
2422 3166 2710 3253 multoque
2741 3174 2800 3221 ut
2836 3167 3027 3223 condit
3057 3175 3299 3224 aromate
3328 3170 3602 3238 membra,

390 3255 488 3321 Qui
520 3255 783 3326 quotiens
810 3254 1042 3325 quaesita
1072 3254 1251 3326 palam
1284 3262 1635 3327 promoverat
1664 3272 1821 3312 orsa:
2039 3242 2057 3263 “
2075 3242 2087 3261 ’
2116 3259 2359 3315 Basilica;
2381 3246 2588 3314 fabrica
2617 3257 2937 3330 celebrique
2964 3258 3167 3313 decore
3188 3268 3469 3323 venustat,

2112 3351 2359 3406 Christus
2387 3358 2443 3406 et
2469 3350 2731 3406 emeritos
2761 3349 3077 3424 insignibus
3108 3358 3273 3424 auget
3301 3352 3564 3408 honores.

1643 3492 1963 3549 CAPITULA
2010 3494 2189 3550 LIBRI
2230 3493 2481 3550 OCTAVI.

568 3590 698 3647 CAP.
747 3592 790 3664 ι,
830 3622 887 3631 -
916 3595 991 3648 De
1015 3594 1381 3662 persecutione
1408 3595 1732 3648 Maximiani
1760 3597 1809 3649 et
1838 3599 2023 3649 sancto
2050 3594 2301 3649 Marcello
2332 3609 2485 3664 papa
2514 3595 2783 3664 sociisque
2816 3594 3015 3664 ipsius.

633 3684 645 3695 ι
746 3662 814 3716 Il.
838 3694 908 3703 —
929 3666 1004 3719 De
1034 3668 1227 3718 sancta
1251 3666 1460 3719 Lucina
1488 3669 1537 3719 et
1556 3669 1715 3719 sociis
1736 3670 1869 3734 ejus.

746 3734 837 3790 IIl.
886 3767 931 3773 --
978 3739 1053 3791 De
1090 3738 1292 3791 sanctis
1329 3738 1536 3790 Joanne
1572 3742 1621 3791 et
1660 3738 1867 3806 Crispo.

746 3806 830 3860 IV.
869 3837 930 3846 —-
964 3808 1039 3861 De
1072 3812 1230 3861 santo
1258 3810 1509 3862 Erasmo.

746 3877 808 3930 V.
840 3908 909 3917 —
941 3881 1013 3932 De
1037 3879 1254 3934 Sanctis
1283 3880 1463 3935 Sossio
1483 3884 1533 3933 et
1559 3881 1843 3934 Januario.

745 3948 913 4003 Vl.—-
937 3950 1009 4003 De
1038 3955 1226 4004 sancto
1257 3952 1498 4004 Domino.

747 4020 856 4075 VII.
883 4050 950 4060 —
978 4023 1054 4075 De
1079 4028 1268 4075 sancta
1300 4022 1564 4075 Barbara.

749 4091 885 4147 VIII.
916 4122 984 4133 —
1016 4094 1091 4145 De
1104 4095 1307 4147 sanctis
1337 4093 1579 4149 Secundo
1608 4098 1657 4147 et
1681 4092 2005 4148 Alemandro

746 4162 831 4218 IX.
867 4193 934 4203 -
962 4166 1038 4218 De
1056 4169 1240 4219 sancto
1275 4164 1563 4219 Theodoro.

746 4235 810 4288 X.
834 4264 900 4274 —
932 4237 1003 4289 De
1031 4238 1233 4290 sanctis
1274 4236 1462 4303 Felice,
1509 4238 1717 4290 Victore
1742 4238 1899 4303 atque
1931 4234 2151 4289 Nabore.

747 4306 834 4359 XI.
876 4335 946 4346 —
975 4309 1050 4361 De
1070 4309 1271 4361 sanctis
1310 4308 1654 4376 Carpophoro
1683 4309 1733 4359 et
1761 4307 2131 4361 Abundantio.

748 4377 860 4431 XII.
896 4409 958 4417 ——
991 4381 1067 4433 De
1094 4383 1278 4433 sancto
1306 4379 1561 4446 Gregorio
1588 4384 1848 4445 martyre.

746 4447 885 4503 XIII.
919 4479 984 4488 ——
1016 4453 1090 4505 De
1121 4456 1305 4504 sancto
1337 4450 1537 4504 Sabino
1567 4451 1811 4519 episcopo
1840 4453 1888 4503 et
1917 4450 2076 4503 sacris
2107 4448 2242 4517 ejus.

747 4519 876 4574 XIV.
908 4549 970 4560 -
999 4524 1072 4576 De
1097 4524 1300 4576 sanctis
1336 4522 1500 4575 Felice
1527 4524 1577 4576 et
1614 4523 1924 4575 Fortunato.

749 4592 852 4645 XV.
885 4622 956 4632 —
1006 4596 1078 4647 De
1103 4599 1294 4648 sancta
1318 4593 1485 4659 Afra.

750 4663 877 4716 XVI.
910 4694 979 4703 —
1007 4668 1082 4719 De
1107 4671 1292 4719 sancto
1322 4665 1551 4719 Eusebio
1584 4679 1756 4733 papa.

747 4734 903 4788 XVII.
939 4765 1007 4775 —
1034 4736 1103 4789 De
1130 4741 1315 4791 sancto
1350 4736 1638 4789 Timotheo.

748 4805 928 4859 XVIII.
966 4838 1026 4845 —-
1058 4810 1132 4861 De
1161 4809 1366 4861 sanctis
1393 4809 1608 4861 Marino
1636 4808 1687 4859 et
1716 4804 2021 4860 Amalchio.

748 4876 879 4931 XIX.
915 4908 980 4918 α-
1006 4881 1081 4933 De
1108 4884 1297 4932 sancta
1329 4880 1553 4945 Agnete.

747 4948 855 5002 XX.
888 4979 955 4988 —
986 4953 1062 5005 De
1088 4954 1278 5004 sancta
1308 4950 1717 5005 Emerentiana.

750 5019 858 5075 XXI
909 5050 978 5060 —
1017 5024 1091 5076 De
1128 5024 1333 5075 visione
1356 5025 1645 5091 parentum
1670 5022 1870 5074 sancta:
1897 5018 2144 5085 Agnetis.

1682 5123 1999 5180 CAPITULA
2041 5121 2218 5177 LIBRI
2268 5120 2446 5176 NONI.

572 5221 697 5277 Car.
757 5222 778 5275 I
807 5252 875 5262 —
907 5226 981 5279 De
1016 5227 1204 5279 sancto
1236 5224 1519 5279 Valentino
1546 5224 1811 5292 episcopo.

754 5292 820 5348 Il.
853 5324 924 5334 -—
951 5299 1027 5351 De
1051 5300 1254 5350 sanctis
1284 5295 1545 5349 Anthimo
1572 5298 1619 5348 ct
1646 5294 1908 5348 Maximo.

752 5365 845 5419 III.
876 5397 945 5406 —
974 5369 1048 5422 De
1074 5371 1272 5436 septem
1300 5366 1591 5433 fratribus.

750 5437 833 5490 IV.
878 5469 931 5478 —
957 5442 1030 5493 De
1057 5443 1241 5492 sancto
1270 5439 1575 5504 Bonifacio.

750 5508 810 5563 V.
846 5540 910 5549 —
935 5512 1007 5565 De
1043 5512 1247 5564 sanctis
1279 5509 1567 5575 Gorgonio,
1591 5507 1851 5563 Dorotheo
1880 5510 1929 5560 et
1949 5505 2212 5561 Maximo.

752 5579 833 5635 VI.
871 5610 937 5621 -—-
965 5584 1040 5635 De
1058 5583 1261 5641 sanctis
1284 5582 1483 5635 Luccia
1510 5585 1559 5634 et
1574 5581 1771 5634 Acceia

750 5649 861 5705 VII.
885 5681 954 5690 —
975 5655 1050 5705 De
1073 5655 1276 5706 sanctis
1301 5651 1575 5715 Archclio,
1607 5649 1923 5719 Hyppolito,
1956 5648 2233 5704 Vincentio
2271 5650 2319 5700 et
2347 5646 2506 5700 sociis
2531 5661 2732 5701 eorum.

752 5720 890 5775 VIII.
925 5752 991 5761 —
1022 5725 1097 5776 De
1120 5728 1305 5776 sancto
1321 5722 1604 5777 Silvestre.

754 5792 840 5847 IX.
871 5822 943 5834 η-
967 5797 1042 5847 De
1068 5794 1275 5861 synodo
1297 5808 1418 5863 quas
1444 5795 1597 5859 facta
1623 5795 1702 5846 est
1721 5790 1820 5845 sub
1850 5792 1981 5858 ipso.

755 5864 814 5919 X.
852 5893 923 5906 —
951 5865 1023 5918 De
1049 5865 1329 5921 Gallicano
1358 5869 1406 5918 et
1437 5865 1771 5921 Constantia.
