3902 6402
293 357 394 413 731
1066 354 1434 412 FLODOARDI
1467 356 1774 415 CANONICI
1815 359 2147 417 REMENSIS
2187 361 2523 418 OPUSCULA
2562 361 2869 418 METRICA.
3537 367 3643 422 732

294 489 428 546 lnde
453 504 649 545 senem
679 485 1035 543 Saturninum
1053 485 1344 544 Sisennius
1381 488 1554 546 antris
1937 496 1988 565 Α
2015 495 2260 569 Augusto
2287 495 2530 552 monitus
2553 493 2872 566 panduntur
2897 503 2952 548 at
2971 493 3093 564 ipse
3114 494 3360 568 jugalem

293 582 471 654 Coepit
497 580 701 636 habere
727 595 940 650 parem,
970 579 1129 648 cuius
1154 579 1429 636 relevatur
1451 596 1662 650 amore,
2016 582 2310 639 Barbarico
2341 598 2442 656 pro
2463 589 2727 656 suggestu
2757 583 2852 637 dat
2880 582 3038 638 abire
3066 585 3318 656 petitum.

296 669 482 740 Nuper
509 683 634 722 eum
652 667 790 723 duro
817 666 1006 722 solans
1024 673 1083 722 ut
1109 667 1258 723 fasce
1284 668 1518 725 levabat.
2017 675 2230 730 Levites
2256 675 2403 730 haud
2431 676 2619 731 horret
2646 674 2771 741 iter,
2804 675 2951 730 haud
2984 675 3184 731 abnuit
3212 678 3427 733 hostem

291 764 493 836 Sicque
531 763 643 818 dati
684 764 856 834 septis
895 763 1052 834 plura
1082 763 1376 820 obsidione
1405 765 1678 836 gehennae
2015 767 2330 839 Promptior
2369 767 2425 822 in
2454 766 2652 842 longos
2669 783 2910 824 oneroso
2953 768 3170 824 tramite
3193 769 3390 825 ductus

295 853 526 927 Agmina
556 852 846 909 solvebant
885 860 1231 925 quaerentum
1266 869 1496 910 munera
1525 855 1684 921 lucis,
2019 858 2090 912 Ac
2115 857 2253 930 petit
2284 857 2478 923 Eoum,
2512 857 2707 932 regina
2735 858 3040 914 adhibente
3064 861 3333 924 vercdos,.

297 942 558 1015 Dogmate
590 949 888 1016 purgantes
915 941 1187 1007 tenebris,
1212 949 1268 998 et
1299 942 1450 999 fonte
1480 952 1786 1012 sacrantes,
2014 949 2144 1006 Cum
2171 951 2342 1022 Largo
2363 951 2662 1006 comitante
2687 951 2886 1018 solum,
2909 952 3178 1025 socioque
3207 954 3528 1030 Smaragdo.

291 1033 465 1104 Atque
496 1031 571 1087 ita
599 1031 1001 1105 quinquaginta
1039 1032 1180 1086 duos
1202 1032 1363 1087 datur
1389 1033 1596 1090 abdere
1624 1035 1790 1092 soles.
2022 1041 2283 1096 Externas
2312 1041 2524 1096 hostem
2557 1040 2749 1111 procul
2770 1041 3074 1097 insectatus
3095 1043 3150 1097 in
3182 1059 3309 1099 oras
3337 1062 3353 1108 ;

294 1124 428 1179 Hinc
466 1124 630 1179 nudis
667 1125 773 1179 acti
806 1124 1060 1196 pedibus,
1093 1126 1372 1199 vinctique
1407 1129 1639 1193 catenis,
2022 1128 2132 1184 Sed
2156 1144 2260 1183 nec
2285 1143 2430 1199 equo
2463 1129 2665 1198 patitur
2697 1129 2837 1196 tolli,
2869 1131 3168 1204 rhedisque
3193 1133 3375 1202 juvari
3410 1152 3427 1200 ;

292 1219 538 1277 Praefecti
579 1220 634 1274 in
665 1221 847 1276 vultus
865 1221 1137 1278 sistuntur
1171 1233 1226 1278 et
1253 1232 1384 1279 ante
1416 1225 1656 1280 tribunal
1683 1242 1698 1292 ;
2018 1217 2162 1283 Ωιιίῐι
2194 1217 2391 1272 ὒεουιο
2413 1224 2709 1272 contentus
2746 1218 2882 1286 ab“.
2914 1229 3250 1294 superatque
3275 1223 3532 1297 iugales;

292 1314 449 1369 κλει-εει
475 1313 721 1369 defertur
743 1315 933 1386 tripos,
967 1325 1135 1388 atque
1164 1317 1316 1373 litare
1342 1319 1627 1389 jubentur.
2016 1308 2110 1362 Αεῐ
2139 1306 2234 1363 "bi
2270 1315 2596 1379 Perventum
2626 1309 2934 1366 radiantem
2967 1313 3116 1388 regis
3140 1313 3196 1369 in
3224 1315 3426 1381 alliam.

289 1404 422 1458 Tum
454 1403 782 1458 Saturninus
813 1421 825 1458 :
867 1425 891 1454 α
919 1403 1226 1460 Sceleratos
1255 1412 1454 1462 atterat
1485 1406 1704 1480 (inquit)
2015 1401 2160 1457 Λιιτο
2191 1401 2490 1472 prmonitus
2519 1402 2782 1459 rutilante
2811 1411 3080 1474 tyrannus
3117 1423 3354 1481 egenum

294 1492 388 1547 Hic
418 1491 684 1547 Dominus
714 1491 908 1547 divos!
940 1513 968 1543 υ
987 1493 1262 1564 tripodem
1294 1511 1403 1566 qua
1431 1511 1564 1552 voce
1596 1497 1842 1566 resolvit,
2019 1491 2321 1546 Stemmate
2348 1498 2674 1547 contentum
2705 1492 2799 1548 vili
2830 1493 3080 1563 deiectus
3109 1497 3322 1564 adorat,

292 1583 504 1653 lmpetu
535 1591 594 1637 ut
624 1591 744 1637 acta
775 1585 1019 1654 procella
1050 1584 1247 1654 lutum,
1277 1586 1464 1642 tremit
1492 1588 1602 1643 alta
1618 1589 1833 1644 satelles

1745 1589 1843 1644 nos
2019 1580 2331 1652 Invitatque
2371 1595 2506 1636 auro
2546 1581 2855 1652 penetralia
2886 1582 3033 1638 fulva
3073 1583 3286 1652 subire,

289 1671 419 1726 Jura
445 1671 732 1742 potestatis
755 1671 1031 1727 Christum
1065 1674 1467 1748 Dominumque
1498 1677 1806 1750 Deumque,
2017 1677 2396 1748 Quis‘captiva
2417 1677 2622 1732 sedens
2653 1680 2828 1734 multo
2861 1695 2971 1735 non
2996 1680 3249 1752 quiverat
3269 1697 3403 1737 auro

294 1759 506 1830 Papias,
540 1758 871 1832 Maurusque
900 1761 1050 1816 cient
1078 1779 1094 1827 ;
1131 1778 1257 1818 mox
1288 1779 1384 1818 ora
1426 1764 1576 1820 relisi
1948 1821 1992 1838 η
2020 1769 2242 1838 lnjectis
2262 1769 2460 1824 redimi
2486 1770 2704 1837 vinclis,
2735 1771 2884 1826 exire
2915 1772 3148 1828 catenis.

292 1852 569 1907 Grandine
599 1853 879 1919 vulniﬁco,
921 1854 1211 1911 traduntur
1239 1858 1476 1913 carceris
1504 1867 1684 1926 antro,
1948 1821 1996 1888 Β
2020 1859 2377 1936 lngrediente
2407 1860 2697 1918 salutifero
2728 1870 2939 1918 secreta
2970 1864 3227 1920 ministro

293 1942 637 2014 Distentique
677 1943 848 1998 duces
867 1945 1072 2012 nervis,
1099 1947 1370 2019 pensique
1397 1956 1604 2004 catasta
2022 1949 2518 2024 Regia,torquetur
2549 1957 2742 2018 tortor,
2772 1951 3012 2007 vincitur
3039 1953 3286 2017 adactor,

291 2033 580 2088 Velluntur
611 2034 816 2110 flagris,
847 2043 1130 2092 torrentur
1160 2037 1214 2093 in
1247 2041 1448 2096 aethere
1479 2041 1736 2098 ﬂammis.
2023 2039 2186 2093 Multa
2211 2054 2441 2112 gemens
2461 2045 2516 2093 et
2545 2041 2718 2094 multa
2747 2057 3010 2112 querens,
3035 2042 3315 2098 dimittere
3347 2043 3573 2097 tandem

294 2127 542 2197 Dumque
574 2125 757 2181 ferunt
785 2135 971 2200 grates
1001 2147 1103 2186 nec
1131 2141 1352 2188 cessant
1380 2134 1548 2191 edere
1582 2137 1799 2205 laudes,

1783 2181 1799 2205 ,
2021 2125 2211 2201 Cogitu
2223 2144 2262 2189 r,
2287 2127 2534 2183 invasam
2576 2136 2729 2185 torvo
2754 2130 3039 2187 molimine
3060 2131 3323 2203 prtedam.

295 2218 756 2289 Depositictelum
789 2236 930 2276 cassa
960 2223 1175 2279 cervice
1205 2233 1510 2282 merentur.
2021 2221 2222 2294 Sicque
2260 2221 2369 2278 ﬁde
2395 2223 2616 2294 replens
2643 2234 2926 2280 vacuatam
2959 2226 3211 2282 daemone
3243 2233 3484 2283 mentem

294 2313 427 2368 Cum
453 2315 668 2370 Joanne
703 2315 821 2372 solo
851 2317 1055 2373 claudit
1089 2320 1179 2391 pia
1204 2321 1439 2396 pignora
1459 2321 1648 2391 Traso,
2026 2317 2270 2373 Membra
2299 2319 2670 2391 triumphator
2705 2320 2918 2376 caelesti
2948 2321 3194 2398 protegit
3231 2323 3400 2378 unda.

293 2403 552 2459 Marcello
583 2403 934 2461 confessores
967 2406 1216 2480 tingente
1247 2409 1426 2480 piatos
2027 2405 2339 2463 Proficuum
2369 2409 2472 2464 soli
2501 2425 2606 2464 nec
2627 2409 2702 2464 ita
2727 2410 2890 2464 datur
2918 2427 3042 2466 esse
3075 2411 3274 2482 puella:
3317 2429 3330 2465 :

292 2495 512 2553 Judicio
541 2496 834 2568 pmfectus
860 2500 991 2575 agit,
1034 2516 1176 2572 quos
1207 2502 1334 2558 diva
1367 2502 1604 2560 fatentes
2027 2497 2267 2554 Solvitur
2306 2500 2423 2554 haec
2451 2499 2670 2568 vinclis,
2699 2501 2996 2557 manifesto
3029 2509 3286 2574 exempta
3312 2501 3522 2568 furore,

297 2585 499 2653 Munia,
531 2603 688 2643 sacra
716 2587 1022 2644 refutantes
1039 2589 1290 2663 gentilia,
1322 2593 1492 2646 sterni
2028 2589 2092 2643 At
2122 2597 2278 2660 pater
2306 2590 2526 2647 interno
2554 2608 2815 2664 caecoque
2845 2593 3108 2667 ligamine
3139 2594 3284 2649 liber

300 2683 444 2737 Rure
464 2682 646 2750 jubet,
675 2683 932 2758 ignisque
961 2685 1085 2739 terit
1113 2685 1249 2740 nihil
1281 2702 1378 2742 ore
1403 2695 1668 2745 sonantes
2031 2683 2322 2752 Redditur,
2357 2692 2411 2740 et
2443 2685 2653 2742 Christo
2686 2695 2878 2757 pectus
2898 2689 3047 2744 dicat
3087 2690 3245 2745 hoste
3276 2689 3510 2762 piatum.

300 2779 525 2834 Munera
546 2779 601 2832 ni
636 2777 834 2834 Christi
866 2799 880 2842 ς
915 2781 1189 2855 tignorum
1223 2781 1425 2838 robore
1456 2785 1605 2852 ιτίιο,
2029 2771 2139 2828 Nec
2169 2772 2320 2828 solus
2351 2789 2442 2829 rex
2473 2791 2628 2830 sacra
2655 2775 2824 2844 subit,
2858 2778 3190 2834 comitantur
3215 2779 3400 2846 amici,

302 2873 566 2930 Plumbea
597 2874 913 2946 plumbeus,
946 2877 1193 2931 annectit
1223 2894 1333 2950 quo
1357 2878 1604 2947 pondere
1625 2882 1820 2956 agonis

1753 2882 1820 2936 ιίε
2032 2863 2122 2917 Bis
2146 2863 2276 2919 deni
2307 2871 2363 2920 et
2393 2865 3125 2940 quadringentibaptismate
3141 2870 3294 2926 culti.

304 2964 552 3020 Pondcra
581 2971 861 3036 ponentur
894 2981 907 3018 :
940 2966 1209 3022 caelorum
1271 2967 1340 3022 ad
1373 2968 1616 3024 culmina
1645 2955 1845 3042 surgun

1910 2990 1925 3039 ς
2030 2955 2256 3010 Munera
2269 2957 2591 3030 sceptrigeri
2615 2975 2830 3030 pauper
2855 2962 3178 3035 contingere
3205 2965 3423 3031 temnit,

305 3055 545 3125 Corpora
569 3054 813 3110 Joannes
841 3055 1159 3111 venerando
1191 3056 1478 3130 presbyter
1503 3068 1628 3114 ac“,
2031 3043 2259 3098 Praemia
2286 3060 2485 3120 magna
2513 3045 2678 3102 fidem
2709 3048 2939 3112 ducens.
2967 3067 3111 3121 pane
3133 3069 3266 3108 usus
3295 3062 3351 3110 et
3380 3055 3550 3110 unda.

308 3149 403 3203 Dat
421 3147 567 3202 Petri
597 3147 666 3202 ad
701 3148 972 3219 nymphas
1002 3148 1099 3203 ubi
1146 3149 1340 3207 ccelica
1381 3151 1528 3208 dona
1549 3151 1780 3210 ferebat.

1769 3199 1780 3210 ,
1959 3196 2002 3219 Π
2031 3136 2128 3192 Glo
2141 3135 2277 3192 rifici
2303 3137 2483 3193 Persis
2511 3138 2771 3210 Cyriacus
2795 3142 3007 3198 honore
3037 3145 3307 3217 triumphi

308 3239 523 3292 Interea
552 3243 800 3292 sanctum
830 3200 1082 3293 custodia
1114 3239 1278 3314 longa
1303 3240 1616 3297 ministrum
1957 3200 2005 3262 (λ
2034 3230 2300 3285 summis
2327 3240 2554 3297 remeat»
2596 3234 2744 3305 caPit
2773 3234 2977 3308 inclyta
3006 3237 3179 3293 Roma
3207 3238 3517 3294 ministrum

309 3327 576 3402 Cingebat
601 3327 760 3382 fessis
787 3327 1073 3400 Cyriacum
1099 3330 1298 3386 robora
1325 3331 1572 3400 dantem,

2032 3319 2324 3392 Egregium
2361 3339 2376 3388 ;
2410 3321 2584 3392 pudet
2621 3323 2750 3378 huic
2779 3323 2986 3379 bellum
3009 3326 3260 3383 conferre
3292 3335 3566 3399 tyranno;

309 3417 600 3488 oppressis
632 3417 1096 3489 columcnﬁepus
1126 3420 1363 3496 caligine
1388 3421 1596 3479 lumen.
2035 3407 2172 3463 Pace
2201 3408 2308 3464 frui
2348 3410 2564 3477 annuit,
2582 3410 2787 3466 invitus
2816 3411 2931 3468 fera
2961 3415 3209 3470 continet
3247 3433 3421 3484 arma,

309 3508 581 3580 principis
617 3515 672 3562 at
699 3508 828 3563 saevi
859 3509 1080 3564 soboles
1117 3510 1468 3580 Diocletiani,
2034 3498 2187 3554 Hunc
2217 3505 2401 3554 tamen
2435 3499 2490 3554 in
2517 3500 2720 3568 solum,
2754 3503 2903 3574 quod
2934 3504 2984 3559 ei
3017 3506 3122 3560 sub
3153 3522 3386 3561 munere
3414 3516 3660 3578 praestat.

310 3598 560 3654 Flaminc
590 3614 795 3654 vesano
827 3599 1048 3655 fervens
1071 3602 1314 3658 Artemia
1351 3604 1472 3660 diro

2034 3593 2098 3647 At
2119 3591 2289 3647 dilata
2317 3593 2490 3664 patris
2520 3594 2744 3666 genitus
2772 3597 3033 3668 supplere
3064 3599 3311 3667 calescit,

310 3690 624 3746 Perculerat
655 3697 865 3762 patrem
906 3690 1187 3748 furibundi
1219 3694 1446 3751 vulnere
1477 3696 1663 3754 cordis
1702 3715 1717 3765 ;

2035 3689 2210 3760 Atque
2237 3688 2414 3743 vicem
2448 3689 2621 3760 patris
2660 3698 2902 3760 exercet,
2931 3709 3230 3766 veramque
3254 3704 3483 3766 paterna

313 3783 435 3853 Ipse
465 3781 740 3838 fatebatur
775 3783 994 3839 daemon
1026 3785 1133 3840 nisi
1168 3801 1303 3842 voce
1328 3787 1579 3856 jubentis
2038 3781 2108 3835 Se
2137 3779 2350 3851 prolem
2381 3780 2597 3837 feritate
2620 3784 2816 3853 probat
2845 3803 2861 3848 ;
2901 3783 3034 3841 furit
3060 3785 3263 3858 impius
3303 3789 3483 3844 haeres

312 3872 430 3928 Non
459 3887 518 3928 se
545 3888 901 3948 egressurum
935 3874 1164 3946 Cyriaci.
1192 3876 1424 3934 Mittitur
1446 3887 1615 3952 atque

2039 3870 2098 3923 ln
2127 3869 2347 3941 pietatis
2375 3877 2650 3927 amatores
2682 3890 2696 3938 ;
2727 3873 2926 3944 punire
2955 3874 3250 3949 benignos,

313 3962 551 4017 Nexibus
589 3967 880 4032 exemptus
919 3963 1194 4020 thalamos
1223 3975 1515 4036 penetrare
1547 3975 1790 4039 rogatur.

2039 3960 2382 4031 Devotosque
2413 3959 2968 4036 flagrans,Cyriacum
3011 3964 3254 4039 tegmine
3284 3966 3493 4022 nudum

316 4057 536 4112 Luctam
568 4057 852 4132 ingressus
878 4057 1002 4123 init,
1032 4074 1157 4114 cum
1189 4066 1331 4117 tetro
1363 4062 1590 4119 dimicat
1611 4064 1792 4132 hoste,
2038 4051 2405 4123 Opprom‘ium
2441 4053 2670 4126 Γθ¹ίίίυίε
2699 4055 2903 4111 ουίίπη
2933 4058 3232 4128 Procedere
3256 4058 3485 4114 Fhedam

318 4147 581 4218 Huncque
603 4145 1016 4212 reclamantem,
1032 4148 1375 4222 multamque
1394 4149 1586 4208 labore
1607 4153 1856 4210 minante

2054 4143 2300 4215 Praecipit
2327 4143 2652 4200 obstrictum
2679 4147 2960 4220 gravibus,
2983 4156 3315 4222 septumque
3344 4152 3558 4207 catenis
3583 4171 3595 4207 :

319 4238 563 4294 Pectoris
594 4237 770 4293 invasi
795 4238 1121 4310 propulsum
1141 4240 1392 4298 eliminat
1417 4243 1628 4311 antris;

2039 4233 2220 4289 Mitior
2248 4235 2450 4291 erravit
2475 4236 2522 4291 si
2553 4237 2686 4310 quid
2718 4247 2893 4309 pater,
2928 4240 3031 4296 iste
3062 4241 3214 4312 piare

317 4327 428 4382 Nec
452 4342 682 4383 vacuum
712 4326 920 4398 patitur
954 4343 1050 4384 vas
1080 4327 1210 4385 inde
1250 4337 1439 4402 patere
1466 4333 1689 4404 latroni,
2044 4326 2358 4394 Contendit,
2391 4326 2734 4403 famulosque
2756 4331 2854 4387 Dei
2883 4333 2988 4388 sub
3012 4349 3189 4409 agone
3212 4334 3454 4392 lacessit.

315 4418 536 4494 Gurgite
570 4419 706 4491 quin
733 4434 949 4474 sacrum
977 4435 1144 4476 sensu
1175 4422 1416 4478 renitere
1440 4421 1590 4480 ﬁdeli
2045 4416 2278 4490 Carpere
2311 4419 2572 4492 Carpasio
2603 4422 2886 4494 Cyriacum
2917 4425 3150 4482 verbere
3180 4428 3363 4483 tradit.

314 4507 560 4573 Praestat,
593 4513 648 4562 et
676 4508 929 4564 aetherem
952 4509 1330 4567 decorandum
1362 4513 1606 4571 destinat
1635 4516 1796 4584 aulae,
1959 4541 2020 4610 D
2048 4511 2367 4610 ille‘iursus
2392 4515 2560 4610 vineti
2588 4515 2710 4610 pice
2741 4517 2965 4573 verticis
2991 4519 3101 4574 alla
3131 4520 3351 4596 nigrare

318 4601 558 4657 Solvitur
581 4602 666 4658 his
705 4602 862 4670 actis,
892 4603 1122 4660 libertas
1159 4623 1392 4664 munere
1415 4608 1610 4667 fertur.
1720 4684 1728 4686 Α
1959 4601 2009 4610 ”
2048 4604 2341 4662 Perfundit
2369 4608 2619 4664 candens
2640 4609 2783 4680 picei
2814 4611 3124 4686 caputigne
3150 4612 3424 4684 liquoris;

319 4693 430 4749 Nec
467 4710 621 4750 mora
641 4695 806 4768 longa
823 4697 1112 4754 orientalis
1135 4701 1338 4774 legatio
1370 4702 1537 4777 regis,
1719 4684 1728 4690 ’
2049 4694 2156 4750 lste
2180 4695 2363 4752 ferens
2388 4706 2596 4773 grates,
2627 4698 2785 4755 offert
2812 4684 3091 4772 praeconia
3121 4701 3318 4759 Christi

320 4781 446 4838 Post
466 4784 664 4860 longos
692 4784 862 4840 maris
889 4801 1156 4856 emersos,
1187 4798 1465 4863 ten-mque
1498 4800 1710 4848 meatus
2044 4783 2440 4858 Congaudens,
2471 4803 2706 4860 seseque
2734 4791 2845 4845 Deo
2875 4790 3009 4845 dant
3040 4791 3186 4847 dona
3216 4792 3458 4848 sodales.
3575 4824 3602 4850 υ

321 4875 622 4930 Romanam
653 4875 844 4932 sedem
872 4877 1031 4948 petit,
1075 4879 1410 4953 imperiique
1437 4899 1727 4953 cacumen,
2047 4871 2472 4931 Crescentianus
2498 4892 2641 4931 unus
2669 4879 2866 4934 horum
2898 4878 3111 4934 tollitur

320 4962 439 5019 Non
467 4963 599 5018 belli
626 4970 833 5020 terrore
861 4981 1090 5036 pavens,
1122 4981 1236 5022 non
1270 4969 1460 5046 indiga
1500 4973 1675 5044 pacis,

1609 4973 1675 5043 is,
1957 4959 1972 4975 '
2044 4961 2198 5018 Altus
2229 4970 2452 5032 catasta,
2477 4966 2672 5021 crescit
2697 4974 2860 5038 atque
2893 4970 3150 5038 tormine,

321 5055 439 5111 Non
471 5063 654 5127 pacto,
687 5067 923 5132 augusta
963 5075 1074 5116 non
1116 5061 1407 5130 majestate
1446 5072 1658 5134 coacta,
2043 5052 2372 5125 Tensusque
2403 5054 2586 5109 nervis
2612 5054 2753 5111 fuste
2784 5057 2979 5113 crebro
3019 5059 3248 5115 caeditur

321 5142 468 5198 Mitia
499 5145 773 5201 Chaldaici
803 5148 1047 5219 prodens
1074 5158 1227 5206 orata
1265 5153 1485 5222 tyranni
2046 5149 2120 5203 Ac
2147 5148 2392 5202 membra
2423 5149 2839 5224 aralusjugulis
2858 5153 3121 5210 irraditur

331 5233 658 5290 Romuleum
687 5237 863 5292 civem
882 5240 1185 5310 quaerentia
1201 5241 1400 5296 adesse
1429 5241 1647 5315 Sapori,
2047 5243 2185 5297 Dum
2215 5257 2511 5313 supernam
2538 5258 2672 5298 voce
2699 5246 2846 5299 clara
2883 5247 3116 5320 gloriam

325 5325 443 5381 Non
473 5328 710 5398 sceptris
750 5331 997 5400 rutilum,
1027 5348 1138 5388 non
1165 5343 1316 5390 ostro
1356 5351 1601 5408 auroque
1631 5354 1863 5397 corusco

1581 5355 1601 5393 ε
1631 5354 1944 5408 coruscum,
2048 5330 2298 5398 Praefert,
2327 5333 2537 5388 adactis
2567 5334 2853 5390 incalescit
2882 5335 3122 5409 ignibus,

327 5420 594 5492 Pauperis
613 5431 696 5478 ast
724 5425 943 5482 habitus
967 5428 1250 5500 Cyriacum
1278 5432 1483 5488 vilibus
1505 5442 1706 5503 actum,
2054 5427 2316 5499 Ῑηίθηῖυθ
2351 5428 2566 5495 Ῑδυάθεν
2596 5429 2742 5484 inter
2772 5431 2931 5505 ignes
2957 5434 3211 5503 sPirilum

327 5510 768 5586 Contentumque
813 5519 983 5592 sagis,
1042 5520 1324 5591 devotum,
1357 5525 1736 5600 humilemque
1789 5530 1864 5584 mi

1535 5542 1736 5600 amque
1789 5530 1949 5585 mini-
2051 5515 2258 5572 Emittit
2284 5519 2442 5574 astris
2473 5520 2592 5574 luce
2625 5537 2760 5592 pura
2778 5520 3071 5594 fulgidum.

1657 5618 1872 5690 (suum,
2049 5602 2160 5659 Hoc
2190 5604 2266 5660 ita
2294 5606 2602 5677 praemisso,
2635 5609 2867 5664 comites
2889 5609 3144 5667 custodia
3174 5611 3401 5667 claudit.

332 5694 554 5752 Hostem
586 5696 1151 5776 quinequeuntreges
1181 5719 1347 5776 quem
1378 5706 1587 5777 pellere
1611 5712 1798 5780 pellat,
2048 5695 2292 5758 Quatuor
2329 5698 2536 5754 exactis
2567 5697 2825 5770 Cyriacus
2851 5701 3062 5756 solibus
3093 5699 3212 5756 istis

329 5787 497 5861 Regis
521 5793 578 5845 et
604 5787 852 5849 absolvat
871 5791 1117 5866 genitam
1144 5811 1288 5852 nexu
1317 5799 1516 5873 anguis
1541 5802 1814 5862 adactam.
2046 5789 2309 5848 Eximitur
2331 5792 2609 5862 claustris,
2639 5809 2948 5868 suasusque
2976 5795 3133 5852 litare
3162 5794 3427 5868 profanis,
