3902 6398
235 374 352 431 733
859 373 943 430 DE
981 373 1239 430 CHRISTI
1280 374 1643 432 TRIUMPHIS
1681 379 1854 435 APUD
1895 380 2157 435 ITALIAM
2200 379 2375 435 LIBRI
2414 377 2547 434 XIV.
2588 409 2658 420 —
2698 377 2824 433 LIB.
2865 377 3002 432 VIII.
3481 374 3588 432 73‘

241 501 429 557 Solius
466 499 687 556 Domini
717 500 972 572 sequitur
999 498 1268 555 libamina
1298 499 1496 556 Christi
1521 518 1534 555 :
1893 509 1940 576 Α
1967 504 2084 569 Quo
2110 510 2415 574 comperto,
2443 501 2620 558 hostis
2649 500 2928 556 stimulata
2958 507 3144 555 mente
3174 504 3450 562 retractat,

237 591 508 644 Attractus
538 588 724 644 nervis
755 604 1044 661 casusque
1075 588 1370 643 libramine
1402 589 1594 655 tensis,
1965 595 2104 658 Quid
2137 610 2313 665 pana
2344 599 2563 659 statuat,
2605 591 2736 646 dum
2766 589 2986 661 publica
3014 588 3161 643 bella
3191 594 3441 653 renutat;

234 681 515 736 Laudibus
548 689 601 735 et
619 681 882 752 precibus
909 696 1095 754 regem
1120 680 1390 752 persultat
1410 683 1613 748 Iesum,
1966 686 2198 756 Deputat
2241 700 2372 758 ergo
2425 683 2651 738 domum
2699 679 3000 745 stabulum,
3047 685 3371 749 patremque
3419 677 3587 732 mini-

240 768 678 840 Carnificemque
711 768 816 823 viri
842 774 1069 840 superat
1097 767 1361 839 patientia
1385 767 1500 825 fixi.
3317 768 3516 836 [strum

233 856 331 912 Ille
353 857 566 928 pudore
597 873 831 932 gemens
857 865 1118 928 ρτορθτειι
1139 872 1359 910 narrare
1392 865 1646 928 tyranno,
1963 865 2234 922 Jumentis
2263 865 2469 930 adicit;
2498 878 2675 935 prono
2705 877 2814 933 qua
2839 859 3005 916 corde
3037 859 3322 926 subactus,

230 947 634 1019 Εῑρτεεεερῐοτί
657 947 871 1002 deViCla
901 947 1179 1001 renuntiat
1208 963 1394 1011 arma:
1966 958 2005 1010 A
2037 955 2270 1011 Domino
2298 955 2435 1010 illati
2461 954 2768 1009 medicatur
2796 951 3024 1007 vulnera
3055 949 3196 1014 Iasi,

232 1041 335 1104 Qui
363 1039 666 1094 furibunda
690 1039 930 1093 fremens
957 1054 1153 1094 omnes
1173 1054 1311 1110 quos
1332 1040 1565 1094 claustra
1589 1047 1865 1095 retentant
1965 1048 2348 1119 Temporcque
2380 1047 2468 1102 hic
2501 1047 2666 1118 longo
2695 1044 2920 1120 gemino
2951 1042 3082 1096 dum
3113 1039 3314 1112 pabula
3344 1038 3449 1094 ritu

229 1132 362 1187 Cum
395 1132 618 1203 Cyriaco
651 1131 772 1188 ensi
795 1131 1048 1206 jugulum
1078 1131 1398 1202 dependere
1429 1133 1684 1199 mandat;
1965 1137 2243 1210 Suggerit,
2267 1151 2330 1190 ac
2357 1133 2529 1190 bifido
2555 1135 2774 1188 diversa
2803 1131 3062 1188 animalia
3088 1130 3233 1184 victu

226 1229 404 1298 Atque
425 1227 500 1280 ita
523 1226 611 1280 bis
643 1225 774 1280 deni
805 1225 1013 1280 clarum
1042 1241 1210 1297 super
1231 1235 1374 1281 astra
1405 1227 1715 1284 ministrum
1963 1228 2238 1292 Perfovet,
2271 1229 2534 1283 emeritus
2562 1225 2802 1298 paradisi
2832 1226 2884 1279 in
2916 1231 3072 1294 septa
3102 1222 3333 1276 levatur.

224 1320 529 1374 Sectantur
559 1324 748 1383 testes,
782 1331 942 1372 roseo
977 1315 1190 1392 fulgore
1222 1317 1483 1372 nitentes.

1965 1324 2264 1378 Finetenus
2294 1324 2433 1378 duro
2457 1329 2636 1378 tectus
2660 1321 2906 1375 membra
2947 1319 3148 1389 inclyta
3174 1331 3333 1370 sacco

222 1408 469 1480 Pignora
489 1407 732 1461 Joannes
762 1406 952 1461 senior
982 1405 1142 1477 rapit,
1177 1405 1333 1461 abdit
1355 1407 1634 1479 humoque
1963 1415 2131 1468 Nocte
2163 1413 2252 1468 die
2285 1413 2542 1484 precibus
2570 1411 2826 1482 divisque
2853 1409 3082 1465 vacabat
3112 1415 3171 1463 ut
3194 1407 3416 1478 hymnis
3444 1423 3455 1466 ;

221 1501 466 1573 Deponit
491 1519 505 1566 ;
532 1500 819 1556 Marcellus
842 1499 1064 1567 abhinc,
1093 1501 1393 1556 comitante
1419 1500 1577 1556 beata
1962 1502 2205 1557 Joannes
2235 1511 2387 1556 artus
2415 1517 2572 1556 sacer
2608 1507 2660 1555 et
2694 1499 2900 1554 Lucina
2930 1497 3238 1553 recondunt

223 1593 455 1659 Lucina,
481 1591 689 1647 celebri
717 1607 946 1647 comens
978 1591 1226 1662 disponit
1256 1592 1504 1656 honore;
1964 1594 2127 1648 rEdes
2154 1593 2408 1664 Carpasio
2441 1591 2650 1664 Cyriaci
2684 1606 2914 1645 munere
2941 1590 3089 1645 cedit

216 1689 461 1758 Suscipit
490 1688 606 1743 hac
626 1688 793 1742 etiam
817 1687 997 1744 socios
1028 1687 1448 1759 Largum‘atquc
1471 1688 1852 1761 Smaragdum,
1956 1684 2212 1750 Savitia,
2243 1684 2524 1756 ingressus
2547 1681 2753 1737 fontem
2783 1697 2946 1752 quem
2972 1695 3113 1750 papa
3134 1683 3371 1734 sacrarat

219 1782 370 1846 Quos
402 1779 640 1834 domina
673 1779 899 1850 capiunt
928 1778 1150 1833 Juliana
1181 1787 1235 1834 et
1265 1779 1476 1834 Menica
1507 1779 1708 1836 busto:
1886 1809 1935 1877 Β
1959 1777 2191 1834 Obsceni
2219 1778 2346 1832 luxu
2370 1776 2605 1831 maculat
2633 1775 2895 1830 sordente
2927 1773 3126 1828 lavacri
3152 1793 3164 1826 :

219 1871 426 1926 Fratris
455 1879 587 1926 tunc
617 1871 783 1925 etiam
811 1868 1036 1925 affectus
1066 1870 1341 1925 Arthemia
1373 1871 1566 1934 sensit,
1886 1860 1934 1877 "
1959 1871 2072 1931 Qua
2103 1866 2232 1920 dum
2264 1865 2485 1919 scenica
2517 1880 2640 1919 cum
2671 1861 2850 1934 pravis
2873 1871 2924 1917 et
2949 1861 3095 1916 fada
3127 1860 3458 1930 frequentat,

219 1962 480 2017 Germani
509 1961 721 2038 framea
752 1962 978 2034 capiens
1008 1962 1254 2017 calcstia
1285 1978 1474 2036 regna.
1957 1959 2270 2014 Tartareum
2302 1957 2470 2012 subiti
2510 1965 2664 2012 torvo
2695 1955 2828 2010 letlii
2862 1955 3082 2029 agmine
3113 1961 3320 2023 raptus,

219 2057 284 2109 At
313 2055 519 2110 Lucina
541 2055 826 2110 facultates
853 2072 916 2110 ex
949 2071 1071 2110 asse
1111 2054 1386 2108 ministrat
1958 2048 2332 2120 Complicibus
2353 2047 2582 2115 junctis,
2617 2045 2908 2100 descendit
2929 2044 2997 2098 ad
3018 2059 3191 2114 usque
3218 2043 3552 2114 profundum

221 2144 507 2210 Ecclesia,
541 2144 818 2216 traditque
848 2145 1097 2211 domum,
1139 2159 1248 2216 qua
1271 2144 1374 2198 rite
1409 2152 1622 2198 sacrata
1955 2141 2046 2196 Sic
2085 2141 2176 2212 pia
2206 2141 2390 2195 clausa
2417 2141 2614 2195 domus
2640 2138 2794 2203 diris,
2828 2137 3081 2192 intranda
3103 2135 3384 2210 benignis,

223 2235 372 2309 Lege
402 2233 532 2290 licet
561 2234 722 2306 plexa
750 2233 1008 2305 mysteria
1035 2250 1177 2305 papa
1207 2231 1540 2305 frequentat,
1955 2234 2238 2289 Terrorem
2269 2233 2430 2288 savis
2457 2231 2706 2298 adhibet,
2747 2231 3015 2286 solamina
3036 2228 3222 2298 justis.

1753 2359 1960 2414 CAPUT
2002 2359 2067 2413 II.

1383 2471 1460 2530 De
1488 2480 1699 2531 sancta
1729 2471 1955 2531 Lucina
1989 2479 2042 2529 et
2071 2471 2252 2529 sociis
2278 2469 2426 2545 ejus.

224 2603 555 2656 Sanctorum
589 2601 777 2672 plures
806 2602 1012 2658 Lucina
1033 2603 1193 2658 beata
1219 2601 1460 2669 fovebat,
1957 2602 2050 2656 Ast
2081 2601 2300 2655 inhians
2328 2599 2554 2672 quidam
2585 2599 2932 2655 contermina
2956 2613 3082 2653 rura
3114 2596 3331 2668 piorum

223 2692 322 2747 Cui
355 2693 556 2762 conjux
580 2691 861 2758 Pinianus,
893 2709 1031 2764 Opes
1061 2699 1114 2747 et
1154 2693 1362 2764 pradia
1391 2693 1675 2765 linquens,
1957 2695 2207 2749 Subdere
2233 2693 2431 2748 vicinis
2453 2691 2804 2763 prepriisque
2832 2698 3128 2747 annectere
3150 2690 3358 2754 fundis,

228 2784 294 2839 Ut
327 2783 605 2838 Sisinnius
633 2800 697 2838 ac
727 2786 932 2855 pariter
957 2785 1351 2853 Diocletianus,
1956 2784 2034 2838 Ad
2066 2783 2182 2838 fera
2212 2781 2338 2836 fana
2363 2782 2664 2836 Deatricem
2688 2781 2971 2836 Lucretius
3009 2788 3188 2854 urget,

226 2876 508 2930 Grandine
536 2891 791 2931 saxorum
825 2878 1024 2947 pressi,
1067 2877 1375 2932 Florentius
1400 2884 1568 2948 atque
1955 2874 2084 2938 Qua
2111 2872 2294 2926 scelus
2311 2873 2614 2927 exhorrens
2635 2872 2865 2927 clamat:
2900 2886 3011 2926 non
3042 2870 3158 2925 libo
3190 2869 3458 2941 profanis,

225 2966 621 3037 Congaudente
643 2965 752 3036 piis
781 2967 849 3020 ab
882 2983 950 3022 eo
981 2967 1107 3022 data
1134 2967 1293 3021 busta
1322 2975 1636 3038 capessunt,
1883 3004 1929 3038 ρ
1957 2961 2248 3016 Altithroni
2278 2961 2472 3015 cultrix
2496 2960 2748 3023 Domini;
2796 2981 2817 3011 ι
2862 2959 2944 3014 sic
2973 2975 3190 3014 carcare
3222 2966 3373 3014 trusa

225 3058 320 3111 llis
348 3074 574 3130 quoque
602 3064 896 3127 susceptus
918 3057 1238 3112 meritorum
1273 3056 1445 3127 fulget
1475 3057 1708 3112 honore.
1885 3049 1932 3070 υ
1957 3053 2090 3105 Dum
2129 3050 2401 3105 retinetur
2426 3051 2494 3104 ab
2525 3050 2728 3106 infesto
2759 3049 3039 3105 divellitur
3059 3050 3248 3104 hoste:

223 3151 434 3206 lmbuit
471 3151 614 3205 hanc
643 3156 848 3221 martyr
876 3149 1208 3204 sublatusab
1236 3165 1332 3205 ore
1363 3150 1586 3214 cloaca,
1741 3193 1744 3196 .
1957 3144 2254 3200 Prafocata
2282 3144 2458 3220 nigris
2494 3144 2598 3199 sub
2641 3151 2801 3199 nocte
2831 3144 3064 3198 latenter
3090 3142 3143 3196 in
3177 3142 3369 3196 antris.

222 3243 517 3313 Temperet
549 3258 775 3317 egressa
806 3248 865 3296 ut
892 3241 1140 3312 proprias
1164 3243 1377 3311 jejunia
1404 3243 1570 3309 vires,
1959 3243 2128 3307 Quam
2159 3239 2356 3296 fratres
2382 3255 2544 3294 secus
2582 3239 2874 3310 explicitos
2903 3238 3108 3293 Lucina
3141 3242 3399 3308 receptat.

225 3335 468 3407 Corpore
499 3334 629 3391 dote
653 3335 811 3390 nucis
828 3335 1020 3410 gerula
1041 3335 1265 3391 cornice
1295 3335 1517 3400 referto,
1959 3332 2205 3386 Ambitor
2227 3347 2318 3387 rus
2347 3330 2689 3405 ingrediens,
2718 3329 2969 3384 indebita
2999 3329 3204 3403 gaudet

229 3427 401 3479 Parva
425 3425 581 3479 daret
605 3424 718 3479 vini
748 3425 837 3479 cui
868 3424 1276 3480 sorbitiuncula
1305 3441 1515 3492 curam,
1961 3423 2274 3478 Pcrvasisse
2295 3422 2486 3478 colens
2514 3422 2717 3493 opibus
2742 3421 2996 3477 convivia
3027 3420 3228 3492 raptis;

229 3515 401 3581 Quam
436 3529 608 3585 penes
637 3513 853 3568 eductis
871 3514 985 3585 jam
1019 3513 1278 3569 fratribus
1306 3515 1450 3570 alma
1477 3515 1691 3571 Beatrix
1959 3518 2074 3582 Quo
2095 3531 2290 3571 securo
2317 3514 2499 3586 epulis
2528 3515 2674 3570 laute
2696 3514 2997 3570 recubante
3027 3513 3290 3577 sinistris,

231 3605 522 3676 Simplicio
551 3605 776 3678 gemina
806 3621 867 3660 ac
891 3605 1149 3662 Faustino
1180 3606 1301 3662 luce
1343 3606 1590 3673 nitebat;
1961 3609 2224 3665 Parvulus
2253 3607 2494 3662 avellens
2523 3623 2585 3662 os
2625 3607 2816 3662 matris
2843 3607 3100 3662 abcolere
3140 3607 3369 3662 clamat:

233 3695 403 3759 Queis
431 3693 584 3749 vario
623 3695 724 3748 sub
750 3711 928 3768 agone
960 3697 1072 3766 poli
1105 3696 1411 3767 penetralia
1443 3697 1640 3765 nactis,
1971 3719 1995 3749 α
2033 3697 2196 3763 Audi,
2230 3696 2464 3762 Lucreti,
2490 3701 2613 3768 post
2632 3695 2843 3751 eadem
2872 3695 3060 3750 invasa
3090 3695 3354 3766 capessis.

232 3784 476 3854 Corpora
503 3783 803 3838 verticibus
830 3785 1115 3856 Tybcrinis
1146 3787 1333 3843 abdita
1365 3797 1505 3844 nutu
1963 3791 2220 3847 Traderis
2246 3807 2314 3846 en
2343 3791 2488 3846 hosti
2511 3789 2700 3845 infelix
2730 3790 3006 3860 possessio
3030 3789 3224 3845 factus.
3279 3816 3292 3835 -

235 3873 568 3927 Rcdduntur
598 3872 869 3944 patefacta
885 3875 978 3930 Dei
1008 3892 1130 3946 qua
1161 3876 1385 3948 Crispus
1405 3879 1612 3933 honore
1963 3889 2234 3957 Acceptus
2257 3885 2359 3940 sub
2391 3900 2525 3940 voce
2557 3883 2660 3938 feri
2690 3882 3040 3954 laqueamine
3070 3881 3228 3944 lelhi.

231 3966 589 4038 Joanncsque
611 3967 792 4021 levant
822 3968 1026 4022 celebri
1054 3969 1354 4042 junctaque
1385 3988 1574 4028 sorore
1965 3975 2199 4029 Prandia
2231 3974 2516 4046 perturbat
2545 3973 2764 4045 patinas
2791 3979 2847 4028 et
2883 3971 3082 4044 pocula
3121 3971 3380 4026 miscens.

231 4058 427 4113 Debita
471 4059 742 4116 militibus
771 4060 1095 4131 dependunt
1119 4062 1310 4118 munia
1334 4064 1545 4119 mactis.
1755 4095 1773 4108 ο
1961 4064 2292 4135 Tartaraque
2322 4062 2599 4134 irrumpit,
2637 4060 2826 4134 ﬂagris
2845 4060 3081 4134 agitatus
3105 4057 3332 4129 erynnis

1739 4195 1947 4250 CAPUT
1988 4196 2084 4251 III.

1466 4300 1545 4362 De
1567 4310 1773 4364 sancto
1803 4301 2038 4364 Joanne
2064 4310 2118 4362 et
2151 4301 2376 4380 Crispo.

227 4431 479 4487 Joannes
501 4428 854 4504 Crispusque,
887 4433 983 4488 ubi
1012 4434 1169 4505 plura
1192 4434 1393 4491 decore
1426 4435 1624 4492 nitenti
1882 4445 1939 4513 ι)
1966 4439 2243 4494 Servierat
2270 4439 2540 4506 Thrason,
2572 4437 2740 4512 gibbo
2771 4437 3004 4492 cedente
3030 4434 3249 4500 cameli,

232 4524 476 4597 Pignora
497 4524 768 4592 justorum
800 4527 966 4580 natali
997 4527 1241 4601 tegmine
1282 4528 1548 4594 condunt,
1971 4529 2184 4584 Limina
2212 4529 2410 4584 transit
2439 4544 2592 4594 acus,
2627 4534 2953 4602 gratumque
2980 4533 3240 4597 expertus
3265 4539 3499 4597 agonem

233 4613 489 4685 lpsorum
521 4615 685 4670 macti
709 4615 942 4684 meritis,
983 4617 1349 4687 capiunturin
1381 4619 1548 4673 astris
1971 4617 2302 4688 Martyribus
2332 4618 2662 4687 conjunctus
2691 4615 2807 4670 abit
2835 4615 3188 4686 palmamque
3218 4627 3518 4684 capessens

235 4706 478 4769 Quorum
501 4707 634 4761 sede
658 4707 754 4778 pin
783 4708 1355 4781 mandarantcorpora
1383 4711 1583 4786 glebis.
1975 4709 2107 4765 Cum
2147 4708 2548 4780 sociisgemino
2565 4708 2706 4780 petit
2735 4723 2902 4762 aurea
2931 4722 3102 4778 regna
3131 4704 3432 4774 triumpho.

231 4799 359 4870 Ipse
393 4800 560 4854 etiam
590 4799 745 4855 dives
783 4801 995 4858 sanctis
1025 4801 1118 4874 qui
1152 4804 1323 4858 multa
1342 4803 1669 4860 ministrans

1745 4930 1955 4986 CAPUT
1994 4930 2078 4986 IV.

1582 5043 1660 5104 De
1700 5053 1907 5105 sancto
1949 5044 2218 5104 Erasmo.

235 5171 401 5226 Multa
432 5170 654 5243 quidem
689 5188 1035 5245 quacunque
1063 5175 1166 5232 loci
1200 5176 1480 5233 celebrata
1511 5180 1758 5251 trephaa
1967 5179 2333 5236 Mactandum.
2367 5178 2564 5254 Rigida
2589 5177 2748 5233 tritus
2771 5177 2863 5249 qui
2893 5175 3090 5232 robore
3115 5175 3279 5247 sylva

239 5263 349 5318 Hoc
382 5262 597 5318 fervore
627 5264 852 5320 micant.
888 5266 1102 5331 Quanto
1131 5270 1460 5325 cumulatius
1488 5287 1618 5326 arva
1970 5272 2208 5328 Invictus
2232 5271 2377 5327 victo
2406 5277 2630 5342 snperat
2658 5277 2863 5326 tortore
2893 5268 3109 5345 flagella

241 5356 531 5411 Credimus
560 5357 816 5414 Ausonia
840 5360 1000 5417 rutilo
1029 5363 1272 5418 radiasse
1291 5364 1493 5430 nitore,
1967 5363 2220 5416 Arctatur
2250 5359 2510 5415 coluber:
2544 5358 2705 5414 Varia
2734 5375 2992 5414 exercere
3024 5358 3276 5430 palastra

241 5446 393 5503 Tunc
421 5448 586 5503 bellis
613 5449 820 5506 clarum
852 5451 1145 5525 Campania
1173 5456 1363 5527 pandit
1389 5458 1694 5526 Erasmum,

1967 5453 2241 5510 Athletam
2262 5452 2558 5520 meditans,
2578 5451 2731 5508 vario
2759 5459 2913 5524 parat
2936 5452 3184 5528 unguina
3205 5451 3343 5523 fotu,

240 5539 566 5596 Pontificem
597 5541 850 5615 dignum,
884 5545 1080 5602 crebro
1102 5548 1206 5602 sub
1236 5564 1414 5624 agone
1445 5551 1757 5621 probatum.

1968 5544 2220 5599 Diversas
2231 5541 2424 5614 rapido
2440 5544 2659 5614 species
2675 5543 2840 5598 simul
2858 5543 2989 5617 igne
3006 5545 3308 5613 resolvens,

243 5629 523 5684 Grandine
552 5646 716 5700 quem
752 5632 963 5702 plumbi
995 5635 1253 5706 quatiens
1287 5637 1656 5694 Diocletianus
1971 5636 2192 5704 Resina,
2220 5634 2474 5706 plumbo,
2506 5651 2652 5704 cera,
2685 5635 2829 5708 pice,
2854 5635 3140 5709 sulphure,
3171 5636 3316 5693 olivo

245 5715 465 5774 Invenit
491 5725 551 5774 ut
573 5719 838 5788 validum,
855 5722 1039 5780 valido
1061 5725 1153 5780 dat
1180 5725 1408 5782 verbere
1439 5743 1654 5784 rursum
1972 5730 2294 5797 Permixtis;
2328 5715 2538 5804 taliqiie
2563 5735 2772 5789 retecta
2791 5730 3096 5804 liquamine
3117 5730 3366 5787 membra
