3902 6398
288 379 396 432 735
1057 381 1424 437 FLODOARDI
1465 385 1769 441 CANONlCl
1811 382 2140 439 REMENSIS
2179 379 2521 436 OPUSCULA
2559 377 2873 434 METBICA.

293 509 601 586 Respergit,
638 511 959 582 disquisitos
990 528 1098 567 non
1133 529 1290 584 passa
1318 515 1565 570 calores:

291 600 406 652 Stat
438 599 560 669 pius
589 599 757 654 1113380
783 601 1098 671 spectacula
1127 618 1360 672 corpore
1393 605 1668 674 przebens,

290 685 614 760 Tutorisque
647 688 809 743 ﬁdem
843 690 1137 745 mirantum
1169 692 1431 748 cordibus
1451 693 1624 748 addit.

292 779 518 835 Carcere
547 782 779 836 vallatus
808 798 1006 858 magno
1037 801 1259 856 quoque
1292 786 1540 856 pondere
1570 787 1698 842 ferri

292 872 612 943 Depressus,
641 875 880 944 posthaec
908 875 1024 928 dira
1065 877 1352 931 obsidione
1389 885 1625 943 tenetur,

291 965 487 1019 Missus
515 974 567 1021 at
596 968 870 1022 zelhereus
894 985 1108 1024 summa
1139 970 1418 1026 delabitur
1442 973 1636 1039 aethra,

291 1053 606 1125 Largiturus
639 1070 799 1126 Opem
833 1057 957 1111 testi
992 1059 1082 1128 pia
1122 1059 1267 1114 bella
1293 1061 1538 1131 gerenti:

288 1142 512 1196 Vincula
543 1143 812 1210 dissolvit,
837 1145 1218 1220 patefactaque
1251 1149 1440 1204 limina
1472 1151 1673 1217 reddit,

295 1233 487 1286 Educit
518 1235 763 1288 tenebris
794 1245 1036 1308 raptum,
1060 1239 1151 1293 dat
1182 1239 1337 1293 abire
1365 1241 1623 1296 solutum.

293 1323 403 1387 Sic,
437 1323 566 1377 dum
601 1326 756 1394 plura
787 1343 987 1397 gerens
1027 1329 1245 1398 pepulis
1285 1329 1535 1386 miranda
1563 1333 1842 1387 lucrandis

291 1415 523 1485 Oppida,
554 1432 676 1469 rura
707 1418 882 1488 replet
914 1416 1068 1471 factis
1094 1417 1425 1491 insignibus,
1454 1419 1569 1475 ales

293 1506 451 1560 Fama
483 1506 739 1576 palatinis
769 1508 934 1561 etiam
960 1516 1110 1563 notat
1141 1509 1368 1564 auribus
1406 1517 1542 1565 acta.

287 1599 516 1670 Jamque
548 1601 915 1671 triumphator
945 1604 1191 1672 proceris
1220 1603 1421 1658 virtute
1453 1603 1674 1674 prioris,

288 1694 514 1747 Culmen
550 1695 603 1748 in
635 1696 862 1750 alterius
892 1697 1184 1751 mandatur
1206 1699 1348 1753 inire
1379 1701 1626 1755 duellum

289 1785 470 1841 Laude
495 1788 780 1844 lacessitus
811 1800 986 1862 raptat
1019 1807 1181 1863 quem
1220 1791 1582 1847 Maximianus

1939 523 1982 588 Α
2015 514 2431 586 Suppliciisque
2460 513 2631 587 agitat
2668 511 2837 566 variis
2863 510 3110 583 duraque
3143 511 3399 583 palaestra

2018 608 2310 670 Exercens,
2340 607 2464 661 aeris
2490 606 2660 662 lorica
2692 605 2906 659 inducit
2939 605 3156 659 adusta.

2016 705 2078 757 At
2107 703 2374 775 ﬂagrante
2405 702 2591 756 nitens
2620 700 2807 756 tunica
2839 707 2945 755 stat
2978 701 3163 754 nescia
3193 709 3397 771 martyr

2013 883 2071 936 Vi
2103 900 2337 954 supera;
2371 883 2767 937 recrudescunt
2801 889 3097 946 tormenta,
3123 882 3360 938 redactae

2016 975 2315 1030 Praimissze
2352 974 2591 1030 reﬂuunt
2613 974 2833 1046 species
2863 973 3094 1029 fervoris
3125 973 3178 1028 in
3213 975 3342 1038 olla,

2015 1070 2168 1125 Miles
2196 1079 2250 1125 et
2279 1069 2597 1142 ignipotens
2625 1068 2918 1123 ﬂammatis
2949 1068 3215 1140 mergitur
3246 1069 3433 1133 undis,

2015 1162 2158 1226 Quas
2189 1160 2375 1232 tepido
2405 1159 2570 1214 veluti
2617 1159 2780 1225 fetus,
2813 1159 3172 1232 gaudensque
3206 1161 3444 1225 lavacro,

2015 1341 2415 1415 Egrediturque
2445 1340 2646 1406 alacer,
2679 1340 2917 1411 divoque
2951 1339 3221 1394 levamine
3254 1346 3425 1404 tutus,

2018 1431 2238 1484 Eruitur
2265 1430 2405 1483 duce
2433 1429 2674 1494 sidereo,
2705 1445 2970 1499 campana
3000 1444 3304 1502 peragrans

2018 1617 2080 1672 Et
2109 1616 2355 1672 tenebris
2394 1616 2581 1688 plures
2612 1615 2679 1671 ad
2712 1615 2825 1670 veri
2858 1614 3068 1669 lumina
3099 1614 3306 1680 ductat,

1800 1893 2008 1952 CAPUT
2059 1895 2119 1950 V.

1471 1999 1546 2058 Dc
1574 2001 1802 2058 sanctis
1831 1999 2028 2060 Sossio
2059 2007 2110 2056 et
2137 1997 2464 2057 Januario.

287 2131 434 2186 Aula:
458 2132 770 2187 ministrum
792 2133 999 2188 cmlieae
1027 2134 1127 2188 hac
1154 2134 1443 2205 tyrannide

283 2222 488 2278 .‘Hisena
515 2223 726 2278 clarum
759 2225 1088 2296 praeferebat
1117 2226 1333 2280 Sosium

283 2315 380 2380 Qui
413 2316 726 2383 sanctitate,
755 2317 882 2372 dote
913 2317 1005 2389 qui
1049 2319 1357 2388 prudentia:

280 2409 535 2463 Juvenile
565 2411 736 2465 robur
756 2412 1079 2485 protegebat
1104 2419 1347 2469 strenue.

282 2501 460 2564 Quare
492 2499 687 2556 beatus
717 2519 864 2574 saipe
894 2503 1191 2559 Ianuarius

287 2593 604 2650 Benevento
630 2596 698 2649 ab
727 2596 864 2649 urbe
896 2613 1003 2668 qua
1035 2598 1251 2654 nitebat
1270 2600 1514 2670 pontifex

289 2680 443 2735 Hune
473 2683 690 2738 visitatu
723 2685 1015 2740 sublevare
1045 2694 1320 2742 sueverat.

292 2769 444 2822 Unde
472 2777 526 2824 et
558 2772 788 2840 petitum
821 2773 968 2827 clara
997 2773 1192 2827 Christi
1225 2775 1484 2848 dogmata

293 2856 506 2912 Domini
537 2858 642 2913 sub
673 2861 798 2914 aula
828 2861 959 2915 dum
981 2863 1246 2917 citantem
1273 2865 1520 2935 respicit,

287 2946 469 3002 Cernit
497 2958 805 3006 comantem
839 2951 992 3007 abire
1024 2953 1298 3011 ﬂammam
1331 2955 1560 3011 vertice.

286 3040 556 3112 Solusque
575 3043 666 3096 tali
686 3044 1040 3099 convibratus
1068 3046 1300 3106 lumine.

288 3131 403 3186 Mox
437 3133 708 3188 exiturum
743 3137 1062 3206 praedicavit
1092 3146 1409 3210 martyrem.

290 3219 438 3274 llaud
467 3221 773 3290 immorata,
805 3226 945 3279 haud
979 3227 1142 3282 ducta
1173 3227 1399 3302 longum
1433 3228 1654 3284 lamina.

288 3311 448 3367 Pauci
483 3322 733 3371 rotantur
753 3329 876 3388 post
905 3320 1250 3390 praphetiam
1283 3321 1425 3388 dies,

290 3403 348 3457 Et
379 3421 530 3469 ecce,
565 3415 748 3462 tentus
777 3408 906 3464 dum
939 3421 1086 3466 astra
1118 3413 1310 3468 levites
1337 3413 1505 3479 fovet,

292 3493 496 3550 chare
525 3495 700 3551 solers
727 3497 908 3552 vincla
937 3507 1087 3554 vates
1115 3502 1358 3569 advenit,

1933 2140 1981 2208 Β
2007 2137 2179 2205 Atque
2209 2133 2595 2202 apprehensus
2628 2130 2687 2185 lit
2712 2129 2982 2201 palaestrae
3013 2130 3312 2201 particeps.

2011 2223 2228 2276 Haerent
2249 2221 2470 2276 sodales
2498 2220 2716 2292 optimi,
2744 2219 3017 2273 diaconus

2011 2314 2223 2370 Honore
2248 2311 2460 2376 Festus,
2495 2312 2729 2367 lectione
2759 2321 2813 2365 et
2840 2311 2980 2365 clius

2009 2403 2344 2459 Desiderius.
2384 2404 2467 2469 Hi,
2497 2420 2643 2458 saeva
2675 2413 2796 2474 post
2828 2403 3094 2475 egastula,

2007 2499 2258 2554 Muletam
2287 2497 2476 2553 subire
2516 2498 2866 2552 destinantur
2897 2495 3139 2562 verticis,

2009 2593 2106 2658 Qui
2138 2593 2498 2662 praestitutam
2529 2592 2660 2646 dum
2693 2597 2876 2646 terunt
2905 2590 3210 2654 lethiviam,

2014 2685 2372 2740 Cumulantur
2398 2691 2558 2739 aucto
2584 2683 2871 2756 dignitatis
2895 2682 3116 2746 ordine,

2014 2773 2316 2828 Puteolana
2349 2789 2550 2844 nempe
2577 2772 2648 2826 ab
2681 2772 2816 2826 urbe
2851 2772 3122 2828 Proculus-

2013 2863 2198 2919 Levita
2228 2865 2404 2919 fertur
2439 2881 2564 2920 cum
2597 2863 2815 2918 duobus
2843 2863 3044 2918 obvius

2012 2954 2075 3008 Et
2107 2953 2269 3024 plebe
2293 2953 2460 3022 justis
2494 2954 2678 3026 (hique
2713 2955 2936 3015 Aeutus,
2975 2951 3216 3017 Eutices,

2015 3049 2106 3103 Isti
2148 3056 2410 3122 rogantes
2440 3065 2540 3103 cur
2569 3064 2760 3102 necem
2788 3049 2925 3116 justi
2959 3053 3180 3118 petant.-

2015 3138 2111 3192 Ubi
2139 3138 2444 3209 probantur
2474 3137 2655 3208 plebis
2684 3137 2844 3191 alma:
2870 3135 3106 3191 nobiles.

2012 3232 2184 3288 Simul
2210 3233 2479 3301 jubentur
2497 3233 2638 3288 colla
2660 3233 2797 3288 secti
2837 3231 3206 3294 occumbere;

2014 3325 2333 3397 Pariterque
2355 3333 2568 3396 septem
2600 3325 2756 3380 caede
2785 3325 2927 3395 plexi
2955 3339 3214 3394 compare

2015 3415 2321 3485 Rapiuntur
2343 3417 2445 3472 acti
2470 3416 2659 3488 gratiae
2686 3415 3066 3487 praedonibus,

1928 3486 1979 3552 ί)
2001 3507 2259 3580 Variique
2287 3508 2438 3564 cives
2465 3486 2628 3564 busta
2657 3486 2791 3562 dant
2815 3507 3137 3562 tribulibus.

1791 3641 2006 3696 CAPUT
2048 3641 2136 3696 Vl.

1612 3742 1688 3800 De
1728 3752 1933 3804 sancto
1977 3743 2294 3804 Domnino.

285 3879 429 3936 Julia
458 3880 687 3936 Caesarei
713 3895 998 3952 procerem
1025 3883 1378 3955 primumque
1403 3882 1605 3938 cubilia

291 3972 616 4027 Domninum
648 3973 762 4029 fera
787 3974 1046 4029 vitantem
1080 3975 1354 4030 consortia
1381 3977 1527 4051 regis

290 4062 452 4119 Felici
484 4065 722 4137 hospitio
761 4065 1010 4138 capiens,
1039 4081 1161 4122 mox
1195 4067 1317 4122 laeta
1349 4068 1629 4140 triumpho

2019 3882 2316 3938 Persultat:
2346 3882 2527 3938 rabies
2556 3898 2720 3954 quem
2761 3887 3075 3937 consectata
3105 3880 3316 3936 cruenti

2017 3977 2318 4044 Carniﬁcis,
2349 3977 2511 4048 rapit,
2549 3976 2806 4031 tetbereis
2835 3976 3018 4050 gladio
3059 3975 3221 4051 erigit
3251 3975 3432 4030 astris.

1774 4167 1982 4226 CAPUT
2019 4168 2130 4225 νη.

1631 4271 1707 4330 De
1746 4279 1957 4330 sancta
2004 4272 2288 4334 Barbara.

285 4401 476 4455 Tuscia
509 4409 637 4457 tunc
677 4403 815 4466 vidit
843 4414 1060 4460 certans
1091 4414 1146 4460 ut
1188 4407 1419 4466 Barbara
1446 4408 1600 4480 virgo

293 4490 445 4545 Clara
473 4493 716 4562 trephzea
757 4493 897 4558 tulit,
929 4495 1146 4566 genitor
1177 4495 1470 4552 Dioscorus
1497 4502 1644 4552 arcta

291 4583 459 4644 Quam
489 4581 710 4656 longum
735 4584 1030 4640 obsidione
1055 4593 1237 4640 terens
1265 4586 1359 4644 dat
1387 4586 1638 4656 praesidis
1661 4585 1778 4651 iraa,

293 4680 406 4739 Qua
435 4678 635 4734 nudata
665 4679 848 4752 ﬂagris
878 4681 1047 4736 crude
1077 4681 1358 4736 divellitur
1381 4681 1536 4749 atris,

294 4767 539 4838 Dumque
567 4777 752 4824 manet
791 4769 1004 4824 stabilis
1034 4786 1232 4826 nervos
1260 4777 1313 4824 et
1342 4778 1531 4825 taurea
1552 4770 1738 4825 ridens

294 4858 466 4913 Frieta
496 4861 891 4915 recrudescunt
931 4861 1141 4915 hireina
1179 4861 1409 4915 vulnera
1441 4861 1604 4931 palla,

297 4954 428 5008 Inde
461 4963 685 5026 recepta
713 4963 868 5011 antro
894 4955 1105 5011 cmlesti
1141 4956 1260 5010 luce
1279 4954 1508 5018 levatur,

2015 4497 2242 4552 Malleus
2271 4498 2558 4560 incutitur,
2577 4498 2776 4568 capitis
2797 4498 3029 4553 libratus
3053 4498 3106 4552 in
3128 4514 3284 4563 arce;

2016 4587 2290 4645 Prmcissar
2321 4589 2444 4644 diro
2461 4596 2663 4644 teneras
2694 4605 2900 4645 caesore
2932 4589 3211 4653 mamillae,

2015 4679 2286 4752 Stigmata
2299 4678 2506 4734 deinde
2533 4678 2714 4734 crucis
2736 4677 2944 4732 nudare
2967 4683 3172 4731 retecta
3199 4676 3395 4746 plateis

1932 4787 1988 4854 ι)
2019 4769 2258 4835 Ducitur,
2290 4777 2458 4842 atque
2479 4769 2574 4825 diu
2603 4770 2910 4826 truculenta
2934 4768 3085 4823 caede
3109 4774 3338 4826 resecta.

2022 4861 2268 4916 Culmina
2296 4861 2524 4916 sortitur
2547 4860 2738 4932 juguli-
2757 4858 3016 4914 mercede
3044 4873 3286 4929 superna

1782 5053 1990 5110 CAPUT
2032 5054 2166 5110 Vlll.

1418 5155 1494 5214 Dc
1519 5157 1747 5215 sanctis
1776 5156 2046 5217 Secundo
2079 5166 2131 5216 et
2162 5157 2526 5217 Alexandro.

299 5288 480 5342 Castra
504 5287 664 5341 etiam
689 5288 1095 5355 scrutabantur,
1128 5303 1238 5360 quo
1269 5288 1313 5342 si
1345 5286 1471 5359 quis
1498 5287 1550 5341 in
1582 5287 1750 5342 armis

299 5376 622 5432 Christico!a
645 5378 923 5446 inventus,
953 5395 1154 5434 nomen
1188 5379 1478 5452 legemque
1508 5377 1809 5449 professus,

299 5466 402 5518 Aut
441 5480 574 5518 nece
605 5464 934 5532 Cmsareum,
968 5477 1061 5522 aut
1085 5466 1312 5522 satiaret
1336 5467 1495 5521 thure
1523 5465 1786 5520 furorem.

302 5559 630 5630 Lapsacidas
651 5559 794 5614 inter
824 5578 1079 5630 proceres
1106 5571 1234 5618 tunc
1256 5562 1392 5617 forte
1420 5561 1708 5616 Secundus

302 5651 532 5706 Nomine
564 5651 894 5722 deprensus,
924 5654 1150 5726 reliquis
1179 5655 1376 5709 virtute
1407 5654 1646 5726 priorem

303 5743 552 5800 Cwlestis
568 5759 731 5818 quem
766 5742 896 5798 fecit
919 5760 1082 5817 agon,
1115 5755 1239 5817 post
1262 5746 1460 5812 vincla,
1491 5747 1769 5810 tenebras,

2022 5380 2191 5449 Hujus
2211 5381 2579 5435 Alexandrum
2611 5378 2846 5453 legionis
2877 5378 2931 5431 in
2972 5379 3195 5453 agmine
3226 5393 3379 5432 sacra

2019 5473 2262 5526 Siderea:
2294 5473 2545 5526 audierat
2572 5472 2733 5525 luetze
2755 5471 3057 5540 sumpsisse
3091 5478 3358 5540 tyrannus

2024 5563 2238 5618 [litibus
2267 5563 2537 5634 appositis
2569 5563 2701 5632 petit
2734 5562 2880 5616 hunc
2911 5561 3085 5615 libare
3119 5560 3384 5632 profanis.

2019 5656 2069 5710 ls
2099 5655 2222 5710 (δειξιί
2254 5671 2496 5710 convexa
2528 5662 2716 5709 tuens:
2763 5679 2786 5700 ιι
2831 5653 2958 5707 Mihi
2991 5653 3166 5724 gratia
3188 5652 3314 5706 talis

2017 5745 2056 5800 Ο
2083 5745 2290 5801 utinam
2323 5753 2674 5816 praestaretur
2694 5760 2804 5816 quo
2835 5760 2974 5798 vana
2999 5744 3277 5816 repellens

2015 795 2253 849 Membra
2282 810 2484 870 gerens
2514 793 2678 868 ignis,
2711 799 3012 865 spretoque
3050 793 3247 847 ardore
3288 802 3542 848 coruscat

2016 1252 2217 1307 Cuncta
2245 1252 2406 1307 simul
2435 1268 2707 1322 superans
2726 1251 3012 1306 molimina
3043 1251 3161 1305 dira
3193 1251 3516 1323 triumphat.

2016 1705 2215 1777 Sicque
2246 1705 2357 1760 Deo
2383 1705 2572 1776 jussus
2596 1703 2844 1758 celebres
2874 1709 3219 1757 consummat
3249 1718 3474 1775 agon-es.

2017 4409 2298 4462 Costarum
2333 4407 2597 4479 applicita
2627 4407 2939 4464 ﬂammatur
2965 4407 3218 4478 lampade
3251 4407 3456 4470 cratis;

2021 5289 2354 5360 Perpetuum
2384 5290 2668 5360 specimen
2692 5297 2857 5360 caput
2886 5303 3021 5342 ense
3045 5287 3255 5341 recisus
3271 5285 3463 5340 adivit.

3547 381 3656 436 736

2015 1525 2172 1588 Arva,
2197 1521 2474 1592 iidemque
2509 1521 2651 1590 piam
2684 1520 2980 1574 multorum
3016 1519 3072 1573 in
3105 1531 3330 1591 pectora
3363 1521 3642 1590 plantans,
