3902 6414
210 391 314 449 787
823 391 906 445 DE
947 390 1211 446 CHRISTI
1251 390 1615 447 TRIUMPHIS
1655 393 1829 448 APUD
1871 392 2138 449 ITALIAM
2181 391 2357 448 LIBRI
2399 394 2526 449 XIV.
2576 426 2628 434 —
2681 396 2805 450 LIB.
2849 396 2981 452 Vlll.
3465 404 3570 459 738

213 513 484 569 Sensibus
511 513 615 568 ista
644 513 753 566 tuis
775 519 828 567 et
855 513 1247 568 verterecorda
1269 513 1508 568 valerem
1545 513 1557 567 l
1868 525 1915 587 Α
1948 517 2064 570 Mox
2095 515 2248 570 furor
2279 517 2424 570 hunc
2458 515 2720 570 frendens
2754 519 2928 572 ultore
2961 519 3052 573 dat
3077 535 3214 573 ense
3238 520 3388 576 feriri
3429 541 3441 586 ;

215 613 278 664 At
307 619 466 662 tueor
488 608 796 679 putridum,
829 607 991 662 video
1020 608 1327 662 insanabile
1358 610 1578 662 vulnus.
1948 608 2061 663 Stat
2084 608 2328 678 trepidus
2367 608 2512 663 ferro
2537 617 2734 663 nutans
2766 609 3035 664 titubante
3058 611 3281 666 satelles
3313 631 3325 672 ;

215 701 563 770 llletquoque
596 699 692 770 qui
720 714 950 753 cunelas
977 707 1133 754 vocat
1157 699 1224 753 ad
1247 716 1346 754 sua
1375 717 1603 754 munera
1629 707 1842 774 gentes.
1950 699 2117 762 Quem
2154 699 2302 752 ferus
2332 699 2670 769 increpitans
2694 700 2864 768 judex
2897 703 3183 756 succendit
3215 703 3448 759 inertem

217 788 477 842 Consiliis
513 794 569 842 at
600 803 763 858 parce
795 787 947 853 feris,
968 789 1294 860 Satanzeque
1333 804 1529 842 suasus
1959 811 1982 840 α
2017 790 2184 857 Hujus
2199 793 2270 859 (at
2292 790 2433 860 ipse)
2461 800 2624 861 caput
2645 808 2741 862 pro
2765 809 2852 846 me
2886 809 3290 866 monsmagnus
3321 795 3569 856 habetur.

217 882 426 953 Linque
449 889 572 937 tuos
599 888 654 935 et
688 897 866 954 pange
898 882 1072 936 malos
1097 897 1222 953 quae
1255 882 1496 955 gesseris
1528 889 1704 948 actus,
1953 877 2106 932 Unde
2129 886 2336 933 tremor
2367 879 2651 944 membris,
2687 881 2879 935 horror
2902 883 3036 936 mihi
3069 883 3330 938 sensibus
3359 897 3563 938 actus.»

221 973 620 1043 Viventemque
653 971 824 1025 Deum
857 971 952 1042 qui
981 970 1232 1025 condidit
1253 971 1440 1025 omnia
1464 986 1652 1024 nosce.
1685 991 1702 1018 ο
1953 965 2047 1020 llle
2068 966 2206 1021 alios
2226 966 2471 1030 adhibet,
2509 967 2695 1037 plures
2720 968 2828 1026 ciet
2858 970 3021 1024 unius
3050 986 3146 1025 ora

219 1061 396 1116 Motus
425 1060 495 1115 ad
527 1060 635 1115 ista
665 1058 812 1114 obici
845 1059 1024 1114 Caesar
1045 1059 1203 1128 jubet
1223 1073 1376 1113 arma
1407 1059 1629 1130 neganti
1951 1057 2050 1121 Qui
2082 1065 2334 1112 resecent
2367 1076 2382 1120 ;
2425 1066 2683 1129 properat
2701 1069 2923 1131 martyr,
2951 1062 3265 1134 gaudetque
3297 1063 3499 1118 resolvi

219 1152 574 1224 lnvitumque
605 1151 780 1205 sacris
812 1161 1144 1222 raptumque
1175 1149 1426 1204 litamine
1460 1150 1604 1222 cogi.
1950 1145 2437 1217 Procumbensque
2465 1161 2611 1219 genu
2647 1147 2860 1202 telluris
2879 1148 2949 1202 ad
2982 1149 3090 1203 ima
3119 1150 3357 1217 volutus,

221 1244 316 1297 llle
346 1241 457 1297 tide
489 1241 682 1307 fretus,
718 1240 927 1296 colubri
953 1248 1227 1311 praecepta
1256 1239 1524 1304 refutans,
1948 1235 2261 1291 Mucronem
2294 1237 2429 1308 petit
2457 1254 2522 1292 ac
2553 1253 2724 1307 prona
2753 1240 2968 1294 cervice
2981 1243 3219 1312 capessit

220 1332 723 1388 confundiuorvos
752 1331 971 1389 interno
996 1331 1197 1387 robore
1228 1331 1430 1394 vultus,
1950 1323 2054 1379 Sed
2077 1341 2241 1396 prece
2277 1325 2563 1396 praemissa
2594 1337 2913 1399 mactusque
2943 1329 3190 1385 iitardua
3220 1340 3395 1386 castra

221 1427 465 1482 Mensam
495 1425 650 1483 calce
672 1433 888 1498 petens,
919 1425 1100 1499 glebis
1117 1425 1473 1497 superaddita
1513 1423 1770 1479 miscens.

1738 1550 1948 1608 CAPUT
1995 1555 2059 1608 IX

1562 1690 1639 1748 De
1679 1699 1885 1750 sancto
1937 1689 2254 1749 Theodoro.

224 1832 550 1886 Theodorus
576 1831 777 1887 validis
805 1836 972 1884 staret
999 1845 1124 1883 cum
1156 1829 1318 1882 miles
1347 1829 1400 1882 in
1432 1829 1622 1893 armis,
1886 1833 1934 1899 Β
1959 1829 2190 1883 Judiciis
2216 1835 2574 1894 restauratus,
2605 1829 2757 1884 trabe
2789 1831 3001 1886 tollitur
3025 1832 3168 1886 altus

225 1924 495 1978 Strenuus
523 1924 824 1978 altithrono
857 1920 1136 1993 pendebat
1161 1921 1350 1975 munia
1375 1921 1608 1975 Christo.
1967 1920 2250 1993 Unguibus
2279 1922 2520 1988 excisus,
2554 1921 2810 1994 ferroque
2844 1924 3086 1978 insectus
3117 1925 3183 1980 ad
3215 1943 3361 1991 ossa,

230 2018 470 2072 Crimine
495 2034 608 2090 quo
629 2017 975 2088 raptuscelsa
1004 2015 1070 2070 ad
1105 2014 1357 2086 praetoria
1386 2014 1555 2069 fertur
1963 2009 2246 2064 Costarum
2279 2017 2484 2064 cratem
2517 2009 2753 2065 lacerata
2783 2028 2948 2066 carne
2993 2016 3240 2069 renudat.

228 2106 357 2161 Jura
385 2107 483 2160 Dei
515 2106 717 2170 fassus,
746 2103 1000 2160 differtur
1023 2109 1240 2158 vertere
1265 2117 1466 2157 sensus
1495 2119 1508 2164 ;
1964 2100 2098 2153 Inde
2139 2115 2269 2173 rege
2296 2099 2422 2154 data
2458 2100 2723 2155 victorem
2761 2104 3036 2159 sententia
3063 2107 3268 2174 prodit,

228 2198 601 2254 lrrevocanda
632 2206 829 2252 tenens
857 2206 1067 2251 aeterno
1101 2203 1326 2265 pectora
1355 2206 1508 2257 vero,
1963 2191 2062 2254 Qui
2090 2191 2289 2246 vexilla
2318 2191 2500 2246 crucis
2531 2193 2752 2262 rapiens
2784 2203 2969 2264 purlos
3000 2197 3333 2272 petitignes,

228 2288 452 2342 Sistitur
476 2287 782 2342 Eneadum
811 2285 1127 2341 censendus
1166 2284 1415 2358 regmine
1444 2281 1627 2357 legum
1666 2301 1680 2348 ;
1966 2285 2398 2357 Cleonicumque
2431 2287 2587 2357 sequi
2611 2287 2842 2362 vestigia
2883 2289 3048 2345 fortia
3079 2293 3370 2347 mandans.

231 2381 461 2454 Agnitus
483 2378 735 2442 infrenis,
769 2378 1062 2433 cohibetur
1093 2374 1331 2430 carceris
1360 2375 1546 2430 antris.
1962 2376 2394 2448 Glorificansque
2429 2379 2621 2444 Deum,
2662 2381 2863 2435 mentis
2902 2381 3018 2437 litat
3059 2384 3279 2458 ignibus
3307 2386 3512 2460 ignem.

231 2472 378 2528 Ostia
409 2470 724 2545 signantur,
751 2471 848 2524 sed
882 2483 991 2524 non
1023 2467 1293 2523 solamina
1323 2467 1448 2522 diva
1963 2469 2174 2524 Funera
2214 2469 2410 2524 devote
2445 2468 2678 2526 Eusebia
2705 2479 2992 2546 satagente
3022 2475 3295 2531 coluntur.

235 2562 774 2618 Arcenturclaustris
795 2562 1033 2615 relevate
1056 2579 1072 2626 ;
1097 2559 1311 2615 visibus
1336 2559 1459 2614 altis

1766 2653 1972 2710 CAPUT
2007 2656 2070 2710 X.

1250 2782 1328 2842 De
1352 2784 1579 2842 sanctis
1623 2782 1870 2852 Victore,
1900 2782 2092 2841 Felice
2119 2791 2298 2859 atque
2324 2784 2577 2843 Nabore.

237 2917 422 2973 Victor
461 2916 666 2970 canitie
696 2911 942 2986 fideique
973 2913 1176 2970 decore
1209 2914 1442 2980 nitebat,
1977 2914 2189 2970 Caesare
2218 2917 2538 2987 compulsus
2567 2915 2710 2973 fanis
2742 2917 3068 2990 impendere
3099 2922 3387 2991 honorem,

238 3005 526 3079 Sanguine
556 3005 650 3075 qui
681 3000 922 3069 Maurus,
952 3003 1255 3076 primisque
1279 3002 1459 3058 ﬁdelis
1487 3003 1556 3058 ab
1599 3017 1780 3071 annis,
1978 3003 2163 3060 Victor
2192 3005 2617 3078 perduran‘sque
2632 3007 2755 3077 pius
2784 3007 2900 3062 fera
2930 3009 3129 3066 robora
3152 3013 3321 3068 vincit
3350 3032 3364 3067 :

237 3093 519 3147 Caesareas
545 3089 718 3145 animi
749 3089 1042 3145 decorabat
1074 3091 1288 3146 honore
1329 3089 1652 3163 phalanges.
1975 3095 2274 3169 Lignorum
2307 3096 2465 3151 tritus
2495 3095 2746 3171 longum,
2779 3098 3119 3172 ignarusque
3159 3103 3411 3160 dolorum
3440 3124 3455 3170 ;

241 3185 440 3242 Felicis
468 3185 646 3257 patria
674 3184 810 3241 civis
841 3183 1088 3258 civisque
1117 3182 1370 3252 Naboris,
1971 3187 2244 3260 Stansque
2271 3203 2469 3258 expers
2497 3187 2662 3260 ignis,
2695 3188 2907 3258 plumbi
2938 3189 3196 3261 perfusus
3225 3195 3294 3248 ab
3317 3198 3506 3265 undis,

241 3277 422 3333 Africa
443 3293 586 3349 quos
601 3293 776 3332 caesos
799 3275 921 3332 urbi
954 3279 1046 3331 dat
1067 3275 1413 3341 Mediolanze,
1971 3278 2198 3352 Augusti
2238 3277 2455 3353 gladios
2477 3278 2557 3334 sic
2598 3285 2722 3350 post
2753 3280 3026 3338 tormenta
3058 3284 3380 3356 triumphat.

1764 3410 1972 3466 CAPUT
2010 3412 2096 3466 XI.

1291 3542 1368 3601 De
1389 3542 1614 3603 sanctis
1642 3542 2022 3618 Carpophoro
2052 3550 2103 3600 et
2132 3539 2540 3601 Abundantio.

317 3681 644 3738 Maturitatis
675 3681 780 3736 hoc
810 3680 993 3736 calore
1025 3681 1265 3751 copiam,
1900 3683 1950 3753 (ζ
1975 3681 2289 3752 Semenque
2328 3681 2480 3735 verbi
2511 3683 2564 3735 in
2595 3699 2722 3737 arva
2750 3693 3340 3756 sparguntpectorum.

243 3773 636 3843 CarpOphorus
656 3776 819 3825 aucto
843 3769 1074 3841 percipit
1101 3769 1478 3834 Abundantio,
1978 3771 2324 3844 Rursumque
2357 3771 2523 3827 tentis
2551 3783 2648 3827 ora
2685 3781 2884 3826 saxeus
2905 3773 3058 3846 rigor

244 3864 535 3934 Spoletum
568 3875 748 3933 agone
789 3860 883 3932 qui
904 3868 1198 3916 venustant
1224 3861 1421 3933 gloria,
1978 3864 2199 3932 Tundit,
2243 3865 2497 3921 levantur
2519 3867 2649 3922 hinc
2675 3866 2851 3920 eculei
2881 3867 3123 3922 culmine
3155 3886 3168 3931 ;

248 3951 407 4005 Prior
442 3948 704 4004 sacerdos
725 3963 788 4003 ac
819 3948 1073 4004 minister
1089 3948 1438 4020 subsequens
1983 3955 2279 4025 Fortesque
2307 3954 2428 4009 diro
2459 3955 2588 4008 dum
2609 3954 2914 4024 probantur
2935 3955 3177 4009 turmine

255 4045 364 4100 Pro
409 4043 574 4098 laude
603 4041 805 4097 Christi
836 4059 962 4097 nam
992 4043 1203 4096 subacti
1225 4042 1464 4096 fustibus
1990 4046 2187 4100 lterum
2221 4045 2466 4116 tenebris
2489 4044 2819 4119 ingeruntur
2842 4043 3104 4098 horridis.

250 4134 520 4194 Primum.
553 4132 686 4185 inde
711 4137 854 4187 tetro
877 4131 1266 4202 mancipantur
1293 4131 1523 4193 carceri,
1987 4136 2151 4202 Qucis
2183 4137 2466 4202 macerati,
2490 4151 2554 4192 ac
2580 4137 2870 4208 praeparati
2903 4137 3114 4191 laureis

253 4227 425 4282 Potus
445 4234 648 4300 negato
678 4226 888 4280 velcibi
911 4222 1201 4280 solamine.
1988 4229 2228 4283 Tandem
2250 4242 2385 4282 ense
2413 4227 2538 4281 αυθί
2570 4226 2719 4280 celsa
2748 4226 3022 4280 scandunt
3048 4226 3252 4279 sidera.

256 4318 493 4372 uectore
533 4322 587 4370 at
616 4315 750 4370 inde
777 4315 1135 4386 proferuntur
1163 4315 1369 4383 cmlite,

1763 4416 1972 4476 CAPUT
2019 4418 2132 4474 ΧΠ.

1475 4549 1550 4609 De
1576 4560 1782 4610 sancte
1815 4551 2098 4626 Gregorio
2129 4559 2417 4626 martyre.

331 4682 486 4738 Tunc
513 4685 567 4735 et
591 4680 789 4736 beatus
811 4680 892 4736 sic
915 4679 1135 4755 subegit
1162 4681 1452 4753 presbyter
1924 4689 1976 4755 ι)
2000 4684 2116 4749 Qua
2147 4688 2305 4754 parte
2321 4681 2472 4752 tapsa
2509 4679 2749 4735 civitatis
2769 4681 3031 4736 occid-unt

259 4773 470 4849 Anguis
497 4771 737 4829 furorem
771 4772 926 4827 lividi
953 4773 1271 4845 Gregorius.
1999 4779 2178 4848 Super
2197 4780 2482 4831 trecentos
2508 4787 2665 4830 sacra
2691 4775 2891 4831 dantes
2917 4773 3184 4829 delubris.

261 4865 359 4921 Cui
381 4865 608 4920 Flaccus
637 4865 860 4936 linquit)
892 4881 904 4918 :
937 4891 958 4910 ι-
989 4864 1064 4918 Tu
1093 4865 1315 4920 rebellis
1342 4865 1678 4936 principum,
1996 4867 2162 4922 Ferro
2189 4865 2323 4920 hinc
2358 4870 2592 4920 onustus
2634 4875 2801 4936 atque
2835 4872 3028 4934 septus
3057 4879 3299 4930 carcere,

259 4955 524 5024 Temptor
542 4968 823 5008 sacrorum
850 4961 981 5008 tunc
1012 4961 1186 5007 restas
1209 4953 1498 5009 numinum
1531 4955 1560 5008 ?
1588 4976 1612 5004 »
1999 4958 2230 5012 Levatur
2258 4969 2397 5011 usus
2417 4956 2614 5011 cretico
2642 4956 2932 5010 solamine.

262 5047 326 5100 At
356 5046 449 5099 ille
484 5062 497 5098 :
529 5064 558 5094 α
589 5043 759 5098 Nosse
787 5044 832 5097 si
874 5043 1013 5098 velis
1041 5045 1409 5099 constantiam
1994 5046 2184 5100 Genua
2216 5046 2346 5100 inde
2375 5045 2598 5101 carduis
2624 5051 2932 5099 atteruntur
2965 5044 3184 5110 ferreis,

263 5137 361 5203 Qui
396 5153 486 5190 me
517 5135 723 5191 creavit
753 5151 783 5190 e
815 5137 927 5191 luto
961 5137 1127 5190 Deum
1165 5152 1347 5190 meum
1997 5134 2270 5204 Latusque
2309 5141 2606 5204 utrumque
2638 5132 2856 5186 ﬂamma
2877 5139 3042 5188 torret
3071 5132 3407 5203 lampadum,

264 5225 341 5278 Ab
374 5225 673 5278 inchoante
705 5239 816 5279 non
848 5223 1103 5296 relinquo
1134 5223 1388 5291 infantia,
1413 5245 1437 5274 ι)
1997 5227 2218 5280 Dicente
2249 5236 2443 5279 sancto
2471 5232 2609 5278 teste
2630 5239 2775 5278 saevo
2799 5224 2976 5291 judici
3012 5242 3025 5278 :

263 5314 356 5368 Sic
384 5330 752 5386 perseverans
785 5313 841 5368 in
867 5313 1324 5370 fidefortissimus
2001 5344 2023 5366 ιι
2054 5317 2108 5371 Si
2139 5317 2328 5388 perdis
2359 5332 2524 5370 omne
2554 5331 2774 5385 corpus,
2811 5315 2956 5370 haud
2982 5334 3068 5370 me
3093 5316 3311 5372 deseret

267 5406 649 5460 Dilancinatur
679 5407 844 5461 dorsa
873 5407 1037 5460 tritus
1068 5406 1326 5473 fustibus,
2001 5406 2266 5462 Mediator
2303 5405 2480 5458 almus
2500 5403 2595 5474 qui
2626 5403 2869 5476 benigne
2895 5404 3169 5474 perfovet,

267 5494 552 5566 Nodisque
583 5495 727 5548 versi
751 5502 946 5549 venter
975 5502 1129 5549 actus
1155 5495 1378 5549 vellitur
1420 5513 1435 5562 ;
1999 5496 2182 5554 Sanat.
2211 5494 2472 5548 reformat
2511 5498 2695 5545 nostra
2726 5491 2971 5546 Christus
3001 5493 3237 5548 viscera.

265 5584 405 5638 Dein
440 5585 646 5658 ligatus
677 5594 827 5640 crate
868 5587 1080 5656 palmas
1107 5602 1170 5641 ac
1196 5587 1388 5657 pedes,
1998 5588 2130 5644 Tum
2169 5595 2372 5642 tractus
2404 5585 2768 5656 amphiteatra
2799 5583 3008 5660 spargit
3039 5589 3334 5662 sanguine,

266 5680 521 5734 Arctatur
547 5679 694 5750 ignis
729 5679 922 5735 subter
952 5688 1114 5736 aucto
1140 5680 1359 5752 pabulo.
1999 5679 2307 5746 Sectusque
2347 5673 2488 5729 colla
2517 5673 2724 5748 gaudet
2755 5674 2864 5730 alto
2895 5674 3161 5732 culmine.

268 5769 332 5823 At
360 5783 486 5824 mox
522 5768 627 5823 soli
645 5775 834 5825 coacta
858 5768 1076 5824 divellit
1106 5775 1315 5824 tremor
2003 5768 2142 5823 Diris
2172 5766 2476 5822 vorandum
2502 5779 2707 5833 corpus
2734 5766 3015 5835 obiectum
3037 5765 3167 5824 feris
