3902 6430
381 419 490 476 739
1088 409 1456 466 FLODOARDI
1499 406 1805 462 CANONICI
1847 402 2181 459 HEMENSlS
2221 402 2560 459 OPUSCULA
2599 402 2908 459 METRICA.

384 552 772 608 lntaminatum
803 556 858 602 et
887 546 1052 601 dente
1083 552 1137 600 et
1157 559 1341 617 ungue
1369 548 1679 613 permanet.
2029 541 2082 608 Α
2107 534 2281 588 Gratis
2308 534 2406 590 sed
2432 533 2687 590 obtinere
2718 532 2866 605 quod
2896 531 3224 603 nequiverat

385 640 643 711 Hespocit
670 637 797 692 inde
825 635 1030 710 pignus
1057 633 1260 686 almum
1291 629 1496 684 femina
2107 623 2351 702 Triginta
2371 629 2620 701 quinque
2651 628 2819 682 sumit
2845 627 3032 682 aureis
3064 626 3206 681 datis

384 731 592 787 Pietate
623 730 840 786 fervens
868 726 1122 798 martyris
1145 720 1518 779 Abundantia.
2109 719 2326 775 Honore
2365 719 2612 776 condens
2631 734 2742 791 quo
2762 718 2998 774 decebat
3017 724 3331 788 martyrem.

1848 827 2057 884 CAPUT
2103 829 2247 884 Xlll.

1380 935 1458 994 De
1489 940 1692 993 sancto
1720 930 1948 992 Sabino
1977 930 2244 1009 episcopo
2275 941 2328 991 et
2361 933 2544 992 sociis
2573 934 2722 1008 ejus.

379 1060 703 1131 Triumphat
733 1058 837 1112 hoc
852 1055 1090 1111 Sabinus
1109 1059 1246 1108 testu
1267 1049 1536 1124 pontifex,
2103 1047 2282 1118 Super
2304 1055 2592 1120 eoaptans,
2621 1048 2866 1104 ﬂammat
2886 1047 3186 1104 exstinctas
3215 1046 3388 1112 faces,

381 1149 482 1212 Qui
511 1146 826 1218 disciplinis
855 1143 1058 1199 nobilis
1081 1141 1424 1205 coelestibus,
2101 1138 2359 1195 Oratione
2375 1140 2524 1196 clara
2553 1141 3045 1197 fundenslumina.

380 1242 558 1297 Sensu
590 1240 736 1311 pius,
763 1251 1022 1292 sermone
1043 1233 1499 1298 facundissimus,
2100 1235 2311 1291 Virtute
2336 1237 2453 1291 visa
2473 1237 2682 1292 subditi
2709 1237 2976 1293 custodiae

379 1333 712 1388 Venustiano
731 1336 917 1384 tentus
947 1327 1132 1383 adstat
1158 1324 1383 1396 praesidi
2099 1323 2178 1378 Pii
2209 1325 2418 1382 datoris
2439 1334 2760 1399 competunt
2787 1326 3044 1400 vestigia,

375 1423 400 1479 ,Ι
410 1423 593 1478 unctis
616 1435 784 1475 sacrae
813 1417 1065 1473 Marcello
1093 1424 1147 1472 et
1174 1413 1563 1486 Exuperantio,
2097 1415 2218 1472 Mox
2248 1416 2400 1474 fonte
2438 1419 2533 1474 loti
2565 1428 2960 1476 consecrantur
2981 1417 3242 1474 undecim
3277 1435 3289 1472 :

377 1519 494 1574 Arae
515 1513 801 1581 ministris,
824 1512 1194 1584 pluribusque
1221 1509 1456 1566 clericis.
2099 1512 2230 1578 Qua;
2267 1515 2518 1570 nuntiata
2551 1516 2680 1569 dum
2700 1521 2994 1586 patescunt
3023 1513 3268 1586 praesidi,

378 1610 474 1664 (lui
509 1622 716 1680 praeses
746 1603 904 1660 obdit
934 1617 1160 1656 aureum
1184 1599 1587 1667 Jovemzsuum.
2103 1602 2388 1678 Languere
2419 1603 2632 1675 lippum
2661 1621 2825 1675 quem
2840 1601 3402 1675 coquebantlumina,

377 1701 456 1756 Ad
486 1696 913 1772 supplicandum
947 1703 1100 1749 veste
1131 1691 1277 1748 fulva
1307 1690 1599 1765 fulgidum.
1851 1714 1865 1732 ι

1863 1714 1865 1726 ’
2106 1697 2169 1753 Ut
2207 1716 2310 1754 nec
2339 1700 2516 1768 cibus,
2549 1716 2653 1755 nec
2679 1715 2908 1754 somnus
2937 1699 3070 1753 huic
3093 1696 3404 1768 captabilis,

379 1795 490 1852 Hoc
519 1794 610 1849 ille
629 1799 852 1863 sumpto
882 1795 1008 1845 vota
1035 1788 1248 1844 Christo
1269 1785 1482 1858 dirigit,
1622 1845 1632 1852 _
2104 1792 2265 1848 Mittit
2280 1793 2526 1867 jugalem
2558 1809 2683 1847 cum
2709 1792 2928 1847 duobus
2965 1791 3153 1846 liberis

377 1890 603 1959 Deoque
634 1887 761 1941 trito
793 1885 958 1939 dorsa
987 1889 1145 1937 terrae
1164 1880 1429 1952 percutit,
2105 1885 2347 1941 Poscens
2387 1885 2655 1940 Sabinum
2684 1885 2901 1952 adesse,
2927 1884 3120 1940 venire
3151 1900 3182 1939 e
3213 1898 3455 1948 carcere,

380 1978 441 2032 Ει
467 1975 866 2032 comminutum
896 1971 1137 2026 ἀίεείιίΐθ
1155 1968 1380 2041 βτοὶίοίί
1415 1985 1428 2021 ³
2105 1977 2394 2050 Pedesque
2425 1977 2529 2032 visi
2553 1995 2678 2034 cum
2711 1978 2901 2034 dolore
2928 1984 2980 2032 et
3008 1976 3265 2048 lacrymis

377 2063 749 2119 Venustianus
779 2062 910 2116 hinc
939 2061 1125 2115 furore
1153 2057 1421 2125 fervidus,

2104 2071 2246 2126 Petit
2273 2071 2457 2138 recisi,
2482 2072 2666 2128 dando
2698 2071 3105 2143 pmnitudinem
3139 2089 3155 2138 ;

377 2155 569 2210 Manus
598 2153 796 2209 recidit
825 2149 1129 2223 proterenti
1156 2149 1422 2237 numina.
2106 2160 2366 2216 Lamenta
2395 2163 2597 2231 conjux
2625 2168 2812 2237 auget,
2836 2168 3004 2233 atque
3024 2161 3122 2215 ﬁlii

377 2243 617 2300 Comites
645 2247 865 2299 castam
892 2238 1260 2296 lancinandos
1297 2235 1607 2308 applicans,

1568 2252 1607 2302 3,
2028 2279 2079 2347 B
2103 2250 2267 2347 _Sacro
2298 2250 2471 2306 dicari
2492 2266 2551 2306 se
2585 2235 2841 2347 petentes
2868 2249 3109 2347 gurgite,

375 2336 522 2402 QUOS
551 2335 671 2390 dire
694 2331 912 2389 acerbis
927 2337 1234 2386 "laceratos
1263 2329 1500 2385 Ῡυεῐίδυε
2028 2329 2079 2347 ’³
2102 2341 2373 2396 lntinctus
2400 2342 2549 2396 unda
2575 2341 2732 2413 pelve
2763 2348 2821 2396 ut
2861 2341 2973 2396 exit
3002 2339 3272 2395 candidus

374 2427 545 2483 vais
571 2426 813 2482 secando
842 2425 1019 2480 sulcat
1046 2420 1510 2496 atroxianguibus
1544 2438 1558 2485 ;
2102 2427 2331 2494 Praases,
2365 2429 2613 2485 dolorem
2646 2429 2795 2484 haud
2837 2429 3009 2484 sentit
3039 2428 3211 2482 ullum
3251 2425 3545 2481 luminum.

375 2520 502 2576 Post
529 2520 658 2594 igne
676 2519 802 2575 tosti
833 2515 1153 2574 confitendo
1181 2514 1413 2590 gloriam
1506 2583 1516 2590 _
2101 2522 2514 2580 Annuntiantur
2545 2527 2660 2580 haec
2689 2532 2902 2596 patrata
2934 2523 3153 2589 Caesari,

377 2611 572 2666 Christi
605 2611 826 2666 beatum
855 2609 912 2666 in
942 2618 1088 2664 astra
1114 2607 1305 2681 legant
1341 2605 1623 2677 spiritum,
2102 2611 2203 2677 Qui
2229 2619 2419 2684 raptus
2451 2614 2530 2669 ira
2555 2613 2694 2669 dans
2715 2613 2982 2668 sabinum
3016 2610 3261 2680 tormini,

376 2705 699 2777 Danturque
726 2703 968 2775 lymphis
998 2701 1248 2757 membra
1276 2714 1460 2754 mersa
1486 2697 1692 2772 gurgiti
1929 2693 1938 2698 “
2102 2705 2500 2762 Venustianum
2525 2708 2708 2779 capite
2737 2708 2906 2779 plecti
2937 2707 3224 2778 praecipit;

375 2794 608 2859 Quidam
634 2793 945 2848 vividarum
977 2797 1300 2862 persecutor
1329 2787 1605 2863 gentium,
2103 2794 2274 2858 Quem
2303 2811 2425 2854 cum
2443 2795 2620 2870 jugali
2648 2812 2714 2852 ac
2743 2795 2936 2850 liberis
2967 2794 3073 2850 fert
3091 2795 3288 2849 Lucius

373 2886 574 2942 Juncto
604 2885 912 2951 sacerdote,
943 2885 1088 2938 alma
1117 2881 1262 2938 tollit
1283 2896 1540 2946 munera,
2102 2881 2272 2939 Letho
2299 2884 2582 2953 tribunus,
2614 2899 2718 2940 nec
2742 2891 2993 2957 rogatum
3012 2882 3222 2952 judice,

375 2974 644 3047 Yiamque
664 2975 819 3044 juxta
847 2974 989 3028 lecta
1018 2973 1088 3027 ab
1117 2972 1284 3028 undis
1304 2971 1556 3028 collocat.
2101 2975 2385 3048 Spoletum
2409 2977 2466 3031 in
2495 2977 2692 3049 urbem
2723 2977 2818 3049 qui
2840 2977 3106 3033 Sabinum
3133 2976 3400 3048 dirigens,

375 3064 578 3120 Praesul
606 3063 847 3119 Sabinus
871 3062 1080 3118 carceri
1110 3061 1442 3128 detruditur,
2103 3047 2274 3120 Caedit
2298 3066 2522 3121 beatum
2553 3047 2684 3121 dum
2717 3047 2812 3120 dat
2841 3065 3005 3121 astris
3033 3047 3287 3136 spiritum
3319 3082 3333 3129 ;

377 3156 581 3212 Devota
607 3154 775 3210 servit
811 3153 900 3209 cui
924 3153 1152 3222 Serena,
1194 3152 1404 3208 lumine
2101 3153 2329 3210 Glebam
2359 3155 2564 3212 Serena
2591 3171 2714 3228 quae
2746 3171 2944 3210 manus
2959 3163 3203 3210 aromate

373 3245 604 3316 Captum
633 3250 895 3315 nepotem
928 3241 1266 3298 Priscianum
1299 3257 1421 3313 quae
1452 3240 1650 3297 dolens
2102 3247 2432 3306 condivemt
2460 3249 2751 3322 complexa
2776 3249 2902 3306 vitri
2935 3248 3087 3304 dolio

375 3337 632 3392 Perducit
661 3336 781 3405 ejus
803 3335 1204 3390 sublevandum
1229 3334 1493 3408 tegmine.
2031 3405 2066 3413 Α
2104 3341 2258 3397 Domi
2287 3350 2580 3413 receptans
2607 3340 2814 3398 muenia
2838 3356 3000 3397 secus
3013 3339 3268 3397 collocat.

371 3429 436 3484 At
464 3434 684 3495 trunca,
715 3425 935 3484 clausos
963 3424 1169 3496 praesul
1197 3405 1364 3480 orbes
1391 3421 1619 3479 brachia
2018 3405 2068 3476 C

1857 3526 2071 3585 CAPUT
2105 3529 2239 3586 XIV.

1527 3626 1609 3688 De
1633 3630 1862 3690 sanctis
1887 3629 2082 3691 Felice
2111 3639 2164 3691 et
2195 3631 2551 3694 Fortunato.

446 3747 556 3806 Hoc
577 3747 792 3804 fervore
822 3746 1227 3818 triumphantes
1251 3743 1506 3816 Aquileia
1521 3743 1659 3800 vidit
2098 3746 2370 3820 Unguinis
2386 3753 2718 3819 exsuperant
2747 3748 2906 3822 ignes
2927 3746 3193 3803 ferventis
3220 3745 3350 3801 olivi
3383 3763 3400 3810 ;

375 3841 610 3897 Felicem
640 3857 704 3896 ac
734 3840 1117 3904 Fortunatum,
1148 3852 1298 3904 caro,
1321 3834 1712 3911 gratiafratres
2099 3839 2414 3895 Perstantes
2445 3839 2500 3894 in
2531 3840 2694 3895 laude
2723 3840 2899 3895 Patris
2922 3840 3045 3894 sine
3077 3838 3248 3892 limite
3281 3836 3469 3901 fortes,

371 3939 518 4003 Quos
547 3936 722 4003 dedit,
745 3942 799 3990 at
823 3934 1023 3990 Christi
1052 3934 1198 3989 ferro
1231 3930 1509 4004 praeconia
1527 3929 1672 3985 necti
2100 3927 2300 3982 Urbem
2330 3937 2481 3984 extra
2510 3929 2661 3984 ducti
2693 3928 2920 3983 ﬂuvium
2953 3944 3115 3983 secus
3135 3925 3286 3982 urbis
3313 3926 3624 3992 alumnum,

373 4031 737 4088 Prodiderant
764 4049 780 4094 ;
817 4029 1023 4100 quique
1050 4026 1267 4082 Enﬁmii
1294 4023 1687 4097 suntpraesidis
1713 4023 1818 4080 acti
2097 4019 2333 4075 Verticis
2361 4036 2392 4075 e.
2423 4021 2592 4076 multa
2615 4021 2841 4093 capiunt
2870 4020 3115 4077 caelestia
3133 4035 3322 4094 regna,

370 4122 484 4177 Huc
513 4119 726 4187 rostris,
758 4118 853 4172 ubi
885 4118 1020 4172 dant
1049 4115 1250 4170 (.hristi
1291 4113 1590 4170 fortissima
1621 4111 1801 4168 laudis
2101 4110 2162 4165 Et
2193 4110 2336 4167 ferro
2357 4113 2599 4184 eXpliciti
2629 4112 2872 4168 subeunt
2910 4112 3130 4186 fastigia
3158 4112 3306 4168 cceli.

372 4213 607 4270 Robora.
636 4213 751 4276 Qua
781 4217 976 4282 pectus
1012 4207 1198 4263 furiati
1215 4206 1421 4276 judicis
1450 4205 1533 4260 ira
2097 4205 2263 4262 Nocte
2292 4207 2368 4278 pii
2400 4208 2617 4263 sublata
2646 4208 2750 4263 viri
2771 4225 2926 4264 sacra
2955 4209 3206 4264 membra
3237 4214 3548 4278 receptant.

367 4305 684 4376 Oppletum,
719 4302 830 4357 tela
863 4301 920 4356 in
952 4306 1122 4355 testes
1152 4297 1400 4354 crudelia
1429 4303 1672 4368 torquet.
2095 4298 2409 4372 Aulaaisque
2448 4300 2698 4373 obnupta
2715 4302 2895 4370 novis,
2929 4309 2985 4357 et
3005 4308 3252 4358 aromate
3277 4302 3548 4358 condunt.

367 4397 638 4468 Applicat,
668 4393 1049 4466 appenditque
1073 4391 1207 4446 feris
1229 4388 1566 4446 cruciatibus
1586 4394 1788 4454 arctos,
2094 4389 2334 4465 Pignora
2360 4392 2526 4448 chara
2554 4393 2761 4449 referre
2789 4395 2939 4450 viros
2967 4394 3215 4449 Vicentia
3245 4393 3450 4458 mittit;

365 4491 546 4546 Mente
576 4489 800 4561 quidem
825 4486 959 4542 celsi
990 4485 1258 4541 tolluntur
1277 4485 1488 4540 honore
1520 4488 1775 4546 catastas;
2093 4479 2318 4536 Nisibus
2342 4488 2397 4537 at
2423 4483 2623 4554 emptis
2647 4483 2873 4539 obstans
2902 4483 3154 4554 Aquileia
3175 4483 3372 4548 sancti,

367 4581 737 4654 Lampadibus
767 4581 908 4634 latus
933 4577 1201 4650 appositis
1226 4575 1517 4631 urentibus
1537 4573 1754 4640 ardent,
2093 4567 2336 4625 Tandem
2368 4572 2573 4646 agitata
2601 4572 2709 4644 piis
2737 4572 2954 4643 sopilur
2981 4587 3166 4646 pugna
3194 4569 3437 4642 querelis

367 4676 496 4740 Quae
529 4681 714 4730 tamen
747 4673 1016 4728 almorum
1039 4670 1230 4726 divino
1260 4669 1504 4725 carmine
1539 4666 1745 4741 frigent
1768 4685 1783 4736 ;
2095 4663 2259 4717 Paeto
2285 4660 2409 4728 jure
2437 4667 2602 4731 caput
2631 4661 2860 4731 capiens
2888 4660 3149 4732 Aquileia
3174 4661 3372 4727 sancti,

367 4767 605 4824 Vincunt
636 4767 766 4842 igne
797 4765 968 4822 animi
1002 4763 1288 4840 ﬂagrantis
1313 4761 1599 4834 lampadas
1626 4760 1772 4835 ignis
1804 4777 1820 4826 ;

1700 4760 1772 4814 iis
1804 4777 1820 4826 ;
2093 4749 2310 4817 Felicis,
2344 4749 2625 4806 Fortunati
2645 4750 2809 4805 simul
2832 4765 2956 4806 ossa
2974 4757 3241 4821 capessat,

364 4855 590 4912 Viscera
620 4854 850 4928 perfusi,
883 4853 1217 4924 ardentique
1251 4851 1469 4923 liquore
1499 4849 1811 4946 madentes,
2009 4881 2069 4950 Β
2094 4845 2324 4901 Pectora
2349 4842 2544 4900 Felicis
2571 4851 2740 4915 caput
2767 4851 2822 4900 et
2843 4843 3093 4900 Vicentia
3119 4843 3325 4899 fratris.
3429 4887 3443 4897 .

366 4945 636 5001 Flammas
664 4941 1256 5013 interimunthymnis,
1297 4940 1535 5011 oleoque
1562 4936 1791 5009 superni

1851 5037 2064 5094 CAPUT
2115 5037 2220 5092 XV.

1764 5147 1852 5210 De
1890 5159 2104 5211 sancta
2145 5149 2314 5226 Afra.

428 5268 682 5325 Traditur
710 5271 814 5325 hac
843 5269 996 5325 rabie
1029 5283 1323 5340 procerum
1369 5281 1633 5338 perpessa
1673 5263 1918 5320 furorem
2095 5263 2265 5328 Quam
2283 5278 2439 5318 sacer
2457 5278 2756 5338 aggressus
2786 5263 3003 5336 laqueis
3025 5263 3217 5320 eduxit
3247 5264 3467 5331 Averni,

361 5355 489 5411 Afra
517 5358 613 5411 Dei
636 5356 855 5424 cultrix,
887 5356 1187 5427 Zabulique
1219 5362 1409 5426 erepta
1435 5353 1666 5424 rapinis,
2092 5356 2480 5428 Subversaque
2513 5357 2658 5426 lupze
2686 5371 2851 5411 cavea
2883 5355 3083 5412 Christi
3106 5357 3281 5411 edidit
3308 5357 3512 5423 aulam,

362 5446 590 5519 Hospite
611 5449 860 5504 Narcisso
889 5449 1105 5503 sublata
1134 5447 1384 5502 libidinis
1406 5453 1583 5511 antro,
2090 5449 2203 5504 Nec
2227 5449 2398 5504 solam
2415 5448 2604 5504 evellit
2634 5466 2648 5515 ;
2677 5448 2895 5503 famulae
2926 5449 3258 5504 comitantur
3287 5448 3501 5515 amicae,

362 5537 587 5593 Lumine
617 5537 828 5591 caelesti
856 5538 1215 5608 squaloribus
1236 5547 1393 5593 eruta
1418 5537 1587 5604 caeni,
2090 5537 2382 5610 Quamque
2411 5537 2791 5610 sequebantur
2815 5537 2998 5604 furiis,
3034 5539 3240 5610 pietate
3267 5546 3609 5610 sequuntur:

355 5630 502 5688 Solis
528 5630 609 5686 uti
641 5628 817 5683 radiis
845 5629 1082 5685 sordens
1112 5631 1265 5705 uligo
1298 5629 1442 5701 (187)
1470 5628 1675 5685 fatiscit
2089 5627 2263 5700 Digna
2288 5628 2372 5682 vel
2407 5625 3019 5699 Eumenia,spretoque
3061 5629 3364 5700 Euprepria
3387 5629 3540 5695 luxu,

426 5787 570 5857 (187)
601 5783 806 5840 Humor
831 5785 1013 5835 terrae.

3632 401 3734 456 ’740
