3902 6420
211 418 304 474 741
808 413 890 468 DE
928 412 1182 468 CHRISTI
1221 412 1586 469 TRIUMPIIIS
1627 414 1799 470 APUD
1840 413 2103 469 ITALIAM
2145 413 2321 468 LIBRI
2363 413 2492 468 XIV.
2535 443 2605 453 —
2645 413 2771 469 LIB.
2813 414 2948 469 VIII.

212 552 487 624 Lampade
525 557 829 606 nocturnas
857 549 984 604 diva
1013 559 1309 620 superante
1340 550 1629 618 tenebras;

215 649 329 712 Qua
357 648 624 702 lustrante
646 646 814 701 etiam
841 655 1016 700 mater
1047 661 1106 700 se
1134 645 1289 716 prole
1320 646 1572 701 trahente

217 741 418 796 Hilaria
450 740 656 824 ascitur
685 739 891 795 cultum
915 737 1170 793 confessa
1201 737 1445 810 profanae

215 832 485 906 Cypridis,
519 832 794 886 addictam
823 831 910 886 cui
943 829 1045 884 fert
1074 829 1388 885 contamina
1418 837 1659 904 gnatam.

220 925 378 982 Unde
407 940 637 1000 gemens
668 923 862 988 hostis,
895 923 1249 994 praedamque
1279 923 1534 980 amittere
1578 939 1839 990 mcerens,

218 1015 425 1071 Tristes
447 1013 698 1068 induitur
717 1012 920 1077 vultus,
948 1012 1234 1085 aegerrima
1264 1012 1484 1083 praefert

221 1105 345 1166 Ora,
381 1105 604 1176 nigrans
622 1103 998 1175 elephantine
1029 1103 1225 1158 scaber
1244 1103 1429 1158 ulcere
1470 1105 1664 1174 pestis,

221 1192 457 1264 Vimque
479 1192 591 1263 pati
620 1192 892 1264 queritur,
926 1192 1136 1262 proprii
1159 1191 1454 1262 dispendia
1471 1193 1612 1261 juris

223 1281 601 1355 Ingeminans,
629 1297 733 1338 nec
754 1297 914 1352 posse
945 1282 1064 1337 dari
1095 1298 1195 1337 sua
1225 1284 1448 1338 vascula
1471 1283 1704 1348 Christo,

224 1369 451 1444 Cogitur
477 1379 532 1425 at
563 1371 758 1426 nolens
783 1371 994 1437 Iesum,
1019 1371 1424 1443 adstrictusque
1455 1371 1633 1438 fateri,

227 1459 329 1514 Pro
369 1459 527 1514 noxis
549 1458 838 1514 Dominum
862 1466 1219 1529 peccatorum
1246 1458 1440 1515 ultimo
1459 1475 1704 1531 passum,

225 1549 440 1620 Accipit
464 1566 623 1622 aequa
651 1549 811 1621 sequi
837 1565 1055 1604 servum
1078 1565 1337 1622 possessa
1359 1559 1639 1622 petentem

225 1639 468 1705 Tutoris,
501 1639 728 1710 propria
757 1638 1090 1711 Dominique
1121 1655 1411 1710 reposcere
1426 1641 1570 1709 jura,

229 1730 333 1795 Qui
363 1730 540 1785 furem
572 1730 812 1804 subigat.
843 1731 1060 1802 captiva
1089 1731 1294 1786 talenta
1317 1739 1582 1802 reportet.

231 1825 327 1880 His
354 1825 448 1879 ille
479 1840 802 1897 Oppressus,
834 1823 1083 1896 bellique
1113 1835 1305 1882 tenore
1325 1827 1619 1893 subactus,

230 1920 310 1975 Ad
338 1927 561 1975 versuta
592 1920 777 1991 precis
804 1919 1053 1975 fraudem
1085 1921 1380 1994 detorquet
1411 1924 1625 1992 agonia,

234 2015 401 2071 Posse
429 2014 638 2071 referre
665 2021 862 2086 potens
881 2016 1124 2072 animam
1153 2016 1239 2072 vel
1268 2018 1480 2074 retibus
1508 2035 1710 2075 unam:

234 2106 500 2162 Attollunt
524 2105 811 2178 praemissa
839 2107 1110 2175 animum,
1140 2108 1390 2164 solantur
1413 2125 1675 2184 egenum.

236 2198 470 2254 Roboris
501 2198 682 2255 elatus
705 2199 818 2268 jam
835 2216 991 2271 spem
1023 2201 1300 2257 consumit
1327 2203 1572 2272 inanem,

233 2289 395 2346 Furta
423 2290 696 2363 dolosque
724 2307 882 2347 sacer
903 2293 1121 2347 calcans
1143 2291 1278 2368 ligat
1299 2309 1395 2349 ore
1425 2295 1690 2350 latronem

229 2376 514 2433 Jurantem
535 2379 784 2450 proprio,
813 2381 1055 2452 praedam
1079 2395 1205 2436 mox
1221 2391 1611 2438 enecatactam

234 2470 296 2524 Ni
316 2471 533 2528 Christo
557 2479 850 2544 penetrare
878 2473 1044 2529 imam
1071 2474 1340 2544 jubeatur
1372 2476 1651 2548 abyssum.

236 2566 459 2624 Munera
488 2568 790 2626 constricto
829 2570 1029 2641 prmsul
1059 2570 1296 2643 depacta
1326 2571 1616 2647 resignans

3449 419 3554 472 ’742

1861 563 1911 630 Α
1943 549 2276 606 Lethiferum
2304 550 2438 605 lethi
2469 549 2635 606 tradit
2663 549 2766 606 sub
2789 551 2912 619 jura
2932 551 3246 621 colubrum,

1941 635 2333 692 Colluctantem
2366 652 2575 711 angore
2605 638 2751 704 terit,
2794 637 3002 694 fontem
3034 641 3183 712 capit
3212 642 3380 718 angui

1941 727 2119 797 Ipsius
2149 726 2203 780 in
2232 727 2459 781 charum
2489 727 2650 782 vertit
2671 728 2780 782 tela
2802 729 2976 784 hostis
2989 731 3228 786 amicum
3259 749 3272 787 :

1943 817 2212 874 Sordibus
2243 820 2563 874 emaculans
2591 827 2806 892 captata
2837 822 3064 878 monilia
3085 832 3281 899 purgat

1943 908 2308 966 Sanctiﬁcans
2336 911 2548 967 animas
2577 913 2669 984 pia
2689 922 2810 984 post
2829 914 3046 984 jejunia
3073 916 3212 973 lotas

1945 1005 2201 1062 Hilariam
2229 1007 2606 1081 genitamque,
2629 1009 3067 1083 ancillantesque
3100 1013 3335 1083 puellas,

1943 1094 2142 1166 Plures,
2158 1104 2424 1166 praeterea
2447 1096 2642 1152 affines
2667 1100 2978 1172 charosque
3008 1101 3253 1169 sodales,

1948 1185 2190 1242 Ecclesia
2212 1189 2526 1255 instruitur,
2560 1191 2765 1262 templo
2785 1209 2942 1248 sacer
2966 1193 3103 1249 ordo
3131 1195 3365 1259 dicatur,

1952 1274 2241 1347 Presbyter
2269 1285 2324 1333 et
2345 1277 2607 1350 Zosymus
2630 1290 2876 1336 sacratur
2899 1283 3202 1338 avunculus
3231 1284 3392 1351 Afrae,

1952 1364 2344 1438 Dispositoque
2384 1377 2543 1440 pater
2571 1371 2722 1426 clero
2755 1371 2961 1442 petisse
2984 1373 3296 1429 Gerundam

1954 1456 2166 1526 Fertur,
2192 1459 2288 1515 ubi
2321 1469 2528 1534 martyr
2547 1464 2739 1532 juncto
2771 1465 2952 1521 Felice
2971 1467 3285 1538 triumphat.

1956 1548 2087 1603 Afra
2109 1550 2270 1608 beata
2297 1555 2404 1625 piis
2436 1573 2632 1626 pravas
2656 1558 2853 1632 largita
2883 1575 3175 1614 crumenas

1959 1637 2328 1713 Pauperibus,
2358 1661 2553 1703 secura
2582 1651 2766 1705 crucis
2787 1659 3028 1706 sectatur
3055 1651 3326 1706 honorem
3362 1669 3376 1717 ;

1957 1726 2123 1798 Capta
2153 1741 2340 1788 manet
2368 1734 2568 1803 fortis;
2603 1755 2707 1794 nec
2732 1740 3068 1812 desperatio,
3101 1757 3206 1796 nec
3242 1741 3325 1796 vis

1959 1816 2107 1874 Hanc
2129 1837 2160 1875 a
2182 1839 2284 1893 spe
2307 1840 2590 1884 removere
2611 1830 2827 1896 valent,
2845 1831 2934 1886 vel
2965 1831 3128 1886 laude
3159 1847 3403 1901 superna

1881 1884 1929 1951 Β
1948 1906 2128 1972 Mente
2167 1919 2306 1989 petit
2327 1935 2502 1990 prona
2526 1928 2821 1991 tormenta,
2840 1923 3190 1993 amplectitur
3220 1884 3397 1997 i‘gnes,

1959 2009 2219 2075 Exsultat,
2251 2019 2548 2085 gratesque
2579 2012 2697 2069 litat
2723 2013 3058 2070 circumdata
3090 2015 3350 2085 flammis,

1964 2105 2147 2162 Hostia
2176 2105 2299 2162 viva
2330 2107 2441 2161 Deo
2471 2107 2628 2170 nitet,
2653 2107 2946 2179 hostiaque
2963 2107 3182 2180 ignibus
3211 2109 3322 2165 exit
3353 2127 3367 2176 ;

1963 2200 2153 2256 Hostia
2182 2199 2262 2266 ﬁt,
2291 2215 2394 2255 nec
2422 2208 2574 2256 tanta
2604 2200 2741 2256 focis
2769 2209 3000 2276 purgata
3029 2202 3337 2272 probantur

1964 2289 2207 2346 Membra
2239 2299 2494 2362 ;recepta
2534 2305 2667 2363 rogo
2698 2296 2873 2344 mater
2904 2289 3238 2362 famuleque
3268 2291 3444 2346 beatae

1965 2380 2087 2435 Haec
2116 2380 2327 2436 tumulo
2343 2379 2473 2435 dum
2498 2386 2654 2450 rapta
2673 2378 2856 2434 locant
2885 2380 3132 2452 ipsaeque
3164 2389 3446 2436 merentur

1964 2474 2260 2529 Emeritam
2291 2471 2787 2545 splendoresequi,
2819 2474 3135 2544 caalumque
3157 2489 3258 2543 per
3286 2473 3445 2548 ignes

1966 2563 2233 2640 lngressaa
2263 2562 2496 2620 Domino
2521 2560 2768 2632 perfecta
2792 2561 3115 2618 holocausta
3143 2559 3418 2616 feruntur.

1720 2699 1937 2758 CAPUT
1978 2701 2110 2757 XVI.

1597 2811 1675 2872 De
1717 2822 1923 2874 sancto
1967 2812 2242 2873 Eusebio.

242 2939 534 3007 Eusebius,
570 2941 1031 3012 postDMarcellum
1056 2944 1150 3014 jus
1179 2944 1385 3016 excipit
1415 2947 1620 3003 almum

241 3029 401 3085 Urbis
419 3031 668 3086 Romulae
699 3049 712 3086 :
745 3030 943 3088 (;hristi
972 3034 1062 3105 pia
1087 3050 1241 3090 sacra
1263 3042 1587 3105 venustans,

238 3119 416 3174 Diruit
442 3119 532 3174 hic
560 3120 869 3193 pressitque
899 3123 1160 3191 haereses,
1193 3131 1249 3180 et
1277 3125 1343 3180 ad
1376 3141 1534 3198 aequa
1561 3125 1778 3201 redegit

241 3214 413 3270 Prava
442 3231 544 3287 per
572 3215 831 3288 obliquos
847 3219 1085 3273 errantia
1111 3219 1278 3274 corda
1309 3218 1600 3277 Meandros
1635 3239 1648 3276 :

241 3307 441 3380 Sicque
469 3308 653 3364 nitens
672 3309 884 3365 meritis
911 3309 1261 3368 consortibus
1289 3311 1515 3367 additur
1537 3312 1716 3367 almis.

1965 2949 2097 3004 Esse
2127 2948 2256 3018 piis,
2297 2953 2508 3002 terrore
2533 2944 2688 3001 ferox
2719 2950 2950 3017 apparet
2980 2945 3190 3017 iniquis
3222 2965 3239 3011 ;

1966 3037 2262 3092 Perversos
2283 3035 2483 3110 retegit
2515 3053 2530 3101 ;
2565 3034 2720 3090 festis
2744 3035 2958 3104 jejunia
2987 3036 3151 3091 solvit
3176 3054 3190 3101 ;

1968 3125 2268 3181 Ecclesiam
2290 3125 2511 3181 socians
2536 3131 2751 3179 sacrato
2791 3140 3024 3178 munere
3053 3125 3213 3192 ditat,

1966 3219 2078 3275 Nec
2107 3220 2316 3292 patitur
2346 3219 2548 3284 scindi,
2577 3217 2910 3273 Christi‘sub
2939 3219 3308 3292 amoreligari

1969 3314 2198 3368 Enitens
2226 3313 2431 3368 mentis
2455 3329 2578 3385 quae
2608 3321 2732 3383 post
2748 3321 3108 3368 monumenta
3136 3313 3318 3369 fidelis

244 3399 354 3456 Nec
375 3416 529 3458 mora
543 3401 876 3458 Melchiades
902 3403 1176 3475 sequitur,
1200 3403 1498 3476 decorique
1529 3403 1796 3475 probatur
1889 3382 1939 3451 C
1969 3405 2178 3462 Emicat
2206 3382 2490 3461 emeritus
2511 3382 2722 3461 caelesti
2753 3404 2888 3461 sede
2928 3411 3208 3477 receptus,

1719 3530 1931 3588 CAPUT
1970 3531 2128 3587 XVII.

1571 3639 1648 3698 De
1689 3649 1895 3701 sancto
1945 3639 2246 3702 Timotheo
2259 3683 2272 3696 .

249 3782 410 3837 Patre
437 3782 543 3836 sub
583 3784 690 3839 hoc
721 3783 946 3838 Romam
978 3783 1208 3839 veniens
1233 3783 1372 3839 urbe
1395 3783 1738 3840 Antiochena

249 3880 593 3948 Timotheus,
617 3882 891 3936 Christum
953 3898 1051 3953 per
1099 3883 1341 3953 compita
1381 3899 1481 3953 per
1509 3882 1624 3938 fora
1665 3882 1875 3958 pangit,

252 3975 490 4046 Dapsilis
517 3976 664 4031 hunc
690 3977 914 4046 juvenis
943 3984 1145 4032 sancta?
1178 3977 1398 4048 pietatis
1423 3986 1634 4032 amator

252 4065 540 4130 Silvester,
569 4066 801 4136 cupiens
827 4066 1058 4121 attolere
1092 4066 1350 4120 laudibus
1380 4067 1556 4134 ardet,

255 4153 495 4208 Plurima
513 4154 608 4226 qui
639 4162 930 4226 postquam
957 4155 1286 4226 populorum
1317 4156 1486 4210 corda
1513 4155 1784 4211 sacrando

257 4245 530 4302 Continuo
554 4247 803 4302 hicanno
835 4247 1133 4313 Christum,
1165 4255 1218 4302 et
1245 4249 1556 4319 quadrante
1587 4247 1804 4315 fatetur,

257 4337 466 4392 Tentus
495 4337 656 4391 laude
686 4337 864 4392 crucis
887 4336 1144 4408 praefecto
1162 4337 1394 4391 traditur
1419 4336 1593 4402 urbis,

262 4429 598 4484 Verberibus
626 4436 832 4494 sectus,
863 4429 1029 4502 longo
1057 4429 1314 4498 squalore
1346 4437 1554 4482 catenae

259 4522 462 4588 Tritus,
495 4537 560 4576 ac
578 4521 815 4576 invictus
836 4521 1096 4576 mulctam
1129 4527 1212 4574 ter
1235 4520 1424 4591 judice
1455 4536 1702 4574 sumens.

264 4612 448 4668 Fortia
474 4610 766 4680 suppliciis
794 4610 1045 4664 solidans
1067 4618 1150 4663 ter
1172 4616 1392 4679 pectora
1419 4609 1599 4671 saevis,

266 4703 441 4758 Morte
457 4716 702 4773 sequens
727 4701 1017 4756 Dominum
1040 4700 1198 4754 saevis
1226 4700 1280 4753 in
1309 4699 1504 4755 funere
1537 4700 1786 4768 mixtum,

268 4795 574 4851 Probrosos
598 4794 744 4848 inter
764 4793 984 4864 capitali
1017 4792 1168 4856 caede
1189 4801 1460 4856 coruscat,

269 4889 336 4945 Ut
359 4888 550 4960 spinas
579 4887 724 4941 inter
752 4885 985 4941 rutilans
1011 4901 1135 4941 rosa
1162 4884 1402 4958 fulgurat
1434 4883 1621 4940 hirtas.

269 4976 666 5048 Intempestivo
689 4975 954 5030 Silvester
983 4973 1161 5028 noctis
1185 4973 1377 5028 abacta

268 5069 511 5126 Membra
537 5068 762 5123 domum
793 5065 1060 5132 referens,
1095 5081 1235 5137 papa
1265 5065 1526 5139 cleroque
1563 5073 1780 5134 vocato,

269 5163 586 5235 Martyrium
619 5162 889 5230 excubiis,
921 5161 1064 5218 divis
1120 5175 1344 5234 quoque
1397 5161 1616 5218 dedicat
1647 5162 1886 5234 hymnis.

272 5255 482 5327 Corpus
514 5259 682 5310 humo
712 5253 939 5308 mandat
970 5252 1192 5324 proprio
1217 5253 1533 5308 veneranda
1585 5253 1888 5324 Theonem,
1914 5281 1917 5284 -

269 5345 560 5400 Asciscens
579 5344 741 5398 horto
762 5357 925 5397 secus
954 5341 1157 5413 inclyta
1168 5341 1402 5416 pignora
1433 5341 1607 5409 Pauli,

272 5433 368 5489 Cui
391 5448 491 5504 pro
522 5430 799 5502 discipulo
819 5429 1030 5485 socium
1057 5430 1407 5504 cognominis
1437 5430 1609 5496 addit,

272 5521 632 5592 Basilicaeque
662 5519 831 5573 domu
857 5516 1179 5573 venerabile
1208 5516 1376 5572 funus
1403 5519 1658 5574 honorat.

271 5609 551 5666 Deﬁciens
581 5607 879 5679 praefectus
899 5606 956 5660 in
974 5606 1144 5673 hunc,
1171 5606 1228 5660 in
1257 5613 1481 5678 pectora
1495 5613 1720 5679 torquet

276 5699 516 5770 Hospitis
537 5713 692 5754 arma
717 5697 818 5769 pii,
851 5696 1084 5750 dimissa
1115 5695 1318 5752 talenta
1348 5712 1648 5768 reposcens

273 5790 458 5848 Poenis
472 5788 751 5862 impliciti,
776 5787 962 5844 vincto
993 5785 1246 5862 graviora
1271 5786 1516 5843 minatur

275 5883 385 5940 Nec
412 5889 707 5955 postquam
741 5879 974 5934 addiscit
1001 5891 1111 5934 non
1142 5878 1440 5934 adduxisse
1464 5894 1755 5937 crumenas

1983 3776 2274 3844 Punctum,
2300 3774 2461 3830 sedet
2489 3774 2568 3829 ira
2591 3772 2854 3840 fremens,
2887 3773 3176 3844 invisaque
3193 3774 3317 3842 jura

1980 3867 2230 3922 Nominis
2258 3865 2521 3934 objectat,
2551 3871 2769 3920 terrens
2795 3863 3026 3917 sacrare‘
3055 3862 3256 3917 sacella

1982 3951 2045 4004 Ni
2082 3958 2251 4023 petat,
2280 3950 2493 4006 efflabit
2513 3949 2805 4007 tormentis
2835 3951 2984 4006 caede
3001 3950 3314 4021 propinqua
3347 3968 3361 4005 :

1985 4061 2010 4092 α
2034 4041 2332 4113 Suppliciis
2362 4040 2654 4111 (Silvester
2679 4039 2771 4111 ait)
2795 4040 2898 4094 hac
2926 4046 3088 4095 nocte
3117 4039 3393 4093 labantem

1980 4131 2210 4185 Famina
2236 4130 2364 4185 diva
2393 4129 2580 4184 ferunt
2603 4128 2845 4183 animam
2877 4128 2947 4182 de
2973 4128 3107 4182 sede
3139 4128 3330 4183 revelli

1982 4222 2176 4280 Cordis
2194 4225 2362 4281 stulte
2393 4222 2494 4289 tui,
2526 4237 2636 4293 quo
2664 4227 2890 4292 pectora
2919 4227 3072 4276 torva
3104 4220 3358 4290 resultas,

1984 4316 2242 4373 Protinus
2270 4322 2490 4371 aeternae
2519 4313 2772 4370 subiture
2799 4313 3046 4385 pericula
3073 4313 3312 4380 mulctae,

1986 4409 2054 4465 Ut
2083 4424 2258 4465 caesos
2277 4408 2522 4482 gaudere
2553 4407 2746 4463 videns
2767 4406 2889 4461 sine
2929 4404 3038 4460 fine
3068 4405 3363 4480 gemiscas,

1986 4505 2190 4576 thua:
2220 4503 2468 4560 inﬂixisti
2500 4503 2604 4558 sub
2632 4508 2861 4573 puncto,
2884 4501 3182 4556 intermine
3220 4517 3432 4569 sumas,

1988 4596 2187 4652 Infelix
2215 4612 2354 4669 quos
2385 4595 2591 4666 punisti
2619 4601 2841 4650 tuerere
2871 4593 3080 4649 beatos.
3121 4616 3141 4643 ο

1987 4690 2315 4764 Tarquinius
2335 4688 2570 4760 dapibus
2601 4687 2841 4744 discedit
2869 4687 3034 4742 inane
3077 4686 3376 4757 replendus
3410 4706 3425 4754 ;

1994 4784 2258 4840 Silvester
2289 4782 2435 4838 ferro
2467 4789 2728 4854 prOperat
2744 4780 2848 4836 sub
2881 4781 3092 4837 honore
3123 4781 3484 4851 premendus.

1999 4877 2216 4933 Interea
2245 4883 2507 4948 poscente
2535 4874 2651 4947 pio,
2673 4873 2982 4946 prandente
3013 4888 3231 4941 severo,

1999 4969 2276 5025 Iudicium
2305 4982 2522 5024 summa
2550 4973 2761 5022 rectum
2789 4966 3039 5039 procedit
3067 4965 3134 5020 ab
3167 4965 3361 5033 aethra,

1912 5022 1966 5090 D
1989 5022 2387 5132 Caudiaquein
2415 5075 2657 5131 poenam,
2682 5022 3019 5130 poenamque
3049 5055 3105 5112 in
3131 5056 3333 5131 gaudia
3347 5022 3540 5115 vvertit.

1994 5151 2241 5222 Denique
2269 5148 2488 5204 deliciis
2507 5155 2757 5203 ventrem
2784 5147 3041 5202 intarcire
3066 5145 3272 5217 paratis

1994 5241 2239 5297 Gutturis
2264 5239 2523 5296 annitens
2547 5239 2708 5294 avido
2724 5238 3014 5310 prmfectus
3043 5239 3196 5294 hiatu

1997 5333 2066 5389 Os
2093 5333 2265 5404 piscis
2295 5330 2518 5402 rapiens
2544 5329 2764 5385 incauta
2789 5328 2946 5385 fauce
2977 5329 3208 5402 volutat,

2002 5424 2236 5480 Interius
2262 5429 2476 5494 raptare
2509 5419 2703 5476 volens
2732 5420 3028 5475 conamine
3059 5420 3212 5476 nullo

2001 5516 2222 5573 Proficit
2251 5530 2499 5590 egerere,
2518 5529 2816 5586 assurgens
2849 5515 2975 5569 nisu
2996 5522 3154 5590 urget
3194 5514 3367 5580 inani,

2003 5607 2320 5675 Methodici,
2361 5606 2646 5678 empyrici,
2679 5605 2958 5680 logicique
2994 5607 3186 5663 dolore
3208 5608 3441 5677 jubentc

1998 5701 2187 5764 Acciti,
2218 5700 2371 5756 nulla
2388 5698 2634 5774 gaudent
2663 5696 2879 5753 ratione
2919 5699 3181 5755 medendi
3212 5720 3229 5754 :
3310 5714 3312 5716 '

1999 5792 2254 5848 Carmina
2275 5790 2428 5847 nulla
2445 5789 2650 5858 valent,
2677 5787 2831 5845 nulla
2858 5791 3204 5863 experientia
3234 5790 3458 5863 prodest

1996 5884 2190 5939 Tortus
2226 5891 2282 5940 et
2309 5881 2380 5938 ad
2417 5881 2662 5940 medium
2683 5881 2864 5939 noctis
2889 5882 3216 5942 horroribus
3230 5890 3406 5950 actus,
