3902 6404
343 381 452 437 743

344 482 561 536 'I‘etram
592 485 856 533 tartareas
884 477 1122 531 animam
1155 475 1395 531 demittit
1426 474 1483 528 in
1507 474 1752 541 umbras,

346 575 423 629 Ad
458 588 647 644 pcenas
674 572 856 643 pcenis
899 567 1238 626 cruciatibus
1259 567 1325 623 ad
1367 567 1640 623 cruciatus

347 663 589 737 COgitur,
620 664 688 718 ad
722 660 982 717 tenebras
1011 659 1201 713 mundi
1243 659 1312 712 de
1346 658 1467 712 lucc
1496 657 1789 728 superbus.

348 753 896 815 Eximiturtenebris,
932 751 1151 823 exitque
1178 749 1245 805 ad
1280 749 1489 804 lumina
1512 750 1713 818 justus.

349 848 573 902 Ducitur
593 844 688 901 ille
712 859 846 918 rogo
876 858 982 915 qua
1009 841 1241 898 verbera
1266 848 1493 897 voverat
1524 841 1677 897 hora.

1113 376 1483 433 FLODOARDI
1527 373 2212 432 CANONIILI'REMENSIS
2248 374 2584 431 OPUSCULA
2624 374 2933 430 METRICA.

1997 485 2048 550 Α
2079 475 2277 529 Privati
2307 476 2600 530 Dominum
2628 475 2770 544 juris
2802 476 3100 549 plangente
3132 475 3366 531 tumultu
3398 493 3414 543 ;

3595 376 3703 430 7“

2080 563 2305 619 Ducitur
2327 564 2426 618 iste
2447 563 2695 628 domum,
2740 579 2850 635 quo
2883 569 3131 635 tempore
3157 580 3300 617 saeva
3335 571 3559 635 putatus

2077 655 2264 727 Flagra
2291 654 2498 720 subire,
2526 653 2641 725 poli
2672 660 2786 709 toto
2820 654 3119 727 plaudente
3149 661 3366 719 senatu,

2073 750 2345 807 Victorem
2385 766 2605 824 quoque
2634 750 2839 805 livores
2866 756 3185 806 reverenter
3214 750 3467 819 adorant,

1805 941 2014 998 CAPUT
2061 940 2245 996 XVIII.

1487 1045 1563 1104 De
1595 1047 1823 1106 sancu's
1854 1042 2102 1104 Marino
2134 1052 2187 1102 et
2219 1043 2557 1104 Almachio.

350 1199 676 1253 Innumeros
704 1209 884 1265 usque
915 1195 1058 1249 hanc
1087 1192 1281 1248 urbem
1309 1194 1620 1265 compsisse
1666 1191 1979 1263 triumphos
2082 1182 2359 1236 Pastorem
2395 1181 2545 1235 hunc
2563 1180 2766 1251 Ephesi
2797 1195 3113 1235 memorans
3146 1172 3392 1255 Ignatius
3423 1179 3565 1249 ipse,

345 1286 676 1357 Accipimus,
709 1294 999 1355 postquam
1033 1284 1297 1355 praecelsa
1327 1284 1569 1357 insignia
1608 1281 1806 1337 Christi

349 1374 463 1429 Huc
493 1374 686 1428 Petrus
710 1373 1024 1444 Paulusque
1054 1372 1260 1439 ferunt,
1304 1372 1592 1444 larvasque
1624 1371 1901 1443 fugantcs,

349 1464 518 1540 Signa
545 1480 786 1535 superna
814 1464 997 1519 crucis
1026 1464 1253 1519 rutilare
1286 1464 1342 1519 in
1375 1465 1581 1519 moenia
1611 1469 1877 1534 praestant

350 1553 468 1609 Non
505 1555 774 1608 intantum
804 1553 1020 1624 apicem
1048 1551 1216 1623 prisci
1247 1567 1449 1607 vexere
1480 1560 1740 1623 parentes

352 1648 577 1703 Romam
611 1645 707 1701 lite
734 1652 937 1710 truces,
965 1644 1204 1700 fraterna
1229 1644 1381 1700 caede
1402 1643 1693 1699 madentes
1725 1664 1742 1710 ;

351 1736 469 1791 Non
502 1736 695 1799 Numa,
728 1750 839 1790 non
874 1734 1045 1800 Decii,
1081 1733 1251 1802 Harii,
1276 1733 1510 1801 Camilli,

354 1826 521 1891 Bruti,
539 1826 846 1896 Scipiades,
871 1824 1187 1893 Cicerones,
1221 1826 1338 1881 sive
1366 1826 1603 1881 Catones

353 1921 470 1979 Non
504 1934 683 1993 reges,
712 1932 990 1988 proceres,
1020 1917 1457 1984 nouannuajura
1487 1924 1763 1989 gerentes,

356 2010 477 2065 Non
506 2008 658 2065 orbis
696 2007 911 2063 Domini
944 2006 1139 2061 mundi
1171 2005 1598 2079 fulgorepotiti;

354 2108 526 2172 Quam
546 2115 682 2179 quot
719 2105 1072 2177 prmtulerant
1101 2103 1287 2175 regnis
1313 2102 1381 2157 ad
1414 2116 1630 2159 summa
1660 2104 1909 2167 relatam,

350 2197 451 2253 Tot
473 2194 637 2251 simul
662 2195 927 2250 addixere
951 2193 1101 2265 jugis
1128 2193 1195 2247 ad
1218 2208 1367 2247 saeva
1388 2192 1697 2259 subactam,

355 2289 679 2355 Queishanc
713 2287 967 2363 signiferi
985 2287 1164 2342 crucis
1190 2286 1521 2358 athletaeque
1552 2294 1810 2358 potentes

354 2382 581 2436 Solvere
610 2380 982 2452 compedibus
1013 2386 1250 2443 certant,
1284 2382 1838 2452 cceloquecoaptant,

357 2470 596 2525 Diversis
622 2468 857 2525 ducibus
882 2468 1166 2539 multoque
1196 2468 1394 2524 ardore
1427 2469 1690 2523 nitentes.

358 2558 431 2614 Ex
469 2557 673 2630 quibus
699 2556 1017 2622 Onesimus,
1050 2556 1202 2611 Pauli
1226 2556 1333 2611 sub
1368 2557 1588 2613 vincula
1616 2564 1842 2632 gustus,

355 2651 535 2705 Verna
561 2648 921 2711 Philemonis,
953 2647 1193 2703 famulus
1221 2648 1319 2703 sed
1343 2664 1576 2704 munere
1596 2648 1818 2719 Christi,

357 2738 829 2804 Quondamdurus
868 2739 1021 2805 hero,
1054 2746 1179 2809 post
1209 2739 1314 2809 ipsi
1344 2746 1399 2794 et
1423 2739 1677 2810 pluribus
1700 2747 1861 2813 aptus

360 2827 585 2898 Pr0pria
614 2844 778 2899 quem
815 2844 1051 2901 magnus
1080 2828 1437 2883 commendat
1466 2828 1649 2883 visere
1688 2828 1910 2898 Paulus,

362 2922 799 2995 Pontilicemque
830 2938 1056 2978 sacrans
1085 2922 1309 2995 delegat
1331 2923 1546 2978 semine
1576 2924 1753 2980 verbi.

2081 1277 2235 1332 Hunc
2257 1277 2363 1331 sibi
2410 1277 2691 1332 doctorem
2724 1274 2945 1347 praefert
2974 1276 3317 1348 charumque
3358 1275 3711 1352 magistrum,

2080 1368 2254 1440 Inque
2285 1367 2409 1437 ejus
2439 1374 2704 1439 praestare
2736 1381 2937 1441 greges
2972 1366 3220 1423 hortatur
3242 1382 3427 1423 amore
3462 1384 3474 1421 :

2078 1458 2436 1535 Magnificans
2468 1459 2759 1515 Dominum
2793 1458 2888 1514 tali
2922 1459 3017 1531 qui
3046 1473 3145 1531 pro
3172 1459 3314 1514 duce
3346 1457 3533 1514 caulas

2076 1550 2387 1607 Servandas
2427 1550 2670 1606 retinere
2710 1550 2892 1620 dedit,
2925 1566 3092 1622 quem
3124 1550 3540 1622 Romapetitum

2006 1676 2054 1744 Β
2078 1642 2231 1699 Nube
2266 1642 2466 1714 premit
2496 1642 2765 1714 lapidum,
2798 1642 3099 1714 conditque
3134 1642 3437 1714 sepultum,

2080 1736 2187 1790 Nec
2218 1734 2419 1790 retinet
2447 1735 2696 1805 longum,
2728 1733 2963 1806 sedique
2994 1734 3262 1807 gregique
3289 1733 3604 1788 remissum.

2082 1824 2177 1879 llic
2208 1824 2374 1878 etiam
2404 1823 2643 1879 occurrit
2671 1823 2855 1879 clarus
2886 1822 3085 1878 virtute
3116 1821 3359 1877 Marinus

2083 1916 2269 1970 Almus
2294 1922 2349 1970 et
2388 1915 2720 1981 Almachius,
2759 1912 2942 1968 valida
2972 1913 3064 1985 qui
3084 1920 3270 1967 mente
3303 1911 3516 1967 furores

2085 2007 2346 2063 Indocilis
2382 2006 2533 2082 vulgi
2563 2020 2904 2077 Spurcasque
2936 2004 3216 2078 redarguit
3254 2020 3377 2058 aras

2085 2104 2200 2170 Qua
2226 2102 2453 2159 solitum
2484 2100 2730 2156 insanire
2753 2101 2845 2155 die
2884 2098 3148 2154 libamine
3179 2095 3342 2173 nugis

2088 2198 2241 2250 Anno
2270 2195 2395 2266 plus
2423 2193 2640 2265 reliquo
2675 2210 2690 2260 ;
2722 2192 2968 2263 dumque
2998 2201 3115 2246 atra
3147 2190 3395 2245 recidere
3424 2189 3605 2245 tendit

2090 2286 2359 2342 Cordibus
2378 2293 2545 2359 atque
2578 2284 2721 2340 calet
2752 2282 2970 2339 stolidis
2991 2282 3231 2339 avellere
3259 2282 3401 2348 dira,

2085 2378 2307 2450 Mystica
2337 2391 2448 2449 quo
2471 2374 2615 2429 festo
2639 2375 2769 2429 data
2797 2373 3149 2429 circumcisio
3178 2373 3409 2436 Christo,

2084 2469 2456 2524 Bacchantum
2484 2467 2658 2523 furias
2679 2467 2735 2521 in
2776 2483 2837 2523 se
2867 2472 3026 2531 rotat,
3057 2473 3225 2537 atque
3256 2465 3504 2520 furentes

2085 2561 2184 2616 Tot
2215 2560 2405 2615 turbas
2434 2558 2741 2631 prohibens
2767 2559 2938 2624 solus,
2972 2564 3052 2614 tot
3080 2557 3327 2613 millibus
3355 2570 3507 2612 unus

2089 2652 2374 2709 Obsistens
2401 2652 2615 2708 ratione
2642 2650 2811 2719 feros,
2834 2652 3039 2723 pietate
3078 2666 3302 2706 severos

2088 2743 2430 2819 Aggrediens
2452 2759 2657 2798 vesana
2686 2742 2886 2797 animis
2911 2751 3162 2797 avertere
3190 2741 3359 2797 torvis

2088 2834 2336 2899 Enitcns,
2375 2831 2578 2906 gladiis
2602 2830 2985 2905 grassantibus
3011 2832 3405 2902 appetitatque

2087 2925 2355 2981 Sardibus
2380 2923 2703 2999 indignatus
2722 2924 2837 2979 adit
2860 2921 3112 2979 ctelestia
3129 2921 3356 2998 dignus.

1851 3050 2060 3109 CAPUT
2106 3054 2241 3109 XIX.

1732 3155 1808 3216 De
1847 3164 2059 3216 sancta
2100 3156 2341 3231 Agnete.

364 3292 569 3363 Inclyta
597 3291 853 3348 nobilitat
880 3294 1209 3349 venerande
1241 3293 1473 3366 virginis
1499 3292 1699 3349 Urbem

361 3386 544 3456 Agnes
562 3380 727 3447 fama,
750 3381 925 3436 decus
951 3389 1145 3438 tenero
1173 3398 1299 3454 qum
1319 3393 1481 3437 nacta
1510 3382 1614 3438 sub
1653 3398 1770 3438 aevo

365 3468 623 3540 Martyrii,
655 3468 899 3523 tumidos
932 3469 1125 3523 mundi
1154 3469 1667 3525 calcavithonores.

365 3559 488 3615 Haec
517 3560 646 3614 dum
681 3559 804 3631 lege
833 3559 928 3615 Dei
952 3560 1197 3630 pueriles
1225 3567 1512 3617 consecrat
1538 3576 1734 3624 annos,

364 3654 607 3707 Summis
635 3663 821 3707 mente
850 3669 1054 3709 vacans
1082 3654 1300 3719 studiis,
1328 3654 1516 3726 specie
1535 3655 1661 3710 terit
1690 3653 1784 3709 alti

365 3745 666 3818 Sanguinis
690 3745 995 3816 impubem,
1032 3746 1273 3817 praefecti
1307 3746 1480 3818 patris
1505 3746 1817 3814 alumnum,

366 3832 465 3899 Qui
492 3850 760 3908 gemmas,
792 3849 986 3889 aurum
1014 3834 1258 3906 pretiOsa
1287 3835 1515 3890 monilia
1544 3834 1709 3902 ferre,

368 3925 615 3994 Divitias,
643 3942 896 3998 pompas,
931 3926 1187 3994 famulos,
1218 3944 1516 4002 agrosque,
1540 3929 1849 4000 domosque

369 4014 628 4081 Prodere,
661 4015 903 4071 dotalem
934 4016 1119 4083 donis,
1150 4018 1521 4089 precibusque
1553 4026 1814 4088 parentes

362 4106 797 4179 Muneribusque
818 4108 977 4179 petit.
1008 4109 1168 4183 Virgo
1198 4109 1315 4165 haec
1339 4116 1400 4165 ut
1426 4118 1670 4166 stercora
1697 4108 1850 4165 ducit

364 4199 654 4271 Serpentis
682 4200 830 4256 velut
866 4218 963 4258 ora
995 4201 1148 4274 proci
1179 4202 1329 4273 capit
1360 4220 1375 4269 ;
1404 4202 1608 4258 aethera
1637 4209 1798 4259 terra

366 4287 589 4343 Praefert
616 4305 631 4355 ;
656 4287 960 4345 Aineadnm
1003 4291 1207 4347 rectori
1238 4298 1529 4347 stemmata
1559 4289 1758 4346 Christi

367 4375 737 4446 Praeponens;
766 4393 983 4444 aurum,
1006 4394 1277 4451 gemmas,
1300 4377 1648 4444 redimicula,
1668 4384 1851 4435 vestes

365 4463 591 4532 Spernit
630 4464 842 4521 honore
869 4466 982 4538 poli
1011 4469 1315 4542 gemmanti
1339 4467 1550 4524 lumine
1575 4468 1780 4524 cultam

364 4554 434 4609 Sc
462 4571 800 4624 memorans,
831 4558 1022 4629 sponsi
1053 4559 1323 4616 thalamos
1345 4559 1615 4627 melioris,
1644 4558 1817 4614 inisse

368 4643 635 4700 Nobilitas
662 4645 749 4701 cui
774 4645 1125 4718 praecellens,
1156 4649 1453 4722 potiorque
1481 4658 1751 4721 potestas,

370 4739 655 4796 Pulchrior
680 4750 961 4813 aspectus,
991 4759 1103 4815 prie
1130 4752 1351 4800 nectare
1377 4744 1556 4821 gratia
1585 4744 1765 4800 dulcis
1796 4762 1814 4805 :

368 4831 633 4889 Gazarum
659 4850 719 4889 se
749 4833 962 4890 addens
992 4834 1222 4908 in0pino
1254 4838 1501 4908 pondere
1540 4847 1779 4908 pactam,

369 4922 711 4981 Continuans
739 4937 795 4981 et
819 4942 976 4998 Opes,
1010 4928 1274 5003 ctgaudia
1298 4930 1484 4985 nescia
1513 4930 1725 4998 Incesti,

365 5016 580 5092 Organa
607 5036 865 5074 curarum
895 5020 1179 5076 dulcorem
1211 5022 1380 5076 mella
1409 5032 1753 5093 prementem

366 5100 613 5179 Munera,
645 5108 938 5187 ful'gOrem,
970 5116 1135 5181 vires,
1158 5114 1396 5190 fastigia,
1430 5132 1634 5171 numen

370 5202 652 5259 Caelicolas
680 5206 886 5261 subicit
916 5226 932 5269 ;
968 5206 1096 5263 hinc
1124 5208 1299 5262 solem
1317 5225 1381 5263 ac
1410 5208 1598 5263 sidera
1620 5205 1812 5264 subdit

372 5292 500 5355 Quae
515 5293 657 5347 bona
692 5295 996 5364 provideat,
1029 5303 1252 5367 priestet
1283 5312 1405 5368 qua!
1429 5297 1654 5368 praemia
1676 5298 1827 5353 texit.

374 5378 624 5449 Carpitur
653 5381 781 5453 igne
805 5381 920 5439 fero
942 5384 1163 5453 juvenis
1202 5385 1510 5457 morboque
1542 5394 1802 5458 perustus

376 5472 636 5541 Decubat,
671 5476 815 5531 haud
840 5478 1085 5549 perferre
1102 5481 1292 5536 valens
1333 5490 1439 5537 tam
1475 5482 1694 5553 pondus
1725 5482 1995 5554 iniquum.

377 5561 663 5617 Insinuant
690 5567 828 5635 patri
860 5584 1008 5624 saevo
1030 5568 1369 5625 decumbere
1387 5580 1616 5645 gnatum

375 5652 712 5723 Oppressum
743 5657 945 5712 medici
972 5677 987 5725 ;
1024 5676 1195 5730 puero
1235 5663 1577 5733 replicantur
1605 5662 1675 5718 ab
1706 5662 1822 5729 illo,

378 5743 435 5797 In
461 5760 661 5800 vanum
692 5766 709 5811 ;
743 5764 773 5803 a
802 5751 994 5824 genito
1026 5752 1244 5811 frustra‘
1278 5754 1535 5825 dispersa
1560 5770 1661 5825 per
1689 5771 1874 5811 auras.

1886 3308 1920 3327 ι’
2007 3296 2057 3365 C
2082 3292 2178 3347 Illa
2196 3291 2311 3347 dati
2344 3289 2609 3346 inviolata
2636 3288 2806 3346 refert
2827 3290 2938 3361 jam
2963 3290 3186 3345 vincula
3215 3289 3362 3361 pacti

2092 3386 2476 3445 Permansura.
2507 3383 2672 3438 Iidem
2701 3391 2910 3440 :eterno
2941 3384 3142 3439 durare
3173 3383 3278 3438 sub
3311 3398 3428 3438 aevo

2093 3479 2393 3537 Praefectus
2413 3477 2637 3550 generis
2663 3476 2852 3547 sperni
2881 3492 2942 3531 se
2972 3476 3247 3550 sanguine
3278 3474 3478 3547 quovis

2094 3574 2382 3646 Adstupet,
2404 3570 2784 3643 indagansque
2810 3569 2959 3640 capit
2990 3568 3185 3624 Christi
3216 3567 3387 3622 ardua
3408 3566 3577 3633 ferri;

2094 3660 2276 3717 Laetus
2305 3667 2360 3715 at
2381 3660 2682 3717 illetumet.
2706 3657 2878 3725 jussis
2908 3673 3009 3712 ceu
3032 3663 3186 3728 parta
3216 3655 3388 3711 furori
3434 3674 3448 3719 ;

2096 3749 2397 3821 Perstrepit
2429 3749 2570 3804 hanc
2587 3746 2732 3813 sisti,
2775 3745 3129 3817 blandusque
3181 3744 3481 3816 minaxque
3539 3744 3725 3799 resul-

3528 3834 3646 3906 [tat.

2095 3932 2190 3986 Illa
2220 3944 2382 4001 aequo
2413 3936 2684 3999 praestans
2714 3926 2899 3981 animo
2925 3924 3313 3995 tumidumque
3345 3923 3615 3995 piumque

2094 4024 2213 4079 Uno
2245 4022 2348 4077 fert
2364 4020 2543 4085 vultu,
2569 4018 2849 4089 similique
2882 4016 3064 4090 rigore
3095 4015 3413 4086 perhorret;

2094 4117 2320 4188 Aspera,
2352 4129 2458 4169 nec
2488 4111 2748 4185 frangunt
2767 4109 3045 4176 stabilem,
3073 4124 3177 4164 nec
3210 4108 3355 4163 lenia
3381 4106 3612 4171 fallunt,

2093 4210 2192 4266 Ille
2222 4210 2421 4267 videns
2449 4223 2624 4265 vacuo
2652 4207 2760 4262 labi
2788 4206 3075 4263 molimine
3105 4204 3353 4267 fraudes,

2091 4301 2253 4356 Arma
2283 4315 2444 4355 serus
2481 4296 2777 4353 manifesta
2807 4294 2950 4366 rapit
2970 4293 3209 4349 truciore
3242 4300 3457 4362 paratu,

2091 4388 2448 4460 Cernensque
2473 4387 2618 4442 hanc
2646 4392 2836 4456 optare
2866 4399 3083 4448 necem,
3106 4390 3377 4436 tormenta
3401 4397 3625 4443 vocare,

2093 4480 2288 4536 Omnia
2313 4495 2424 4551 pra:
2454 4478 2593 4534 votis
2624 4479 2765 4532 hanc
2794 4485 3037 4531 temnere
3068 4475 3206 4529 dura
3236 4474 3514 4544 snpernis,

2096 4571 2225 4635 Quae
2254 4571 2730 4643 magishorrcscat
2762 4579 2983 4623 versuto
3002 4568 3250 4637 providet
3282 4577 3431 4632 astu,

2100 4663 2447 4733 l‘clliceoque
2471 4661 2633 4733 jubet
2660 4660 2863 4716 nudam
2888 4660 3162 4730 raptarier
3182 4668 3363 4723 antro,

2095 4756 2365 4827 Quodque
2395 4755 2570 4826 magis
2598 4754 2803 4816 doleat,
2826 4752 3141 4824 'pcrturpia
3168 4750 3380 4805 ludicra
3419 4749 3575 4806 velli.

2095 4844 2319 4900 Accedit
2345 4842 2617 4898 luctatrici
2650 4843 2740 4913 pia
2762 4842 2937 4914 gratia
2968 4841 3196 4901 Christi,

2092 4934 2466 5009 Tegminaque
2489 4932 2679 4989 effusis
2704 4942 2961 4989 crescunt
2987 4947 3086 5003 per
3115 4930 3360 4986 membra
3390 4928 3636 4999 capillis,

2095 5030 2406 5084 Densantur
2435 5025 2630 5096 raptim
2661 5025 2845 5079 crines
2876 5023 3131 5093 inoperta
3162 5027 3411 5095 tegentes

2095 5117 2424 5188 Corporis,a
2454 5112 2670 5169 Christo
2691 5112 2793 5168 fusi
2823 5129 2933 5168 non
2964 5110 3214 5184 unguine
3245 5108 3378 5164 creti
3422 5125 3437 5162 :

2100 5215 2195 5268 Ast
2222 5211 2318 5267 ubi
2345 5210 2684 5285 belligerans
2707 5209 2950 5263 obscena
2968 5206 3219 5261 libidinis
3249 5213 3403 5259 antra

2101 5302 2263 5374 Virgo
2284 5299 2457 5365 subit,
2491 5296 2826 5353 lucissubito
2859 5296 3071 5370 fulgore
3099 5310 3417 5354 coruscans.

2103 5393 2311 5449 Emicat
2350 5393 2592 5447 aatherea
2622 5406 2825 5461 specus
2853 5388 3112 5443 irradiata
3139 5386 3329 5451 nitela,

2104 5482 2347 5549 Accedit,
2374 5481 2551 5555 magis
2580 5480 2809 5536 insolitu
2836 5478 3091 5550 pulsante
3123 5476 3371 5547 palaestra

2102 5574 2315 5639 Sidera,
2339 5572 2610 5637 crelicola,
2641 5588 2858 5627 summa
2888 5586 3014 5627 nam
3033 5577 3219 5624 vectus
3246 5568 3315 5622 ab
3338 5566 3514 5621 aethra

2104 5663 2363 5737 Congrua
2389 5661 2673 5735 belligerae
2690 5659 2794 5715 fert
2820 5659 3144 5714 indumenta
3167 5657 3387 5728 puellae,

2105 5754 2348 5826 Suscipit
2380 5753 2470 5809 illa
2499 5754 2695 5809 stolam
2721 5751 2933 5809 caelesti
2966 5750 3175 5809 lumine
3215 5749 3443 5815 cultam,
