3902 6424
385 396 490 456 74⁸7
1105 397 1475 456 ηουοιυωι
1516 400 1818 457 CANONICI
1861 401 1926 457 Ri

2193 435 2194 444 ι
2235 382 2570 457 oruscum
2613 400 2921 455 uermes.
3634 404 3734 457 ne

387 524 527 580 Urbs
544 523 710 580 simul
735 523 997 591 exsultat;
1030 524 1134 580 soli
1165 531 1493 597 torquentur
1524 525 1722 598 iniqui.
2032 532 2085 599 Α
2112 528 2273 583 Plura
2301 527 2487 582 studet
2509 526 2721 584 Christo
2746 526 3006 581 comitum
3037 526 3279 598 allegare
3302 526 3525 591 talenta,

385 615 485 671 Illa
513 625 722 687 patrem
751 613 1056 687 fratresque
1086 623 1283 686 petens
1306 616 1401 670 dat
1426 616 1660 692 virginis
1688 618 1828 672 aulze
2110 620 2472 689 Asservatque
2502 634 2713 671 sacram
2751 616 2855 671 sub
2888 617 3177 691 religionis
3202 632 3388 673 amore

384 705 627 762 Membra
652 705 933 762 renitendi
959 707 1428 781 mausoheumque
1460 709 1649 777 locari,
2111 704 2242 761 Cum
2274 706 2441 762 sociis
2468 707 2697 779 Agnem,
2741 706 3030 777 praesentis
3057 713 3117 762 ut
3143 722 3239 763 ora
3263 708 3561 782 magistrae,

385 801 522 857 Tum
546 800 657 858 sibi
678 802 903 857 mandat
931 802 1008 858 ibi
1038 811 1099 858 ut
1126 808 1345 857 maneat
1373 818 1499 858 cum
1521 802 1736 876 virgine
1756 802 1933 877 virgo,
2109 802 2276 875 Cujus
2292 803 2346 857 in
2386 802 2640 873 exemplo
2671 810 2904 857 tractant
2932 802 3181 858 caelestia
3200 803 3408 859 multae.

385 892 549 949 Fama
569 901 927 969 propagatur,
958 902 1186 950 currunt
1213 894 1284 948 ad
1313 893 1462 950 dona
1492 894 1686 949 salutis
2110 893 2233 947 Hinc
2252 908 2356 967 ego
2383 891 2685 967 naufragiis
2704 891 2894 946 vulsus
2924 892 3049 948 licet
3078 893 3277 949 horreo
3305 894 3479 961 tetris,

387 985 642 1057 Undique
667 986 945 1052 salvandi;
978 986 1192 1041 nullum
1223 1002 1353 1058 spes
1383 984 1524 1041 fallit
1554 986 1755 1052 inanis,
2109 980 2295 1036 Lintre
2323 996 2529 1053 vagans
2560 981 2780 1053 pelago,
2798 980 3069 1036 Ambrosii
3098 981 3194 1035 sed
3218 981 3337 1036 vela
3366 988 3590 1037 secutus

386 1076 815 1145 Lmtanturjusti
844 1077 1129 1149 quaesitam
1155 1075 1294 1131 ferre
1324 1076 1620 1143 medelam,
2109 1077 2427 1151 Virginibus
2456 1092 2728 1131 venerans
2751 1075 2948 1131 collata
2977 1076 3205 1131 monilia
3234 1076 3367 1152 legi,

386 1167 681 1241 Virginitas
709 1177 802 1223 aut
824 1169 1101 1244 regigente
1128 1168 1309 1240 placet
1330 1169 1585 1240 hancque
1606 1176 1910 1223 venustans
2109 1167 2345 1231 Quarum
2368 1182 2457 1221 me
2488 1164 2751 1237 precibus
2775 1165 2927 1220 fusca
2951 1173 3079 1237 peto
3100 1166 3263 1221 sorde
3286 1166 3449 1237 piari,

384 1260 515 1316 Fine
547 1268 709 1317 tenus
735 1261 890 1330 colit,
920 1260 1387 1334 accumulansque
1408 1261 1649 1335 insignia
1678 1261 1830 1317 lucra
2111 1261 2175 1316 Ut
2201 1261 2414 1333 capiam
2436 1260 2613 1315 veniae
2643 1259 2857 1315 meritis
2887 1276 3012 1332 quae
3042 1275 3153 1316 non
3184 1276 3331 1333 queo
3361 1261 3525 1316 dona.

1318 1469 1820 1562 INCIPIT
1894 1471 2283 1560 LIBER
2356 1470 2836 1562 NONUS.

1787 1657 1999 1715 CAPUT
2048 1657 2331 1715 PRIMUM.

1698 1784 1777 1843 De
1816 1794 2023 1845 sancto
2081 1785 2414 1847 Valentino.

381 1918 521 1973 Luce
550 1917 871 1972 Valentinus
901 1916 1027 1972 οωιί
1058 1917 1321 1972 rutilante
1350 1917 1574 1974 cluebat
2105 1920 2330 1977 Carcere
2351 1921 2837 1989 detrusns,'calcat
2866 1924 3003 1978 dura
3026 1926 3212 1980 omnia
3244 1926 3420 1991 IK‘IUS,

382 2008 587 2065 Praesul
617 2009 891 2073 doctrina,
912 2009 1114 2065 virtute
1140 2018 1196 2064 et
1223 2009 1426 2065 nobilis
1455 2010 1598 2066 alma
1622 2029 1636 2077 ;
2101 2013 2459 2085 Invictusque
2490 2030 2722 2069 manens
2749 2014 2851 2069 sub
2875 2026 3023 2070 vasta
3055 2018 3276 2072 silentia
3308 2018 3489 2072 noctis

382 2100 515 2157 Huic
545 2102 740 2158 Craton
765 2103 1015 2175 genitum
1047 2103 1403 2173 sophicorum
1430 2102 1633 2159 fotibus
1661 2104 1852 2170 altum,
2024 2129 2076 2198 Β
2106 2100 2349 2173 Exigitur
2370 2101 2618 2169 latebris,
2649 2118 2935 2174 eassusque
2955 2104 3262 2159 admittitur
3292 2105 3481 2169 astris;

378 2192 647 2249 Viseerete
673 2192 900 2265 gravido
918 2192 1092 2264 pestis
1118 2192 1217 2247 sed
1240 2192 1487 2264 pondere
1510 2210 1782 2264 pressum,
2024 2192 2067 2198 ⁷
2105 2196 2359 2271 Piguoris
2389 2197 2708 2269 impuberes
2728 2197 2946 2272 glebam
2977 2199 3232 2254 furantur
3264 2199 3499 2267 alumni,

380 2284 475 2340 Cui
502 2299 706 2340 nomen
735 2283 1064 2352 Cheremon,
1087 2284 1445 2340 relevandum
1467 2286 1688 2341 casibus
1714 2285 1895 2355 offert,
2108 2288 2370 2344 Proculus
2396 2298 2559 2361 atque
2579 2290 2903 2361 Apollonius
2928 2291 3031 2345 sub
3061 2292 3241 2347 noctis
3267 2307 3463 2362 opaco,

384 2374 611 2431 Fcedere
637 2375 734 2431 sed
757 2382 941 2447 pacto,
976 2388 1151 2446 puero
1182 2389 1294 2446 quo
1324 2374 1552 2447 sospite,
1588 2375 1788 2431 Christi
2108 2379 2479 2452 Ecclesiaeque
2507 2380 2685 2435 ferunt
2713 2381 2973 2453 propriae,
3002 2390 3057 2437 et
3091 2383 3223 2437 dant
3254 2382 3449 2437 ultima
3479 2392 3663 2447 caute,

382 2468 494 2525 sub
528 2468 663 2543 juga
714 2467 857 2525 colla
899 2465 1057 2534 ferat,
1100 2465 1506 2539 Dominumque
1544 2474 1849 2540 sequantur
1885 2467 2007 2524 alu-
2109 2474 2365 2529 Excubiis
2390 2476 2483 2547 qui
2514 2476 2645 2532 dum
2670 2477 2899 2552 jugibus
2921 2494 3075 2533 sacra
3102 2494 3332 2533 munera
3364 2485 3608 2545 servant,

1780 2559 1933 2631 [πιηὶ-
2107 2569 2287 2637 Tenti,
2310 2572 2596 2642 antrisque
2629 2554 2741 2626 dati
2782 2579 2893 2627 tum
2926 2573 3229 2644 qucesitore
3252 2572 3431 2644 petiti,

381 2652 601 2712 Ῑῖοδοῒθ
620 2664 891 2725 corporeo
921 2649 1034 2707 ηδῑί
1062 2666 1221 2706 me“
1246 2650 1477 2723 PriiEdita
1517 2651 1688 2723 Pal"is
2109 2662 2220 2719 Nec
2251 2663 2378 2719 victi
2408 2672 2554 2719 stant
2610 2664 3023 2737 blanditiasque
3057 2666 3343 2737 minasque
3370 2663 3634 2733 ferentes,

381 2747 647 2803 Eximitur
674 2743 943 2809 tenebris,
973 2742 1168 2814 implet
1206 2743 1494 2814 promissa,
1523 2750 1792 2805 sacratur.
2113 2756 2331 2812 Immoii
2359 2757 2580 2811 tandem
2612 2757 2892 2813 deduntur
2917 2758 3120 2813 vertice
3150 2758 3337 2829 plecti,

382 2838 516 2894 Cum
535 2836 778 2907 stipante
799 2835 989 2900 domu,
1021 2849 1127 2889 nec
1147 2833 1376 2908 longum
1398 2850 1614 2889 summa
1639 2834 1883 2905 capessit

2111 2850 2221 2907 Nec
2251 2852 2437 2923 procul
2471 2852 2684 2907 exuviis
2716 2870 2907 2908 urnam
2941 2860 3069 2908 sunt
3100 2852 3272 2922 patris
3303 2852 3488 2923 adepti

382 2927 611 2983 Munera
635 2924 869 2991 militiae,
910 2932 1118 2995 martyr
1150 2924 1279 2977 dum
1316 2930 1496 2978 terrea
1518 2924 1796 2996 linquens,

2200 2958 2341 3007 mna,
2375 2958 2647 3014 paresque
2695 2942 2901 2998 micant
2938 2942 3163 3015 gemino
3224 2943 3315 2996 hic
3372 2942 3475 2997 sub
3532 2942 3741 2999 honore

382 3018 560 3074 Aurea
596 3013 828 3070 sidereae
857 3013 1087 3070 sortitur
1113 3012 1337 3085 praamia
1362 3012 1509 3068 vitae.
2379 3012 2389 3014 ἡ
2558 3012 2571 3014 ⁷
2958 3012 2967 3015 ’
3408 3032 3672 3103 [coronis,

384 3109 578 3184 Flagra
603 3106 927 3165 Valentinus
946 3106 1247 3183 virgarum,
1277 3113 1333 3161 et
1351 3104 1589 3161 tormina
1620 3121 1840 3177 passus,

1906 3210 2116 3267 CAPUT
2166 3212 2233 3268 11.

1571 3314 1650 3374 De
1676 3317 1903 3375 sanctis
1932 3316 2175 3376 Antimo
2205 3323 2259 3375 et
2287 3314 2568 3376 Maximo.

382 3456 680 3517 Romuleas
709 3472 935 3531 quoque
962 3457 1112 3514 clara
1142 3458 1257 3514 vias
1281 3464 1610 3529 portumque
1639 3464 1941 3513 venustant
2112 3455 2368 3511 Anthime
2402 3455 2662 3510 virtutum
2696 3454 2989 3525 laudisque
3022 3453 3261 3526 insignia
3290 3454 3457 3526 regis,

383 3550 776 3624 Festa-trepaaa
808 3549 1033 3622 polique
1063 3550 1336 3623 Erebique
1363 3549 1727 3623 flagrantibus
1754 3549 1924 3604 armis
2113 3549 2212 3613 Qui
2237 3547 2394 3604 factis
2421 3555 2588 3619 atque
2620 3563 2716 3602 ore
2738 3546 2922 3601 ferens
2949 3563 3120 3617 super
3150 3554 3295 3601 astra
3326 3546 3549 3601 fluentis

384 3641 551 3707 Queis
578 3642 821 3697 mundus
850 3642 1159 3715 mundique
1190 3641 1421 3698 subacta
1448 3642 1694 3714 potentia
1728 3641 1943 3697 Christo
2115 3638 2391 3713 lngereris
2417 3644 2566 3692 tutus
2594 3636 2885 3707 Tyberinis
2922 3651 3064 3708 eque
3095 3635 3375 3707 procellis.

384 3734 521 3793 Hinc
549 3735 688 3804 sale,
719 3740 931 3803 sancte,
961 3740 1057 3792 tuo
1088 3735 1311 3793 condita
1341 3735 1543 3791 salaria
1570 3734 1777 3810 gaudet
2341 3810 2351 3818 ο

1903 3834 2114 3891 CAPUT
2162 3835 2255 3891 111.

1713 3937 1789 3996 De
1831 3946 2047 4015 septem
2084 3937 2405 4012 fratribus.

385 4073 675 4131 Tiburtina
705 4073 843 4150 tegit
870 4072 1087 4130 cineres
1114 4079 1325 4145 septem
1361 4089 1559 4149 aggere
1591 4072 1813 4129 fratrum
1897 4104 1914 4121 ς
2040 4077 2090 4146 C
2115 4071 2407 4145 Indignum
2443 4072 2533 4127 ille
2565 4070 2749 4125 ferens
2779 4086 3029 4145 gemmas
3060 4083 3339 4137 exponere
3372 4067 3578 4138 porcis,

386 4168 563 4242 Appia
588 4168 821 4225 Caeciliae
853 4175 1022 4225 testes
1051 4176 1272 4225 centum
1306 4171 1481 4225 octies
1498 4169 1653 4224 addit
2114 4161 2405 4237 Lignorum
2431 4177 2494 4216 ac
2521 4160 2767 4231 lapidum
2793 4166 2943 4213 tanto
2976 4156 3337 4212 contenditur
3364 4156 3544 4211 imbre

388 4256 513 4313 Haec
537 4272 762 4330 quoque
781 4258 1073 4315 Trasitium
1102 4259 1299 4330 recipit
1318 4259 1420 4314 sub
1447 4260 1607 4314 busta
1642 4258 1845 4323 Calisti,
2113 4251 2245 4305 Dum
2275 4259 2517 4306 mentem
2550 4249 2706 4304 coehs
2737 4247 3062 4319 capiendam
3091 4246 3369 4301 emitteret
3399 4246 3569 4300 astris

385 4349 570 4405 Munia
594 4350 689 4422 qui
721 4352 1036 4407 veneranda
1063 4369 1287 4427 gerens,
1320 4353 1529 4408 assecla
1559 4368 1864 4425 sacrorum,
2112 4340 2223 4395 Nec
2250 4339 2421 4394 decus
2453 4340 2558 4394 hoc
2591 4339 2978 4408 incorporeum
3011 4334 3397 4427 subitgzethera
3420 4335 3600 4389 solum

381 4442 650 4514 Tempore
672 4444 801 4504 dum
825 4424 1280 4516 quodam'Christi
1311 4462 1464 4501 sacra
1486 4445 1718 4517 mystica
1749 4424 1915 4500 ferret

1871 4454 1937 4511 ει,
2114 4429 2374 4500 Corporei
2406 4428 2538 4500 quin
2572 4436 2727 4499 rapta
2764 4427 2929 4481 simul
2962 4425 3225 4496 mysteria
3256 4424 3412 4495 panis

384 4530 664 4606 Sacrilego
692 4530 937 4588 offensus
961 4532 1197 4604 capitur,
1222 4533 1571 4605 trahiturque
1605 4532 1866 4600 tumultu,
2113 4527 2405 4582 Excutiunt
2427 4526 2685 4598 equidem
2715 4532 2897 4581 vestes
2917 4531 2972 4579 et
3001 4522 3247 4578 membra
3280 4522 3568 4576 revolvunt

383 4619 623 4677 Prodere
648 4620 941 4677 discutitur
957 4622 1091 4694 quid
1118 4629 1317 4678 tectum
1347 4623 1620 4679 occultius
1650 4622 1832 4677 abdat.
2116 4618 2352 4687 lnfandi,
2381 4634 2482 4673 nec
2510 4634 2663 4674 sacra
2682 4618 2869 4673 valent
2894 4615 3139 4688 reperire
3165 4623 3382 4688 negata.

1890 4762 2101 4818 CAPUT
2158 4762 2241 4818 ιν.

1708 4865 1786 4926 De
1820 4876 2027 4926 sancto
2059 4866 2397 4945 Bonifacio.

382 4999 487 5057 Pro
504 5001 716 5058 meritis
744 4999 970 5057 decorat
990 4999 1303 5057 Bonifacius
1322 4999 1442 5055 aede
1472 4999 1716 5056 Latinam
2108 5002 2337 5058 Vincula
2366 5001 2753 5074 praelambens,
2785 4999 2982 5055 vinclis
3010 4998 3344 5071 appenditur
3372 4998 3548 5063 altus;

382 5090 655 5162 lmpensis
682 5090 922 5147 dominae
944 5088 1167 5162 pietatis
1188 5088 1399 5144 honore
1423 5088 1669 5159 lucrata,
2108 5091 2352 5147 Athletas
2381 5106 2621 5157 armaris,
2654 5105 2779 5145 mox
2810 5095 2972 5160 capto
3001 5094 3244 5143 armatur
3271 5103 3485 5159 agone;

380 5179 481 5244 Qui
512 5180 643 5235 dum
672 5178 815 5235 furta
845 5180 949 5236 tori
976 5178 1200 5250 proprio
1221 5177 1424 5235 sudore
1449 5179 1630 5235 lavare
2022 5254 2066 5262 κ
2109 5187 2377 5242 Attollens
2407 5186 2617 5262 plagas,
2654 5186 2827 5258 plagis
2858 5186 3131 5241 laceratur
3161 5184 3228 5239 ad
3260 5200 3387 5239 ossa
3413 5201 3427 5250 ;

380 5267 704 5335 Procurant.
725 5269 914 5341 superi
941 5276 1076 5324 nutu
1097 5268 1496 5324 moderaminis
1526 5270 1633 5325 acti
2019 5254 2077 5322 D
2104 5278 2307 5334 Alfixos
2334 5278 2581 5343 firmans,
2616 5279 2844 5333 calamis
2884 5277 3135 5352 infigitur
3160 5291 3395 5350 ungues,

381 5356 699 5413 Decernunt
728 5358 936 5429 pariter
964 5356 1283 5413 Bonifacius
1311 5358 1456 5413 alma
1485 5359 1723 5415 levatum
1748 5378 1753 5385 '
2115 5366 2305 5421 Prielia
2336 5366 2475 5421 ferre
2507 5383 2737 5421 movens
2766 5367 2907 5433 laete,
2944 5366 3048 5420 fert
3080 5364 3266 5436 praelia
3298 5364 3456 5419 laetus
3485 5381 3500 5430 ;

383 5442 624 5516 Corpora
653 5444 875 5501 festinet
904 5445 1102 5501 Christi
1135 5454 1409 5517 prostrata
1436 5446 1658 5516 decore,
2114 5456 2431 5511 Cratiticum
2465 5455 2684 5511 fervens
2714 5455 2911 5527 nequit
2939 5471 3000 5511 os
3030 5455 3323 5510 occludere
3352 5454 3672 5524 plumbum;

381 5536 439 5590 Si
469 5535 584 5592 fors
610 5536 899 5609 obsequiis
918 5545 1235 5594 sanctorum
1258 5538 1327 5593 ad
1348 5546 1476 5594 vota
1508 5539 1727 5610 pientur
2111 5547 2552 5617 lmmersumque
2579 5546 2686 5601 olla
2710 5546 2799 5616 pix
2832 5544 3045 5599 fervida
3077 5543 3281 5599 laedere
3308 5543 3504 5598 nescit.

380 5628 670 5699 Spectator
690 5645 994 5702 properans
1024 5629 1181 5698 belli,
1212 5630 1273 5686 fit
1293 5631 1528 5704 belliger
1556 5633 1723 5701 ultro,
2112 5635 2412 5706 Suppliciis
2435 5635 2615 5689 lanius
2645 5634 2935 5690 denuntiat
2962 5633 3157 5688 ultima
3179 5632 3373 5688 victus.

373 5716 564 5774 Jesum
594 5717 960 5794 magnificans
986 5717 1155 5774 alieni
1184 5718 1348 5774 laude
1372 5719 1567 5789 duelli,
2111 5728 2178 5782 At
2207 5727 2393 5782 tremit
2424 5727 2671 5783 abscisso
2700 5727 2882 5794 tellus,
2924 5742 3085 5782 mons
3113 5734 3277 5797 atque
3311 5732 3638 5793 trementes,

376 5807 758 5883 laguiﬁcetur
782 5808 860 5864 uti
892 5809 1101 5882 proprii
1132 5816 1288 5879 parat
1315 5810 1521 5882 impete
1551 5811 1714 5873 belli;
2107 5815 2280 5886 Inque
2311 5815 2475 5872 fidem
2510 5831 2735 5890 cogens,
2768 5814 2968 5871 Christi
3001 5814 3276 5887 prieconia
3312 5814 3523 5886 pangit.
