3902 6402
208 410 318 467 749

203 536 324 591 Jam
354 538 623 595 etelorum
657 543 840 612 epulis
866 546 1226 619 gaudentem,
1255 550 1381 606 labe
1405 555 1626 625 popinae

206 625 465 700 Immergi
495 641 751 685 mussant
782 633 942 700 socii,
976 644 1274 709 scortoque
1307 642 1485 696 teneri

206 718 382 781 Quem
409 729 624 788 rentur,
654 737 860 793 supera
892 724 1185 782 inveniunt
1216 730 1511 789 dulcedine
1567 735 1840 806 functum,

206 809 433 865 Mercari
464 821 680 868 sacrata
707 821 927 885 petens,
951 819 1205 874 mercede
1229 830 1485 894 receptus

208 902 403 970 Allata,
435 920 595 960 sacer
634 906 753 977 ipse
774 908 999 977 emitur,
1029 910 1321 984 pretioque
1353 914 1607 985 refertur,

208 993 446 1064 Sparsus
477 997 840 1067 aromatibus,
873 1000 1071 1057 merito
1111 1003 1407 1061 decoratur
1441 1008 1648 1065 honore
1684 1027 1696 1063 :

209 1088 473 1146 leicola
498 1093 646 1167 Agite
678 1111 767 1149 res
800 1112 1140 1166 prtecursore
1184 1108 1407 1156 notatur
1438 1121 1451 1161 ξ

209 1180 457 1237 Occurrit
495 1199 605 1240 non
629 1186 743 1253 jam
777 1187 1005 1255 famulo,
1039 1190 1174 1262 quin
1209 1209 1367 1248 serva
1397 1194 1577 1251 tidelis

208 1271 379 1329 Obvia
411 1274 586 1331 fertur
616 1278 773 1345 hero,
802 1280 1138 1354 capiensque
1161 1286 1404 1353 optabile
1439 1305 1660 1355 munus,

844 418 926 472 DE
967 418 1224 476 CHRISTI
1264 421 1624 482 TRIUMPIIIS
1665 430 1838 486 APUD
1881 431 2148 490 ITALIAM
2190 433 2365 492 LIBRI
2406 437 2535 493 XIV.
2578 469 2648 480 —
2687 438 2813 496 LIB.
2858 439 2944 495 IX.

3466 445 3571 506 750
3642 404 3651 411 ”

1871 570 1919 637 Α
1949 564 2104 619 Parta
2132 566 2262 619 sedc
2290 566 2453 635 locat,
2487 569 2868 642 templumque
2900 573 3080 629 nitore
3118 584 3401 647 venustat,

1946 660 2133 717 Mundi
2163 665 2560 736 exemptajugo
2582 681 2865 721 servorum
2896 668 3037 724 colla
3058 672 3311 740 resolvit,

1948 750 2221 806 Libertate
2245 769 2456 807 novans
2488 753 2742 819 famulos,
2778 754 2836 811 fit
2858 756 3029 814 libera
3054 776 3205 828 vere,

1948 840 2080 894 Dum
2116 841 2309 898 Christi
2340 843 2599 900 famulam
2632 845 2789 901 factis
2803 864 2863 903 se
2892 850 3087 920 pandit
3116 852 3367 925 honestis
3407 872 3424 920 ;

1947 931 2105 987 Sazcli
2138 951 2197 989 se
2230 936 2519 1007 expolians
2548 938 2791 1010 pompis,
2823 940 3119 999 virtutibus
3146 955 3327 1014 ornat,

1948 1022 2054 1077 Res
2084 1030 2240 1079 terra:
2274 1025 2489 1101 largita,
2524 1028 2658 1093 Deo,
2684 1028 2905 1086 ditescit
2926 1031 3119 1103 epimo

1947 1115 2195 1171 Culmine
2220 1119 2503 1181 virtutum.
2535 1121 2821 1195 signisque
2851 1138 3079 1179 corusca
3112 1127 3354 1197 nitescit,

1946 1205 2458 1281 Consummausque
2488 1211 2594 1281 piis
2620 1230 2837 1268 cursum
2871 1214 3105 1271 feliciter
3127 1217 3284 1286 actis,

1946 1294 2196 1366 Martyris
2222 1312 2346 1352 ossa
2369 1299 2558 1365 domo,
2583 1302 2725 1356 ccelo
2760 1318 2915 1357 mens
2946 1303 3158 1360 inditur
3186 1306 3316 1361 alto.

1736 1446 1944 1504 CAPUT
1995 1450 2053 1505 V.

1350 1564 1426 1624 De
1452 1570 1678 1628 sanctis
1707 1569 2007 1647 Gorgonio
2044 1581 2098 1633 et
2130 1575 2437 1637 Dorotheo.

215 1683 338 1742 Haec
368 1686 514 1742 inter
541 1688 795 1764 geminas
813 1692 1014 1749 meruit
1058 1694 1143 1749 via
1176 1696 1409 1769 pignore
1440 1699 1628 1757 IaurOs

212 1776 475 1852 Gorgonii
501 1779 671 1850 comi,
702 1781 962 1838 Dorothei
990 1793 1046 1839 et
1074 1786 1286 1843 honore
1317 1790 1544 1846 sodalis.

214 1868 534 1925 Imbuerant
557 1872 790 1928 comites
808 1872 938 1929 fidei
971 1885 1232 1947 priestare
1261 1880 1453 1955 vigore

214 1956 371 2013 Unde
424 1974 648 2031 quoque
711 1960 767 2014 in
831 1956 1041 2019 Christi'
1113 1966 1336 2023 dantem
1407 1979 1679 2027 tormenta
1753 1982 1837 2045 ty-

1483 2063 1761 2135 [raunum,

210 2142 516 2219 Objurgant
542 2145 798 2216 famulos,
829 2165 1005 2221 seque
1036 2152 1138 2207 hac
1155 2154 1361 2224 pietate
1392 2157 1569 2214 nitere

210 2232 437 2289 Pectore
470 2242 526 2290 et
548 2250 644 2292 ore
676 2245 870 2293 notant
903 2257 918 2305 ;
960 2241 1063 2296 hoc
1086 2258 1210 2298 sese
1242 2243 1453 2302 fervere
1486 2249 1660 2315 cultu,

209 2328 637 2387 Omnibushunc
660 2332 908 2389 animum
940 2336 1127 2403 sociis,
1160 2338 1265 2394 hoc
1296 2340 1518 2397 vincere
1544 2343 1688 2412 jure.

211 2418 351 2474 Luce
391 2420 520 2475 data
558 2421 828 2491 hac,totis
856 2423 1167 2481 lacerantur
1183 2428 1395 2485 viscera
1425 2433 1711 2500 membris,

207 2511 468 2585 Pelleque
494 2513 793 2587 discerpta,
823 2516 938 2572 sale
967 2524 1020 2572 et
1051 2517 1422 2577 infunduntur
1448 2538 1625 2593 aceto,

208 2601 442 2657 Fortiter
468 2604 585 2660 haec
614 2606 792 2676 passis
828 2609 994 2664 cratis
1018 2609 1294 2669 substrata
1310 2613 1539 2684 jubetur

210 2692 342 2766 Igne
372 2696 650 2766 vaporari,
688 2698 950 2771 lentoque
977 2701 1255 2757 calescere
1275 2702 1411 2771 fotu,

208 2786 282 2841 Ne
315 2785 453 2841 ferat
482 2796 738 2859 optantes
769 2792 962 2861 raptim
983 2794 1274 2850 succensio
1292 2806 1544 2865 mentes;

207 2876 476 2952 Reliquiae
503 2881 712 2951 sicjam
749 2883 893 2939 vieto
919 2890 1092 2940 tortor
1115 2885 1412 2960 ﬂagrorum

206 2968 301 3025 llic
325 2973 799 3041 superadduntur,
828 2976 973 3031 vinci
1001 2977 1045 3031 si
1077 2976 1218 3033 forte
1250 2982 1545 3051 coquendo

204 3057 338 3114 Ossa
369 3069 577 3132 queant
606 3062 774 3138 longo
799 3065 956 3120 tostis
983 3066 1180 3122 ardore
1224 3069 1481 3124 medullis
1508 3089 1521 3125 :

206 3153 459 3227 Dumque
481 3158 654 3229 pudet
680 3158 810 3215 fidei
840 3160 1134 3264 vulcanum
1165 3164 1364 3221 ardore
1387 3166 1697 3240 subactum,

1865 1711 1915 1779 Β
1945 1707 2187 1765 Membra
2206 1711 2321 1781 rapi
2345 1712 2608 1768 semiusta
2628 1729 2865 1770 monens
2896 1714 3093 1773 nidore
3124 1716 3325 1775 lanista

1944 1797 2108 1872 Erigit
2130 1815 2255 1855 arce
2287 1801 2469 1856 crucis
2489 1804 2791 1859 sustollens
2821 1805 2943 1860 luce
2971 1805 3263 1878 triumphi,

1941 1887 2248 1959 Eductique
2275 1893 2434 1946 astris
2463 1900 2756 1963 penetrant
2785 1896 3027 1950 caelestia
3054 1896 3188 1952 Iteti.

1939 1979 2149 2050 Raptus
2180 1990 2234 2036 et
2266 1984 2520 2057 angelico
2550 1986 2725 2040 suetis
2754 1986 2894 2042 duce
2925 1987 3175 2042 redditus
3203 1987 3315 2042 aris

1938 2068 2095 2123 Cessa
2112 2071 2313 2126 talenta
2345 2073 2478 2128 colit
2502 2090 2613 2146 quo
2635 2091 2865 2131 munere
2895 2076 3098 2132 vertice
3132 2076 3348 2148 plexus.

1934 2160 2200 2218 Maximus
2240 2165 2387 2220 hunc
2413 2167 2684 2238 sequitur,
2717 2168 3019 2237 cujusvice
3051 2169 3217 2224 corda
3250 2170 3470 2241 piorum

1938 2254 2200 2323 Roborat,
2223 2273 2287 2312 ac
2312 2265 2578 2329 praestans
2606 2260 2823 2315 validus
2859 2261 3011 2315 caede
3038 2263 3243 2317 tethera
3273 2270 3489 2335 captat:

1937 2345 2182 2403 Membra
2212 2350 2391 2405 solum
2418 2354 2855 2409 servantsolitus
2875 2369 2987 2425 quo
3013 2361 3138 2409 vota
3158 2354 3337 2411 litare.

1937 2433 2137 2490 Bassus
2161 2437 2366 2494 abinde
2398 2439 2551 2496 subit
2580 2442 2841 2514 Dionysia
2862 2458 3017 2498 sacra
3046 2443 3329 2512 refellens,

1936 2530 2114 2601 Atque
2157 2532 2282 2587 terit
2313 2532 2443 2588 tlatu
2475 2551 2743 2604 cererem,
2779 2537 3083 2610 spiramiue
3101 2539 3260 2597 divos

1936 2620 2036 2684 Qui
2064 2630 2324 2679 sternens
2354 2627 2529 2694 tenui,
2558 2644 2735 2684 exesus
2764 2631 2902 2702 petit
2929 2632 3102 2688 ardua
3128 2633 3273 2697 εαξη,

1936 2711 2029 2765 Sic
2059 2711 2260 2768 Fabius
2285 2714 2511 2789 longum
2539 2717 2741 2774 vinclis
2763 2729 2818 2775 et
2838 2736 3066 2777 carcere
3091 2723 3272 2792 tritus,

1934 2804 2089 2857 Astra
2118 2821 2276 2860 sacer
2304 2808 2529 2863 tandem
2560 2813 2889 2868 conscendit
2912 2813 3118 2869 vertice
3149 2815 3344 2886 plexus
3370 2833 3385 2881 ;

1940 2895 2141 2963 Victor,
2175 2908 2231 2954 et
2260 2902 2527 2957 emeritus
2555 2904 2677 2960 coeli
2704 2906 3028 2962 conscendit
3049 2907 3316 2963 honorem

1861 3034 1908 3101 C
1939 2986 2028 3042 Bis
2058 2998 2281 3046 centum
2313 2993 2456 3049 hanc
2476 3004 2704 3051 comunt
2733 3012 2956 3069 quoque
2985 2999 3267 3072 sexaginta
3295 3000 3517 3073 duoque
3551 3017 3565 3055 :

1896 3078 2263 3101 mgnum“
2656 3088 2669 3101 .
2828 3089 2839 3100 .
2970 3089 3038 3101 .-
3209 3090 3220 3101 .

1896 3078 1911 3098 ‘
1935 3078 2268 3153 Pignoribus
2297 3092 2468 3139 testes
2484 3101 2627 3156 quos
2656 3088 2773 3144 haec
2788 3089 2875 3144 via
2902 3089 3045 3144 celat
3068 3090 3276 3159 arenis,

1934 3170 1996 3226 Et
2016 3171 2106 3226 cui
2137 3173 2230 3228 dat
2260 3173 2458 3229 famam
2491 3184 2749 3234 ventrosa
2774 3178 3064 3236 cucurbita
3101 3180 3300 3237 clivus.

1686 3307 1897 3363 CAPUT
1946 3308 2033 3364 VI.

1428 3421 1515 3486 De
1541 3429 1736 3487 sentis
1766 3428 1980 3489 Luccia
2008 3437 2062 3488 et
2090 3430 2320 3490 Acccia.

199 3554 336 3610 Tum
365 3556 665 3612 comitante
687 3557 985 3614 salutarem
1014 3560 1213 3617 Luceia
1238 3570 1456 3619 caterva

200 3650 391 3726 Regis,
423 3659 478 3706 et
505 3652 716 3707 Acceize
742 3654 977 3709 victoria
1004 3654 1240 3712 barbara
1266 3659 1454 3725 comit,

201 3739 317 3804 Qua
349 3749 652 3812 properant
680 3742 927 3814 explere,
961 3745 1071 3815 poli
1102 3762 1162 3801 se
1194 3763 1320 3820 rege
1360 3756 1610 3817 vocante,

1928 3567 2164 3624 Zenonis
2192 3567 2424 3641 insignis
2460 3584 2694 3625 manans
2715 3571 2851 3646 juge
2882 3580 3037 3648 gutta
3052 3575 3365 3647 pale-stram

1928 3660 2095 3717 Millia
2134 3676 2299 3733 quem
2340 3667 2545 3718 sectata
2577 3661 2771 3718 decem
2800 3671 2914 3721 tres
2936 3673 3104 3740 atque
3134 3668 3381 3727 ducenti.

1705 3875 1910 3931 CAPUT
1948 3876 2060 3933 VII.

908 3997 988 4057 De
1009 4000 1239 4058 sanctis
1268 4000 1581 4074 Archelao,
1616 4002 1957 4080 Hippolyto,
2012 4002 2318 4062 Vincentio
2349 4012 2401 4062 et
2430 4004 2613 4065 sociis
2641 4021 2872 4067 eorum.

202 4128 531 4186 Romuleum
564 4130 740 4185 ditant
769 4130 932 4186 etiam
961 4130 1052 4202 pia
1084 4147 1312 4187 munera
1327 4141 1547 4204 portum

202 4222 527 4291 Archelaus,
550 4222 713 4278 simul
749 4222 1093 4294 Hippolytus,
1126 4224 1447 4279 Vincentius
1473 4232 1660 4296 atque,

203 4309 479 4367 Praeterea
505 4311 694 4383 plures
721 4312 1032 4380 Quiriacus,
1074 4319 1130 4367 et
1160 4312 1542 4382 Herculianus,

207 4399 389 4456 Euitet
419 4401 512 4456 hic
548 4409 755 4472 martyr
791 4400 1078 4474 fortisque,
1109 4404 1429 4477 decensque
1471 4406 1830 4477 Hyacinthus,

207 4489 437 4564 Ignibus
474 4490 771 4547 immersus
794 4500 1019 4563 superat
1048 4494 1141 4565 qui
1163 4494 1425 4550 incendia
1466 4496 1644 4563 laetus,

207 4581 339 4639 Inde
377 4582 541 4638 datus
582 4583 790 4654 rapidis
814 4585 1064 4656 spumosi
1102 4585 1349 4642 ﬂuminis
1388 4587 1573 4655 undis,

208 4674 508 4732 Incolumis
545 4676 709 4732 siccae
736 4675 1062 4733 redhibetur
1090 4675 1147 4732 in
1185 4694 1386 4753 aggere
1411 4678 1583 4750 ripae;

207 4769 338 4826 Tum
360 4770 551 4845 gladio
573 4778 782 4828 sectum
823 4772 998 4830 servis
1035 4773 1318 4845 comitata,
1348 4790 1644 4846 capessens

1936 4133 2100 4200 Julia,
2132 4150 2259 4189 rure
2291 4149 2389 4189 suo
2423 4134 2629 4189 celebri
2663 4136 2909 4209 disponit
2936 4137 3168 4195 honore.

1936 4225 2128 4280 Titulis
2157 4225 2448 4296 triumphis
2470 4226 2591 4299 lege
2616 4225 2815 4283 Christi
2838 4228 3063 4302 fulgidis

1938 4313 2209 4369 Notantur
2238 4314 2362 4370 istic
2402 4315 2741 4372 advenarum
2773 4325 3098 4390 martyrum,

1939 4408 2068 4463 Cum
2091 4409 2358 4477 Martiale,
2399 4410 2601 4481 Aprilis
2631 4427 2695 4466 ac
2726 4412 3028 4480 sodalium,

1937 4501 2131 4557 Felicis
2159 4509 2327 4574 atque
2366 4510 2688 4558 creterorum
2713 4503 2955 4575 plurium

1941 4593 2191 4665 Istosquc
2225 4600 2426 4664 praeter
2451 4594 2801 4669 cognitorum
2825 4596 2923 4651 uni
2964 4596 3101 4663 Deo,

1854 4723 1913 4794 D
1940 4681 2039 4746 Qui
2070 4682 2215 4737 circa
2246 4690 2302 4738 et
2324 4679 2468 4737 infra
2492 4683 2652 4739 laude
2681 4683 2868 4758 dignis
2886 4685 3173 4742 Romulam

1940 4775 2138 4831 Urbem
2178 4780 2447 4832 coronant
2464 4774 2748 4834 efferendo
2788 4775 3051 4839 fascibus.

1686 4905 1894 4963 CAPUT
1946 4906 2087 4964 VIII.

1536 5031 1613 5092 De
1653 5039 1861 5094 sancto
1903 5029 2230 5109 Sylvestro.

210 5165 502 5240 Sylvestcr,
536 5166 814 5224 cathedrae
845 5168 1071 5225 sortitus
1103 5169 1347 5225 culmina
1378 5170 1541 5236 Petri,

213 5258 419 5319 Patrem
451 5277 512 5318 se
553 5261 733 5333 plebis
761 5262 980 5335 magnis
999 5262 1361 5334 minimisque
1398 5261 1672 5334 probabat
1710 5282 1724 5330 ;

214 5343 463 5408 Errantes
501 5366 793 5418 revocans,
825 5358 1102 5408 sectantes
1141 5352 1334 5408 ccelica
1367 5350 1612 5418 firmans,

212 5436 474 5515 Regmine
505 5442 742 5499 sollicito
794 5444 1023 5511 clerum,
1067 5444 1449 5515 populumque
1495 5444 1835 5519 gubernans,

215 5525 314 5583 Res
342 5531 465 5601 pius
490 5530 750 5585 Ecclesite
782 5547 1061 5606 perpepsa
1099 5532 1258 5587 lance
1290 5533 1525 5587 librabat

215 5614 481 5694 Indignis,
508 5621 700 5690 templi
731 5627 785 5675 et
828 5621 1074 5687 fabricis,
1108 5620 1402 5692 dignisque
1436 5620 1726 5677 ministris.

215 5705 355 5767 Quos
384 5725 611 5782 quoque
639 5709 949 5780 disponens
979 5715 1140 5765 cauto
1161 5708 1266 5763 sub
1299 5709 1510 5765 honore
1542 5709 1769 5765 dicabat

218 5795 457 5859 Moribus
484 5802 591 5860 hos
617 5801 841 5870 sanctis,
873 5816 1076 5872 supero
1097 5800 1235 5869 sale,
1256 5801 1503 5858 vestibus
1527 5817 1751 5870 ornans,

1937 5168 2111 5241 Atque
2150 5183 2345 5225 vacare
2383 5168 2497 5225 Deo
2527 5169 2766 5226 discreto
2787 5174 3035 5241 tempore
3058 5166 3352 5223 mandans.

1938 5259 2206 5313 Praeterea
2227 5264 2508 5314 certamen
2539 5259 2590 5313 ei
2618 5276 2741 5314 cum
2770 5258 3031 5331 gentibus
3062 5257 3283 5331 ingens,

1940 5349 2093 5404 Falsa
2117 5348 2374 5404 refutanti
2403 5349 2650 5417 assertis,
2681 5356 2882 5405 etvera
2902 5348 3103 5413 tuenti,

1940 5444 2208 5515 Quodque
2273 5435 2342 5499 ad
2393 5443 2448 5498 id
2504 5459 2683 5516 usque
2738 5442 2942 5510 datam,
2982 5458 3181 5499 manus
3210 5447 3271 5498 ut
3297 5438 3573 5498 contraria

3289 5531 3500 5603 [ponat,

1943 5623 2077 5677 Huic
2108 5622 2316 5679 bellum
2356 5640 2481 5680 cum
2513 5623 2744 5695 Tarpeio
2770 5631 3061 5697 grassante
3092 5623 3360 5691 dracone,

1942 5711 2196 5767 Carmine
2224 5712 2319 5784 qui
2347 5728 2506 5769 sacro
2536 5720 2745 5781 oratus,
2773 5713 2996 5785 rituque
3027 5712 3288 5785 profano,

1944 5806 2077 5878 Igne
2118 5812 2302 5862 tamen
2333 5804 2457 5864 diro
2485 5805 2639 5878 rupis
2668 5804 2853 5864 vicina
2871 5806 3106 5875 terebat,
