3902 6418
305 351 407 419 751

303 483 562 538 incautos
594 479 784 552 populi
813 495 1076 552 suprema
1098 487 1250 551 peste
1275 480 1530 556 fatigans.

297 573 574 630 Convocat
597 572 691 628 ille
720 578 906 644 patres
931 571 1180 627 ecelestia
1217 571 1363 626 dona
1383 579 1679 638 merentes,

297 661 565 718 Praedicat
584 667 640 716 et
664 659 836 716 ternis
858 659 1073 732 jejunia
1093 659 1275 714 danda
1304 659 1527 730 diebus,

295 755 465 823 Queis
493 753 753 828 precibus
773 752 964 820 castis,
993 750 1250 824 votisque
1288 750 1494 807 insistit
1523 751 1760 818 anhelis,

294 845 457 902 Parte
475 845 579 901 sub
609 843 710 900 hac
739 842 937 899 Christi
967 848 1026 897 ut
1063 840 1360 897 manifesta
1409 841 1658 912 potentia
1703 840 1918 916 gliscat.

295 936 430 993 Tum
462 943 650 1010 pastor
675 935 826 992 visus
854 933 1036 990 defert
1063 932 1334 988 solamina
1353 933 1570 1000 Petrus,

297 1030 428 1084 Cum
457 1029 683 1084 monitis
709 1027 850 1082 sacri
881 1033 1170 1082 sumantur
1198 1026 1253 1080 in
1279 1026 1478 1082 ordine
1501 1026 1632 1082 cleri

292 1119 615 1178 Theodorus
642 1119 848 1186 senior,
879 1135 944 1174 ac
973 1118 1368 1186 Felicissimus,
1403 1129 1572 1191 atque

293 1211 510 1268 Tertius
530 1211 617 1267 his
637 1211 826 1267 socius
861 1209 1179 1287 Dionysius,
1221 1209 1352 1266 inde
1378 1209 1640 1278 ministri,

298 1307 709 1380 Romanusque,
741 1314 798 1361 et
829 1306 1137 1362 Honoratus
1159 1306 1421 1377 mysteria
1451 1305 1590 1360 libet
1617 1323 1632 1372 ;

295 1397 387 1452 llis
413 1397 565 1468 prius
595 1397 826 1452 annisus
853 1397 1084 1471 posthac
1117 1395 1420 1451 descendat
1447 1395 1635 1468 agoni,

292 1492 524 1549 Additur
549 1497 604 1546 et
625 1491 760 1564 quid
795 1490 1125 1563 reppererit,
1153 1491 1286 1562 quid
1319 1491 1564 1545 muneris
1595 1489 1744 1557 edat,

295 1591 513 1647 Hostem
551 1605 662 1663 quo
693 1590 874 1646 dirum
897 1590 1168 1666 subigens
1197 1590 1502 1644 certamine
1541 1589 1726 1644 vincat

292 1681 637 1758 Aggrediens
677 1681 782 1737 init
819 1697 1014 1736 aversa
1045 1688 1283 1737 terrente
1313 1681 1578 1749 cohorte;

1083 361 1452 420 FLODOARDI
1495 363 1800 419 CANONICI
1849 360 2176 421 REMENSIS
2216 366 2554 423 OPUSCULA
2593 365 2902 424 METRICA.

3568 370 3674 428 75:2

1950 491 1998 556 Α
2029 484 2211 556 Seque
2243 487 2524 541 hominem
2559 489 2810 543 meminit
2837 489 2941 543 sub
2972 491 3294 546 conditione
3325 501 3573 547 creatum

2027 573 2322 630 Servorum
2351 575 2538 645 simili,
2569 587 2732 649 atque
2765 580 2883 650 pari
2915 579 3008 650 qui
3049 589 3238 654 surgat
3268 581 3336 635 ab
3367 589 3516 650 ortu,

2022 665 2134 722 Nec
2163 685 2327 724 causa
2359 686 2456 740 par
2477 687 2601 725 esse
2621 671 2704 726 sui
2747 679 2824 726 tot
2854 671 3027 726 millia
3056 673 3236 744 perdi.

2023 761 2232 817 Servati
2265 762 2321 817 in
2344 764 2738 835 tumidosjuris
2779 767 3148 824 reminiscitur
3171 768 3380 837 hostes,

2023 851 2408 925 Subjectisque
2431 854 2603 924 pudet
2633 871 2897 912 concessa
2915 873 3114 930 negare
3148 875 3162 912 :
3189 859 3455 931 superbis

2024 943 2290 1002 llostibus
2313 963 2432 1002 esse
2467 957 2696 1020 patrem,
2721 949 3002 1005 crudelem
3027 951 3242 1007 civibus
3273 953 3486 1008 hostem
3515 970 3526 1006 :

2030 1035 2279 1090 Victores
2323 1038 2467 1092 vitiis
2499 1039 2828 1109 pepulorum
2871 1041 3070 1096 cedere
3101 1041 3298 1108 victos,

2031 1127 2270 1203 Legibus
2303 1135 2466 1198 atque
2502 1147 2627 1186 reos
2660 1131 2900 1202 prOpriis
2930 1133 3230 1204 grassando
3265 1132 3443 1187 teneri
3474 1149 3489 1196 ;

2028 1220 2231 1292 Sicque
2256 1221 2412 1290 juvat
2431 1221 2631 1278 virtute
2663 1223 2808 1278 feros
2839 1239 3174 1294 componere
3201 1240 3406 1294 mores,

2030 1309 2258 1366 Vincere
2281 1312 2511 1376 saevitia,
2542 1312 2658 1366 sola
2693 1314 2897 1384 pietate
2921 1315 3134 1370 domari
3163 1334 3177 1381 ;

2031 1398 2344 1456 Contemnit
2366 1403 2540 1472 pietas
2557 1420 2770 1458 morum
2801 1405 3050 1459 consulta
3075 1420 3380 1472 sacrorum,

2025 1491 2202 1562 Atque
2232 1490 2350 1544 dari
2379 1491 2638 1562 lacrymis
2667 1495 3003 1548 mandantur
3033 1494 3265 1568 pignora
3293 1502 3558 1548 matrum.

2025 1579 2251 1634 Pectora
2282 1581 2530 1652 percellit
2560 1589 2773 1652 stupor,
2805 1599 2869 1637 ac
2903 1594 3080 1638 metus
3108 1583 3299 1638 intima
3331 1583 3542 1654 pulsat,

2025 1673 2262 1729 Credere
2294 1691 2396 1730 nec
2425 1674 2572 1729 facili
2601 1676 2867 1731 suadetur
2906 1677 3124 1732 tramite
3155 1695 3170 1744 ;
3203 1678 3330 1732 laeta

293 1775 602 1830 lnstructus
641 1773 932 1840 latebram,
990 1773 1417 1845 intrepidusque
1466 1771 1725 1828 barathra
1751 1789 1925 1844 pene-
1949 1812 1998 1880 Β
2025 1767 2308 1842 Augenlur
2329 1767 2560 1838 trepidis
2577 1768 2870 1835 solamina,
2894 1771 3120 1840 praemia
3155 1770 3334 1837 callis,

1685 1869 1714 1880 ρ.
1793 1877 1800 1880 Α
2033 1856 2348 1880 Δ,1ἰ......λ..ι,.
2382 1857 2481 1880 ut“.
2539 1858 2792 1880 l..s..,.--|:.
2825 1876 2918 1880 μ---
2948 1860 3010 1880 lt-
3054 1868 3307 1880 _--_-____A

1684 1869 1808 1940 [trat
1829 1886 1843 1935 ;

291 1960 596 2035 Appellens
635 1960 858 2017 tandem
889 1960 1066 2016 rabidi
1097 1960 1165 2016 ad
1197 1961 1407 2033 Spelaea
1433 1961 1702 2034 chelydri,

291 2053 716 2126 Obtrudensque
742 2053 978 2119 hostem,
1021 2053 1206 2109 valvas
1233 2053 1338 2108 sidi
1363 2054 1515 2110 ducit
1543 2055 1774 2122 ahenas,

290 2145 412 2201 Mox
442 2145 693 2216 chalybis
719 2144 904 2201 vinclo
932 2145 1137 2216 cyclos,
1165 2152 1331 2217 atque
1370 2147 1516 2202 ostia
1545 2147 1744 2214 munit,

291 2241 455 2297 Ferro
484 2247 648 2314 atque
668 2256 777 2296 sere
808 2241 955 2296 luem
979 2240 1250 2309 subdens,
1276 2248 1330 2296 et
1355 2243 1508 2297 clave
1535 2257 1800 2298 coercens
1830 2261 1846 2308 ;

293 2329 433 2385 llinc
451 2328 564 2385 voti
594 2344 826 2400 compos
854 2329 1055 2401 repetit
1081 2330 1396 2407 spectacula
1419 2331 1614 2387 victor.

290 2415 608 2490 Anguicolaa
639 2417 862 2473 demum
894 2423 1150 2490 portenta
1187 2419 1412 2474 subacta
1443 2420 1762 2491 probantes,

293 2503 480 2560 Livida
509 2505 810 2577 projiciunt
838 2505 987 2562 exuti
1009 2507 1154 2578 pelle
1182 2505 1380 2573 ferina,

293 2594 707 2670 Candentisque
733 2599 843 2674 tegi
875 2605 1158 2675 gratantes
1188 2599 1441 2657 vestibus
1463 2599 1615 2674 agni.

290 2685 404 2742 Nec
433 2687 661 2762 longum
680 2695 882 2756 cessat,
910 2689 1102 2745 clauso
1132 2699 1416 2762 serpente,
1447 2699 1660 2745 cerasta

290 2782 627 2838 l’roturbare
659 2783 806 2854 pios,
841 2782 1066 2858 instigat
1099 2784 1157 2839 in
1189 2801 1342 2840 arma
1371 2784 1635 2855 profanos
1664 2803 1679 2852 ;

293 2873 635 2930 Christicolae
667 2875 825 2930 divos
862 2875 1142 2946 suplicent
1167 2877 1349 2932 edicta
1371 2885 1666 2949 prepagat;

292 2963 460 3028 Queis
487 2963 722 3020 laceram
756 2963 972 3020 fervore
1000 2965 1550 3038 novozquatientibus
1579 2967 1790 3020 urbem.

292 3057 394 3122 Qui
423 3057 600 3131 magis
627 3058 933 3130 impetitur,
967 3066 1188 3114 sanctus
1227 3059 1408 3127 Pater,
1441 3059 1578 3115 urbe
1609 3060 1822 3128 relicta,

292 3145 536 3212 Soractis
561 3155 777 3203 secreta
804 3146 976 3216 subit,
1014 3148 1237 3221 rurique
1260 3157 1504 3205 moratus

291 3241 427 3298 Cum
458 3243 594 3298 cleri
624 3242 819 3299 cuneis
852 3244 1034 3298 reddit
1061 3261 1163 3300 sua
1191 3251 1318 3300 vota
1347 3244 1600 3311 Tonanti,

288 3339 355 3392 At
381 3337 643 3410 princeps
665 3355 832 3410 quem
861 3355 1060 3395 suasus
1093 3340 1205 3416 agit
1236 3340 1576 3396 discriminis
1603 3357 1775 3408 error,

289 3431 712 3498 Constantinus,
742 3432 821 3486 uti
851 3440 1080 3488 sanetur
1107 3441 1314 3504 mente,
1358 3433 1554 3489 feritur

292 3525 558 3598 Corpore,
587 3542 866 3599 quemque
901 3529 1130 3599 elephas
1159 3529 1279 3584 dira
1311 3529 1597 3602 prurigine
1625 3537 1828 3602 turpat,

290 3621 403 3676 Nec
434 3620 600 3676 modo
632 3620 826 3676 ftedari
858 3621 1102 3678 infandis
1133 3623 1282 3678 dolet
1309 3639 1407 3679 ora
1437 3625 1680 3695 papillis,

289 3709 432 3776 Quin
461 3725 756 3781 properare
789 3717 953 3781 pavet
985 3709 1202 3768 funesto
1234 3711 1342 3767 fata
1370 3728 1585 3768 veneno
1611 3732 1627 3778 ;

292 3803 499 3868 Quzerit
538 3804 909 3876 aruspicibus,
942 3807 1142 3877 qumrit
1171 3805 1432 3881 suffragia
1465 3807 1627 3874 divis,

288 3895 598 3968 Omnigeno
629 3897 878 3968 explorat
903 3897 1198 3952 conamine
1223 3898 1350 3968 jura
1391 3899 1643 3953 medelas.

287 3984 444 4040 Nulla
476 4001 673 4039 manus
697 3985 944 4054 prodest,
978 3986 1130 4040 nullo
1167 3986 1448 4041 medicina
1479 3988 1672 4043 labore

287 4071 528 4139 Proficit,
560 4071 802 4128 artiﬁces
829 4081 1060 4129 cunctos
1089 4091 1176 4129 ars
1219 4075 1370 4129 irrita
1401 4075 1542 4130 fallit
1575 4093 1588 4128 :

284 4165 716 4221 Astinventores
745 4165 1017 4221 scelerum
1042 4167 1474 4239 umbrarumque
1506 4167 1742 4222 ministri

288 4256 528 4324 Invisum
563 4264 795 4312 tractant
815 4257 1050 4325 facinus,
1075 4260 1358 4314 horrenda
1389 4259 1626 4315 lavacra.

285 4347 506 4406 Crimen
540 4350 870 4416 inauditum,
906 4349 1202 4406 medicinae
1234 4351 1380 4408 dona
1398 4351 1662 4418 ferentes,

287 4438 610 4510 lnsontique
641 4439 718 4494 lui
741 4442 988 4496 macuias
1020 4441 1153 4495 dant
1183 4441 1456 4515 sanguine
1487 4449 1694 4496 sontes.

281 4530 460 4602 Atque
487 4531 709 4586 salubre
740 4533 842 4588 viri
885 4533 1186 4588 multorum
1217 4531 1413 4588 funera
1441 4534 1670 4588 dictant.

281 4622 515 4678 Mittitur
541 4639 670 4678 arva
702 4624 826 4691 teri,
852 4623 1178 4680 famularum
1211 4625 1501 4680 adducitur
1528 4627 1664 4682 ordo
1695 4643 1709 4691 ;

281 4709 449 4766 Millia
479 4719 730 4768 natorum
763 4713 1070 4784 rapiuntur,
1103 4713 1278 4769 millia
1301 4723 1556 4783 matrum,

279 4802 467 4860 Mortis
493 4803 550 4860 in
571 4805 904 4877 obsequium
938 4812 1139 4861 matres
1169 4823 1267 4862 sua
1310 4809 1540 4881 pignora
1568 4815 1788 4882 gestant
1818 4829 1834 4865 :

276 4890 640 4948 Fundendum
666 4892 892 4962 jamjam
913 4894 1166 4949 nutriunt
1196 4911 1320 4966 quze
1355 4895 1496 4950 lacte
1525 4911 1800 4952 cruorem.

280 4981 344 5038 Ut
370 4981 546 5038 visum
568 4998 834 5054 superare
855 4983 1031 5050 nefas,
1061 4984 1189 5038 data
1219 4983 1474 5038 criminis
1499 4983 1632 5039 hora

275 5074 354 5128 Ad
387 5075 541 5130 necis
563 5076 867 5149 Augustum
897 5075 1216 5146 spectacula
1233 5091 1376 5130 saeva
1403 5075 1652 5131 trahebat
1682 5093 1696 5141 ;

272 5165 390 5228 Quo
417 5163 626 5221 strictis
653 5164 855 5238 gladiis
879 5165 1153 5220 scelerata
1185 5165 1401 5220 lavacra
1437 5173 1690 5235 petente,

273 5255 446 5312 Obvia
477 5257 640 5312 turba
670 5259 796 5326 ruit,
835 5259 1042 5314 nudato
1076 5267 1301 5329 pectore
1332 5263 1598 5322 matrum,

273 5346 444 5403 Passo
473 5346 652 5412 crine.
681 5354 894 5405 trucem
927 5351 1296 5422 lacrymarum
1325 5355 1380 5404 et
1407 5348 1640 5405 ﬂumine
1671 5359 1906 5407 mortem

275 5441 624 5516 Praegressaa,
658 5442 927 5515 fassaque
960 5444 1113 5516 gravi
1150 5443 1418 5518 plangore
1451 5444 1726 5500 dolorem.

274 5531 540 5590 Exhorret
569 5533 752 5589 scelus
779 5537 1054 5608 Augustus
1078 5554 1092 5603 ;
1122 5536 1445 5591 tremefacta
1468 5543 1712 5614 potestas

272 5623 536 5694 Expavet,
561 5638 625 5679 ac
653 5622 819 5678 ﬂetus
849 5625 1055 5697 regalia
1086 5626 1292 5680 lumina
1329 5627 1569 5682 reddunt
1602 5642 1618 5694 ;

265 5711 500 5786 Figitur,
539 5721 595 5768 et
623 5727 916 5784 procerum
937 5713 1154 5769 cinctus
1183 5721 1514 5787 patrumque
1533 5731 1762 5784 corona,

265 5800 465 5858 Tactus
493 5801 662 5858 corda
701 5801 794 5872 pia
813 5801 1018 5857 mentis
1056 5803 1330 5874 probitate
1363 5811 1617 5875 perorat:

2022 1856 2354 1924 Adjumenta
2382 1857 2507 1924 vize,
2538 1858 2796 1913 lamentis
2816 1860 3018 1932 gaudia
3047 1868 3311 1914 crescunt
3343 1877 3358 1924 ;

2021 1949 2086 2006 Ut
2115 1967 2240 2022 quae
2271 1950 2526 2026 lugentes
2554 1939 2730 2009 invisa
2761 1957 2829 2010 ad
2857 1956 3061 2010 muenia
3101 1956 3282 2011 ductae

2021 2045 2164 2099 Dura
2194 2045 2552 2114 resultabant,
2587 2048 2788 2103 hilares
2813 2065 2912 2103 sua
2943 2055 3083 2104 tecta
3115 2049 3378 2104 revisant.

2024 2136 2178 2192 Unde
2217 2154 2442 2212 egressa
2465 2140 2576 2210 poli
2611 2141 2831 2212 pietatis
2860 2141 3077 2196 semina
3113 2142 3362 2212 pulsant,

2025 2229 2288 2285 Secessus
2317 2232 2536 2302 superis
2567 2249 2826 2303 proceres
2854 2251 2885 2288 a
2917 2234 3146 2288 sedibus
3175 2233 3289 2295 alti,

2024 2319 2160 2374 Dum
2184 2336 2348 2390 sapor
2377 2336 2640 2394 angorem
2665 2330 2922 2394 prOpcrat
2947 2323 3144 2377 sedare
3177 2321 3464 2388 tumultus,

2021 2408 2326 2479 Splendida
2340 2410 2632 2466 mittuntur
2660 2413 2772 2484 regi
2797 2412 2907 2468 duo
2927 2413 3136 2467 lumina
3170 2413 3360 2466 mundi

2024 2499 2275 2574 Claviger
2297 2503 2570 2558 aethereus
2599 2503 2812 2574 Ccphas
2831 2512 2884 2559 et
2912 2505 3040 2577 quis
3063 2504 3160 2559 fuit
3203 2505 3364 2571 alter,

2025 2592 2270 2648 Excoluit
2299 2601 2473 2648 totum
2497 2595 2667 2650 verbo
2699 2596 2793 2667 qui
2825 2596 3088 2667 gentibus
3121 2595 3341 2664 orbem,

2021 2685 2204 2756 Seque
2230 2684 2434 2756 Deique
2465 2684 2649 2740 ferunt
2679 2687 2943 2752 monitus,
2973 2687 3257 2759 finemque
3291 2687 3465 2744 furori

2023 2777 2366 2848 Impositum,
2383 2776 2733 2848 domitosque
2772 2779 3008 2846 animos,
3046 2787 3099 2833 et
3124 2790 3278 2852 gesta
3302 2780 3550 2856 benigne

2025 2867 2240 2924 Rectori
2268 2885 2529 2939 superum
2565 2871 2839 2940 placuisse
2881 2871 3152 2926 levamina
3183 2873 3442 2942 pandunt
3473 2891 3490 2938 ;

2024 2960 2206 3032 Seque
2230 2960 2416 3016 datum
2451 2963 2648 3017 missos
2673 2963 2892 3018 reducis
2921 2965 3172 3018 consulta
3201 2965 3438 3020 salutis:

2023 3050 2300 3106 Audiatac
2327 3061 2573 3125 peragat,
2609 3069 2710 3107 nec
2731 3054 2924 3109 etelica
2943 3055 3097 3123 jussa
3129 3063 3365 3112 renutet.

2025 3139 2368 3212 Sylvestrum
2409 3143 2788 3215 latebramque
2834 3153 3048 3211 notant,
3105 3155 3432 3218 etqumrerc
3488 3165 3657 3205 man-

3328 3295 3334 3300 _
3430 3239 3589 3310 [dant

2025 3321 2180 3378 Hunc
2210 3323 2314 3378 sibi
2345 3325 2440 3396 qui
2468 3324 2646 3380 valeat
2675 3325 2931 3382 conferre
2951 3327 3167 3383 lavacra
3199 3329 3392 3384 salutis
3419 3349 3436 3396 ;

2023 3417 2255 3489 Moxque
2291 3419 2466 3473 vicem
2507 3420 2726 3474 studeat
2757 3421 2920 3475 talem
2951 3423 3245 3478 redhibere
3278 3424 3514 3480 Tonanti
3544 3443 3559 3493 ;

2022 3509 2282 3566 Ecclesiae
2310 3511 2550 3566 inﬂictas
2581 3523 2737 3568 curet
2767 3515 3150 3570 moderamine
3185 3517 3377 3588 plagas

2021 3597 2292 3654 Restituat
2324 3600 2579 3670 fabricas,
2609 3618 2733 3656 sese
2765 3603 3117 3672 spurcamine
3145 3611 3345 3678 purget

2019 3688 2356 3757 Dzemonico,
2385 3691 2584 3758 solum,
2611 3693 2753 3746 Deus
2785 3700 2868 3748 est
2897 3694 2992 3766 qui
3021 3711 3184 3750 verus
3215 3697 3407 3751 adoret
3441 3715 3457 3761 ;

2018 3782 2148 3852 Ejus
2170 3785 2308 3840 velle
2339 3787 2496 3856 sequi
2525 3794 2638 3842 toto
2657 3788 2950 3842 conamine
2982 3795 3173 3844 certet.
3398 3857 3416 3867 κ

2019 3875 2110 3930 llis
2135 3878 2298 3932 simul
2323 3879 2644 3952 astrigeram
2677 3881 2906 3950 posthac
2937 3881 3263 3951 repentibus
3289 3881 3496 3948 aulam,

2016 3969 2260 4026 lmbutus
2287 3974 2506 4042 superis
2538 3971 2794 4027 affatibus
2827 3973 3208 4044 induperator,

2014 4065 2259 4120 Accitum
2293 4067 2438 4140 legat
2464 4066 2590 4122 divo
2623 4067 2900 4122 medicum
2936 4067 3162 4133 auspice
3194 4074 3406 4122 notum.

2017 4156 2114 4210 llle
2144 4164 2304 4212 tuens
2333 4156 2526 4226 rapido
2558 4155 2787 4228 Augusti
2813 4171 2872 4210 se
2915 4155 3088 4210 milite
3121 4155 3294 4230 cingi,

2014 4243 2252 4316 Tempus
2281 4245 2475 4300 adesse
2509 4252 2662 4317 putat
2689 4245 2974 4316 capiendae
2999 4247 3273 4319 sanguine
3301 4246 3522 4318 palmae,

2015 4341 2189 4410 Atque
2222 4345 2409 4394 monet
2440 4347 2696 4410 prompto
2725 4340 2908 4395 socios
2937 4346 3217 4394 certamen
3251 4339 3396 4393 inire

2018 4431 2264 4497 Pectore,
2288 4431 2684 4503 gestandzeque
2709 4431 2891 4488 crucis
2921 4431 3122 4488 vexilla
3149 4432 3413 4502 petenda,

2017 4523 2352 4578 Sectandum
2384 4523 2677 4579 Dominum
2704 4523 2974 4595 exemplis
3000 4524 3070 4578 ad
3093 4539 3221 4578 vera
3245 4532 3535 4578 vocantem
3565 4541 3578 4592 ;

1927 4581 1986 4649 Β
2011 4615 2210 4686 Sicque
2243 4617 2354 4670 Deo
2379 4631 2438 4669 se
2468 4615 2842 4680 committens,
2875 4630 3174 4686 oransque,
3199 4613 3504 4687 ferensque

2013 4704 2207 4759 Oscula
2240 4701 2470 4774 pacifico
2497 4702 2780 4772 subjectos
2812 4719 3043 4758 munere
3085 4701 3282 4758 firmat.

2014 4791 2275 4862 Discipuli
2307 4791 2475 4846 fortes
2507 4799 2716 4861 patrem
2745 4791 3084 4846 comitantur
3105 4802 3358 4857 euntem,

2012 4889 2324 4944 Gaudentes
2347 4889 2553 4960 pariter
2584 4887 2728 4959 plexi
2759 4904 2918 4962 mage
2950 4887 3193 4942 tormina
3225 4887 3392 4953 ferre,

2019 4982 2189 5046 Quam
2216 4992 2369 5052 patre
2396 4981 2472 5048 sej
2485 4981 2634 5035 uncti
2661 4980 2900 5051 dapibus
2931 4980 3196 5036 recubare
3233 4978 3458 5034 caducis

2017 5076 2112 5128 Ast
2141 5073 2236 5128 ubi
2268 5073 2533 5128 sollicitas
2563 5079 2885 5144 perventum
2921 5073 3068 5146 regis
3095 5072 3150 5125 in
3183 5072 3354 5139 aedes,

2013 5162 2255 5217 Tandem
2289 5162 2480 5216 hilaris
2508 5163 2704 5234 surgit,
2739 5161 3136 5232 stupidumque
3165 5160 3367 5215 salutat
3398 5161 3643 5218 amicum

2018 5259 2133 5313 Rex
2157 5257 2488 5312 resalutatus
2521 5277 2536 5320 ;
2567 5258 2734 5312 sedes
2767 5256 3022 5326 perducit
3052 5255 3107 5310 in
3140 5255 3298 5320 altas,

2013 5351 2404 5422 lucipiensque
2427 5360 2586 5404 actus
2615 5358 2669 5404 et
2700 5350 2894 5405 cwlica
2915 5350 3030 5404 visa
3066 5350 3287 5415 retexit,

2013 5445 2464 5516 Continuansque
2496 5450 2677 5516 rogat,
2708 5443 2804 5514 qui
2845 5443 2945 5510 dii,
2978 5461 3102 5515 quae
3135 5444 3364 5498 numina
3387 5444 3504 5500 visa

2014 5533 2136 5586 Sint
2159 5532 2352 5587 Petrus
2393 5539 2448 5586 et
2477 5531 2697 5598 Paulus,
2728 5531 2838 5586 sibi
2865 5531 2994 5602 talia
3019 5532 3178 5600 jussa
3207 5531 3471 5588 ferentes.

2017 5648 2042 5672 α
2077 5623 2170 5678 llic
2205 5632 2358 5692 pater
2385 5630 2468 5677 est
2492 5639 2656 5688 unus,
2681 5623 2915 5678 colimus
2935 5640 3101 5694 quem
3136 5623 3332 5678 ritibus
3359 5623 3524 5679 almis
3557 5642 3570 5678 :

2009 5715 2377 5787 Omnipotens
2417 5715 2566 5781 coeli,
2595 5722 2891 5786 terraeque,
2925 5717 3200 5787 marisque
3232 5724 3450 5772 creator
3480 5737 3498 5772 :

2011 5807 2162 5861 Unus
2193 5812 2248 5861 et
2271 5805 2390 5876 ipse
2411 5806 2574 5872 Deus,
2592 5804 2686 5876 qui
2709 5805 2920 5862 viribus
2942 5806 3130 5861 omnia
3159 5805 3354 5877 replet.

1950 3186 2000 3256 C
