3902 6414
267 416 372 473 753

263 545 426 602 Istius
455 547 667 613 Petrus,
703 549 1017 624 Paulusque
1037 553 1286 609 sciuntur
1314 555 1546 614 alumni.

259 635 364 700 Qui
402 635 598 691 Christi
623 638 813 694 divina
847 640 940 695 Dei
968 643 1226 713 gentibus
1248 643 1407 700 isthic

258 727 652 795 Monstrarunt,
686 731 997 806 orbemque
1033 735 1124 805 pio
1148 736 1446 807 splendore
1480 750 1808 811 venustam;

259 819 396 876 Ilinc
423 827 596 876 testes
628 824 868 894 Domini,
899 827 1178 902 primique
1213 829 1270 884 in
1299 832 1432 887 sede
1461 849 1702 904 superna

253 911 582 968 Sanctorum
613 916 794 986 asciti,
825 919 949 973 casli
977 919 1312 976 decorantur
1342 923 1398 978 in
1426 940 1572 991 arce,

251 1008 609 1065 Summorum
639 1011 840 1066 summi
868 1028 1160 1084 procerum
1195 1013 1604 1093 Onmiregentis
1633 1023 1814 1078 amici.
1861 1044 1882 1075 ι

249 1099 434 1155 Caesar
454 1102 523 1156 ad
557 1103 708 1158 haec:
752 1128 777 1150 κ
822 1104 1019 1160 horum
1046 1107 1210 1162 vobis
1243 1125 1371 1164 num
1401 1111 1545 1165 livea
1573 1113 1755 1169 vultus

252 1189 568 1261 Exprimit?
607 1213 635 1244 υ
679 1193 1020 1267 Ostendique
1053 1197 1160 1252 sibi
1195 1209 1517 1273 argumenta
1549 1205 1818 1274 reposcit:

249 1284 506 1342 Visorum
536 1287 747 1344 intutus
779 1307 922 1362 papa
953 1303 1295 1350 monstrante
1325 1296 1554 1371 figuras:

244 1397 270 1420 ει
316 1373 517 1430 Verius
541 1375 689 1432 haud
722 1379 1027 1452 quidquam
1061 1381 1162 1436 bos
1197 1383 1415 1457 (inquit)
1450 1386 1580 1440 mihi
1608 1388 1764 1456 jussa
1790 1390 1890 1444 de-

1623 1479 1812 1550 [dissc,

237 1558 314 1612 Te
345 1575 474 1614 mox
496 1561 722 1626 ‘ascisci,
754 1561 960 1618 debere
987 1563 1204 1619 lavacra
1231 1567 1429 1621 salutis

237 1647 313 1701 Te
346 1647 510 1702 nobis
538 1650 731 1717 nostri,
765 1651 968 1722 quibus
1011 1655 1199 1708 ulcera
1233 1664 1429 1710 cuncta
1462 1657 1734 1714 fatiscant.
1778 1681 1802 1710 ιι

235 1739 420 1793 Lzelus
452 1739 520 1794 ad
551 1740 676 1806 ista,
710 1759 868 1797 sacer
899 1743 1028 1799 fidei
1064 1745 1167 1800 fert
1211 1747 1382 1802 ubera
1420 1749 1554 1820 regi,

238 1833 605 1906 llortaturque
637 1835 802 1890 fidem
839 1850 1096 1911 prompta
1117 1843 1519 1912 comprendere
1543 1855 1748 1901 mente.

236 1925 478 1980 Credere
510 1942 570 1981 se
602 1927 692 1982 ille
723 1929 911 1996 refert,
947 1931 1182 2004 ideoque
1207 1951 1432 1989 vocasse
1459 1946 1746 2006 patronum

235 2011 408 2083 Hujus
441 2032 567 2069 eum
599 2016 762 2091 legis,
791 2019 925 2074 ritus
951 2039 1060 2094 quo
1083 2022 1210 2090 jure
1231 2033 1498 2094 capessat.

234 2108 521 2164 Dictantur
551 2128 676 2165 mox
705 2121 996 2168 mansueto
1028 2126 1305 2186 praecepta
1335 2127 1601 2188 tyranno:

227 2201 552 2274 Tironique,
590 2220 734 2260 novo
757 2207 1084 2263 submittere
1113 2210 1250 2264 colla
1282 2221 1494 2282 parato,

229 2293 396 2348 Arida
442 2311 540 2365 pro
567 2295 808 2367 dapibus
840 2299 1040 2354 dantur
1061 2301 1275 2369 jejunia
1299 2305 1568 2370 summis;

228 2383 572 2460 llircinoque
603 2389 844 2464 ﬂagrans
865 2399 1074 2447 ostrum
1106 2402 1345 2449 mutatur
1374 2397 1618 2462 amictu;

229 2478 538 2554 Amplivagi
575 2497 675 2550 pro
717 2482 922 2539 lascivo
955 2484 1170 2558 fulgore
1199 2489 1386 2557 palati.

229 2567 387 2623 Invia
425 2571 764 2628 mandantur
790 2573 963 2629 stricti
995 2586 1207 2632 secreta
1235 2580 1471 2646 cubitis;

229 2659 334 2716 Pro
367 2663 614 2734 pompis,
649 2680 748 2736 pro
773 2666 1004 2734 judiciis
1033 2671 1372 2740 crudelibus,
1403 2677 1546 2732 alma

231 2746 335 2804 Ore
364 2750 760 2822 triumphantis
787 2765 1007 2810 resonet
1039 2759 1314 2816 confessio
1349 2762 1566 2821 Christi.

235 2841 482 2896 Lamenti
515 2845 758 2916 gemitus
787 2847 1031 2902 mulctati
1056 2852 1343 2923 sanguinis
1371 2873 1545 2923 error,

229 2932 472 2988 Delubra
503 2935 865 3004 claudantur;
899 2939 1171 2996 larvarum
1206 2945 1316 2999 liba
1344 2945 1650 3019 facessant;

227 3023 428 3078 Debita
460 3028 801 3097 pauperibus
833 3028 966 3086 fisco
991 3031 1270 3088 donentur
1298 3036 1368 3090 ab
1399 3041 1580 3108 omni;

228 3116 466 3172 Vincula
497 3120 817 3176 carceribus
847 3129 958 3178 tota
989 3137 1306 3185 reserentur
1338 3131 1392 3186 in
1425 3134 1559 3190 urbe
1593 3153 1609 3200 ;

229 3208 453 3264 Exsiliis
475 3211 666 3280 etiam,
709 3220 765 3267 et
786 3215 951 3271 variis
971 3221 1310 3278 cruciatibus
1341 3227 1447 3280 acti

225 3297 709 3364 Solenturvenia;
732 3302 933 3358 dentur
950 3307 1221 3364 solamina
1246 3311 1432 3380 fessis;

223 3390 514 3464 Degentur
543 3392 696 3464 digni
715 3395 883 3470 digne
917 3398 1032 3454 haec
1062 3401 1128 3455 ad
1154 3405 1367 3474 agenda
1397 3407 1658 3464 ministri.

224 3479 445 3551 Excipit
476 3482 772 3558 Augustus,
816 3485 925 3542 fida
956 3505 1180 3562 quoque
1222 3502 1406 3551 mente
1440 3506 1717 3562 retractat.

224 3571 286 3626 Et
333 3572 614 3630 Christum
670 3593 862 3632 verum
913 3581 1321 3658 Dominamque
1378 3588 1674 3662 Deumque
1733 3611 1864 3665 pro-

1574 3684 1792 3756 [fessus,

225 3759 382 3814 Vana
409 3760 654 3831 probans
687 3762 1000 3833 simulacra,
1031 3769 1210 3823 crucis
1241 3771 1524 3844 signacula
1554 3777 1722 3834 sumit

225 3850 632 3924 Pontificisque
663 3870 829 3910 manu
855 3847 1090 3932 insignis
1121 3864 1554 3921 catechumenus
1585 3869 1714 3924 exit.

227 3943 378 4015 Papa
409 3945 584 4001 sacris
617 3954 813 4003 cautus
842 3951 993 4006 ducit
1017 3954 1232 4022 jejunia
1253 3956 1431 4024 laetus,

225 4037 648 4110 Eeclesiamque
679 4041 768 4110 pio
799 4043 904 4097 sibi
931 4046 1116 4119 jungit
1137 4048 1332 4104 adesse
1362 4049 1575 4122 labore,

223 4125 449 4180 [litibus
470 4128 745 4197 explicitis
773 4147 873 4202 per
900 4140 1025 4188 vota
1047 4135 1289 4191 celebria
1317 4138 1503 4214 dignis

223 4219 460 4276 Conscia
490 4225 769 4294 surgentis
801 4225 996 4282 Christi
1030 4229 1198 4284 instat
1227 4249 1458 4302 vespera
1490 4235 1640 4304 felix,

225 4311 508 4368 Eductura
539 4314 716 4390 nigris
743 4315 1006 4372 altissima
1037 4327 1254 4390 sceptra
1285 4323 1548 4392 tenebris,

223 4402 486 4474 Fonsque
511 4405 774 4475 perennis
803 4424 960 4479 aqum
994 4411 1256 4480 praecelso‘
1283 4429 1516 4470 munere
1547 4416 1786 4490 lymphae

222 4497 457 4553 Fontem
484 4499 696 4570 implet,
728 4509 912 4573 pestes
935 4505 1284 4580 exstinguere
1309 4525 1418 4564 non
1447 4512 1611 4568 modo
1633 4513 1855 4585 mentis,

218 4589 490 4660 Corporis
523 4598 577 4645 at
607 4593 793 4650 valido
825 4597 1140 4652 morborum
1173 4599 1292 4654 dira
1323 4600 1529 4657 levare.

216 4681 490 4738 Summus
519 4683 562 4738 it
590 4685 822 4742 antistes
847 4703 1121 4743 summum
1153 4707 1370 4748 sacrare
1399 4693 1766 4768 Toparcham,

217 4771 314 4826 Ille
343 4771 444 4826 Dei
473 4773 676 4828 summi
699 4774 957 4831 virtutem
986 4776 1162 4834 fassus
1191 4780 1449 4852 herilem,

211 4859 771 4932 Sordibuslimpuris,
805 4866 1080 4936 saevisque
1099 4877 1376 4927 renuntiat
1406 4873 1516 4930 aris
1545 4895 1562 4943 ;

212 4949 474 5025 'I‘ingitur
505 4961 563 5006 et
590 4954 763 5008 sacris
793 4956 937 5012 trino
970 4961 1298 5017 mersamine
1331 4961 1388 5018 in
1409 4965 1600 5034 undis,

215 5041 273 5096 Et
317 5043 512 5112 subito
541 5046 696 5100 oculis
726 5047 794 5102 ad
826 5057 972 5115 vota,
997 5052 1066 5106 ad
1099 5055 1352 5124 przesulis
1390 5072 1536 5124 orsa,

216 5131 327 5186 Lux
363 5133 544 5188 radiat
573 5133 810 5191 celebris
833 5154 1106 5209 superans
1129 5143 1443 5200 rutilamina
1465 5147 1618 5204 solis.

161 5237 166 5243 '
213 5225 351 5280 Tum
385 5226 634 5296 crepitus
665 5226 833 5283 fontis
861 5231 1155 5288 stridentia
1185 5235 1325 5292 frixa
1357 5239 1607 5308 resultat,

213 5317 330 5378 Quo
362 5331 603 5386 surgens
637 5317 781 5372 lotus
801 5335 892 5374 rex
933 5330 1116 5378 mente
1149 5341 1210 5379 ae
1237 5341 1470 5399 corpore
1499 5332 1742 5388 mundus

219 5405 520 5480 Egreditur
549 5406 754 5474 salvus,
789 5409 985 5466 Christi
1001 5413 1116 5468 visa
1137 5431 1232 5470 ora
1263 5417 1563 5487 professus.

214 5501 399 5557 Mente
433 5489 801 5574 nitet'purus,
831 5507 990 5577 pueri
1031 5510 1197 5565 micat
1233 5527 1330 5569 ore
1371 5531 1632 5584 serenus;

217 5594 372 5648 Mens
401 5594 558 5649 intus
587 5594 867 5664 splendet,
900 5598 1032 5654 foris
1047 5617 1110 5657 ac
1139 5618 1268 5659 caro
1300 5604 1511 5678 fulgida
1539 5611 1774 5678 candet;

215 5687 429 5746 Gaudet
469 5693 524 5740 at
545 5685 744 5740 eximia
770 5689 1004 5746 donatus
1031 5693 1288 5766 utrinque
1315 5700 1553 5755 medela.

219 5779 470 5834 Candida
498 5780 669 5836 sumit
693 5797 883 5849 ovans,
915 5791 972 5838 et
1000 5785 1218 5858 legibus
1246 5790 1390 5846 alma
1413 5807 1720 5868 propagat:

225 5866 379 5920 Ilnnc
402 5867 608 5919 debere
642 5867 747 5922 coli
791 5869 948 5925 laetus
987 5889 1094 5943 qua
1123 5875 1369 5930 tenditur
1390 5879 1540 5934 orbis

888 421 971 475 DE
1011 422 1269 478 CHRISTI
1310 426 1670 485 TRIUMPIIIS
1711 433 1882 488 APUD
1925 436 2192 490 ITALIAM
2236 437 2414 492 LIBRI
2462 437 2600 494 XlV.
2644 470 2714 480 —
2755 440 2881 496 LIB.
2925 440 3012 496 IX.

3525 449 3630 504 754

1921 571 1964 637 Α
1995 565 2094 630 Qui
2128 565 2235 620 sibi
2263 583 2406 622 saeva
2428 567 2625 642 fugans
2656 567 2942 624 tribuisset
2963 569 3086 626 laeta
3101 571 3298 628 salutis
3327 589 3342 628 :

1998 656 2155 710 llunc
2185 655 2279 728 qui
2311 655 2660 726 blaSpliemet
2685 657 2901 728 punitio
2933 659 3103 735 digna
3135 669 3404 733 sequatur
3431 681 3448 730 ;

1991 744 2328 800 Christicolae
2360 745 2596 802 afﬂiclor
2625 763 2824 802 census
2844 756 3061 806 sectore
3093 759 3410 821 prematur:

1991 844 2342 900 Romulidum
2375 863 2574 918 papam
2606 855 2900 904 veneretur
2929 849 3231 923 episcopus
3269 852 3482 911 omnis:

1991 933 2044 988 Si
2071 949 2196 988 reus
2229 933 2521 991 Eeclesiam
2555 944 2728 1007 petat,
2760 945 2820 993 ut
2849 953 3086 996 censore
3119 947 3368 1017 tegatur:

1991 1023 2248 1080 Pnesulis
2280 1026 2478 1080 annisu
2511 1026 2678 1082 modo
2709 1027 2916 1100 templa
2937 1029 3195 1086 loeentur
3216 1030 3272 1086 in
3296 1030 3469 1088 urbe:

1993 1115 2256 1172 Caesareae
2283 1117 2520 1174 fabricas
2550 1118 2780 1175 decima:
2811 1121 3134 1194 redigantur
3163 1119 3222 1178 in
3265 1123 3462 1182 almas.

1992 1211 2146 1266 Albis
2166 1213 2458 1284 depositis,
2499 1213 2751 1269 ardentia
2781 1223 2841 1270 ut
2861 1223 3010 1271 ostra
3041 1217 3296 1286 resumit,

1997 1306 2236 1363 Mundus
2274 1317 2329 1363 et
2359 1307 2659 1364 incolumis
2684 1309 2830 1365 Petri
2865 1313 3151 1367 mausolea
3179 1313 3384 1374 visens.

1993 1406 2269 1461 Sternitur
2299 1406 2352 1460 in
2394 1406 2612 1473 faciem,
2645 1407 2814 1479 capiti
2847 1407 3158 1465 diademate
3189 1411 3438 1483 dempto.

1991 1501 2049 1555 Et
2071 1499 2327 1572 laerymis
2351 1509 2579 1557 stratum
2618 1503 2921 1576 Tyriosque
2945 1505 3184 1560 infundit
3212 1507 3473 1576 amictus,

1986 1593 2167 1664 Seque
2190 1611 2344 1649 reum
2378 1610 2688 1650 memorans
2709 1604 2900 1652 sancto
2927 1596 2997 1651 de
3019 1597 3290 1669 sanguine
3320 1597 3468 1667 fuso,

1985 1685 2208 1739 Excibat
2235 1687 2424 1756 populi
2453 1685 2614 1741 ﬂetus
2649 1687 3005 1762 gemitusque
3026 1696 3292 1745 sonantes

1983 1776 2144 1832 Mixto
2174 1779 2470 1850 pangentis
2515 1778 2666 1835 luctu
2707 1797 2850 1836 nova
2887 1782 3094 1856 gaudia
3122 1782 3281 1838 laetis.

1903 1899 1952 1966 Β
1982 1865 2092 1920 Rex
2131 1867 2328 1920 servile
2356 1883 2648 1940 aggressus
2685 1883 2847 1938 opus,
2879 1869 3302 1944 ehlamydisque
3333 1871 3568 1928 nitorem

1979 1954 2276 2023 Rejiciens,
2309 1955 2526 2011 insueta
2550 1956 2708 2028 petit,
2742 1957 3036 2031 fossorque
3066 1959 3353 2018 bidentem

1973 2055 2197 2127 Arripit,
2239 2063 2294 2111 et
2321 2057 2512 2129 glebas
2543 2073 2717 2129 prono
2742 2060 3034 2114 conamine
3066 2061 3252 2127 vertit,

1971 2146 2148 2216 Atque
2178 2146 2318 2200 viam
2353 2147 2542 2216 pandit
2563 2147 2704 2203 sacri
2733 2145 3061 2205 fundamina
3091 2151 3286 2222 templi

1971 2243 2085 2305 Qua
2105 2239 2346 2315 ﬁgantur
2362 2241 2675 2313 apostolici,
2706 2259 2818 2314 quo
2856 2259 3060 2300 curvus
3088 2245 3322 2314 honore,

1974 2333 2169 2403 Egesta
2199 2333 2546 2389 fundamenti
2583 2335 2780 2391 scrobe
2804 2335 2906 2392 rite
2937 2336 3182 2405 locandi,

1971 2422 2060 2476 Bis
2089 2439 2184 2476 sex
2214 2421 2319 2478 fert
2345 2423 2590 2478 humeris
2619 2423 2895 2494 cophinos
2927 2425 3122 2481 tellure
3152 2432 3432 2502 gravatos.

1971 2513 2253 2569 Curriculo
2284 2514 2538 2570 residens
2558 2515 2742 2571 aulam
2765 2515 2894 2572 hinc
2922 2533 3047 2573 eum
3072 2519 3311 2588 praesule
3343 2517 3602 2576 scandit:

1969 2603 2150 2658 Altera
2179 2603 2271 2658 lux
2298 2611 2470 2660 terras
2500 2619 2661 2660 roseo
2690 2604 2990 2676 spargebat
3013 2607 3240 2663 amictu.

1969 2702 2203 2757 Sanctus
2234 2709 2289 2757 et
2309 2703 2567 2759 Ecelesim
2595 2721 2815 2762 sacrare
2842 2705 3050 2777 palatia
3073 2707 3250 2780 surgit

1971 2791 2082 2847 Rex
2124 2793 2514 2848 Lateranensis
2537 2794 2778 2860 fabricat,
2811 2797 3134 2877 passimque
3165 2797 3376 2854 revelat

1969 2883 2262 2940 Altithroni
2283 2885 2418 2959 juga
2447 2885 2553 2940 sub
2575 2886 2796 2942 Domini
2819 2903 2878 2942 se
2902 2886 3044 2944 colla
3077 2887 3320 2946 dedisse.

1978 2987 2122 3063 Lege
2151 2989 2280 3044 data
2311 3006 2522 3061 pauper
2539 2990 2584 3046 si
2604 2991 2730 3063 quis
2749 3006 2808 3046 se
2829 2990 3072 3048 subdere
3099 2993 3318 3049 Christo

1970 3078 2203 3153 Deligat,
2235 3087 2296 3134 ut
2331 3087 2538 3134 vestem
2566 3080 2748 3152 capiat
2773 3081 3016 3136 candore
3041 3081 3342 3138 micantem

1967 3173 2193 3228 Munere
2223 3173 2474 3229 Caesareo
2505 3174 2826 3246 solidasque
2855 3174 3046 3230 decem
3074 3175 3414 3250 geminatos.
3443 3186 3450 3190 ’

1889 3271 1938 3340 C
1960 3263 2237 3320 Accrescit
2268 3263 2484 3318 Domini
2523 3262 2746 3330 messis,
2779 3264 3104 3336 populique,
3138 3265 3385 3323 nitentes

1965 3354 2129 3408 Sacra
2171 3351 2266 3406 Dei
2288 3350 2511 3418 summi,
2539 3351 2804 3422 linquunt
2831 3352 3102 3408 scelerata
3130 3354 3372 3423 sacella;

1963 3454 2130 3510 Millia
2159 3453 2495 3510 candentum
2527 3453 2768 3509 renitent
2799 3453 3058 3512 duodena
3080 3456 3352 3526 virorum,

1966 3549 2239 3605 Infantum
2273 3553 2470 3620 praeter
2490 3553 2725 3602 malrum
2749 3563 2975 3622 quoque
3001 3549 3190 3606 debile
3209 3550 3430 3628 vulgus,

1965 3639 2205 3704 Quorum
2236 3645 2343 3693 stat
2371 3652 2635 3692 numerus
2663 3639 2790 3694 caeli
2823 3654 3080 3696 mensore
3117 3641 3370 3710 libratus,

1967 3733 2321 3790 Romulidum
2353 3731 2607 3788 Patribus
2637 3728 2766 3785 ﬁdei
2789 3729 3135 3806 fugientibus
3162 3734 3294 3802 alta,

1967 3829 2117 3884 Haud
2149 3829 2283 3884 sinit
2320 3828 2622 3904 Augustum
2653 3827 3176 3902 Paterindignarier
3205 3831 3410 3891 almus.

1967 3919 2060 3974 Ille
2099 3919 2301 3974 throno
2325 3917 2575 3974 residens
2605 3918 2743 3974 aulae
2782 3915 3118 3992 plebemque
3152 3927 3449 3996 patresque

1964 4009 2170 4064 Lumen
2199 4009 2256 4064 in
2279 4010 2580 4065 aethereum
2612 4009 2956 4064 radiantibus
2979 4009 3180 4068 excitat
3197 4013 3370 4070 orsis:

1961 4102 2077 4157 Non
2108 4101 2316 4158 debere
2347 4102 2483 4157 deos
2505 4108 2715 4157 testans
2740 4101 2922 4158 dicive
2951 4102 3131 4159 colive

1961 4195 2326 4260 Quimanibus
2349 4194 2484 4251 ﬁant
2515 4197 2824 4264 hominum,
2857 4203 3121 4252 tueantur
3139 4205 3194 4254 et
3224 4204 3372 4266 actu,

1961 4294 2107 4359 Quos
2127 4293 2537 4350 conservandos
2565 4302 2876 4351 restaurent
2906 4295 3336 4367 easibus.actos;

1964 4387 2056 4442 His
2083 4403 2144 4443 se
2184 4387 2462 4458 conjicere
2493 4387 2756 4464 indignos
2782 4390 3092 4462 placamina
3121 4391 3250 4448 divo

1959 4478 2058 4544 Qui
2092 4493 2349 4551 reparare
2379 4488 2546 4552 queat
2570 4481 2756 4536 tritum
2785 4488 2840 4537 et
2872 4497 3132 4539 revocare
3151 4485 3426 4552 salutem;

1959 4574 2228 4647 Quodque
2252 4575 2308 4630 in
2326 4591 2386 4631 se
2415 4575 2617 4632 factum
2649 4577 2859 4650 liquida
2884 4585 2993 4635 stet
3021 4581 3144 4637 luce
3167 4582 3408 4654 probari,

1872 4655 1928 4724 D
1955 4665 2233 4723 Artificem
2267 4667 2541 4723 Christum
2573 4670 2680 4724 ritu
2703 4672 3024 4728 venerarier
3051 4688 3236 4746 aequo,

1962 4759 2116 4814 Unde
2148 4759 2532 4832 superstitiosa
2560 4767 2750 4832 petant
2772 4761 2886 4834 jam
2906 4763 3142 4820 numina
3171 4763 3360 4832 ﬁnem,

1957 4850 2118 4907 Solus
2157 4851 2420 4908 adoretur
2446 4853 2541 4926 qui
2571 4860 2770 4910 cuncta
2801 4854 2922 4928 quit
2959 4855 3128 4913 edere
3157 4856 3343 4927 solus;

1953 4942 2054 5008 Qui
2084 4953 2264 5000 servat
2289 4945 2512 5021 dignus,
2545 4961 2658 5003 non
2685 4946 2780 5019 qui
2809 4955 3078 5016 servatur,
3113 4947 3359 5020 honore;

1949 5041 2030 5096 Sit
2055 5041 2216 5096 caecis
2245 5041 2396 5098 visus
2425 5043 2633 5101 ianime
2663 5045 2780 5116 (sic)
2809 5045 3160 5119 imperitetur

1951 5134 2219 5203 Auditus;
2244 5135 2478 5192 desistat
2513 5137 2583 5192 ab
2617 5137 2704 5194 his
2733 5139 3008 5210 sapientia
3039 5146 3260 5207 nostra;

1953 5226 2208 5282 Ecclesiae
2239 5235 2466 5299 pateant
2498 5228 2714 5298 Christi,
2744 5247 2868 5304 qum
2893 5231 3020 5302 jura
3053 5230 3301 5304 profanis

1953 5323 2290 5380 Flaminibus
2317 5333 2554 5394 servata,
2588 5327 2696 5399 piis
2734 5329 2845 5384 sint
2865 5344 3024 5386 cessa
3061 5329 3354 5386 ministris.

1953 5413 2233 5486 Caepimus
2254 5432 2386 5492 ergo
2415 5433 2642 5488 Operam
2674 5419 2894 5488 Christi,
2926 5437 3039 5496 quo
3069 5423 3224 5500 regia
3251 5423 3462 5496 templo

1953 5504 2147 5560 Nostra
2167 5503 2356 5573 micet,
2394 5505 2580 5562 videat
2609 5508 2814 5579 passim
2847 5525 3075 5567 romana
3093 5517 3338 5584 potestas

1952 5593 2109 5646 Nulla
2129 5592 2363 5649 subesse
2389 5594 2576 5651 animo
2608 5595 2766 5652 dubii
2797 5598 3033 5673 vestigia
3059 5607 3278 5659 nostro.

1954 5681 2311 5736 Conclamant
2338 5683 2406 5737 ad
2438 5683 2583 5738 dicta
2615 5683 2822 5753 Patres,
2865 5685 3152 5762 fortesque
3183 5691 3444 5760 Quirites,

1951 5762 2584 5850 Christumattollentes,
2611 5787 2908 5860 claudique
2931 5790 3134 5846 sacella
3157 5799 3434 5865 petentes,

1948 5871 2172 5942 Templa
2203 5880 2390 5944 patere
2414 5875 2507 5930 Dei
2533 5876 2752 5942 Christi,
2785 5879 2880 5950 qui
2907 5897 3072 5938 verus
3100 5889 3156 5938 et
3175 5899 3342 5948 unus,
