3902 6404
317 354 428 413 755
1091 351 1459 408 FLODOARDI
1503 350 1806 407 CANONlCl
1851 348 2180 406 REMENSIS
2220 350 2559 407 OPUSCULA
2600 349 2914 406 METRICA.
3568 355 3674 408 756

319 484 580 541 Praestitit
609 483 851 558 Augusto
881 482 1121 537 subitam
1155 480 1280 535 sine
1311 496 1465 536 more
1497 481 1729 536 salutem
1765 498 1779 535 :

320 579 463 635 Urbe
495 576 837 647 repellantur
863 574 1078 631 Christo
1101 574 1357 629 vincente
1391 574 1628 645 profani.

317 670 383 724 At
411 667 729 723 moderator
754 664 823 719 ad
852 664 973 720 haec
1002 663 1197 735 pandit
1222 678 1331 735 qua
1360 670 1544 719 mente
1565 662 1801 719 colenda

316 761 449 817 Jura
473 757 589 825 Dei,
611 773 735 830 qua:
762 756 928 813 corde
953 755 1206 828 flagrent,
1239 771 1363 827 quae
1392 750 1597 826 sponte
1622 763 1917 826 pe'antur;

320 853 531 909 Invitus
554 852 761 920 nullus,
788 851 976 906 nullus
1005 850 1296 924 subigatur
1324 850 1553 905 adactus

321 945 553 1003 Censeat
582 944 728 1001 ultro
755 944 975 999 animus
996 942 1205 1015 justum
1235 942 1503 997 deliberet
1522 958 1764 1014 aequum,

320 1038 473 1105 Quod
494 1053 686 1095 verum
719 1028 964 1093 inveniet
991 1042 1172 1091 sumat
1193 1035 1411 1092 ratione
1442 1035 1659 1091 librata.

322 1131 471 1186 Hanc
497 1143 694 1186 omnes
717 1128 874 1184 vanis
903 1126 1069 1182 etiam
1093 1126 1321 1181 laudare
1342 1127 1553 1183 subacti

320 1223 520 1293 Legem
550 1235 675 1294 qua
703 1219 914 1276 nullum
946 1218 1195 1289 impellat
1221 1206 1553 1291 nullumque
1584 1220 1834 1292 repellat.

321 1316 464 1372 Urbe
486 1322 747 1371 coronata
779 1312 974 1370 Phrebi
1007 1313 1100 1369 lux
1122 1313 1379 1385 lampade
1418 1314 1591 1369 multa

319 1405 585 1472 Vincitur,
610 1402 906 1460 Ecclesiam
936 1402 1208 1475 gratantia
1236 1401 1440 1475 gaudia
1470 1402 1708 1473 replent.

318 1498 643 1553 Sanctorum
675 1495 839 1552 rutilo
869 1500 1140 1550 ornantur
1175 1494 1475 1565 splendore
1513 1495 1799 1567 sepulcra;

321 1586 535 1643 Exsiliis
557 1585 692 1641 trusi
724 1585 875 1641 claro
905 1584 1010 1639 sub
1041 1585 1252 1640 honore
1273 1593 1559 1650 vocantur,

319 1679 532 1751 Quique
558 1693 661 1733 sua
688 1676 797 1732 leti
830 1675 1006 1747 patria
1034 1675 1314 1748 gaudente
1339 1676 1569 1746 recepti,

322 1768 488 1843 Regis
515 1777 571 1823 et
598 1766 757 1822 asciti
784 1765 1001 1820 meritis
1036 1771 1376 1820 venerantur
1404 1766 1584 1822 amici.

321 1863 536 1917 Interea
573 1858 812 1935 genitrix
839 1858 1091 1931 Augusti,
1124 1856 1330 1913 femina
1359 1859 1474 1913 veri

317 1950 643 2016 Scrutatrix,
677 1949 884 2003 Helena
916 1957 1097 2019 partes
1128 1946 1396 2002 lustrabat
1427 1947 1541 2013 Eoi,

321 2041 615 2112 Bebrycias
638 2054 938 2113 peragrans
959 2036 1127 2093 urbes
1148 2044 1204 2092 et
1224 2053 1393 2109 regna
1415 2037 1662 2111 Pelasga,

321 2131 451 2197 Quae
491 2129 622 2184 dum
656 2136 903 2184 monstra
940 2128 1112 2181 Deum
1142 2125 1395 2181 venerari
1423 2134 1581 2181 cauta
1610 2135 1849 2193 renutat,

322 2224 527 2298 Deligit
552 2232 825 2278 astrorum
853 2221 969 2297 regi
998 2220 1318 2276 famularier
1346 2221 1475 2285 uni;

324 2320 478 2377 Unde
495 2318 686 2375 favens
710 2317 883 2374 veteri
904 2316 1098 2373 Iudaea
1129 2316 1381 2371 litamina
1405 2323 1569 2373 secta:

325 2409 600 2467 Censebat
615 2408 903 2476 sectanda,
942 2413 1245 2480 monetque
1280 2407 1591 2463 hortamine
1624 2416 1810 2464 natum

323 2499 555 2554 Sumere
580 2497 831 2552 Mosaeam
864 2496 1168 2568 priscorum
1212 2496 1431 2551 tramite
1462 2496 1667 2571 legem,

327 2593 479 2649 Haud
510 2593 661 2648 credi
689 2592 897 2648 debere
922 2592 1094 2646 Deum
1132 2591 1472 2647 cruciatibus
1512 2602 1717 2660 actum,

327 2688 421 2743 Ast
445 2686 524 2742 illi
550 2686 739 2741 divum
767 2669 1139 2740 medicamina
1167 2682 1291 2738 laeta
1322 2684 1564 2754 repulsa.

326 2776 535 2833 Gnatus
563 2777 634 2831 ad
660 2777 800 2843 haec,
831 2789 1049 2830 summo
1084 2790 1210 2830 sese
1232 2776 1613 2830 moderamine
1644 2783 1860 2831 vectum

329 2872 556 2928 Culmen
586 2872 645 2926 in
674 2870 938 2928 eximium
967 2877 1230 2937 tractans,
1260 2874 1577 2941 praecedere
1610 2878 1851 2927 mentem

331 2962 658 3028 Humanam,
682 2969 744 3017 ut
770 2959 994 3027 caelum,
1019 2966 1215 3028 terras,
1242 2959 1430 3014 divina
1463 2961 1685 3029 fatetur,

329 3056 442 3111 Nec
461 3069 629 3128 quem
666 3051 1195 3127 delcgitdefendere
1225 3052 1455 3107 numine
1488 3054 1721 3122 cultum,

330 3144 409 3200 Ne
426 3150 535 3199 tam
564 3141 811 3215 praecelsi
846 3140 982 3195 ritus
1011 3140 1118 3195 sibi
1151 3140 1401 3196 conferat
1428 3158 1623 3209 ausus;

331 3235 593 3290 Doctores
622 3238 676 3287 at
705 3228 1064 3296 Christicolae,
1097 3229 1393 3304 gentisque
1427 3238 1653 3287 vetustae

333 3325 677 3384 Conveniunt
703 3321 968 3380 certaturi
1000 3322 1298 3377 libramine
1331 3323 1446 3377 veri

335 3420 479 3493 Lege
508 3433 687 3483 sacra,
709 3416 865 3471 libris
886 3414 1088 3481 cultus,
1120 3422 1175 3469 et
1201 3414 1463 3489 dogmate
1493 3416 1607 3472 divi

335 3510 560 3569 Alterna
581 3508 719 3581 quid
742 3507 1082 3579 praecipuum
1104 3506 1178 3561 sit
1207 3506 1305 3563 lite
1336 3510 1605 3575 revolent,

337 3598 619 3655 Cervicem
647 3598 736 3654 cui
768 3614 1020 3653 summus
1049 3614 1211 3669 apex,
1244 3598 1331 3653 cui
1366 3600 1568 3654 sazcula
1594 3600 1852 3656 subdant.

339 3690 595 3762 Undique
626 3689 888 3757 Rabbini,
920 3689 1427 3765 legisquecitantur
1446 3690 1608 3746 amici

339 3779 605 3847 Carnalis,
638 3779 943 3851 superique
970 3786 1275 3855 gregantur
1301 3778 1564 3834 Flaminis
1596 3780 1801 3848 hostes,

340 3868 592 3925 Culmina
621 3876 928 3924 sectantum
961 3866 1149 3939 paleas
1180 3867 1441 3923 duodena
1473 3867 1750 3940 leguntur,

340 3963 663 4019 Romuleam
696 3962 882 4017 Cmco
914 3960 1178 4033 Latioque
1210 3960 1401 4032 lepore
1436 3961 1591 4032 politi

339 4051 551 4124 Quique
579 4050 795 4106 habiles
824 4048 926 4105 visi
956 4049 1153 4105 scribae
1186 4050 1442 4123 legantur
1472 4051 1540 4105 ad
1573 4051 1786 4107 urbem.

340 4145 455 4200 Huc
478 4158 700 4216 quoque
727 4140 1020 4214 pontifices
1050 4140 1250 4201 Christi
1283 4141 1487 4213 pietite
1516 4144 1756 4200 nitentes

341 4236 580 4292 Sedibus
601 4234 761 4291 asciti
790 4233 957 4289 variis
982 4234 1039 4288 in
1068 4233 1216 4289 bella
1246 4241 1534 4301 vocantur,

343 4329 596 4399 Dumque
628 4323 967 4400 legi'alterni
1000 4323 1110 4378 litis
1138 4323 1233 4396 qui
1261 4339 1475 4379 summa
1502 4332 1796 4396 capessant

343 4415 651 4472 Censentur
677 4411 876 4469 Christi
905 4411 1118 4477 famuli,
1148 4412 1502 4484 Sylvesterin
1543 4429 1656 4469 uno

342 4509 508 4579 Spem
540 4505 678 4561 fixus
706 4504 941 4561 Domino
972 4504 1058 4559 bis
1086 4505 1238 4560 senis
1268 4521 1327 4559 se
1356 4504 1547 4574 objicit
1568 4522 1760 4562 unum.

344 4600 476 4656 Pars
503 4600 734 4655 adversa
765 4600 880 4655 suis
905 4600 1138 4656 horrens
1164 4601 1478 4670 superarier
1497 4600 1687 4666 armis,

346 4692 470 4747 llaec
499 4690 757 4763 prohibet
779 4689 965 4764 tangi;
1000 4690 1176 4745 Caesar
1206 4691 1405 4761 probat
1429 4698 1558 4762 apta
1590 4692 1902 4764 triumpho;

344 4782 476 4836 Pars
503 4779 729 4835 inimica
756 4778 875 4834 suis
914 4779 1045 4833 dum
1077 4781 1343 4835 sternitur
1373 4781 1573 4837 obruta
1612 4781 1760 4848 telis,

344 4875 635 4932 Ethereus
650 4873 937 4949 consurgit
963 4888 1128 4946 agon,
1160 4874 1489 4947 capiturque
1510 4875 1778 4932 duellum.

419 4971 809 5043 Blasphemant
836 4968 1023 5025 stolidi
1055 4976 1166 5023 tres
1196 4985 1300 5025 nos
1338 4986 1497 5025 orare
1536 4971 1830 5027 Tonantes.

344 5064 489 5135 Papa
519 5064 673 5119 libris
694 5063 887 5136 pandit
915 5063 1110 5136 priscis
1132 5063 1239 5119 tria
1268 5062 1502 5118 Numine
1532 5077 1751 5117 summo

349 5153 674 5227 Complecti,
707 5163 998 5228 totumque
1025 5170 1244 5211 creasse
1286 5153 1608 5210 triformiter
1632 5154 1832 5220 Unum,

325 5232 447 5312 Qui
475 5246 583 5301 sibi
615 5245 692 5302 nil
723 5247 910 5320 dispar
928 5248 1179 5319 majusve
1209 5247 1464 5302 minusve
1495 5253 1760 5317 receptet.

347 5333 465 5390 Uno
491 5334 601 5391 hoc
622 5333 759 5391 eliso
789 5336 1050 5410 geminus
1073 5335 1446 5409 prosternitur
1475 5335 1666 5391 hostis.

344 5424 623 5496 Objiciunt
638 5426 827 5482 Iesum
858 5427 1130 5485 Christum
1151 5429 1357 5501 pericla
1376 5428 1567 5484 tulisse

347 5520 521 5593 quue
559 5527 873 5592 peroratum
906 5523 1215 5594 priscorum
1263 5523 1525 5595 panditur
1561 5523 1723 5591 orsis,

345 5608 539 5663 Omnia
558 5623 683 5679 qua:
710 5607 920 5664 Christo
946 5608 1106 5664 factis
1129 5611 1436 5682 implentur
1465 5611 1522 5665 in
1553 5627 1697 5678 uno;

344 5698 620 5755 Promitur
637 5698 910 5753 adventus
951 5708 1008 5754 et
1033 5716 1197 5755 causa
1228 5711 1420 5776 rcgata
1447 5701 1673 5769 laboris,

346 5788 630 5864 thucDei
656 5797 859 5866 gnatus
888 5789 1129 5848 hominis
1156 5791 1466 5863 susceperit
1493 5798 1662 5850 artus.

2046 481 2169 537 llaec
2188 498 2344 538 sacer
2368 497 2654 554 exponens
2684 482 2808 537 diva
2828 481 3043 538 ratione
3074 482 3319 552 resolvit,

2044 576 2295 631 {Emulus
2326 584 2379 632 et
2403 576 2550 632 veris
2581 576 2834 633 tradebat
2855 576 2997 632 colla
3028 577 3314 633 tumultus.

2047 668 2339 726 Restiterat
2368 672 2519 727 solus
2549 671 2680 726 belli
2711 669 3067 727 conictibus
3097 685 3318 742 expers,

2047 768 2111 821 At
2134 767 2470 823 Zoroastrzeo
2498 768 2651 823 nisus
2676 768 2965 825 molimine
2990 768 3225 833 Zambri,

2050 857 2108 910 ln
2141 871 2251 928 quo
2277 857 2532 931 sacrilegi
2564 857 2767 913 fiducia
2803 874 3019 913 summa
3047 858 3330 931 triumphi.

2051 944 2351 1015 Exprobrat
2383 944 2487 1001 iste
2525 945 2631 1001 levi
2673 955 2733 1002 ut
2771 947 2941 1002 sociis
2965 947 3267 1002 certamine
3304 947 3503 1013 versis,

2051 1033 2273 1089 Actibus
2312 1042 2367 1089 et
2415 1051 2497 1101 se,
2550 1050 2659 1090 non
2700 1036 2904 1101 verbis,
2946 1035 3199 1091 conferre
3241 1034 3548 1108 palaestram

2052 1121 2254 1189 Poscit,
2292 1132 2349 1179 et
2388 1124 2717 1180 indomitum
2751 1124 2923 1198 quaeri
2954 1140 3276 1197 saevumque
3299 1125 3603 1194 juvencum

2049 1213 2311 1270 Virtutem
2353 1217 2559 1271 summi
2592 1217 2772 1273 valido
2805 1233 2915 1289 quo
2947 1216 3192 1272 numinis
3219 1223 3343 1272 actu

2048 1303 2254 1370 Prodit,
2294 1310 2350 1359 et
2379 1305 2568 1361 audito
2599 1305 2816 1361 labatur
2845 1307 3071 1363 nomine
3101 1316 3326 1372 taurus;

2049 1393 2205 1460 Quod
2235 1394 2309 1449 nil
2343 1394 2483 1452 ferre
2513 1404 2680 1468 queat
2711 1398 2925 1465 vivens,
2958 1414 3064 1454 nec
3092 1398 3321 1455 sufferat
3350 1400 3501 1455 auris

2049 1486 2144 1540 Vix
2162 1486 2312 1541 haud
2344 1486 2455 1542 ulla
2492 1489 2602 1557 pati
2633 1490 2830 1557 valeat,
2861 1490 2944 1545 vel
2973 1490 3179 1545 habere
3211 1495 3480 1546 notatum.

2047 1577 2299 1633 Exhibito
2318 1578 2583 1646 juvenum
2613 1581 3009 1637 multosudore
3033 1582 3273 1650 juvenco

2049 1666 2307 1721 Cruribus
2336 1668 2627 1737 implicito,
2657 1670 2855 1725 vinclis
2886 1678 2942 1725 et
2972 1669 3197 1726 funibus
3223 1679 3366 1738 acto,

2053 1760 2356 1814 Fraudibus
2387 1758 2634 1813 innitens
2662 1759 2891 1814 insultat
2916 1777 3044 1814 vera
3077 1760 3314 1827 tenenti,

2052 1851 2220 1906 Morte
2253 1851 2449 1922 probet
2478 1850 2686 1905 cultum
2726 1851 3016 1917 mandans,
3048 1851 3136 1905 vel
3181 1859 3359 1906 morte
3392 1852 3685 1922 probetur.

2053 1940 2241 2011 Coepta
2270 1940 2427 2011 sequi
2452 1939 2634 2007 justus
2666 1940 2881 2009 patiens
2908 1939 3137 1995 dimittit
3163 1939 3438 2011 iniquum.

2053 2029 2149 2083 llle
2181 2028 2339 2085 bovis
2361 2028 2539 2083 dirum
2570 2045 2822 2083 mussans
2853 2030 3237 2085 immurmurat
3265 2030 3408 2094 auri,

2054 2121 2277 2176 Labitur
2297 2130 2464 2192 atque
2492 2121 2660 2175 miser
2686 2122 2901 2196 mugitu
2931 2122 3157 2177 amina
3188 2122 3471 2193 linquens.

2061 2216 2122 2270 Et
2151 2230 2287 2269 nece
2309 2221 2655 2285 spectantum
2688 2222 3054 2270 consternans
3084 2214 3250 2269 corda
3282 2214 3544 2269 virorum.

2057 2304 2287 2360 Tollitur
2304 2303 2655 2377 ingeminans
2680 2303 2890 2359 clamor
2913 2303 3144 2359 confusa
3164 2318 3403 2358 coronae.

2062 2394 2125 2448 Ut
2150 2394 2236 2449 leo
2267 2393 2551 2465 Sylvestcr
2581 2393 2761 2448 fidens
2791 2393 3079 2447 interritus
3107 2400 3269 2461 astat,

2061 2486 2171 2541 Nec
2194 2485 2368 2541 turba
2393 2493 2547 2540 curat
2574 2486 2862 2556 strepitus,
2897 2503 2999 2541 ucc
3030 2485 3230 2555 probra
3253 2484 3519 2555 pavescit,

2061 2579 2223 2633 Fixus
2244 2594 2406 2647 opem
2439 2578 2595 2632 ccelis
2619 2585 2731 2632 tota
2757 2577 2894 2648 quin
2924 2584 3110 2631 mente
3144 2582 3399 2647 precatur
3425 2593 3439 2640 ;

2060 2671 2195 2726 Tum
2220 2677 2376 2745 rogat
2406 2671 2707 2742 Augustum
2729 2669 2815 2723 vel
2848 2686 2971 2723 sera
2991 2670 3214 2723 silentia
3243 2670 3511 2733 mandet;

2062 2768 2189 2828 Qua:
2210 2779 2393 2829 voces,
2412 2762 2506 2817 ubi
2533 2762 2691 2830 jussa
2717 2769 2998 2833 premunt,
3017 2762 3237 2816 excelsa
3257 2760 3516 2817 sacerdos

2064 2851 2409 2917 Ascendens,
2434 2851 2503 2904 ad
2530 2867 2660 2905 vera
2691 2851 2796 2922 piis
2826 2850 3089 2921 populum
3121 2851 3283 2924 erigit
3307 2852 3479 2907 orsis:

2064 2947 2135 3002 Se
2158 2948 2281 3003 vitae,
2319 2953 2628 3014 auctorem,
2656 2944 2949 3001 Dominum
2973 2962 3031 2999 se
3062 2944 3205 3000 ferre
3231 2946 3424 3001 salutis

2066 3038 2304 3094 Auribus
2326 3037 2600 3104 Ausoniae,
2629 3038 2797 3093 caecis
2827 3037 2922 3110 qui
2951 3037 3180 3105 lumina,
3211 3038 3396 3093 surdis

2067 3130 2324 3186 Reddidit
2350 3130 2623 3195 auditum,
2665 3128 2833 3183 mutis
2863 3128 3120 3184 a'amina
3152 3130 3378 3203 linguis,

1993 3190 2044 3261 C
2070 3224 2292 3279 Dextras
2325 3222 2563 3277 restituit
2592 3223 2826 3289 mancis,
2859 3222 3093 3298 vestigia
3128 3222 3341 3277 claudis
3369 3239 3383 3287 ;

2070 3315 2165 3369 Hic
2190 3313 2359 3369 verbo
2401 3314 2606 3385 lepras,
2637 3315 2859 3370 morbos
2887 3315 2977 3369 hic
3007 3314 3223 3385 depulit
3251 3329 3471 3382 omnes,

2047 3404 2297 3471 .Rettulit
2317 3411 2371 3458 et
2394 3404 2582 3458 reduci
2606 3402 2865 3459 defuncta
2886 3402 3156 3459 cadavera
3179 3402 3287 3458 luci
3315 3420 3328 3456 :

2071 3497 2166 3551 Ille
2189 3497 2357 3551 Deum
2385 3494 2753 3551 seseindiciis
2784 3494 3044 3566 patefecit
3074 3494 3280 3565 apertis

2069 3593 2132 3647 At
2155 3590 2249 3664 qni
2280 3598 2457 3645 morte
2490 3590 2633 3656 ferit,
2665 3590 2831 3645 vitam
2864 3589 2973 3643 nisi
3005 3588 3239 3643 reddere
3270 3588 3463 3659 possit,

2067 3688 2367 3758 Supremus
2394 3700 2505 3741 non
2525 3684 2617 3739 ille
2638 3685 2807 3740 Deus:
2833 3683 3083 3739 fraudem
3112 3698 3237 3737 nam
3257 3681 3451 3737 mortis
3468 3684 3632 3739 amici

2070 3784 2342 3838 Dzemonis
2382 3782 2469 3836 hic
2495 3782 2738 3856 viguisse
2768 3781 2965 3852 liquet,
3002 3780 3055 3833 ni
3083 3788 3237 3851 rapta
3270 3778 3562 3848 rependat.

2070 3873 2279 3928 {Estuat
2302 3872 2565 3927 Abracius
2595 3871 2855 3941 cultuque
2897 3879 2951 3924 et
2975 3869 3140 3924 corde
3168 3868 3377 3923 recisus

2069 3966 2222 4020 Justa
2252 3980 2355 4019 nec
2384 3980 2515 4019 aure
2547 3963 2689 4019 valet
2721 3962 2959 4033 patiens,
2992 3977 3097 4017 nec
3125 3975 3342 4015 sumere
3384 3970 3595 4025 mente,

2072 4053 2316 4109 Postulat
2344 4059 2399 4107 ct
2427 4052 2635 4107 latrans
2664 4067 2979 4122 superasse,
3011 4048 3234 4104 silentia
3260 4048 3392 4119 poni

2073 4142 2422 4199 Colluctatori
2457 4141 2611 4209 belli,
2640 4157 2823 4213 neque
2846 4141 2975 4209 jura
3005 4138 3264 4211 relinqui.

2073 4235 2226 4290 Haud
2276 4234 2435 4289 Pater
2476 4233 2664 4305 [patet]
2716 4233 2771 4288 id
2819 4233 3071 4305 dignum,
3104 4231 3460 4302 priscumque
3516 4245 3710 4285 orasse

3289 4325 3637 4397 [prophetam

2078 4422 2223 4493 Papa
2250 4420 2437 4488 refert,
2472 4406 2762 4476 Dominum
2788 4421 3027 4491 vitzeque
3058 4419 3320 4490 necisque
3354 4428 3639 4489 potentem

2078 4516 2144 4570 Ut
2173 4516 2267 4587 qui
2299 4522 2474 4569 morte
2499 4524 2732 4585 premat,
2757 4514 2949 4569 abris
2968 4515 3059 4586 qui
3094 4521 3273 4569 motus
3300 4513 3499 4568 reddat

2083 4560 2144 4570 .
2175 4560 2267 4587 ...
2300 4560 2405 4569 ...
2425 4560 2473 4569 ,
2500 4560 2732 4585 ,,......-,
2758 4560 2948 4569 .._.,..-
2970 4560 3059 4586 ...
3096 4560 3273 4569 ...
3301 4560 3470 4568 .--

1991 4560 2055 4633 D
2081 4608 2373 4673 Percutiat,
2406 4616 2586 4673 sanet,
2617 4607 2835 4663 validus
2865 4608 3181 4663 moderator
3210 4606 3471 4677 utrinque

2077 4703 2234 4758 Unde
2268 4703 2503 4774 probum
2532 4718 2763 4773 superas
2796 4711 2921 4773 post
2951 4701 3143 4756 funera
3176 4699 3425 4756 conferat
3452 4715 3620 4754 auras

2077 4795 2268 4851 Omnia
2295 4796 2396 4850 rite
2418 4794 2523 4849 sibi
2547 4810 2657 4866 quo
2689 4794 2914 4849 credula
2942 4794 3109 4849 corda
3141 4801 3422 4864 parentur.

2078 4884 2255 4939 Instat
2279 4883 2348 4938 ad
2384 4884 2502 4938 haec
2532 4882 2730 4937 fallens
2759 4881 2914 4936 vafer
2941 4891 3108 4952 atque
3137 4880 3353 4935 silentis
3382 4880 3563 4951 poscit

2080 4975 2340 5030 Virtutem
2375 4982 2636 5044 repetens
2666 4972 2832 5043 pandi
2864 4971 3194 5026 solemnitcr
3232 4970 3385 5036 actis,

2080 5066 2386 5137 Spondenti
2419 5066 2583 5120 vitam
2612 5064 2881 5120 attonitus
2908 5064 3258 5133 demensque
3291 5067 3604 5137 repugnat;

2081 5159 2304 5232 Cogitur
2329 5169 2381 5213 at
2416 5159 2705 5213 Dominum
2740 5174 2929 5213 verum
2958 5172 3346 5227 summumque
3375 5154 3532 5211 fateri

2079 5252 2324 5308 Flamina
2341 5252 2433 5323 qui
2467 5251 2656 5306 functo
2689 5251 2912 5315 referat,
2936 5249 3164 5305 denotat
3190 5257 3246 5303 et
3265 5247 3425 5302 addit

2079 5346 2265 5417 Seque
2289 5359 2529 5415 suosque
2569 5342 2726 5415 sequi
2759 5343 2939 5398 cultus
2970 5340 3214 5416 insignia
3244 5337 3467 5406 Christi,

2078 5435 2133 5489 Si
2158 5434 2284 5491 data
2312 5433 2576 5505 Sylvestri
2598 5433 2759 5489 cedat
2791 5431 3066 5505 promissa
3094 5430 3319 5502 patrari.

2077 5523 2202 5579 Edit
2226 5540 2369 5596 papa
2398 5539 2613 5594 preces,
2646 5536 2758 5577 non
2790 5537 3073 5576 murmura
3103 5519 3270 5574 surda
3300 5533 3623 5584 susurrans,

2075 5614 2229 5670 Clara
2251 5614 2345 5669 sed
2375 5614 2565 5668 auditu
2597 5621 2922 5667 cunctorum
2956 5620 3082 5667 vota
3114 5609 3480 5681 profundens,

2073 5705 2248 5774 Atque
2281 5703 2460 5774 palam
2486 5702 2757 5756 Christum
2789 5707 3091 5766 auctorem,
3121 5699 3362 5770 vitaeque
3386 5699 3634 5754 datorem

2074 5797 2297 5850 lnvocat
2326 5795 2760 5866 a-thereumquc,
2793 5793 3023 5849 haustus
3056 5799 3340 5862 repetente
3359 5790 3603 5858 juvenco
