3902 6396
249 130 265 157 ο

168 365 277 420 757
802 361 886 417 DE
925 360 1184 416 CHRISTI
1222 359 1587 416 TRIUMPIIIS
1627 360 1800 416 APUD
1841 357 2106 413 lTALIAM
2146 355 2324 411 LIBRI
2361 354 2495 409 XIV.
2535 382 2606 395 —
2644 354 2772 409 LIB.
2814 354 2900 409 IX.
3417 355 3522 413 758

168 497 430 549 Aurarum
453 492 684 563 positos,
716 492 929 547 Numen
958 490 1316 546 monstrarier
1346 498 1518 561 Optat,
1822 494 1878 562 Α
1906 488 2034 554 Quae
2065 485 2356 558 patefacta,
2386 481 2521 539 viris
2545 483 2781 539 diversae
2794 483 2966 555 partis
2984 482 3245 557 utrinque

168 585 563 656 Accedensque
596 582 729 637 ferae
761 598 964 638 nomen
998 583 1302 653 proclamat
1332 584 1475 647 Iesu,
1908 582 2159 637 Consona
2180 577 2410 643 testatis,
2438 576 2632 651 regina
2647 590 2909 651 aggressa
2929 590 3230 648 capessens

169 673 403 729 Nomine
419 670 528 725 sub
560 671 722 741 cujus
752 676 1062 725 revocatum
1092 686 1323 745 surgere
1354 679 1567 726 taurum
1902 674 2068 745 Spem
2100 672 2344 727 divinam
2357 668 2577 736 animis,
2596 668 2888 725 scrobibus
2903 668 3136 725 rimatur
3154 676 3382 742 operta;

170 766 427 837 Imperat,
453 763 692 819 absolvit
714 762 949 834 laqueis,
991 770 1048 817 et
1077 778 1313 836 pergere
1338 763 1584 818 mandat.
1901 767 2012 822 Nec
2040 780 2193 821 mora
2225 766 2388 839 longa
2408 763 2564 837 operi
2598 779 2613 818 :
2644 761 2949 819 connivent
2974 766 3105 818 vota
3130 760 3310 819 labori
3338 778 3354 818 :

167 855 426 910 Protinus
455 852 723 908 exsilieus
754 851 993 923 stupida:
1024 851 1289 907 miracula
1329 851 1504 923 plebi,
1892 858 2090 914 Munus
2114 865 2170 913 et
2194 857 2461 918 ambitum
2494 855 2716 929 cupidis
2736 871 2796 910 se
2825 853 3044 909 visibus
3071 853 3231 911 oﬂ’ert
3257 870 3274 922 ;

166 944 431 1002 Laetitiam
457 945 640 1015 justis,
676 959 971 1000 maerorem
1002 944 1261 1015 importat
1292 943 1521 1015 iniquis,

1892 951 2057 1007 Tecta
2083 951 2178 1006 diu
2200 949 2387 1006 infidis
2414 964 2613 1005 arcana
2651 946 2914 1003 fidelibus
2932 944 3157 1004 adsunt.

166 1042 242 1096 Ac
270 1056 398 1095 sese
426 1037 692 1095 armentis
719 1037 942 1094 viduata
970 1037 1025 1092 in
1057 1053 1262 1109 pascua
1299 1037 1502 1095 reddit.
1894 1040 2102 1095 Gaudia
2125 1039 2224 1095 sed
2255 1038 2394 1095 lucri
2425 1037 2664 1095 obnubit
2690 1036 2947 1093 titubatio
2967 1036 3105 1093 certi
3132 1049 3148 1090 :

163 1134 422 1191 Vincenti
453 1140 726 1207 prostrata
756 1150 924 1189 ruens
949 1134 1185 1208 vestigia
1214 1134 1376 1190 turba
1896 1134 2056 1197 Dum,
2089 1132 2268 1187 tribus
2296 1131 2555 1197 inventis,
2580 1146 2705 1203 quae
2728 1145 2864 1201 crux
2884 1128 3094 1187 erectio
3116 1127 3246 1186 vitis

164 1233 284 1288 Mox
316 1232 549 1287 adversa
580 1230 721 1301 petit
751 1246 993 1301 poscens
1010 1230 1220 1285 victore
1246 1230 1508 1297 salutem,
1898 1224 2134 1280 Vivilicae
2165 1222 2382 1278 steterit
2411 1228 2568 1277 nutat
2596 1219 2869 1276 discussio
2894 1219 3032 1277 veri.

166 1325 411 1395 Ipsaque
441 1322 763 1396 regiparens
778 1320 969 1376 aulaeis
1001 1320 1221 1391 publica
1247 1322 1420 1392 raptis
1901 1319 2121 1375 Arbiter
2150 1327 2204 1373 at
2222 1334 2473 1372 summus
2502 1332 2662 1373 curas
2693 1329 3023 1386 componere
3048 1314 3280 1370 anhelas

165 1412 480 1488 Egreditur,
517 1409 847 1481 veniamque
870 1409 989 1464 dari
1017 1410 1125 1464 sibi
1151 1425 1327 1481 prona
1356 1416 1632 1481 precatur.
1902 1413 2238 1482 Disponens,
2272 1408 2520 1464 animum
2545 1408 2753 1484 reginae
2785 1407 3015 1463 numine
3044 1406 3222 1479 tangit
3280 1420 3283 1421 '

162 1507 277 1561 Nec
304 1505 489 1560 solum
510 1503 613 1558 bos
631 1503 802 1558 sentit
822 1518 1009 1574 opem,
1037 1503 1453 1578 pugnantiaque
1483 1519 1657 1558 arma.
1903 1506 2134 1562 Sidereo
2167 1523 2181 1559 :
2213 1503 2456 1560 functum
2482 1504 2574 1559 illa
2601 1517 2797 1558 recens
2821 1516 3104 1575 exsangue
3122 1499 3360 1557 cadaver

166 1596 454 1668 Sylvestro
484 1593 770 1661 vincente,
803 1601 1035 1663 crepant
1064 1592 1198 1664 quin
1227 1592 1453 1647 ﬂamina
1484 1592 1642 1665 nigra
1906 1600 2145 1669 Imperat
2169 1595 2386 1661 inferri,
2416 1596 2623 1651 donum
2654 1594 2860 1649 virtute
2891 1592 3134 1665 probari.

164 1686 447 1757 Linquere
480 1701 561 1750 se,
596 1690 789 1754 captos
809 1683 936 1737 ϐαξΙί
965 1698 1107 1754 quos
1134 1682 1309 1755 gratia
1333 1681 1516 1737 salvos
1854 1673 1863 1679 ’
1904 1690 2220 1745 Produntur
2249 1686 2449 1763 gelidis
2475 1686 2754 1758 torpentia
2780 1685 2997 1740 viscera
3012 1682 3173 1739 venis
3201 1700 3216 1749 ;

167 1776 394 1843 Reddit,
424 1784 482 1829 et
512 1773 768 1828 aethereis
788 1772 979 1843 plures
1007 1788 1163 1828 sacer
1192 1772 1367 1827 abluit
1397 1774 1583 1828 undis.
1826 1820 1878 1889 B
1906 1782 2263 1852 Admotagque
2292 1795 2487 1836 cruces
2521 1795 2535 1834 :
2568 1776 2812 1850 poenalia
2836 1776 2990 1852 ligna
3016 1775 3292 1832 latronum

168 1867 380 1889 n_-u_:.
420 1876 466 1889 _.
505 1874 731 1889 A__-..-_
764 1864 976 1889 nL_:-.-
1016 1866 1284 1889 Anu“-
1334 1866 1582 1889 --i.._._
1905 1873 1944 1889 ρ..
2142 1879 2174 1889 ν.
2204 1888 2243 1889 η
2738 1867 2932 1889 ..-1.---
2963 1867 3070 1889 με.-

167 1867 384 1923 Crescit
416 1876 471 1923 et
501 1874 731 1922 ornatur
764 1864 980 1920 Christo
1012 1866 1291 1936 desponsa
1328 1866 1589 1921 columba
1826 1864 1878 1889 υ
1905 1873 2268 1936 Temnuntur,
2304 1870 2512 1941 promit
2529 1868 2718 1925 vitalia
2738 1867 2939 1930 robora
2963 1867 3096 1933 vita,

167 1958 437 2028 Templis,
471 1956 818 2023 muneribus,
847 1956 1116 2027 cultuque
1133 1956 1351 2012 dicatur
1380 1971 1622 2023 amoeno,
1907 1965 2026 2020 Vita
2054 1962 2394 2037 resurgentis
2421 1962 2547 2017 vita;
2577 1961 2773 2017 arbore
2790 1959 2991 2034 gaudia
3029 1959 3295 2032 complet,

173 2052 408 2107 Exuitur
432 2050 619 2106 fractis
644 2050 815 2105 elisus
837 2049 1052 2106 viribus
1085 2048 1284 2114 hostis,
1907 2060 2008 2125 Qui
2034 2066 2379 2131 spectatores
2405 2056 2652 2113 redivivo
2673 2072 2903 2112 munere
2923 2071 3180 2127 pascens,

170 2147 393 2221 Egypti
423 2146 805 2222 primogenitis
833 2146 937 2201 sub
964 2152 1164 2200 tartara
1192 2145 1412 2210 mersis,

1909 2157 2063 2211 Inter
2091 2155 2359 2210 mirantes
2389 2169 2515 2208 sese
2537 2152 2770 2208 miratur
2797 2158 3042 2209 euntem.

171 2238 405 2293 Pellaeas
433 2237 581 2291 acies
613 2237 724 2291 imo
754 2251 977 2307 aequora
1005 2235 1221 2309 gurgite
1253 2235 1503 2302 volvunt,

1909 2250 1999 2304 Sic
2022 2248 2151 2304 divo
2183 2248 2431 2303 renitens
2451 2263 2582 2303 crux
2610 2243 2907 2302 clarificata
2947 2245 3174 2311 decore,

170 2326 549 2397 Victricesque
572 2323 771 2396 aquilae
798 2324 928 2379 Jesu
955 2323 1183 2379 ductore
1209 2324 1572 2395 triumphant,

1909 2338 2172 2393 Votorum
2193 2336 2501 2408 obsequiis,
2531 2335 2789 2407 claraque
2814 2332 3121 2389 assumitur
3148 2331 3294 2388 aula.

172 2420 359 2475 Sensit
389 2426 443 2473 et
474 2418 706 2473 internis
735 2434 992 2493 grassans
1031 2418 1340 2474 Maxentius
1367 2420 1557 2487 armis,
1907 2432 2034 2496 Qua;
2066 2430 2229 2486 cuuis
2254 2429 2420 2485 rutilo
2452 2427 2633 2484 radiat
2659 2426 3017 2499 taquearibus
3044 2441 3203 2483 auro.

174 2510 295 2576 Qui,
330 2516 554 2564 terrena
582 2517 769 2563 terens
796 2508 1237 2580 divinaquejura
1266 2510 1569 2577 lacessens,

1909 2521 2103 2575 Fertur
2130 2526 2184 2574 et
2212 2518 2279 2573 ad
2308 2534 2496 2590 regem
2529 2517 2761 2589 pretiosi
2784 2516 2966 2589 portio
2998 2515 3171 2591 ligni:

175 2601 276 2655 Par
305 2599 611 2654 Pharaonis
641 2599 849 2654 lethum
881 2598 1030 2653 subit
1064 2599 1350 2669 improbus
1374 2600 1564 2666 undis,

1906 2610 2051 2664 Crux
2091 2608 2199 2662 sibi
2228 2615 2341 2664 tota
2371 2623 2601 2662 manens
2618 2606 2728 2662 late
2758 2622 2859 2661 sua
2886 2605 3084 2661 robora
3104 2604 3332 2678 spargit,

182 2694 475 2747 lncurrcns
505 2689 717 2745 foveam
749 2706 935 2761 pugna
958 2689 1066 2743 sibi
1096 2689 1289 2744 fraude
1323 2698 1587 2760 paratam,
1907 2699 2116 2753 Damna
2139 2714 2242 2753 nec
2270 2696 2511 2752 admittit
2539 2695 2693 2771 largo
2722 2711 2847 2751 cum
2879 2694 3092 2766 repleat
3113 2692 3306 2750 orbem

178 2783 315 2835 Dum
348 2780 474 2852 pius
503 2779 786 2835 exsultans
812 2778 1136 2833 coelestibus
1150 2778 1351 2833 emicat
1375 2780 1564 2846 armis,

1907 2787 2156 2851 Munere,
2190 2796 2521 2858 perpetuum
2549 2786 2796 2841 retinens
2825 2783 2947 2838 sine
2975 2798 3130 2838 more
3156 2783 3426 2857 vigorem.

178 2873 275 2929 Cui
299 2873 456 2930 caelis
487 2872 765 2945 patefacta
790 2871 1181 2927 crucisvexilla
1210 2880 1525 2939 coruscant,
1913 2877 2083 2943 Queis
2111 2875 2303 2931 mundi
2338 2875 2577 2946 pretium
2609 2873 2799 2929 divina
2828 2872 3036 2928 talenta
3071 2870 3272 2927 librata

173 2964 266 3019 Cui
290 2962 565 3035 promissa
592 2961 979 3017 favetvictoria
1008 2976 1145 3017 voce
1171 2976 1435 3031 superna,
1915 2966 2207 3022 Clavorum
2239 2980 2305 3019 ex
2332 2963 2453 3019 acie
2481 2960 2685 3039 regalis
2722 2963 2967 3019 culmina
2997 2963 3145 3020 coni.

174 3057 268 3111 llis
296 3055 534 3131 genitrix
568 3054 797 3127 Augusti
830 3053 967 3109 acti‘s
983 3052 1218 3108 feliciter
1238 3061 1399 3108 aucta
1911 3054 2180 3110 Tutantur
2206 3053 2434 3124 compti,
2468 3052 2724 3124 frenique
2753 3060 3042 3108 sacrantur
3069 3052 3325 3120 habente,

176 3151 352 3221 Atque
375 3147 627 3202 animum
657 3144 871 3200 firmata
901 3144 1011 3199 lide
1040 3152 1332 3214 percenset
1364 3145 1527 3199 amici
1846 3167 1895 3237 ϐ
1916 3146 2006 3201 Vis
2035 3146 2194 3214 cujus
2224 3154 2495 3217 praestans
2515 3142 2755 3199 eﬂ'renas
2781 3141 2982 3199 difficit
3006 3141 3253 3211 umbras,

178 3237 435 3292 Tramitis
455 3237 524 3291 ad
556 3236 834 3306 Solymam
863 3251 963 3305 spe
990 3234 1320 3289 continuare
1352 3234 1623 3300 laborem,
1858 3232 1893 3237 γ
1917 3238 2071 3302 Quod
2104 3234 2234 3291 fidei
2267 3234 2497 3301 meritis,
2530 3234 2787 3305 princeps
2812 3232 3047 3301 Iustine,
3076 3232 3341 3304 probasti.

182 3330 581 3401 Exsultansque
612 3336 825 3382 sacrata
855 3328 950 3382 Dei
985 3327 1105 3383 loca
1132 3327 1381 3382 lambere
1412 3328 1633 3397 plantis.
1918 3326 2030 3381 Nec
2071 3341 2218 3380 mare
2250 3324 2544 3379 frustratur
2564 3330 2731 3378 tanta:
2760 3321 2982 3377 virtutis
3008 3322 3244 3390 honore,

180 3422 459 3494 Expurgat
486 3422 673 3476 scelus
703 3419 987 3475 undecimi
1020 3419 1190 3474 livore
1220 3429 1496 3491 patratum
1917 3420 2080 3490 Cujus
2100 3418 2274 3474 sedati
2312 3418 2536 3486 fluctus,
2555 3417 2832 3473 obstructa
2861 3432 3086 3493 vorago.

185 3514 435 3581 Caesaris,
454 3514 769 3569 emundaus
795 3513 1010 3583 spurcis
1036 3529 1189 3568 sacra
1213 3529 1339 3567 rura
1362 3514 1608 3581 sacellis,
1916 3513 2109 3568 Lintea
2140 3527 2264 3582 quae
2288 3517 2472 3565 texere
2502 3524 2722 3565 crucem
2751 3524 2933 3582 neque
2961 3525 3116 3566 cassa
3137 3507 3394 3567 residunt
3420 3526 3436 3575 ;

182 3604 475 3677 Religione
509 3604 599 3674 pia
620 3603 943 3674 sanctisque
970 3602 1235 3657 altaribus
1259 3618 1490 3659 ornans.
1920 3604 2135 3660 Robore
2157 3603 2294 3676 quin
2326 3611 2548 3672 sumpto
2568 3601 2816 3668 morbos,
2847 3608 2904 3656 et
2930 3600 3134 3677 frigora
3165 3601 3401 3673 pellunt,

185 3694 518 3750 Perventum
542 3695 841 3765 Solymam,
867 3710 990 3766 quae
1028 3695 1171 3749 lectu
1203 3703 1467 3766 coeperat,
1491 3696 1677 3752 haurit
1921 3696 2206 3750 Daemones
2236 3691 2487 3762 ejiciunt,
2519 3691 2680 3747 caecis
2705 3706 2805 3745 sua
2827 3690 3039 3746 lumina
3064 3690 3306 3746 reddunt
3330 3706 3345 3744 :

187 3783 546 3839 Perscrutans
570 3783 770 3850 oculis,
796 3785 1051 3857 interque
1074 3785 1315 3857 insignia
1347 3802 1530 3840 rerum
1925 3783 2091 3839 Mutis
2128 3798 2310 3839 sermo
2341 3783 2522 3848 datur,
2552 3779 2852 3854 paralytica
2866 3778 3117 3836 membra
3147 3780 3419 3837 levantur.

188 3876 460 3949 lndagare
491 3877 670 3931 crucis
693 3876 846 3931 cordi
875 3876 1033 3932 sedet
1070 3876 1274 3948 inclyta
1304 3877 1477 3952 ligna,
1927 3874 1987 3929 In
2016 3873 2215 3928 vexilla
2247 3873 2426 3929 crucis
2456 3871 2702 3927 labarum
2737 3868 3118 3926 transvertitur
3146 3868 3366 3945 ingens.

190 3963 356 4026 Queis
388 3963 626 4034 pretium
659 3963 841 4018 cuncti
878 3964 1040 4019 vitale
1072 3963 1413 4035 pependerat
1431 3963 1605 4030 orbis,
1926 3966 2224 4022 Praeficitur
2245 3965 2460 4033 cuneis,
2501 3963 2652 4020 acies
2671 3962 2906 4018 illustrat
2942 3961 3152 4017 honore

190 4054 328 4108 Dum
363 4054 452 4108 via
474 4054 629 4109 nulla
661 4062 830 4125 patet,
868 4071 979 4126 qua
1008 4062 1153 4110 tecta
1195 4056 1401 4111 talenta
1435 4063 1714 4128 petantur,
1926 4057 2547 4134 Signiferossociosque
2578 4054 2733 4131 tegit,
2769 4068 2873 4110 nec
2900 4053 3056 4110 clade
3084 4051 3301 4108 laborat

195 4145 395 4202 Accitis
420 4145 573 4201 varia
602 4146 706 4200 sub
730 4146 1049 4202 conditione
1077 4147 1375 4220 magistris,
1928 4151 2174 4216 Evector,
2215 4163 2317 4204 nec
2344 4147 2453 4202 tela
2474 4154 2685 4220 queunt
2714 4153 2987 4202 temerare
3010 4143 3302 4201 vehentem
3331 4159 3347 4210 ;

194 4234 471 4310 Golgotha
498 4235 757 4307 supplicii
783 4236 1104 4293 discrimina
1126 4253 1288 4293 nosse
1319 4237 1534 4294 laborat
1558 4257 1572 4305 ;
1930 4239 2213 4311 Linquens
2251 4236 2410 4310 signa
2435 4235 2603 4308 perit,
2643 4234 2868 4313 gerulus
2890 4230 3209 4292 servaturin
3238 4229 3445 4290 hostes.

1706 4391 1915 4448 CAPUT
1960 4390 2052 4447 IX.

1124 4516 1202 4575 De
1227 4516 1455 4593 synodo
1485 4535 1617 4594 qua:
1640 4517 1805 4595 facta
1834 4524 1917 4577 est
1944 4517 2054 4577 sub
2082 4524 2289 4577 sancto
2320 4513 2650 4592 Sylvestro.

200 4648 465 4719 Sylvestri
494 4649 729 4721 imperio
755 4658 977 4719 coeunt,
1009 4658 1066 4706 et
1092 4651 1303 4708 lumina
1332 4654 1519 4709 Patres
1846 4658 1906 4727 ι)
1928 4651 2156 4723 Templa
2184 4652 2362 4707 nitent
2385 4648 2627 4719 fabricis,
2646 4655 2932 4705 sacrantur
2951 4663 3182 4705 munera
3207 4648 3455 4722 templis,

199 4737 498 4795 Catholicae
516 4748 770 4813 retegunt
799 4742 951 4809 fidei,
986 4745 1369 4819 damnantque
1401 4747 1637 4803 rebelles
1669 4766 1683 4814 ;
1931 4746 2167 4821 Pignora
2206 4742 2493 4816 apostolici
2525 4741 2744 4798 decoris
2772 4740 2944 4798 multo
2970 4757 3079 4797 aere
3106 4748 3388 4817 teguntur.

201 4834 362 4889 Lucis
387 4841 442 4889 et
471 4835 728 4893 Ecclesiae
757 4839 1028 4895 tutissima
1058 4841 1256 4897 robora
1286 4844 1535 4901 condunt
1559 4863 1574 4912 ;
1934 4840 2138 4896 Emicat
2166 4836 2447 4911 Oppressis
2468 4837 2700 4893 victoria
2727 4838 2875 4892 clara
2903 4836 3148 4908 tyrannis
3186 4852 3202 4903 ;

204 4922 547 4981 Pontificalis
571 4943 710 4997 apex
738 4928 953 4995 colitur,
983 4930 1229 5002 clerique
1261 4940 1488 4989 senatus
1930 4932 2199 4988 Gentibus
2220 4930 2488 5006 effulgent
2524 4929 2790 5001 praecelsa
2818 4934 3024 5000 tropaea
3051 4928 3312 4995 subactis,

205 5011 449 5087 Legibus
488 5014 774 5072 instruitur
800 5032 817 5087 ;
849 5034 1130 5076 sacrorum
1144 5021 1270 5090 jura
1298 5022 1583 5092 feruntur;
1929 5024 2311 5096 Discussisque
2343 5022 2467 5096 pios
2494 5021 2738 5079 tenebris
2765 5021 2855 5077 lux
2885 5019 3013 5077 laeta
3038 5026 3309 5077 venustat.

1735 5158 1947 5214 CAPUT
1984 5159 2049 5215 Χ.

1423 5266 1503 5326 De
1533 5263 1849 5328 Gallicana
1876 5275 1931 5327 et
1961 5266 2341 5328 Gomtantia.

211 5392 364 5449 Tunc
403 5394 718 5450 Gallicanus
750 5412 878 5472 rege
908 5406 1126 5455 mactus
1155 5399 1363 5474 inclyto
1943 5405 2055 5461 Rex
2081 5410 2316 5460 aestuare
2348 5408 2537 5458 mente
2565 5400 2738 5473 coepit
2761 5399 2947 5467 anxia,

216 5480 541 5539 Victoriosis
568 5484 892 5542 sublevatus
923 5485 1139 5555 infulis,
1942 5498 2137 5553 Sciens
2175 5495 2364 5553 necari
2390 5510 2554 5568 posse
2592 5500 2799 5559 natam,
2822 5508 2988 5565 quam
3005 5493 3133 5551 teri.

219 5575 354 5629 Dum
377 5584 569 5651 gratus
595 5577 842 5651 Augusto
871 5587 1036 5651 atque
1061 5598 1221 5637 carus
1241 5584 1512 5651 cernitur,
1943 5586 2055 5641 lloc
2086 5586 2177 5640 illa
2216 5585 2400 5639 nitens
2426 5591 2612 5639 mente
2640 5582 2845 5639 vulnus
2868 5582 3045 5653 patria

219 5664 436 5722 Christo
466 5667 705 5721 dicatam
748 5668 869 5742 lege
898 5671 1041 5726 necti
1084 5682 1338 5743 perpete,
1939 5682 2221 5746 Avertere,
2244 5677 2508 5735 inﬁttunc
2540 5694 2554 5732 :
2588 5701 2614 5725 ιι
2646 5675 2956 5752 lugendam
2985 5676 3219 5749 perhibe

218 5758 330 5814 Sibi
358 5760 611 5835 jugalem
647 5762 887 5831 postulat
924 5763 1314 5823 Constantiam.
1943 5774 2026 5830 Me
2058 5774 2357 5841 Gallicano,
2390 5772 2519 5828 dum
2551 5772 2785 5843 Scythas
2811 5769 3059 5827 evicerit.
