3902 6400
398 339 506 396 759
1144 342 1515 400 FLODOARDI
1555 345 1862 403 CANONICI
1906 351 2238 408 REMENSIS
2277 354 2617 410 Ol’USCUl.A
2662 355 2970 411 METlilCA.

399 465 519 522 Mox
549 467 743 522 consul
772 473 830 523 ut
857 483 1144 543 generque
1177 468 1271 525 ﬁat
1300 472 1502 545 regius.
1537 496 1562 519 ιι

397 561 584 615 Arrhae
614 559 867 616 feruntur
896 561 1042 617 inter
1065 564 1180 619 haec
1200 564 1554 632 altrinsecus,

398 651 615 706 Fratres
650 651 900 706 Joannes
927 658 1095 722 atque
1136 652 1337 708 Paulus
1366 654 1597 727 virginis

397 740 566 795 Celsa:
595 740 847 815 magistri
875 740 1146 797 castitatis
1177 742 1464 813 praesules,

398 829 709 902 Ambasque
736 830 890 903 virgo
920 830 1185 887 Gallicani
1216 829 1362 887 ﬁlios
1526 902 1533 905 _

398 924 515 982 Sibi
547 933 787 981 retentat
814 926 1047 982 Atticam
1072 935 1239 1001 atque
1255 930 1531 985 Arteniain

399 1015 543 1081 Quas
566 1030 663 1070 ore
693 1015 836 1070 votis
865 1016 984 1088 ipsa
1008 1017 1225 1074 Christo
1254 1018 1492 1075 dedicat.

397 1105 604 1161 Procus
631 1104 869 1160 subinde
894 1104 1115 1161 clausus
1137 1106 1276 1163 urbe
1296 1107 1540 1164 Thraciae

398 1194 589 1251 Gentis
624 1195 951 1268 Scytharum
975 1196 1181 1255 inferre
1212 1216 1389 1270 pauca
1419 1201 1550 1257 dum
1579 1210 1740 1274 pavet

398 1287 811 1345 Formidolosus
834 1289 995 1363 signa
1013 1290 1378 1357 multitudini,

397 1380 627 1435 Acervat
657 1378 768 1434 aris
788 1396 945 1437 sacra
976 1380 1317 1438 Martialibus
1348 1401 1363 1449 ;

396 1471 660 1527 Increscit
675 1472 872 1540 hostis,
894 1472 1245 1530 invalescunt
1274 1475 1471 1543 tristia,

396 1567 677 1640 Linquunt
706 1567 948 1635 Quirites
974 1570 1155 1645 signa,
1186 1572 1393 1628 cedunt
1419 1573 1689 1642 barbaris,

395 1657 659 1729 Princeps
689 1660 944 1717 volutans
967 1661 1208 1716 exeundi
1249 1663 1489 1734 cepiam,

392 1748 618 1805 Portum
646 1748 843 1807 salutis
868 1752 1104 1822 satrapis
1141 1751 1489 1819 Constantias,

394 1840 564 1896 Paulo
593 1856 659 1896 ac
685 1842 899 1898 Joanne
929 1841 1184 1921 percipit,
1206 1852 1392 1900 votum
1415 1846 1525 1901 Deo

395 1934 622 1989 Summo
653 1932 910 2005 polorum
934 1934 1027 2006 qui
1055 1937 1571 2002 monentenuntiet,

394 2020 610 2077 Christo
641 2029 700 2077 ut
728 2021 947 2078 dicetur
975 2030 1166 2080 erutus
1191 2024 1522 2093 discrimini,

394 2110 627 2183 Fietque
656 2112 833 2168 victor
851 2130 1017 2185 quam
1052 2114 1246 2170 fuisset
1276 2115 1503 2171 clarior.

394 2200 657 2256 Voventis
675 2217 773 2257 ore
804 2202 952 2275 quod
986 2202 1281 2274 probatum
1309 2214 1367 2258 ut
1389 2213 1672 2277 personat,

392 2289 623 2345 Juvenis
652 2296 797 2345 statu
827 2291 1047 2347 videtur
1075 2309 1205 2348 ecce
1238 2295 1576 2364 praeminens

396 2378 635 2436 numero
664 2380 847 2436 crucis
878 2381 1077 2437 vexilla
1108 2390 1399 2455 promptus
1426 2384 1693 2456 ingerens
1726 2404 1739 2440 :

399 2493 425 2523 α
468 2470 775 2530 Sectare'et
805 2472 1024 2547 (inquit)
1059 2491 1148 2530 me
1178 2491 1441 2532 mucrone
1470 2478 1738 2548 praeditus
1773 2477 1785 2531 ε
1823 2502 1846 2525 η

396 2562 570 2626 Quem
606 2578 732 2619 mox
762 2571 989 2619 secutus
1014 2564 1311 2621 bellicosos
1332 2581 1404 2620 en
1432 2566 1586 2622 videt

396 2656 554 2712 Viros
572 2657 833 2729 utrinque
860 2665 1200 2729 praeparatos
1228 2658 1440 2730 prazlio,

396 2745 468 2800 Se
503 2744 826 2802 roborantes
857 2753 1025 2818 atque
1055 2746 1368 2818 pnebentes
1383 2763 1546 2820 Opem

397 2839 609 2896 Subeat
625 2840 889 2909 jubentes
916 2848 1095 2896 castra
1124 2848 1273 2899 tutus
1292 2842 1525 2910 hostica,

399 2928 598 2984 Ensem
638 2936 905 2985 retectum
935 2930 1065 2987 hinc
1096 2930 1226 2986 inde
1246 2948 1479 2989 securus
1502 2933 1703 3003 vibret,

397 3022 535 3077 Dum
563 3022 713 3098 regis
738 3022 808 3077 ad
833 3030 1047 3079 secreta
1073 3024 1293 3081 scandit
1312 3025 1556 3083 barbari.

398 3113 611 3180 Quibus
640 3114 732 3170 ille
765 3114 897 3171 visis
927 3131 1136 3187 pronus
1171 3117 1243 3172 ad
1274 3118 1505 3193 vestigia
1648 3110 1653 3115 ’

395 3206 514 3262 Jam
547 3206 836 3275 Gallicani,
861 3214 987 3264 vota
1015 3208 1280 3278 fundens,
1306 3211 1590 3266 sternitur.

398 3300 575 3357 Vitam
608 3302 853 3379 petendo
883 3319 1011 3360 cum
1036 3320 1263 3361 suorum
1294 3307 1590 3380 sanguine,

403 3393 499 3449 llis
520 3393 852 3466 impetratis,
884 3395 1108 3451 deditur
1134 3412 1260 3453 cum
1290 3396 1488 3453 liberis
1517 3416 1530 3453 :

399 3483 632 3540 Posthac
650 3483 855 3540 tributa
882 3499 943 3539 se
965 3483 1191 3542 daturos
1218 3495 1496 3555 asserunt,

402 3575 583 3632 Paetis
614 3583 671 3633 et
699 3576 856 3632 hoste
883 3576 1187 3634 liberantur
1213 3576 1478 3635 Thraciae.

405 3664 544 3721 Hinc
564 3664 678 3734 jam
701 3665 908 3721 tribuni
933 3667 1246 3741 redditique
1280 3669 1488 3724 milites

403 3753 601 3811 Christi
632 3764 897 3827 parantur
927 3756 1169 3812 militare
1189 3759 1418 3813 muniis.

404 3842 671 3916 Princeps
697 3852 963 3913 sacratur,
992 3847 1203 3919 nuptiis
1224 3848 1530 3904 abstemius

407 3936 636 3993 Vovcns
663 3954 913 4005 manere,
953 3940 1035 3995 sic
1064 3941 1432 4012 triumphator
1471 3942 1637 4024 redit1

406 4029 517 4085 Nec
544 4036 672 4085 ante
704 4030 933 4085 Romam
958 4033 1352 4100 proveheudus
1396 4033 1608 4101 introit,

405 4122 626 4178 Sacrata
653 4122 815 4178 Petro
835 4121 1086 4195 dirigens
1114 4124 1182 4180 ad
1214 4124 1431 4191 limina,

407 4213 600 4268 Grates
628 4211 805 4268 datori
835 4228 1001 4284 quam
1034 4213 1154 4269 litet
1181 4210 1447 4271 victoriae.

409 4286 686 4376 Augustus
716 4301 845 4358 huic
870 4318 996 4357 cum
1019 4303 1172 4374 prole
1211 4303 1390 4360 factus
1420 4306 1637 4362 obvius‘

411 4392 475 4446 Ut
504 4391 670 4448 rescit
706 4398 849 4458 acta,
881 4391 1055 4465 cingit
1084 4392 1229 4447 hunc
1267 4394 1618 4466 amplexibus

410 4480 560 4536 leo
587 4479 800 4535 dicatas
830 4479 1162 4553 nuutiatque
1195 4480 1352 4537 tilias.

410 4574 602 4629 Aulam
629 4572 843 4646 petenti
875 4589 1007 4649 rege
1033 4572 1171 4631 fulto
1203 4575 1442 4647 principi

412 4669 623 4744 Regina
651 4676 842 4723 sancta
874 4678 1041 4740 nepte
1068 4670 1195 4725 nixa
1223 4670 1398 4727 nobili

411 4759 655 4816 Occurrit
677 4760 821 4829 ejus,
856 4758 1197 4831 exhibetque
1223 4759 1458 4832 pignora

410 4850 691 4922 Lacrymis
727 4848 917 4921 opima
934 4849 1266 4920 proluuntur
1289 4852 1509 4925 gaudia.

412 4938 661 4994 Privatus
691 4938 787 4994 ille
806 4937 975 5009 gestit
1002 4937 1082 4994 ire
1096 4936 1361 5004 fascibus,

415 5032 585 5088 Celsis
611 5031 920 5088 vocationis
948 5046 1135 5086 arcem
1160 5031 1481 5103 praeferens.

412 5124 660 5200 Rogatur
686 5133 868 5181 autem
900 5124 1095 5182 consul
1123 5125 1251 5181 aula
1290 5125 1524 5196 prodeat
1556 5144 1570 5191 ;

2048 483 2095 551 Α
2127 480 2361 537 Sumens
2391 482 2654 552 honores,
2681 483 2932 555 quinque
2962 485 3127 540 solvit
3149 487 3321 541 millia

2125 572 2447 637 Vernarum,
2481 574 2717 628 habenis
2744 575 3028 630 servitutis
3050 576 3317 631 eximens.

2124 664 2269 729 Quos
2289 665 2428 720 ditat
2457 666 2602 720 arvis
2628 676 2795 738 atque
2811 666 2984 721 cessis
3010 667 3227 723 aedibus
3252 686 3267 735 ;

2126 752 2446 826 Censusque
2478 763 2679 826 praeter
2718 755 2956 811 filiarum
2993 757 3219 827 proprio

2130 846 2263 901 Foro
2295 848 2557 903 subactos
2586 849 2797 923 spargit
2818 849 3203 922 indigentibus
3234 869 3249 917 ;

2126 937 2434 1009 Comesque
2462 948 2655 995 sancto
2686 939 2860 996 factus
2893 941 3139 998 Hilarino
3176 942 3329 998 subit

2126 1032 2353 1091 Virtutis
2383 1034 2777 1101 alta,serviens
2799 1037 3096 1111 egentibus
3125 1056 3139 1105 ;

2125 1127 2325 1182 Domos
2348 1127 2629 1201 benignus
2659 1130 2964 1200 hospitales
2990 1132 3240 1203 ampliat,

2124 1221 2271 1277 Socii
2300 1221 2581 1276 cohaerent
2619 1222 2713 1294 qui
2738 1222 2892 1279 fuere
2922 1223 3149 1281 servuli.

2124 1316 2391 1391 Vulgatur
2427 1319 2564 1374 orbe
2594 1319 2737 1374 fama
2777 1329 2890 1376 toto
2922 1322 3191 1394 prodiga:

2126 1409 2541 1465 Ardentvidere
2564 1413 2984 1482 praeminentem
3012 1415 3299 1471 consulem

2130 1499 2304 1554 Pedes
2327 1500 2635 1554 ministrum
2670 1502 2975 1557 diluentem
3011 1520 3344 1576 pauperum.

2026 1654 2044 1668 κ
2128 1588 2384 1643 Hostcnsi
2417 1590 2470 1643 in
2503 1590 2643 1644 urbe
2681 1591 2886 1660 templa
2913 1591 3125 1648 Christo
3164 1592 3460 1659 construit,

2130 1676 2191 1731 Et
2218 1675 2557 1732 excubantes
2582 1678 2675 1734 hic
2702 1679 2987 1735 ministros
3017 1681 3276 1746 destinat,

2128 1764 2317 1820 Levita
2336 1782 2572 1838 magnus
2609 1767 2759 1822 visus
2782 1768 2910 1823 huic
2938 1770 3286 1837 Laurentius,

2131 1809 2317 1820 πη...
2338 1809 2572 1838 .....,,......
2621 1809 2759 1822 ...μω
2782 1809 2910 1823 .......
2938 1809 3173 1826 “ama...

2046 1809 2096 1877 Β
2128 1855 2384 1910 Hortatur
2411 1855 2533 1923 ejus
2565 1857 2694 1912 edat
2723 1858 2898 1913 aedem
2931 1860 3173 1915 cultibus

2127 1947 2226 2012 Qui
2252 1948 2406 2017 jussa
2434 1950 2725 2020 suppleas,
2756 1958 3041 2024 nuncupat
3070 1952 3437 2009 Laurentiam.

2129 2040 2396 2096 Praestare
2428 2043 2625 2113 praesul
2659 2043 2807 2097 haud
2837 2044 2983 2099 favet
3015 2046 3379 2118 rogantibus;

2123 2134 2188 2186 At
2218 2133 2314 2205 qui
2348 2134 2587 2190 nitescat
2620 2136 2726 2191 hoc
2748 2136 2947 2192 decore
2979 2138 3190 2213 deligit.

2125 2226 2316 2281 Vicem
2352 2229 2612 2298 rependit
2642 2230 2973 2286 distributor
3001 2249 3293 2289 munerum

2127 2314 2477 2388 Tantumque
2507 2317 2726 2373 confert
2754 2319 3019 2375 claritatis
3033 2322 3264 2396 gloriam

2130 2405 2246 2469 Quo
2266 2405 2507 2476 spiritali
2530 2408 2748 2479 praediti
2776 2412 3020 2465 vers-utin

2132 2494 2489 2564 Mundentur,
2523 2497 2645 2565 ejus
2670 2507 2731 2554 ut
2770 2498 3026 2555 feruntur
3060 2502 3288 2559 visibus.

2129 2581 2324 2656 Magna
2355 2599 2489 2658 ergo
2516 2583 2685 2641 fultus
2711 2587 3008 2643 sanitatum
3039 2591 3214 2664 gratia

2130 2675 2403 2745 Splendet
2425 2676 2651 2733 micanti
2681 2681 2989 2737 sanctitatis
3024 2684 3206 2754 copia.

2134 2770 2269 2826 Ilinc
2297 2771 2553 2828 Julianus
2584 2776 2760 2830 hostis
2791 2776 3148 2845 innocentiae,

2134 2861 2196 2916 Ut
2224 2878 2281 2917 re
2310 2863 2518 2933 potitus
2539 2865 2788 2921 elevatur
2816 2869 3060 2939 publica,

2131 2954 2547 3010 Arctatstatutis
2566 2957 2906 3014 chriszianos
2930 2960 3183 3016 subdolis

2132 3043 2207 3097 Ne
2240 3044 2600 3114 possiderent
2621 3045 2939 3121 indigentes
2952 3049 3243 3121 quippiam
3279 3069 3291 3104 :

2070 3193 2092 3212 Ἰ
2131 3133 2269 3188 Tum
2300 3135 2562 3190 Gallicani
2590 3144 2756 3206 tecta,
2787 3140 2952 3210 queis
2978 3140 3260 3214 egentium

2045 3195 2095 3259 Ο
2135 3224 2300 3280 Levat
2328 3225 2570 3294 labores,
2596 3228 2642 3281 si
2660 3195 3045 3304 quisingredia
3066 3232 3226 3302 petit,

2133 3316 2343 3374 Titulos
2373 3318 2605 3374 daturus
2631 3321 2935 3391 pensiones
2967 3331 3063 3378 aut
3092 3339 3284 3398 agens.

2135 3413 2321 3468 Ultore
2343 3421 2539 3485 captus
2569 3414 2884 3472 lancinatur
2913 3415 3166 3474 daemone
3200 3436 3215 3485 ;

2137 3504 2367 3559 Exactor
2394 3514 2551 3559 actus
2582 3507 2829 3577 utleprae
2858 3508 3232 3578 spurcamine.

2137 3595 2421 3665 Responsa
2459 3597 2704 3667 produnt
2735 3598 2823 3652 his
2854 3600 3030 3673 rogati
3051 3601 3287 3671 spiritus

2129 3687 2333 3743 Rerum
2353 3688 2503 3759 quod
2531 3690 2653 3757 ejus
2682 3698 3048 3761 occupatores
3072 3709 3137 3747 ea

2131 3778 2313 3834 Vitare
2342 3780 2555 3850 possint
2595 3781 2742 3836 haud
2769 3798 2931 3837 secus
2958 3785 3226 3855 pericula,

2133 3870 2195 3924 Ni
2220 3870 2533 3927 Gallicanus
2563 3872 2670 3927 diis
2709 3884 2834 3949 agat
2863 3876 3135 3943 litamina,

2138 3961 2398 4014 Sanctum
2422 3960 2520 4014 sed
2548 3960 2719 4016 audet
2745 3963 2897 4028 inde,
2941 3980 3106 4020 nemo
3136 3965 3267 4020 dum
3308 3967 3488 4023 virum

2141 4052 2402 4118 Tentare,
2433 4052 2589 4110 dirus
2614 4056 2812 4124 przesul
2838 4057 2980 4111 aula;
3011 4058 3273 4124 destinat,

2144 4147 2396 4203 Mandata
2427 4148 2619 4221 legans
2644 4158 2704 4205 ut
2734 4151 2853 4206 deis
2893 4152 3031 4207 ferat
3059 4169 3215 4208 sacra

2146 4237 2381 4294 Latiisve
2412 4240 2591 4306 cedat,
2622 4248 2715 4295 aut
2738 4248 2982 4297 remotus
3008 4243 3231 4310 ﬁnibus,

2142 4330 2326 4385 Rebus
2358 4332 2581 4386 relictis.
2612 4333 2708 4387 llle
2741 4334 3031 4389 Alexandri
3064 4337 3202 4407 petit

2140 4422 2366 4479 Exertus
2392 4424 2607 4491 urbem,
2636 4441 2809 4498 seque
2830 4427 3245 4483 confcssoribus

2141 4468 2366 4479 ....ν,...υ
2395 4468 2607 4491 υ..,ν...,
2637 4468 2807 4498 “qua
2832 4468 3245 4483 w........,...,....

2058 4468 2111 4535 υ
2143 4510 2340 4568 Christi
2368 4529 2467 4584 per
2503 4514 2635 4569 anni
2658 4515 2844 4589 jungit
2872 4515 3016 4571 ultro
3043 4517 3311 4573 circulum
3338 4539 3352 4571 :

2144 4604 2366 4658 Deserta
2395 4605 2600 4660 deinde
2624 4606 2750 4675 jure
2771 4608 2987 4663 scandit
3025 4609 3199 4665 arduo
3226 4628 3238 4664 :

2146 4691 2262 4746 Huc
2292 4709 2470 4747 saevus
2499 4693 2675 4749 hostis
2705 4694 2989 4751 insecutus
3016 4698 3254 4770 principi

2142 4783 2310 4839 Jubet
2338 4784 2502 4840 beato
2544 4785 2705 4840 thura
2732 4794 2911 4842 sacret
2944 4788 3153 4860 impiis,

2141 4878 2534 4943 Quisuasionis
2566 4887 2808 4952 temptor
2827 4898 3017 4937 ensem
3048 4884 3270 4941 subdita

2140 4969 2363 5026 Cervice
2394 4988 2622 5027 sumens
2655 4973 2814 5029 laetus
2847 4983 2992 5030 astra
3024 4978 3308 5048 competit.

2142 5057 2375 5114 Locatur
2405 5060 2524 5127 ejus
2543 5060 2683 5115 aedis
2714 5062 2860 5117 alma
2886 5064 3123 5130 nomini,

2140 5147 2258 5212 Qua
2281 5148 2427 5204 dona
2453 5148 2647 5205 Christi
2682 5150 2894 5207 honore
2926 5151 3143 5225 fulgent
3172 5155 3449 5226 martyris.

1933 5304 2141 5360 CAPUT
2186 5305 2274 5361 XI.

1468 5426 1543 5485 De
1569 5425 1800 5486 sanctis
1827 5427 2201 5502 martyribus
2226 5425 2462 5488 Joanne
2493 5434 2546 5487 et
2576 5427 2791 5488 Paulo.

423 5563 596 5634 Hujus
625 5563 871 5638 magistri
899 5565 967 5621 ad
989 5576 1115 5624 vota
1142 5569 1335 5625 fratres
1356 5568 1547 5641 inclyti

423 5655 621 5711 Christi
644 5655 889 5710 Joannes
918 5664 1081 5730 atqiie
1114 5661 1315 5717 Paulus
1356 5677 1651 5733 pauperes,

422 5748 636 5823 Opibus
666 5746 1112 5825 relictisvirginis
1140 5751 1473 5809 Constantiaa

2154 5575 2289 5628 Dum
2321 5574 2656 5631 christianos
2670 5575 2975 5630 recreando
2999 5577 3308 5647 perfovent,

2151 5667 2343 5721 Fertur
2368 5675 2601 5737 tyranno
2632 5686 2647 5733 ;
2677 5666 2898 5722 lenibus
2929 5683 3072 5739 quos
3100 5670 3363 5725 convenit

2148 5758 2341 5812 Actare
2371 5759 2558 5815 verbis
2596 5760 2843 5815 haereant
2871 5773 3072 5829 rogans
3101 5760 3205 5815 sibi
3236 5780 3253 5821 .-

3636 365 3756 420 ~7b0
