3902 6400
191 370 288 425 761
821 372 905 427 DE
948 374 1209 433 CHRISTI
1250 380 1611 436 THIUMPHIS
1654 382 1826 437 APUD
1868 386 2131 444 ITALIAM
2178 393 2351 448 LIIlRl
2392 394 2520 449 XIV.
2566 428 2625 435 -—
2673 399 2797 454 LIB.
2842 400 2929 455 IX.

188 537 219 563 α
263 516 569 589 Iniquitatis
585 517 895 592 (inquiunt)
923 538 1085 577 causa
1115 529 1219 579 tum
1616 518 1625 521 ⁷
1843 516 1893 585 Α
1922 518 2025 572 Aut
2052 520 2344 577 obstinatis
2364 524 2503 579 colla
2525 541 2715 581 mucro
2747 533 3011 597 transeat,

189 604 588 662 Communione
622 608 864 679 publicae
894 611 974 665 rei
1005 611 1291 669 absumus.
1921 606 1996 659 ΝΟ
2028 625 2158 683 rege
2190 611 2341 686 digni
2368 615 2461 685 qui
2494 617 2682 671 mllt‘ili
2713 619 2863 691 regia

188 695 311 750 Jam
351 701 402 749 ιθ
427 698 725 753 salutatum
758 699 838 754 ire
867 715 981 755 non
1011 701 1285 757 exibimus
1922 695 2235 771 Vulgarium
2269 701 2553 757 czedantur
2580 704 2683 757 acti
2706 706 3009 765 obtutibus.

187 790 325 845 Nam
359 790 552 847 Christi
584 794 797 849 alumni
829 796 1057 852 veritate
1088 798 1362 873 degimus.
1930 809 1954 838 α
1996 790 2259 847 Dominus
2290 800 2412 848 111115
2438 794 2483 849 δῖ
2509 796 2760 851 ³ι¹¹ίτιι¹υε
2790 798 3106 870 (inquiunt)-

183 909 260 919 —
291 878 764 937 Considerandum
788 889 892 950 est,
923 884 1007 939 his
1049 886 1213 942 refert
1235 895 1501 959 apostata,

1924 878 2131 935 Habeto
2160 884 2351 951 pa’cem
2378 884 2490 952 jam
2521 892 2611 940 tuo
2644 902 2769 940 cum
2804 888 3050 959 principe

184 970 325 1025 Aula
354 972 595 1028 nutritus
612 974 743 1046 regi
764 976 961 1031 adesse
995 978 1147 1053 regia
1924 969 2095 1025 Nobis
2113 977 2165 1025 et
2196 970 2335 1025 alius
2368 988 2477 1027 non
2506 974 2631 1037 erit,
2663 974 2821 1029 Pater
2848 976 2977 1042 nisi,

182 1061 400 1118 Debere
431 1064 664 1134 primOS,
707 1076 767 1122 ιιι
796 1067 972 1123 colam
1004 1070 1213 1141 palatii,
1923 1065 2201 1138 Natusque
2230 1068 2402 1133 solus,
2437 1077 2658 1124 sanctus
2688 1078 2852 1142 atque
2882 1072 3137 1143 Spiritus.
3185 1095 3206 1125 1

185 1153 520 1210 Contemnar
548 1165 767 1213 autem;
795 1175 983 1231 quaero
1001 1176 1071 1216 ne
1104 1163 1275 1218 temni
1303 1180 1524 1236 queam,
1572 1190 1597 1213 »ι
1925 1158 1973 1211 IS
2000 1155 2163 1229 quem
2193 1160 2511 1215 renuntiare
2534 1178 2641 1215 non
2676 1171 2761 1217 est
2791 1163 3030 1231 territus,

183 1242 437 1299 Fratres:
485 1270 509 1293 α
550 1247 667 1302 Tibi
691 1249 833 1305 hanc
855 1250 1095 1307 feramus
1122 1254 1269 1309 haud
1289 1255 1565 1327 injuriam,
1923 1249 2058 1305 Huic
2088 1256 2142 1305 et
2172 1251 2266 1306 Dei
2295 1252 2573 1323 proiectus
2605 1270 2634 1307 ξι
2656 1255 3045 1325 conspectibus

180 1332 498 1389 Mortaliurn
520 1352 687 1407 quem
721 1339 1082 1409 praeferamus
1112 1350 1171 1397 ut
1193 1343 1321 1411 tibi;
1921 1344 2255 1400 Cerditionis
2284 1354 2387 1401 stat
2419 1364 2608 1419 parare
2640 1350 2960 1421 complices,

181 1420 341 1488 Caeli,
372 1439 436 1479 ac
465 1426 588 1493 sali,
623 1427 836 1482 telluris
861 1436 1028 1502 atque
1069 1433 1385 1502 praesulem,
1920 1437 2126 1492 Suasor
2153 1440 2261 1494 alto
2293 1440 2605 1509 procubans
2635 1443 2936 1497 certamine

177 1510 284 1576 Qui
306 1511 438 1567 fecit
466 1530 699 1585 usquam
717 1516 989 1590 quidquid
1020 1527 1102 1575 est
1131 1523 1527 1593 praaponimus.
1922 1530 2144 1599 Aperire
2179 1538 2376 1585 terram
2409 1532 2582 1600 saevit,
2624 1542 2679 1588 et
2703 1534 3054 1590 venientibus

180 1602 549 1678 Hominisque
583 1610 904 1680 temporalis
936 1611 1065 1667 inde
1083 1613 1314 1686 gloriam
1920 1620 2084 1676 Ferus
2113 1623 2370 1693 sepulcra
2402 1625 2651 1694 providet
2686 1625 3014 1692 domestica,
3082 1668 3090 1674 .

178 1695 466 1768 Fugimus,
499 1700 729 1770 superni
762 1703 908 1774 regis
936 1703 1029 1757 ira:
1052 1706 1268 1776 providi
1916 1712 2037 1768 Mox
2070 1722 2123 1769 et
2152 1716 2375 1770 resectis
2394 1718 2536 1771 colla
2558 1718 2863 1789 submergit
2884 1721 3078 1774 scrobe

173 1785 446 1859 Teneque
475 1788 619 1843 scire
652 1806 754 1844 nec
776 1792 1010 1847 salutatu
1042 1801 1136 1849 tuo
1628 1792 1657 1821 ⁸
1838 1863 1882 1878 η
1916 1804 2157 1876 Vulgans
2182 1806 2415 1874 jubente
2442 1808 2587 1878 quod
2621 1809 2873 1863 exulares
2896 1810 3124 1864 Czesare.

178 1880 398 1937 Cultum
424 1900 527 1939 nos
551 1884 706 1940 adire
730 1885 845 1954 jam
873 1888 1098 1958 palatia.
1837 1863 1885 1929 Β
1910 1863 2077 1957 Qnain
2114 1863 2238 1963 post
2266 1863 2563 1966 procellam
2587 1896 2698 1964 jam
2732 1914 2931 1952 sereno
2964 1898 3177 1953 reddito

174 2003 249 2012 —
269 1973 467 2030 Decem
500 1978 807 2045 (tyrannus)
835 1995 931 2033 vos
962 1979 1163 2035 diebus
1192 1982 1361 2036 edere
1910 1988 2089 2041 MlliI'cD
2116 1990 2344 2046 subacto
2366 1990 2599 2045 vindicis
2630 1998 2807 2063 strage
2839 1992 3031 2064 impio,

172 2060 434 2119 Concedo
467 2072 709 2120 mentem
738 2068 1015 2122 cautionis
1047 2071 1286 2137 tramite,
1906 2082 2230 2137 Sanctorum
2262 2101 2499 2157 agonem
2526 2084 2853 2141 confitentes
2884 2086 3165 2141 dmmones

172 2153 483 2209 Sodalitate
513 2162 570 2210 ut
598 2166 796 2226 sponte
826 2166 1012 2214 nostra
1040 2161 1295 2228 utamini,
1906 2170 2166 2225 Possessa
2197 2153 2336 2226 tacto
2368 2189 2498 2227 vasa
2519 2173 2777 2244 iinquunt
2805 2174 3013 2228 limine.

172 2244 280 2299 Aut
309 2246 566 2316 publicos
591 2248 842 2319 plcctens
867 2260 926 2306 ut
952 2252 1140 2308 hostes
1172 2254 1364 2325 punio.
1397 2278 1420 2303 ι·
1902 2264 2214 2320 Terentiani
2247 2268 2353 2321 huc
2380 2275 2499 2322 acta
2527 2268 2710 2338 proles
2737 2268 2957 2323 ﬂamine

176 2333 334 2389 Viros
355 2334 506 2390 beati
530 2343 640 2391 tum
673 2336 864 2394 ﬁdeles
894 2342 1182 2409 advocant,
1911 2360 2115 2415 Clamat
2147 2361 2324 2415 beatis
2352 2378 2472 2416 sese
2501 2333 2656 2417 aduri
2680 2362 2956 2417 fratribus.

176 2426 286 2481 Res
314 2426 638 2483 ordinantes
665 2446 800 2502 quas
838 2432 1037 2504 reliqui
1068 2451 1378 2505 praecavere
1909 2452 2067 2507 Pater
2097 2453 2324 2523 periclis
2358 2453 2611 2508 incitatus
2639 2454 2755 2519 ﬁlii,

172 2518 309 2574 Toto
348 2527 608 2577 vacantes
638 2523 828 2594 copias
863 2526 1159 2599 egentibus
1909 2542 1965 2593 ln
1990 2541 2597 2613 oralapsusﬁpraedieat
2630 2543 2863 2613 piacula,

174 2611 532 2667 lnduciarum
567 2614 855 2687 largiendo
886 2628 1157 2690 tempore.
1908 2632 2046 2686 Petit
2078 2611 2584 2699 lavacra,vluetibus
2624 2611 2715 2687 dat
2741 2633 3011 2705 laerymas

170 2698 412 2755 Posthac
439 2700 803 2759 Terentianus
838 2706 937 2761 hos
960 2708 1063 2762 sub
1092 2709 1317 2781 prepria
1909 2720 2127 2775 Piorum
2156 2722 2224 2775 ad
2253 2738 2444 2775 urnam
2480 2722 2712 2776 solvitur
2742 2722 2869 2776 dum
2906 2721 3051 2776 filius
3094 2720 3097 2723 ’

170 2794 413 2850 Adortus
441 2796 561 2852 aede
592 2807 712 2852 vota
746 2800 939 2856 dantes
970 2804 1248 2873 repperit:
1906 2808 2032 2863 Tam
2068 2809 2342 2881 passionis
2367 2819 2518 2884 gesta
2556 2827 2679 2881 quae
2711 2818 3001 2883 peregerat

170 2886 212 2938 Λ
245 2902 375 2961 rege
399 2888 576 2943 fassus
604 2905 830 2945 aureum
864 2893 1007 2948 mitti
1037 2894 1229 2949 Jovem
1907 2904 2283 2960 Confessionis
2314 2905 2431 2959 dira
2474 2922 2715 2978 purgans
2747 2904 3000 2976 lacrymis

170 2977 273 3033 Cui
306 2980 467 3034 thura
497 2980 750 3057 ﬂagrent,
782 2985 868 3039 his
898 2985 948 3039 ei
992 2986 1299 3055 litantibus,
1907 2996 2077 3053 Certis
2106 3006 2255 3054 arata
2283 3000 2589 3072 prepalavit
2621 2999 2857 3073 paginis.

1673 3154 1881 3210 CAPUT
1920 3157 2033 3212 XII.

1191 3280 1268 3340 De
1289 3285 1516 3343 sanctis
1551 3284 1877 3361 Januario,
1922 3286 2226 3347 Gordiano
2259 3297 2310 3346 et
2341 3288 2535 3347 sociis.

240 3447 434 3503 Plures
466 3448 627 3505 beata
656 3451 1046 3525 tergiversator
1070 3470 1208 3510 nece
1826 3466 1877 3534 Ο
2118 3472 2286 3528 Antro
2312 3472 2549 3528 retrudit
2578 3472 2800 3543 publico
2833 3491 2848 3541 ;

386 3537 583 3593 Christi
607 3541 841 3595 saet‘m'il
862 3541 1085 3615 defuga.
1976 3562 2184 3618 Castam
2213 3562 2457 3637 jugalem
2489 3537 2627 3616 dans
2652 3537 2924 3633 aquas'ad
2964 3563 3171 3618 Salvias

239 3628 378 3683 Dum
412 3629 614 3684 crescit
644 3636 796 3686 atrox
828 3632 908 3686 ira
938 3633 1064 3688 victi
1095 3634 1351 3705 publicis,
2113 3628 2327 3710 service
2348 3655 2573 3709 mandat
2604 3654 2823 3709 rusticis

393 3720 560 3795 Legat
587 3722 711 3792 pios
731 3725 1035 3791 custodiis;

1973 3746 2384 3802 Clementianus
2414 3746 2748 3801 Gordianum
2782 3748 3010 3803 sedibus

240 3809 368 3866 Diro
400 3811 736 3881 prehensum
755 3812 879 3881 jure
912 3815 1232 3871 Ianuarium
2113 3839 2363 3894 Vinctum
2387 3839 2599 3894 catonis
2627 3838 2887 3910 applicat,

384 3899 535 3955 Tunc
560 3900 836 3958 Gordiano
869 3904 1131 3975 deputat:
1971 3928 2094 3994 Qui,
2127 3928 2287 3983 laude
2320 3927 2516 3983 Christi
2547 3899 2900 4001 fortisatque
2931 3928 3252 3996 immobilis,

241 3992 323 4048 Pii
350 3993 614 4049 sacerdos
643 3995 790 4069 regis
815 3997 995 4052 almus
1025 3998 1207 4071 impiae
2083 3992 2087 3994 Ὗ
2116 4017 2348 4072 Plumbo
2370 4034 2561 4073 severe
2590 4018 2840 4083 caeditur,

385 4083 553 4137 Datur
577 4082 705 4139 fera:
735 4086 962 4142 vicario.
1972 4107 2383 4163 Confessionem
2417 4125 2521 4163 nec
2543 4100 2865 4180 relinquens
2885 4108 3149 4175 cmlicam,

239 4170 363 4239 Qui,
396 4172 529 4227 dum
553 4175 806 4231 modesto
833 4177 1001 4232 verba
1029 4180 1195 4235 corde
1229 4182 1484 4255 percipit,

1266 4182 1484 4255 οιόίνίῐι
2115 4203 2342 4259 Cervice
2374 4204 2544 4261 cados
2571 4204 2803 4261 obtinet.

387 4268 537 4323 Fidei
570 4271 816 4341 repletur
853 4273 1056 4344 Spiritu
1087 4294 1102 4341 ;
1970 4292 2209 4348 Canibus
2234 4294 2469 4348 cadaver
2492 4293 2683 4362 judice
2714 4304 2894 4351 actum
2927 4295 3164 4367 pessimo

239 4361 415 4416 Uxore
442 4361 635 4430 juncta
664 4363 745 4420 sic
771 4365 976 4422 Marina
1011 4370 1235 4433 nomine
2114 4380 2307 4436 Custos
2331 4384 2465 4456 tegit
2490 4399 2597 4439 non
2632 4384 2935 4448 dormiens,

380 4451 502 4507 Mox
518 4452 671 4509 fonte
701 4454 829 4511 divo
857 4457 1121 4533 tingitur;
1972 4470 2124 4534 Quod
2160 4451 2452 4525 Christiani
2479 4478 2638 4528 nocte
2660 4471 2915 4526 milliario

232 4541 446 4597 Famuli
472 4552 728 4614 petentes
749 4564 903 4603 sacra
928 4550 1089 4606 denis
1119 4554 1420 4628 quinquies
2112 4562 2189 4616 Ab
2213 4564 2348 4618 urbe
2382 4572 2595 4634 raptum
2629 4563 2920 4630 collocant,

374 4636 641 4693 Dominos
667 4648 977 4712 sequuntur
1004 4647 1263 4716 amplius.
1966 4652 2185 4708 Pridem
2217 4654 2360 4709 beati
2388 4655 2644 4725 martyris
2675 4671 2785 4726 quo
2818 4655 3052 4728 pignora

228 4725 362 4789 Quae
388 4732 546 4799 gesta
566 4743 710 4783 szevo
738 4729 867 4784 dum
900 4732 1155 4789 feruntur
1178 4738 1404 4808 arbitro,
1816 4779 1870 4846 υ
2112 4742 2349 4800 Collecta
2381 4752 2539 4798 erant
2576 4743 2883 4814 Epimachi,

376 4815 604 4846 an:-\I:a
635 4826 926 4846 ..ο.......,.....
963 4825 1191 4846 ,λλ----εει
1966 4833 2022 4846 η.
2237 4832 2257 4846 ,ι
2324 4842 2333 4846 -
2398 4833 2408 4846 .
2469 4840 2477 4846 .
2619 4842 2626 4846 .

374 4815 606 4887 Scriptis
635 4826 928 4893 utrumque
960 4825 1216 4894 perculit,
1816 4815 1870 4846 υ
1964 4833 2203 4904 Diesque
2234 4832 2373 4889 festo
2398 4833 2519 4888 laeta
2542 4842 2669 4890 voto
2693 4851 2984 4907 compares

230 4904 294 4959 Et
320 4905 658 4967 Gordianum
691 4910 989 4987 subrogato
1012 4914 1202 4985 judice
2102 4926 2313 4982 Attollit
2341 4943 2450 4981 una
2491 4934 2775 4999 martyres.

1640 5051 1851 5109 CAPUT
1902 5054 2050 5111 XIII.

1490 5177 1564 5238 De
1592 5188 1799 5268 sancto
1818 5182 2157 5259 Pigmem'o.

161 5297 281 5354 Haze
310 5299 427 5355 {cra
457 5301 705 5359 crudelis
737 5305 943 5363 rabiem
974 5325 1201 5383 quoque
1227 5314 1499 5390 sanguine
1533 5316 1696 5394 tingit
1889 5321 2023 5379 Nam
2063 5324 2235 5395 pudet
2265 5325 2492 5382 altorem
2526 5326 2707 5398 primo
2736 5343 2862 5384 mox
2892 5335 3137 5384 sternere
3163 5329 3343 5398 jussu.

158 5392 429 5462 Doetoris,
464 5395 569 5451 sub
590 5397 713 5473 lege
743 5401 838 5456 Dei
873 5419 984 5475 quo
1004 5404 1148 5461 fotus
1173 5409 1420 5479 alumno,
1624 5392 1639 5394 ἡ
1889 5392 2176 5467 Persarum
2214 5414 2351 5485 petit
2378 5415 2471 5470 ille
2491 5392 2692 5485 solum,
2726 5433 2837 5489 quo
2864 5418 2985 5474 luce
3012 5392 3278 5485 moratus,

158 5481 452 5557 Pigmenii,
485 5485 673 5543 Roma:
703 5489 844 5546 tituli
877 5493 972 5565 qui
1006 5494 1305 5568 Presbyter
1322 5500 1535 5572 almus;
1888 5507 2141 5579 Corporis
2162 5481 2410 5578 orbatur,
2441 5481 2760 5566 mentis
2789 5511 2999 5568 lumine
3022 5515 3259 5585 pollens,

158 5575 395 5634 Pastoris
425 5595 595 5651 quem
616 5590 784 5641 strata
809 5603 908 5643 sua
943 5589 1032 5660 pia
1062 5592 1310 5649 membra
1329 5593 1514 5651 furore
1885 5599 2205 5670 Praecipitur
2236 5602 2483 5669 Romam,
2504 5602 2816 5681 palamque
2848 5605 3135 5676 requirere
3157 5623 3404 5677 causam,

160 5664 408 5724 Condere
440 5674 811 5744 comperiens,
839 5679 1099 5735 secedere
1131 5683 1354 5738 mandat
1378 5686 1448 5740 ab
1478 5687 1635 5753 urbe,
1887 5686 1980 5742 Cui
2007 5690 2229 5744 tandem
2263 5706 2433 5761 puero
2464 5676 2687 5765 gressus
2719 5694 3044 5750 moderante
3071 5694 3298 5752 reducto

163 5754 391 5815 Praemia
425 5775 488 5816 se
519 5762 814 5822 redhibere
836 5766 1041 5839 ferens,
1075 5771 1207 5844 quia
1227 5772 1465 5833 mittitur
1485 5778 1672 5846 exsul;
1883 5780 2090 5840 Obvius
2119 5754 2379 5854 expulsor
2398 5754 2573 5841 rhEda
2593 5785 2851 5843 sublimis
2878 5795 2936 5843 et
2964 5804 3100 5844 auro
