3902 6400
417 342 524 398 763
1184 342 1551 399 FLODOARDI
1592 344 1898 402 CANONICI
1939 347 2267 403 REMENSIS
2307 348 2647 406 OPUSCULA
2689 349 2999 405 METRICA.
3679 352 3779 409 761

417 471 534 525 Diis
560 478 743 546 grates
776 471 997 525 inﬂatus
1026 471 1139 547 agit
1170 479 1468 542 pompante
1502 480 1741 540 tumore,
2076 481 2128 550 Α
2154 476 2306 533 Mens
2344 478 2436 549 pia
2474 479 2557 532 sic
2587 479 2759 533 ccelos
2788 479 2987 549 repetit
3014 484 3156 533 terra
3182 480 3331 534 edita
3361 487 3560 535 terram

416 564 800 634 Incensusque
830 564 1192 618 Acherontzeo
1224 564 1542 619 ﬂammante
1572 565 1757 620 furore
2154 566 2391 643 Pignora
2408 584 2643 639 quaeque
2661 568 2851 624 Abdon
2871 568 3082 625 tumulo
3104 569 3441 643 Scnnenque
3456 578 3762 643 capessunt

420 654 764 727 Przecipitem
793 654 947 730 vergi
973 653 1275 726 Tyberinas
1298 657 1524 712 mandat
1551 657 1605 711 in
1635 657 1830 712 undas.

1840 724 1871 749 ⁵
1909 756 2116 813 CAPUT
2163 756 2295 811 xw.

1461 862 1538 921 De
1564 871 1771 923 sancto
1801 862 2107 935 Herculio,
2141 861 2425 921 Hilarino
2459 869 2511 919 et
2538 862 2736 922 sociis.

418 994 663 1047 Donatus
694 990 869 1046 lector
892 990 1202 1047 studiorum
1232 993 1289 1047 in
1319 1009 1498 1066 agone
1530 994 1740 1049 sodalis
2151 992 2400 1061 Adjurat,
2432 993 2613 1048 crucis
2643 993 2956 1069 adjungens
2985 993 3041 1048 in
3070 993 3261 1065 stipite
3293 993 3409 1059 fixi,

418 1085 480 1139 Et
499 1083 912 1154 condiscipulus
936 1092 1125 1139 saucto
1147 1086 1253 1140 hoc
1281 1087 1385 1141 sub
1410 1093 1564 1157 patre
1588 1086 1829 1158 tyranni,
2151 1084 2288 1148 Quid
2322 1082 2523 1160 factum
2555 1082 2720 1149 dicat,
2754 1100 2862 1155 qua
2891 1093 3048 1155 rapta
3078 1084 3317 1155 pecunia
3345 1082 3485 1141 fisci.

418 1176 559 1231 Ense
592 1174 732 1230 truci
756 1174 977 1249 genitor
1001 1175 1354 1249 genitrixque
1377 1177 1469 1231 ubi
1503 1177 1685 1232 sidera
1713 1184 1956 1243 sumunt,
2149 1176 2306 1230 Iussa
2341 1175 2505 1230 refert
2543 1175 2654 1230 imo
2682 1176 2851 1231 verba
2883 1175 3170 1231 Eufrasina
3199 1177 3481 1249 sepulcro,

418 1269 596 1341 Fugit,
629 1268 1014 1339 Aricmamque
1044 1276 1241 1340 petens
1266 1271 1641 1342 apprenderat
1670 1271 1888 1327 urbem.
2149 1269 2311 1323 Tecta
2332 1268 2530 1323 domus
2557 1267 2711 1323 aditu
2740 1267 2900 1323 latrat
2925 1285 3046 1340 quae
3077 1285 3211 1343 gaza
3252 1279 3478 1344 rogatur
3503 1290 3523 1336 ;

417 1360 687 1432 Dumque,
716 1359 805 1430 pio
829 1359 1061 1427 junctus
1094 1360 1359 1428 Hilarino,
1402 1370 1563 1417 nocte
1597 1362 1799 1433 dieque
2151 1360 2240 1414 Ais
2268 1367 2458 1415 notum
2489 1360 2752 1433 egeritur,
2786 1361 2965 1431 pergit
2991 1361 3074 1416 vir
3105 1361 3251 1416 fasce
3284 1362 3515 1418 levatus.

416 1456 553 1511 Vota
584 1455 695 1510 Deo
726 1454 937 1527 legans,
962 1456 1178 1525 jejunia
1203 1457 1396 1511 crebra
1423 1455 1759 1528 frequentat,
2147 1452 2267 1506 Jam
2288 1450 2472 1526 dignis
2502 1451 2680 1507 Satiro
2722 1452 2933 1507 meritis
2959 1452 3029 1507 ad
3055 1469 3225 1526 regna
3251 1461 3466 1523 vocato,

418 1544 647 1599 Gentilis
675 1543 888 1599 Surana
915 1545 1090 1600 oculis
1121 1561 1184 1601 ac
1210 1545 1377 1600 corde
1410 1546 1654 1600 tenebris
2150 1542 2393 1597 Donatus
2422 1541 2595 1596 sacris
2622 1541 2740 1609 ejus
2768 1540 2888 1595 vice
2924 1540 3170 1616 fungitur
3196 1542 3330 1597 aris.

416 1637 599 1692 Obsita
625 1653 747 1692 cum
775 1638 965 1711 genito
997 1637 1191 1691 cellam
1225 1639 1535 1709 perrumpit
1561 1639 1802 1708 opimam
2148 1634 2251 1699 Ωιιὶ
2290 1634 2419 1687 dum
2449 1633 2594 1699 diva.
2614 1633 2702 1687 die
2729 1633 2989 1704 quadam.
3020 1634 3278 1704 mysteria
3306 1641 3521 1700 ίΓξὶοιδῑς

417 1730 698 1800 Quamque
730 1727 838 1783 ﬁde
862 1728 1131 1783 imbutam
1163 1729 1323 1784 Satiri
1356 1730 1489 1783 dant
1520 1732 1771 1801 priesulis
1798 1732 1899 1797 ori,
2147 1726 2443 1809 Sanguinis
2471 1734 2525 1781 et
2550 1726 2738 1797 superi
2767 1726 2985 1797 populis
3010 1727 3099 1780 dat
3132 1727 3279 1782 dona
3320 1728 3599 1798 minister,

416 1822 703 1877 Nascentis
732 1822 892 1877 lzetus
922 1819 1050 1875 fidei
1084 1821 1176 1892 qui
1210 1821 1419 1876 lumina
1450 1838 1687 1877 cernens
2149 1821 2357 1890 Impete
2390 1819 2579 1889 gentili
2612 1818 2883 1889 impulsus
2925 1819 3052 1884 ruit,
3084 1826 3248 1891 atque
3281 1828 3561 1875 sacratum

416 1914 591 1985 Atque
619 1914 731 1967 Deo
761 1919 943 1986 grates
974 1911 1243 1977 referens,
1262 1912 1476 1980 jejunia
1500 1914 1744 1979 mandat,
2148 1914 2480 1969 Comminuit
2499 1912 2759 1978 calicem;
2792 1919 2975 1966 motus
2996 1928 3119 1967 cum
3155 1913 3316 1983 plebe
3344 1914 3610 1969 sacerdos

418 2005 544 2059 Fert
581 2005 733 2061 cines
759 2011 1011 2071 stratum,
1043 2003 1135 2058 dat
1163 2004 1298 2057 dura
1327 2004 1509 2059 cilicia
1541 2005 1804 2059 amictum
2149 2004 2408 2076 Angitur;
2438 2020 2704 2078 angorem
2730 2002 2928 2058 Christi
2961 2004 3059 2058 sed
3084 2004 3275 2058 dextra
3302 2010 3526 2058 serenat
3556 2021 3571 2057 :

420 2094 645 2149 Instruit
676 2101 845 2165 atque
874 2093 1039 2160 lavat,
1062 2110 1184 2148 cum
1218 2109 1326 2163 qua
1357 2094 1506 2148 subit
1536 2096 1734 2150 unicus
1762 2096 1941 2150 undas
2150 2097 2311 2151 Lecta
2349 2095 2612 2167 equidem
2643 2096 3002 2150 devectantur
3032 2095 3339 2169 fragmenta
3365 2095 3565 2161 beato;

421 2190 743 2255 Herculius;
776 2190 963 2243 lumen
998 2205 1120 2243 mox
1162 2188 1314 2242 frons
1345 2190 1642 2244 tenebrosa
1673 2190 1905 2245 resumit
2150 2185 2247 2239 Ille
2276 2184 2505 2238 madens
2530 2184 2785 2255 lacrymis
2813 2199 3172 2256 sumcnsque,
3205 2184 3298 2239 ubi
3322 2193 3447 2241 vota
3474 2184 3794 2256 profundit,

420 2281 482 2335 Et
506 2280 780 2336 Christum
799 2296 985 2333 verum
1010 2279 1134 2333 vita:
1159 2280 1408 2351 lucisque
1437 2288 1719 2351 potentem
2070 2318 2118 2386 Β
2152 2282 2209 2335 In
2254 2281 2491 2351 priscam
2531 2287 2750 2335 revocat
2780 2280 3017 2336 solidato
3049 2280 3319 2355 fragmine
3341 2280 3599 2337 formam.

421 2371 701 2426 Exclamat
739 2371 961 2437 mulier,
994 2371 1241 2426 sobolem
1270 2372 1478 2426 radiata
1499 2388 1822 2427 renoscens.
2049 2371 2118 2411 -"
2149 2372 2438 2427 Barbaries
2470 2372 2725 2441 perculsa
2757 2372 2882 2427 novi
2916 2372 3232 2443 spectacula
3265 2372 3393 2427 facti

415 2463 570 2527 Quod
602 2463 768 2518 certis
798 2462 1029 2533 capiens
1061 2464 1379 2518 rumoribus
1408 2464 1779 2535 Apronianus,
2157 2461 2462 2531 Aspiciens,
2488 2460 2710 2515 laudare
2741 2461 2913 2515 Deum
2945 2477 3069 2515 cum
3102 2461 3266 2531 plebe
3295 2476 3497 2516 canora

418 2555 629 2609 Donato
656 2554 948 2609 attonitum
981 2554 1102 2609 diro
1132 2555 1433 2624 spiramine
1462 2564 1689 2621 gnatum
2154 2553 2372 2624 Incipit,
2405 2559 2570 2624 atque
2600 2552 2800 2607 animae
2830 2553 2967 2608 citra
2994 2553 3272 2626 octoginta
3302 2553 3581 2608 dicantur.

423 2642 625 2708 Defert,
650 2642 744 2714 qui
776 2643 943 2697 sociis
973 2643 1215 2697 lIilarino
1247 2660 1311 2697 ac
1329 2644 1561 2713 praesule
1586 2644 1815 2712 junctis,
2152 2644 2337 2700 Multis
2365 2652 2634 2715 praeterea
2656 2644 2832 2719 signis
2871 2643 3057 2699 divina
3086 2651 3333 2715 potestas

424 2731 634 2785 Insistit
663 2731 951 2801 precibus;
985 2729 1146 2800 pulso
1172 2730 1251 2783 sic
1278 2729 1502 2785 ﬂamine
1541 2732 1705 2797 votis,
2157 2735 2427 2789 Donatum
2457 2733 2742 2788 illustrans
2764 2734 2921 2788 testis
2955 2733 3196 2789 sustollit
3224 2734 3434 2789 honore
3460 2752 3473 2788 :

422 2825 760 2880 Incolumem
789 2841 1044 2897 puerum,
1067 2826 1343 2896 gaudente
1375 2834 1625 2897 parente,
1654 2827 1937 2883 reformat.
2153 2827 2359 2882 Teutus
2390 2827 2560 2892 enim,
2586 2825 2899 2897 pariterque
2932 2825 3228 2893 Hilarinus,
3259 2842 3388 2881 saxa
3410 2826 3646 2895 jubctur

417 2919 650 2975 Assidue
681 2919 811 2974 hinc
838 2919 1100 2994 gradibus
1128 2920 1301 2975 virtus
1328 2928 1383 2975 et
1411 2920 1587 2995 gloria
1618 2922 1815 2977 cressit
2152 2914 2332 2969 Thure
2364 2929 2557 2987 rogare
2598 2914 2746 2980 d810,
2774 2913 2944 2983 ,ἱιιεείε
2964 2914 3053 2969 ουί
3095 2914 3198 2969 me
3231 2915 3415 2971 reniSO

420 3006 645 3061 Accedit
672 3008 898 3079 quidam
931 3008 1234 3075 Eustasius,
1263 3009 1467 3065 fiscalia
1496 3011 1655 3079 cujus
2153 3004 2223 3059 Os
2253 3004 2449 3059 teritur
2471 3004 2647 3070 saxis;
2675 3004 2949 3059 Hilarinus
2971 3003 3208 3059 fustibus
3238 3012 3392 3060 actus

419 3097 644 3153 Munera
674 3105 733 3153 ut
760 3099 1050 3154 abdiderat
1080 3106 1262 3167 terrae,
1292 3100 1616 3175 defungitur
1645 3116 1798 3158 uxor.
2151 3097 2439 3167 Temptam
2460 3096 2659 3166 linquit
2686 3097 2936 3164 humum,
2960 3097 3242 3168 quaesitam
3272 3097 3507 3168 percipit
3530 3100 3786 3167 aethram,

420 3189 514 3244 Ille
544 3206 764 3264 gravem
798 3192 1042 3247 tolerans
1072 3200 1225 3247 ίοιινο
1256 3201 1511 3249 exactore
1546 3192 1810 3255 furorem,
2152 3184 2299 3240 Ostia
2330 3186 2575 3240 membra
2604 3184 2766 3255 rapit,
2802 3185 3076 3240 Donatum
3118 3184 3355 3240 claustra
3385 3196 3675 3258 receptant

421 3278 615 3333 Donati
647 3279 786 3349 petit
812 3280 1076 3335 auxilium
1109 3282 1204 3353 qui
1230 3283 1397 3337 corde
1432 3281 1583 3337 fideli
2152 3278 2246 3334 Hic
2276 3294 2499 3351 quoque
2531 3278 2688 3349 plura
2719 3278 2863 3332 Deus
2890 3294 2991 3349 per
3020 3292 3185 3349 quem
3216 3279 3494 3351 magnalia
3530 3279 3782 3336 Christus

419 3366 743 3422 Praesidium
771 3376 1031 3436 tractans,
1050 3387 1312 3440 superum
1331 3372 1479 3427 subit
1509 3373 1726 3446 aggeris
1757 3380 1975 3428 antrum
2152 3372 2286 3426 Dum
2321 3370 2527 3442 populo
2556 3369 2855 3441 plaudente
2877 3369 3038 3443 gerit,
3067 3369 3189 3424 diro
3212 3386 3347 3425 ense
3369 3380 3673 3427 resectum.

420 3458 629 3515 Nomen
660 3470 714 3516 ct
744 3460 1047 3518 inclamans
1076 3464 1277 3519 functae
1311 3480 1412 3538 per
1433 3465 1660 3520 numina
1681 3464 1881 3521 Christi
2152 3462 2642 3535 Educitztenebris,
2671 3477 2815 3518 verm
2843 3461 2990 3533 capit
3025 3462 3235 3518 aethere
3261 3462 3419 3519 lucis.

1926 3591 2133 3646 CAPUT
2181 3591 2289 3646 xv.
2542 3658 2563 3663 η

1411 3692 1491 3752 De
1520 3696 1745 3755 sanctis
1776 3694 2001 3767 Prisco,
2025 3693 2437 3770 jPrisciiiiano
2465 3699 2519 3750 et
2547 3692 2792 3751 caeteris.

423 3822 531 3878 IIac
552 3828 749 3894 praeter
778 3823 914 3879 istos
943 3825 1092 3880 nube
1124 3827 1281 3883 multi
1318 3828 1536 3884 caelicos
1866 3876 1875 3879 -
2078 3836 2128 3905 ί]
2151 3829 2530 3886 Confessionis
2551 3829 2805 3884 enitescit
2825 3828 3020 3902 gloria,

425 3915 624 3969 Petunt
654 3916 892 3971 bonores
918 3916 1229 3975 abdicando
1258 3926 1489 3976 terreos.
2146 3922 2380 3975 Mentem
2403 3937 2646 3991 superna
2666 3919 2856 3975 condit
2888 3920 3031 3974 inter
3055 3919 3260 3974 sidera.

422 4009 637 4065 Priscus
667 4011 927 4066 sacerdos
953 4028 1087 4067 ense
1116 4014 1332 4069 scandit
1354 4016 1590 4082 aathera;
2144 4011 2586 4067 FunusJoannes
2610 4010 2885 4081 gloriosus
2916 4009 3225 4080 presbyter,

379 4130 388 4136 -
429 4105 800 4162 Priscillianus
828 4124 992 4179 quem
1024 4118 1245 4164 secutus
1274 4110 1509 4166 clericus
2147 4104 2247 4160 Ubi
2268 4104 2386 4160 sole
2413 4103 2547 4159 bino
2570 4104 2723 4159 triste
2753 4102 2846 4158 dat
2870 4102 3268 4174 spectaculum,

428 4195 660 4253 Parilem
699 4213 959 4254 coronam
990 4209 1137 4254 sorte
1159 4200 1328 4255 sumit
1357 4203 1623 4273 compari.
2148 4202 2281 4259 Foro
2313 4202 2505 4274 rapina
2525 4200 2736 4274 colligit
2757 4200 3024 4256 laudabili

428 4290 721 4347 Benedicta
747 4299 965 4347 sectans
992 4294 1095 4349 hos
1122 4294 1321 4365 pudica
1353 4296 1561 4351 femina
2146 4298 2254 4354 Piis
2281 4295 2538 4368 sepulcro
2578 4295 2844 4367 copulans
2871 4296 3221 4367 parentibus,

423 4378 581 4435 Subit
608 4379 826 4450 piorum
858 4398 1026 4455 regna
1055 4399 1153 4454 per
1180 4384 1437 4457 vestigia,
2146 4387 2354 4452 Quibus
2369 4386 2576 4442 sororis
2608 4386 2852 4441 membra
2873 4385 2985 4453 jam
3007 4385 3319 4459 jugaverat.

425 4466 657 4523 Faustus
687 4469 1037 4541 triumphans
1056 4478 1273 4543 sceptra
1297 4474 1414 4548 regi
1440 4474 1720 4548 jungitur;
2146 4480 2316 4543 Quem
2342 4477 2619 4544 Julianus,
2646 4477 2778 4531 dum
2810 4492 2913 4531 nec
2934 4475 3125 4531 auditu
3156 4475 3353 4547 probat

427 4562 605 4618 Fausti
635 4564 881 4633 Dafrosa,
906 4573 1027 4637 post
1051 4567 1255 4641 jugalis
1280 4568 1533 4644 gloriam,
2144 4569 2378 4641 Dignum
2405 4584 2528 4636 suo,
2551 4566 2865 4623 Phtebaeam
2896 4567 2964 4622 ad
2997 4583 3146 4622 aram
3181 4567 3432 4638 praecipit

423 4654 584 4712 Exsul
615 4665 814 4733 negata
838 4669 1162 4735 segregatur
1193 4662 1369 4733 patria
2147 4660 2367 4716 Cervice
2399 4660 2595 4731 plecti:
2628 4676 2793 4731 quem
2835 4659 2970 4733 legit
2999 4658 3336 4715 Concordius

424 4740 669 4821 Poloque
707 4751 777 4806 ab
807 4768 941 4807 ense
973 4754 1130 4823 pulsa
1155 4755 1317 4810 terris
1348 4756 1610 4823 sumitur;
2094 4787 2107 4796 -
2147 4753 2265 4808 Pari
2289 4753 2548 4809 sacerdos
2577 4762 2724 4807 sorte
2754 4751 2975 4827 fulgens
3005 4752 3268 4823 praeditur

424 4837 523 4902 Qui
557 4838 783 4894 Biviana
811 4841 967 4911 prole
996 4857 1120 4898 cum
1149 4843 1423 4899 Demetria
2146 4843 2484 4913 Sacrumquc
2516 4842 2667 4897 cultu
2702 4841 2931 4897 honoris
2957 4856 3163 4897 ornans
3183 4841 3355 4897 debiti

426 4924 649 4981 Florent
679 4934 957 4997 parentes,
982 4929 1128 4985 clara
1159 4931 1302 4987 nacti
1330 4932 1592 5004 pignora:
1928 5006 1933 5011 '
2065 4965 2125 5033 D
2156 4930 2321 4986 Locat
2350 4930 2544 4985 beatos
2571 4939 2869 5002 martyrem
2910 4929 3054 4986 inter
3090 4938 3380 5003 martyres.

427 5018 664 5079 Quarum
697 5017 857 5072 hoste
887 5032 1069 5073 coram
1100 5018 1260 5074 ducta
1293 5019 1424 5074 dum
1456 5022 1730 5077 Demetria

1240 5189 1735 5279 INCIPIT
1822 5192 2218 5278 LIBER
2308 5189 2946 5280 DECIMUS.

1841 5347 2051 5402 CAPUT
2099 5348 2382 5404 PRIMUM.

1510 5446 1588 5507 De
1615 5449 1844 5507 sanctis
1872 5446 2071 5508 Marco
2109 5456 2161 5507 et
2189 5446 2356 5509 Julia
2390 5446 2700 5527 episcopis.

430 5565 670 5639 Digressi
702 5568 979 5638 perbella,
1011 5574 1211 5642 pedem
1242 5574 1546 5631 referamus
1570 5575 1626 5630 in
1652 5575 1864 5644 urbem,
2151 5577 2279 5630 Diva
2302 5576 2452 5631 subit
2483 5576 2713 5647 primus,
2736 5576 2959 5651 gemino
2990 5591 3113 5647 quae
3134 5575 3270 5630 solis
3301 5574 3356 5628 in
3388 5575 3528 5631 orbe

433 5656 611 5712 Visuri
643 5657 738 5729 qui
764 5659 898 5714 sede
922 5661 1063 5718 Petri
1093 5665 1203 5720 sint
1221 5674 1369 5722 sorte
1399 5668 1571 5723 secuti
2147 5665 2424 5730 Tractans,
2456 5666 2662 5736 templa
2683 5674 2856 5736 parat,
2881 5665 3153 5737 donisque
3174 5672 3230 5719 et
3259 5664 3502 5721 cultibus
3525 5671 3705 5734 ornat,

432 5753 802 5825 Sylvcstrum:
831 5754 999 5811 officii
1027 5773 1258 5828 quorum
1293 5763 1552 5830 mysteria
1580 5762 1790 5818 Marcus
2153 5761 2313 5816 Busta
2326 5761 2485 5825 colit,
2515 5753 2851 5836 comptdque
2873 5761 3077 5833 gradus
3105 5760 3369 5817 sublimat
3398 5759 3636 5827 honore,
