3902 6404
42 407 152 461 769

43 534 317 604 l‘ingens,
349 531 735 603 instauratque
770 549 958 597 novas,
995 541 1318 601 reparatun
1345 531 1615 597 labantes,

41 625 159 678 Nec
190 627 376 679 minus
407 626 606 679 exsilio
633 626 797 678 trusis
829 627 956 678 dare
988 627 1276 679 commoda
1318 627 1521 679 sanctis

48 719 294 783 Insistit,
328 718 557 772 redimit
590 719 872 789 donatque
907 717 1056 771 exire
1099 719 1329 782 catenis,

698 406 779 458 Ι)ιί
822 406 1082 458 (IllltlSTl
1127 404 1491 458 'l‘llll‘ali’lllh‘
1535 410 1568 456 Λ

1786 405 2012 460 ΓΛΗᾹΜ
2058 410 2226 463 LIBRI
2273 412 2410 464 XW.
2455 442 2521 450 —
2563 412 2690 465 ΜΗ.
2739 412 2795 464 Χ.

3313 413 3418 465 7⁸70

1714 538 1766 603 Α
1797 533 1852 585 lit
1883 544 2035 603 parat
2064 536 2295 589 addictis
2327 537 2430 589 sibi
2457 536 2648 589 melica
2679 553 2843 609 regna
2886 536 3126 600 talentis,

1793 629 1955 691 Queis
1980 631 2112 683 nitet
2152 632 2422 684 admissus
2445 632 2704 685 translato
2731 630 2970 684 culmine
3006 642 3233 686 mactus.

1566 818 1772 872 CAPL'T
1828 820 1914 875 IX.

715 951 787 1009 De
816 954 1040 1010 sanctis
1067 951 1384 1010 Hormi-sila
1411 970 1589 1028 popa,
1621 954 1914 1014 Germano
1946 965 2124 1032 atque
2151 957 2415 1033 Remigio
2445 961 2754 1036 cpi'SCOpis.

42 1087 183 1142 lline
219 1087 507 1141 llormisda
530 1088 906 1153 colitclerum,
941 1088 1232 1158 psallentia
1266 1089 1450 1150 tradit,

37 1178 458 1248 ’l‘emplalevat,
491 1177 617 1232 lites
647 1193 980 1248 componere
1003 1194 1138 1247 pace
1172 1177 1402 1239 laborat,

43 1267 341 1321 Graiorum
377 1267 620 1321 tumidos
644 1267 806 1319 instat
830 1267 1023 1319 sedare
1049 1269 1280 1320 tumultu
1294 1285 1341 1333 s,

41 1359 178 1418 Nec,
215 1360 349 1424 quia
390 1357 670 1428 pra~cclsis
700 1368 918 1412 arcetur
951 1359 1210 1423 taseibus,
1241 1359 1352 1412 alto

41 1447 283 1499 Absistit
307 1457 526 1516 empto;
558 1447 799 1501 monitus
832 1447 1029 1500 iterare
1059 1448 1331 1519 benignos

43 1537 208 1589 Haud
245 1537 444 1601 tardat,
480 1537 610 1589 licet
640 1537 881 1607 Augusto
916 1548 1204 1600 renuente,
1239 1544 1575 1606 sequestres.

39 1626 168 1687 Qui.
196 1625 363 1678 donis
388 1634 626 1687 tentans,
664 1642 765 1678 nec
797 1626 846 1678 vi
884 1642 983 1678 nec
1017 1642 1248 1679 munere
1285 1637 1527 1695 praestat.

43 1719 291 1788 Insuper
323 1717 549 1790 indigne
581 1719 751 1787 pulsis
785 1727 948 1788 negat
982 1719 1213 1786 hospitis
1237 1719 1370 1780 alas,

43 1809 233 1876 Atque
263 1807 507 1877 superba
549 1807 738 1872 refert,
772 1820 1094 1877 sacrataque
1116 1808 1241 1874 jura
1267 1809 1503 1877 repellit.

44 1899 162 1952 Nec
207 1915 358 1953 mora
391 1899 694 1968 contempti
731 1899 1267 1968 persentitnuminis
1299 1899 1470 1952 iram:

44 1988 200 2040 lctus
230 1994 289 2041 et
319 1988 565 2040 arthereo
596 1987 917 2039 submersus
949 1987 1003 2040 iu
1034 1988 1225 2040 ultima
1256 1987 1382 2051 telo,

44 2081 292 2151 Dignum
318 2089 538 2150 sceptra
559 2080 728 2134 sacris
758 2080 1007 2133 submitti
1030 2079 1221 2132 funere
1257 2080 1468 2149 pandit,

45 2174 216 2227 I’lexo
239 2173 427 2240 justus
453 2190 516 2227 ac
547 2173 752 2241 injuste
783 2172 1030 2226 Justinus
1058 2173 1293 2242 adeptus

44 2262 377 2331 Imperium,
408 2262 551 2316 Petri
585 2263 738 2332 pacis
767 2263 904 2332 petit
935 2262 1119 2316 omine
1152 2262 1363 2324 sedem,

47 2355 281 2408 ["u-dera
303 2355 473 2428 digna
505 2355 601 2408 diu
631 2355 855 2409 monitis
887 2364 1122 2426 actuque
1155 2354 1443 2407 ferentem.

43 2447 182 2501 Vota
212 2447 360 2501 Patri
402 2448 682 2501 arrident:
721 2448 974 2521 legantur
1003 2447 1171 2512 figere
1206 2462 1394 2516 pacem

42 2539 261 2592 Sineeri
299 2538 505 2608 fidique
533 2538 635 2593 viri
663 2538 862 2592 virtute
892 2537 1143 2608 probati;

42 2627 231 2696 Capua
265 2629 598 2680 Germanum
633 2636 783 2682 tanto
824 2628 918 2681 dat
948 2643 1176 2681 munere
1213 2628 1463 2701 dignum.

45 2720 269 2792 Legatis
301 2720 446 2773 Petri
475 2720 553 2773 sic
585 2721 758 2794 gratia
786 2721 932 2774 celsa
960 2721 1216 2791 refulget,

40 2814 330 2885 Augustus
355 2829 478 2867 cum
525 2813 894 2882 principibus,
929 2822 1230 2883 sanctaque
1265 2821 1504 2869 caterva.

44 2901 105 2955 Lit
137 2901 338 2971 procul
365 2917 668 2956 occurrens
703 2901 874 2974 regali
915 2917 1173 2973 egressus
1203 2901 1272 2954 ab
1302 2902 1439 2954 urbe

43 2996 295 3066 Excipiat
316 2997 517 3067 capitis
549 2997 778 3066 supplex
807 2997 893 3066 pia
926 2997 1174 3050 membra
1204 2997 1469 3066 supremi.

37 3089 338 3142 Ter-rentur
367 3089 613 3158 reprobi,
639 3089 881 3162 gaudent
909 3090 1114 3160 pietate
1147 3089 1396 3162 benigni,

42 3185 305 3240 Ecclesiae
336 3185 463 3241 cceli
488 3185 804 3259 junguntur
835 3185 1076 3241 culmina
1108 3201 1266 3255 pace,

1793 1091 2239 1161 Damnauturque
2273 1093 2372 1156 rei,
2407 1093 2544 1145 lueis
2575 1092 2830 1162 pacisque
2856 1091 3112 1147 rebelles.

1792 1179 2035 1233 Vincitur
2062 1180 2334 1250 impietas,
2370 1181 2570 1234 lethale
2603 1179 2946 1233 abscmditur
2967 1181 3141 1234 ulcus.

1793 1270 1872 1332 Et,
1906 1271 2060 1324 sanie
2087 1272 2331 1332 abseeta,
2369 1273 2496 1325 laeto
2528 1280 2672 1325 stant
2704 1288 2934 1341 corpore
2963 1272 3230 1325 membra.

1790 1360 2000 1411 Gaudet
2035 1377 2166 1429 pace
2199 1361 2411 1425 Oriens,
2447 1368 2758 1429 reparatum
2790 1361 2992 1432 gaudet
3022 1368 3073 1412 et
3106 1361 3358 1413 Austrum
3393 1377 3406 1426 ;

1789 1453 1967 1506 Africa
2002 1454 2120 1505 la-ta
2153 1453 2298 1506 subit
2332 1453 2548 1505 sublata
2582 1469 2857 1505 resumere
2884 1453 3046 1519 jura;

1791 1545 1934 1597 Solis
1966 1545 2030 1597 ad
2065 1561 2319 1597 occasum
2352 1545 2574 1599 laudant
2604 1560 2633 1596 a
2657 1545 2870 1597 climate
2905 1545 3011 1597 Eoo

1791 1637 1990 1689 Salvati
2023 1638 2311 1690 Dominum
2349 1637 2502 1706 pueri
2538 1638 2673 1689 sacri
2708 1653 2800 1691 ore
2835 1635 3101 1707 magistri.

1791 1725 1961 1777 Callia
1988 1727 2251 1777 doctrinae
2284 1741 2382 1777 nec
2411 1724 2652 1777 culmine
2684 1741 2839 1777 cassa
2873 1725 3089 1787 residit,

1791 1816 2032 1869 Exsultat
2061 1833 2182 1885 qum
2222 1816 2469 1885 Remigio
2506 1814 2670 1868 rutilo
2697 1814 2918 1867 artheris
2949 1824 3094 1868 astro
3130 1832 3141 1867 :

1790 1910 1861 1962 Ac
1894 1916 2048 1961 terrze
2081 1910 2289 1962 cultore
2322 1909 2492 1975 bono,
2523 1907 2752 1960 feritatis
2783 1907 2968 1975 Opinio

1790 1998 2019 2052 Vomere.
2063 2000 2155 2069 qui
2189 1998 2314 2050 fidei
2345 1998 2540 2069 satagit
2564 1998 2689 2048 dmn
2734 1997 2989 2049 scindere
3019 1998 3200 2064 corda,

1789 2093 2019 2146 Barbara
2051 2093 2351 2146 mirilieans
2374 2091 2560 2145 divino
2590 2091 2801 2144 semine
2835 2107 2979 2144 rura.

1786 2185 1975 2238 l'ilessis
2007 2186 2214 2238 honore
2245 2201 2398 2238 novre
2432 2183 2775 2237 charismalis
2802 2182 2973 2236 ubere
3003 2192 3195 2236 mactze

1787 2277 2045 2330 Primitiis
2074 2277 2270 2346 Cephar
2303 2277 2484 2330 studet
2514 2277 2710 2328 almam
2736 2291 2931 2328 ornare
2963 2276 3298 2330 cathedram.

1711 2377 1760 2443 Β
1788 2367 1918 2420 Dum
1954 2385 2042 2420 rex
2073 2368 2126 2419 in
2150 2367 2364 2419 Christo
2399 2365 2722 2424 Clodovens,
2757 2365 2901 2416 tilius
2942 2365 3122 2431 hujus.

1784 2457 1909 2509 Auri
1953 2473 2013 2511 ac
2044 2473 2383 2528 gemmarum
2421 2455 2661 2524 pretiosa
2693 2455 2812 2507 lucc
2839 2454 3126 2518 renidens,

1787 2546 2016 2615 Remigii
2052 2547 2217 2598 decus
2241 2545 2450 2598 obtenti
2487 2544 2803 2597 ductamine
2837 2545 3013 2614 regni,

1787 2637 2014 2708 Egregio
2048 2654 2243 2707 parens
2272 2637 2410 2706 patri
2447 2636 2679 2690 devotus
2701 2637 2977 2697 alumnus,

1787 2729 2005 2782 Primati
2039 2729 2242 2783 eximio
2277 2728 2472 2782 Christi
2510 2727 2598 2796 pia
2633 2743 2862 2780 munera
2891 2727 3054 2780 mittit
3087 2744 3100 2782 :

1785 2820 1946 2875 Mittit
1969 2830 2021 2874 et
2054 2821 2302 2894 insignes
2327 2820 2444 2890 paci
2476 2820 2601 2872 data
2632 2818 2836 2871 Graecia
2858 2819 3073 2883 cultus;

1788 2916 2082 2985 Augustus,
2121 2929 2391 2984 regesque
2414 2911 2600 2964 colunt
2620 2911 2908 2964 ornatibus
2928 2911 3117 2964 urbem
3144 2953 3156 2965 .

1789 3006 1942 3058 Clara
1972 3005 2047 3075 pii
2081 3005 2184 3057 sub
2211 3005 2422 3057 honore
2456 3003 2599 3056 Petri
2623 3001 2750 3055 dum
2778 3010 3067 3056 stemmata
3101 3003 3306 3077 legant.

1788 3094 1934 3162 l’apa
1962 3094 2124 3146 etiam
2158 3109 2281 3145 cum
2317 3091 2482 3146 corda
2503 3097 2679 3159 parat,
2703 3096 2813 3142 tum
2835 3091 3034 3160 templa
3068 3099 3340 3156 venustat,

1789 3183 1988 3252 Sicque
2022 3181 2181 3234 datur
2202 3197 2324 3234 cum
2365 3185 2552 3232 mente
2584 3177 2738 3247 polo,
2769 3183 2879 3230 tum
2911 3192 3142 3247 corpore
3171 3179 3403 3248 templo.

1581 3335 1794 3390 CAPIT
1849 3335 1913 3389 X.

851 3471 929 3528 De
956 3470 1190 3530 Joanne
1213 3487 1394 3548 papa,
1430 3469 1810 3546 Syrmium/io,
1854 3467 2122 3528 Patricio
2154 3473 2332 3542 atque
2375 3466 2598 3524 Boctio.

43 3601 225 3654 Gratia
257 3616 477 3655 summa
509 3599 638 3653 dein
675 3600 864 3670 prinue
897 3603 987 3655 dat
1013 3603 1136 3672 jura
1161 3603 1358 3657 Joanni

45 3695 228 3758 Sedis,
264 3700 317 3747 et
345 3692 571 3764 egregia
603 3693 793 3748 tribuit
815 3694 1114 3762 disponere
1143 3712 1292 3755 cura,

44 3785 346 3839 Ausoniam
383 3801 450 3838 ne
482 3801 671 3838 mucro
700 3793 874 3847 voret,
908 3803 1018 3855 quo
1051 3787 1259 3840 Crzeeia
1289 3787 1472 3842 aditur

48 3875 262 3945 Quique
279 3874 439 3928 decet
473 3873 616 3926 Petri
649 3874 885 3945 legatum
922 3876 1020 3929 hos
1063 3875 1266 3945 excipit
1301 3879 1462 3930 altus.

48 3966 308 4036 Pergenti
342 3974 590 4019 sacratur
616 3981 815 4035 equas,
852 3975 1117 4037 V'L‘til()tlll(‘.
1159 3968 1323 4021 dicati

47 4054 306 4122 Corporis
337 4061 616 4106 assuetum
652 4055 920 4107 muliebre
951 4055 1156 4107 deinde.
1187 4065 1422 4120 recusat,

47 4150 108 4200 At
132 4147 340 4220 gaudet
372 4147 578 4201 servire
610 4164 790 4212 sacro,
826 4149 1106 4220 geminare
1141 4151 1407 4204 laborem.

48 4237 299 4289 Culmina
328 4236 597 4290 celsorum
633 4238 769 4306 patri
809 4239 1117 4308 praestantis
1154 4240 1379 4293 honoris

49 4329 353 4379 Occurrunt
378 4326 684 4397 graduum:
716 4328 875 4381 caicis
908 4339 966 4382 ut
995 4330 1251 4382 sensibus
1282 4331 1424 4383 alma

53 4418 159 4470 Lux
191 4423 398 4486 pateat,
431 4415 619 4470 lumen
646 4425 879 4472 czecatos
910 4418 1134 4472 innovat
1165 4419 1354 4486 orbes,

51 4511 226 4579 Atque
259 4508 351 4561 diu
382 4509 596 4562 clausas
628 4509 795 4564 intrat
828 4510 916 4564 lux
939 4511 1150 4565 reddita
1173 4521 1378 4581 portas,

56 4600 409 4670 Lucifluaque
442 4618 607 4654 manu
639 4609 811 4656 tactos
852 4603 988 4675 fugit
1021 4604 1213 4658 umbra
1247 4614 1482 4672 meatus,

59 4693 136 4756 Et,
172 4692 377 4762 pepulo
408 4692 666 4759 mirante,
699 4695 876 4763 palam
911 4711 1050 4749 nova
1087 4695 1294 4750 lumina
1324 4697 1554 4771 fulgent,

57 4785 357 4855 Subjicitur
387 4784 628 4852 culmen,
661 4785 831 4840 fastus
855 4787 1150 4843 flectuntur
1177 4805 1464 4844 enormes:

63 4875 387 4946 lmperitans
405 4876 612 4931 mundo
645 4876 843 4947 Cephze
874 4879 1188 4933 ineurvatur
1209 4881 1465 4946 alumno;

56 4965 150 5026 Qui
187 4963 343 5034 petit,
379 4972 588 5031 oratur,
624 4965 851 5036 largitur
880 4974 933 5020 et
965 4967 1176 5021 obtinet
1208 4967 1378 5034 idem,

58 5055 315 5123 lmpetrat
345 5061 398 5106 et
428 5071 641 5124 pacem,
676 5055 1004 5124 praecelsum
1035 5066 1257 5126 praestat
1298 5059 1595 5124 honorem;

57 5147 362 5216 Torquetor
390 5163 570 5200 szevus
600 5147 750 5201 furor
771 5149 875 5202 hoc
905 5149 1007 5202 sub
1033 5151 1244 5205 honore
1274 5151 1511 5221 piorum.

62 5236 153 5289 bat
186 5235 431 5290 tenebris
463 5236 556 5306 qui
589 5237 713 5291 luce
745 5239 943 5303 nitent,
978 5239 1179 5310 quibus
1210 5241 1390 5295 uritur
1420 5243 1549 5314 urit,

58 5329 234 5397 Ipsum
265 5329 429 5382 etiam
469 5339 679 5399 patrem
704 5331 807 5385 diri
843 5333 1096 5386 custodia
1127 5333 1300 5405 cingit
1334 5351 1348 5399 ;

63 5419 264 5472 Emicat
297 5418 390 5471 ille
413 5435 608 5488 specu,
641 5437 744 5475 nec
772 5431 926 5492 septa
959 5432 1145 5476 tenere
1174 5424 1394 5478 beatum

63 5510 222 5583 ltegia
251 5508 573 5580 proﬁciunt,
606 5511 731 5564 coeli
752 5513 836 5566 vel
861 5512 1086 5566 demere
1117 5522 1342 5568 sortem.

62 5599 366 5668 Compserat
397 5598 683 5664 ecclesias,
718 5607 933 5670 patrum
970 5610 1321 5671 reparaverat
1349 5619 1540 5668 urnas,
1597 5588 1609 5594 ’

63 5687 280 5759 Pignora
329 5687 500 5759 digna
532 5687 712 5741 datam
757 5698 1017 5758 repetunt
1048 5698 1300 5745 revocata
1341 5693 1679 5761 cathedram,

64 5782 161 5837 Nec
201 5785 429 5854 longum
464 5797 694 5852 rapuere
718 5789 924 5838 trucem
961 5790 1236 5840 tormenta
1269 5793 1561 5856 tyrannum

1711 3606 1758 3674 ί]
1789 3601 1979 3654 Debita
2008 3608 2304 3670 perpetuas
2334 3599 2543 3654 crudeli
2575 3600 2764 3654 dantia
2795 3600 3059 3658 flammas.

1787 3694 1901 3747 .lam
1937 3703 2118 3747 tamen
2144 3693 2411 3745 immanes
2435 3691 2664 3744 dederat
2704 3689 2818 3744 fera
2849 3691 3031 3746 bellua
3064 3693 3269 3760 clades,

1789 3787 2121 3856 lmpugnans
2149 3784 2294 3838 bello
2329 3782 2538 3837 fraudis
2571 3783 2661 3854 pia
2683 3784 2887 3837 naenia
2921 3785 3094 3853 pacis.

1785 3876 2145 3945 Symmachus
2177 3873 2411 3936 illuster,
2442 3889 2611 3945 gener
2648 3883 2813 3942 atque
2849 3873 3069 3926 Boetius
3099 3889 3231 3928 ense

1785 3964 2082 4017 Subierant
2120 3962 2277 4028 cujus
2311 3963 2568 4031 pretiosa:
2602 3977 2829 4014 munera
2862 3962 3079 4031 palmae.

1788 4055 2020 4109 l’atrieio
2052 4055 2148 4107 sed
2177 4054 2500 4114 discinctus,
2537 4053 2861 4123 plantasque
2891 4062 3155 4121 retectus,

1784 4149 1958 4217 Atque
1991 4163 2186 4199 manus
2219 4146 2434 4200 vinctus
2466 4161 2608 4215 papa
2640 4145 2906 4217 religante
2936 4146 3170 4210 Joanne,

1786 4239 1998 4291 lnditus
2030 4237 2325 4309 ignivoma;-
2353 4237 2578 4291 Vuleani
2613 4237 2960 4310 immergitur
2987 4238 3132 4292 ollae.

1785 4329 2144 4398 Symmachus
2173 4327 2263 4382 hic
2285 4327 2475 4382 consul
2503 4327 2742 4401 genitam
2774 4328 3104 4399 cegnomine
3131 4328 3336 4382 Gallam

1789 4420 2037 4473 Cultibus
2059 4420 2512 4486 enutritsanctis,
2549 4420 2864 4490 pialumina
2896 4420 3056 4486 fudit,

1787 4508 2005 4563 Tradita
2036 4525 2156 4579 qua!
2191 4509 2446 4563 thalamis
2473 4525 2618 4564 anno
2650 4509 2872 4563 viduata
2901 4511 3004 4563 sub
3037 4509 3176 4580 ipso,

1786 4596 2040 4666 Disponit
2065 4596 2272 4650 servire
2315 4597 2447 4664 Deo,
2473 4613 2574 4651 nec
2609 4605 2857 4667 tempora
2887 4614 3088 4652 curans

1788 4688 1977 4742 z’Etatis
2008 4696 2234 4754 tenera),
2270 4704 2370 4743 nec
2402 4705 2556 4759 opes,
2588 4689 2670 4743 vel
2713 4689 2954 4743 culmina
2983 4689 3155 4756 szecli,

1787 4780 2085 4853 Sanguinis
2111 4780 2316 4853 igneoli
2347 4797 2448 4835 nec
2476 4780 2619 4835 foeda
2648 4788 2835 4835 notata
2859 4796 3182 4852 pavescens,

1789 4868 2122 4935 Barbariem,
2160 4885 2262 4923 nec
2296 4868 2440 4923 ferre
2474 4870 2614 4940 pilos
2651 4870 2943 4924 muliebria
2966 4887 3190 4926 servans

1787 4957 1869 5010 Nil
1908 4965 2171 5026 reputans
2202 4957 2408 5013 foedum
2433 4959 2644 5014 Christo
2678 4960 2781 5014 nisi
2815 4960 2999 5015 fallare
3034 4967 3266 5024 tantum,

1785 5048 2106 5120 Militiieque
2150 5051 2260 5120 poli
2293 5058 2406 5106 toto
2425 5068 2484 5105 se
2510 5062 2731 5121 pectore
2764 5052 2996 5117 dedens,

1787 5136 1957 5190 Castis
1987 5153 2044 5192 se
2077 5138 2281 5193 subicit
2309 5140 2520 5205 castris,
2552 5139 2853 5195 immobilis
2885 5155 3058 5195 annos

1783 5229 2122 5282 Continuans
2155 5231 2363 5299 plures,
2387 5232 2750 5303 manibusque
2773 5239 2825 5286 et
2858 5240 3042 5287 mente
3065 5233 3328 5306 benigna,

1784 5319 2019 5393 Prodiga
2050 5323 2390 5396 pauperibus
2416 5323 2556 5378 votis
2580 5323 2782 5376 insistit
2812 5323 3090 5377 honestis:

1783 5416 1858 5467 Ad
1895 5421 2131 5484 palmam
2163 5434 2284 5488 quin
2309 5419 2439 5472 dum
2476 5417 2710 5489 coelique
2733 5418 2797 5472 ad
2832 5435 3000 5492 regna
3025 5425 3272 5489 vocatur,

1785 5507 2023 5575 Corpore
2067 5508 2404 5575 concutitur,
2438 5525 2638 5579 supera
2669 5525 2725 5563 se
2759 5525 2892 5580 pace
2926 5511 3164 5564 levatur:

1787 5597 2043 5651 Solamen
2075 5599 2242 5660 Petri,
2279 5601 2602 5672 vultumque
2629 5609 2683 5656 et
2711 5602 2879 5656 verba
2907 5612 3150 5657 meretur

1785 5690 1931 5744 Orsis
1953 5690 2119 5763 digna
2149 5692 2253 5761 piis
2283 5694 2474 5746 audire
2501 5704 2554 5748 et
2587 5695 2814 5748 reddere
2848 5711 3028 5762 voces,

1785 5785 2070 5858 Accirique
2104 5790 2251 5857 polo,
2283 5793 2603 5858 peccamina
2637 5808 2796 5846 nosse
2829 5793 3092 5862 remissa;
