3902 6398
459 416 555 471 77f
1222 405 1588 462 FLODOARDI
1630 402 1938 460 CANONlCl
1980 397 2314 458 REMENSIS
2355 400 2689 457 OPUSCULA
2731 398 3044 456 METRICA.
3722 403 3824 460 772

464 547 522 600 Et
556 544 760 616 pariter
787 539 966 594 chara=,
998 537 1319 593 comitatum
1349 551 1508 591 orare
1539 534 1748 590 sororis
2111 541 2152 600 Α
2190 531 2491 605 Egrediens
2519 536 2671 597 voto,
2703 529 2898 584 solatia
2925 530 3078 598 jussa
3105 538 3416 600 sequuntur

458 635 620 691 Audit
651 648 772 705 quzc
790 629 1038 686 comitari
1072 629 1273 683 habeat
1295 627 1590 683 benedicta
1615 626 1846 697 petitum
2187 622 2276 676 Sic
2309 629 2363 676 et
2395 621 2680 692 apostolici
2718 623 3067 693 complentur
3098 620 3301 674 famina
3333 621 3499 692 pacti.

458 727 583 781 Post
604 736 852 780 mensem
879 719 1027 794 quod
1061 719 1165 774 iter
1190 717 1393 789 capiat,
1426 716 1704 788 plenoque
1728 714 1951 770 nitescit

1967 835 2176 891 CAPUT
2217 835 2306 891 X1.

1235 949 1314 1009 De
1339 948 1568 1008 sanctis
1598 947 1810 1021 Felice,
1845 943 2169 1024 Boni/acia
2207 955 2387 1023 atque
2425 947 2723 1007 Mercurio
2762 947 3048 1024 episcopis

459 1089 720 1148 Ecclesim
753 1087 901 1144 Felix
935 1086 1168 1142 feliciter
1199 1102 1334 1140 usus
1363 1086 1574 1140 honore
2193 1083 2332 1139 Pace
2363 1081 2552 1140 fruens
2581 1087 2636 1137 et
2661 1099 2798 1153 pace
2829 1083 3014 1138 nitens
3041 1083 3144 1138 sub
3179 1099 3312 1154 pace
3335 1082 3595 1154 quiescit.

457 1183 604 1237 Scita
634 1181 802 1246 dicat,
832 1179 925 1251 pia
951 1185 1092 1233 tecta
1127 1177 1292 1242 levat,
1321 1176 1564 1247 collapsa
1598 1176 1882 1241 reformat,
2194 1174 2397 1245 Ordine
2425 1175 2614 1230 divino
2647 1174 2964 1230 Bonifacius
2992 1175 3121 1229 inde
3151 1182 3373 1230 secutus

457 1271 712 1326 Divinum
742 1268 943 1324 attollit
971 1268 1251 1332 columen,
1275 1281 1431 1321 sacra
1453 1265 1580 1334 jura
1610 1272 1882 1330 venustat,
2194 1263 2475 1318 Succurrit
2504 1263 2674 1330 clero,
2706 1263 2872 1318 solvit
2902 1263 3063 1318 famis
3094 1270 3258 1334 atque
3290 1264 3500 1335 periclo

457 1366 523 1418 At
543 1367 734 1419 censet
761 1361 897 1418 solis
923 1358 1185 1432 mysteria
1214 1357 1430 1432 agenda
1468 1357 1708 1413 sacellis.
2192 1355 2496 1411 Mercurius
2527 1365 2651 1426 post
2683 1356 2831 1410 hunc
2859 1356 3081 1428 supplet
3111 1356 3232 1411 loca
3257 1372 3413 1411 sacra
3439 1357 3685 1428 piorum.

1951 1495 2163 1551 CAPUT
2205 1495 2322 1552 XII.

1366 1617 1445 1677 De
1473 1617 1702 1677 sanctis
1733 1616 2010 1694 Agapito,
2049 1614 2400 1675 Cassiodoro
2435 1625 2616 1692 atque
2656 1617 2898 1693 Vigilio.

466 1772 601 1828 lline
631 1771 755 1843 pius
783 1769 1046 1845 Agapitus
1078 1773 1338 1841 congesta
1368 1766 1632 1842 ligamina
1659 1765 1885 1836 rumpit,
2127 1771 2178 1838 Β
2203 1766 2336 1821 Huic
2365 1766 2622 1836 prmsulta
2653 1767 2837 1824 favore
2865 1767 3086 1824 Patrum
3122 1768 3341 1842 delegat
3360 1776 3565 1825 arator.

464 1861 840 1933 Conciliatque
862 1875 1109 1934 gregem,
1143 1859 1449 1912 vinctorum
1481 1855 1702 1926 pondus
1742 1855 1947 1921 adurit,
2201 1857 2628 1912 Praedecessoris
2660 1867 2824 1914 notus
2851 1858 3002 1914 furor
3031 1861 3177 1915 hunc
3217 1876 3440 1932 quoque
3471 1860 3652 1925 vellit,

467 1956 837 2026 Errantesque
863 1953 1075 2008 reducit
1097 1968 1248 2019 oves,
1275 1959 1329 2006 et
1360 1957 1519 2022 pacat
1547 1950 1712 2014 ovile,
2081 1951 2089 1959 '
2199 1947 2649 2021 Sceptriferoque
2673 1951 2852 2023 agitur
2875 1949 3030 2017 jusso
3058 1964 3316 2004 revocare
3337 1948 3696 2020 chelydrum,

465 2045 649 2116 Pergit
674 2051 728 2099 et
756 2045 822 2098 ad
859 2044 1069 2110 Graios,
1101 2058 1292 2113 pacem
1323 2055 1546 2111 quoque
1576 2039 1804 2111 regibus
1834 2038 2023 2104 aﬂert;
2202 2040 2427 2095 inmiis
2455 2042 2685 2096 vetitum
2719 2041 2974 2096 Patribus
3002 2041 3280 2096 maculare
3309 2041 3597 2105 sacellum,

468 2134 745 2204 Exceptus
775 2132 878 2186 sub
912 2133 1122 2187 honore
1147 2130 1237 2201 pio
1263 2129 1452 2184 divina
1480 2128 1812 2198 frequentat,
2203 2131 2622 2203 Praecipitisque
2647 2132 2758 2187 oris
2784 2133 3104 2203 persolvere
3137 2139 3296 2203 pacta
3328 2141 3580 2204 rogatur;

467 2233 782 2288 Restituens
809 2246 1033 2305 gressus
1061 2229 1284 2296 claudo,
1313 2228 1407 2282 dat
1437 2226 1640 2282 famina
1671 2233 1848 2290 muto,
2202 2228 2297 2282 llle
2334 2234 2520 2301 negat,
2551 2227 2892 2300 stultumque
2921 2234 3074 2283 notat
3102 2243 3180 2294 se,
3211 2243 3274 2282 ac
3304 2227 3536 2298 pmnitet
3556 2227 3733 2292 orsis,

465 2327 769 2393 Augustum
805 2319 1143 2393 aggreditur,
1174 2317 1397 2389 pietatis
1426 2315 1616 2370 munia
1642 2320 1857 2376 tractat.
2199 2319 2380 2388 Seque
2417 2325 2604 2372 tenere
2635 2317 2784 2372 vices
2809 2317 3080 2384 meminit,
3122 2316 3379 2388 Petrique
3407 2315 3762 2382 cathedram,

465 2417 660 2490 Arguit
691 2432 960 2480 errorem,
1003 2414 1200 2470 temnit
1229 2412 1492 2468 terrentia
1518 2426 1710 2485 regna,
2199 2407 2578 2479 lllajorumque
2613 2406 2810 2478 probat
2833 2407 2984 2480 leges
3004 2415 3060 2461 et
3090 2406 3316 2462 roborat
3341 2411 3496 2460 actus
3526 2422 3540 2458 :

467 2505 688 2559 Dissicit
713 2511 768 2559 et
794 2503 1044 2566 nebulas,
1073 2510 1128 2556 et
1160 2501 1370 2556 fraudis
1401 2506 1594 2570 Operta
1629 2495 1852 2552 revelat.
2201 2497 2438 2568 Insurgit
2468 2495 2766 2550 furibunda
2785 2511 3003 2563 manus,
3037 2495 3176 2568 petit
3205 2494 3341 2550 ultio
3366 2494 3566 2550 durum

465 2593 624 2663 Ejicit
649 2599 703 2647 et
738 2591 909 2647 sacris
939 2590 1250 2653 colubrum,
1294 2589 1651 2661 tenebrisgue
1674 2586 1955 2655 jacentem
2203 2590 2261 2644 In
2304 2597 2459 2660 patre
2481 2596 2794 2660 patronum,
2825 2587 3015 2643 lavicis
3045 2587 3296 2659 culpatur
3319 2594 3374 2642 ct
3404 2596 3598 2642 auctor

468 2680 703 2753 Detegit,
733 2686 788 2734 et
815 2679 936 2733 diro
966 2678 1194 2732 mundat
1223 2676 1454 2732 delubra
1477 2690 1726 2741 νοηεηος
2172 2727 2177 2735 .
2205 2683 2468 2739 Lethiferi
2508 2683 2759 2748 sceleris,
2791 2681 3031 2753 ducique
3065 2681 3120 2735 in
3149 2680 3354 2751 judicis
3381 2696 3477 2736 ora

468 2773 630 2826 Plebs
662 2777 893 2843 purgata
926 2770 1108 2835 nitet”
1141 2769 1394 2842 gaudens
1424 2768 1706 2839 Augustus
1751 2765 2018 2820 honorem
2205 2776 2552 2847 Praecipitur,
2587 2776 2737 2831 solus
2768 2782 2955 2831 teneat
2985 2774 3090 2829 nisi
3117 2773 3311 2829 Petrus
3335 2773 3649 2842 alumnum,

472 2862 665 2930 Delie“
691 2861 979 2927 θκίηιίυῐην
1007 2860 1238 2932 vestigia
1259 2874 1464 2929 Pronus
1493 2860 1686 2912 3‘10"“
2208 2864 2435 2919 Caeciliae
2461 2865 2722 2920 inventus
2747 2864 2921 2935 septis
2946 2863 3085 2918 dans
3111 2879 3342 2917 munera
3369 2861 3544 2932 plebi,

474 2950 668 3014 Patris,
699 2959 754 3004 et
775 2947 1004 3018 expulsa
1048 2949 1225 3002 almus
1252 2963 1389 3018 apex
1414 2947 1486 3000 ita
1515 2945 1678 3000 sorde
1707 2943 1998 3025 sacratum}

2206 2957 2268 3012 Et
2299 2965 2484 3012 tentus
2522 2958 2756 3029 cymbae,
2787 2956 3110 3028 Tiberisque
3143 2953 3443 3026 appellitur
3468 2952 3663 3018 undis,

472 3042 619 3113 Papa
651 3041 824 3112 petita
857 3047 1026 3105 tenet,
1061 3040 1340 3110 rebusque
1371 3038 1593 3105 ad,vota
1624 3036 1882 3102 redactis,

2209 3048 2341 3103 lnde
2362 3047 2544 3103 ferens
2567 3048 2774 3119 p0pulo
2797 3047 3093 3102 benedicta
3123 3047 3232 3102 huc
3261 3061 3437 3116 usque
3455 3043 3745 3116 sequenti,

471 3095 765 3187 Εηςθτίὶδῐη
798 3148 902 3203 Pax
921 3147 1136 3186 summa
1163 3095 1294 3204 leg-it
1323 3145 1661 3200 componere
1693 3129 1919 3195 Ῑιιεῑεῐην
2125 3095 2176 3165 C
2207 3137 2529 3209 Opprobriis
2558 3095 2851 3192 maledicta
2881 3136 3046 3208 capit,
3076 3151 3178 3208 pro
3207 3095 3620 3208 pacejduellum

470 3223 538 3277 Et
560 3223 787 3278 Romam
807 3221 1057 3276 referunt
1085 3220 1333 3275 victricia
1357 3219 1603 3274 membra
1630 3219 1990 3289 triumphum.
2209 3226 2444 3293 Invenit,
2476 3226 2761 3299 egreditur
2790 3225 2954 3297 vulgo
2981 3241 3240 3296 perversa
3266 3223 3546 3288 frementi,

473 3315 710 3370 Prmsule
737 3329 848 3385 quo
873 3313 1232 3369 Cassiodorus
1259 3312 1558 3384 splendore
1593 3317 1837 3378 senator,
2209 3315 2383 3371 Patris
2407 3325 2683 3371 amatores
2702 3315 3036 3379 comitantur
3054 3322 3207 3386 terga
3232 3320 3511 3368 secantem

477 3403 736 3458 Servitiis
765 3403 903 3477 Agni
936 3419 994 3457 se
1024 3403 1293 3470 subdens,
1326 3403 1584 3476 dogmata
1615 3402 1760 3456 clara
2210 3406 2505 3474 Fluminis,
2537 3414 2704 3477 atque
2732 3405 2832 3460 sali
2857 3405 3202 3459 Catinensem
3229 3402 3458 3458 actusin
3487 3401 3687 3457 urbem

476 3495 701 3549 Devotis
729 3494 1028 3560 adhibens,
1063 3495 1282 3549 Davidis
1303 3495 1545 3549 carmina
1581 3501 1794 3560 tractat,
2211 3500 2447 3555 Tradere
2462 3498 2714 3567 subjecto
2736 3498 2939 3554 fruitur
2967 3496 3299 3552 charismata
3330 3495 3499 3550 clero.

476 3582 796 3639 Clarificans
829 3599 1032 3655 supero
1068 3584 1634 3656 modulatajpoemata
1662 3582 1866 3648 nablo;
2214 3591 2348 3645 Inde
2379 3590 2624 3663 religatis
2653 3589 2794 3643 diva;
2824 3587 3150 3643 custodibus
3175 3584 3337 3651 aulae,

477 3676 879 3748 lllustransque
909 3676 1028 3746 pias
1055 3676 1242 3731 divino
1275 3676 1487 3730 lumine
1519 3685 1744 3730 turmas.
2212 3683 2390 3753 Atque
2409 3679 2564 3754 gregi
2597 3679 2846 3749 patribus
2876 3676 3156 3732 minitanti
3193 3693 3252 3732 se
3294 3675 3498 3748 ingerit
3526 3674 3656 3731 urbi

469 3766 681 3822 Attollit
710 3766 934 3838 gemino
962 3773 1294 3837 mentesque
1331 3773 1387 3820 et
1416 3781 1648 3835 corpora
1679 3763 1816 3818 fotu.
2212 3771 2370 3825 Plebs
2397 3771 2595 3826 devota
2613 3775 2822 3840 patrem
2850 3767 3018 3839 capit,
3037 3783 3101 3822 ac
3123 3782 3386 3837 proceres
3403 3764 3519 3819 fera
3542 3763 3834 3822 mandant;

468 3858 734 3913 Silvcrius
765 3859 884 3913 sine
917 3873 1071 3914 more
1105 3858 1278 3930 gradu
1309 3857 1659 3929 perfungitur
1686 3855 1796 3910 alto
2210 3859 2450 3923 Quaestio
2487 3860 2626 3914 dura
2656 3857 2827 3924 subit,
2860 3856 3094 3911 trahitur
3131 3855 3410 3910 contentio
3441 3854 3700 3928 longum,

471 3947 556 4011 Et,
579 3946 729 4001 clero
759 3946 1042 4012 obstricto,
1077 3946 1300 4017 rapiunt
1325 3961 1448 4001 mox
1473 3946 1581 3999 fata
1606 3955 1921 4016 tyrannum,
2209 3949 2272 4003 Et
2301 3948 2417 4003 rixa
2437 3948 2694 4020 geminus
2715 3947 2806 4002 tali
2827 3945 3175 4002 consumitur
3203 3960 3403 4011 annus,

475 4039 622 4093 Bella
651 4048 834 4094 terunt
865 4040 1119 4110 patriam,
1154 4041 1323 4094 Roma
1355 4039 1648 4094 obsidione
1681 4045 1957 4111 gravatur,
2207 4043 2380 4114 lmpia
2402 4052 2620 4114 sceptra
2647 4049 2868 4110 notans,
2897 4058 3053 4096 saevae
3083 4038 3510 4113 paterimproba
3539 4041 3696 4096 vultu

475 4133 658 4208 Surgit
688 4134 810 4187 dira
832 4133 1024 4200 fames,
1058 4134 1231 4202 pestis
1251 4140 1545 4205 grassatur.
1581 4139 1634 4186 et
1664 4132 1834 4200 ensis,
2206 4131 2382 4186 Sumit
2413 4131 2582 4203 flagra
2609 4147 2798 4198 manu,
2831 4131 2948 4186 miti
2983 4129 3227 4185 convitia
3254 4137 3462 4196 mente,

479 4225 537 4278 Ui
572 4225 770 4297 stragis
790 4224 924 4279 satis
946 4232 1221 4292 exactum,
1244 4225 1380 4295 petit
1406 4225 1540 4280 ultio
1569 4240 1788 4295 papam.
2206 4225 2341 4279 llinc
2370 4225 2614 4279 subeunt
2642 4223 2884 4292 majora:
2926 4223 3033 4295 piis
3054 4223 3307 4278 avellitur
3340 4222 3482 4288 aris;

473 4321 537 4372 At
563 4318 880 4388 tirinusjam
902 4319 1037 4372 sedc
1070 4318 1212 4373 Petri
1241 4317 1500 4373 robustus
1529 4333 1765 4390 agonem
2203 4315 2353 4369 Colla
2388 4315 2523 4386 ligat
2549 4313 2697 4368 funis
2717 4313 2920 4384 passim
2939 4311 3255 4383 spectacula
3285 4310 3501 4377 dantis;

478 4407 708 4479 Excipit,
750 4409 1090 4483 Augustique
1119 4408 1411 4480 lcgitstare
1445 4408 1642 4462 obvius
1664 4407 1770 4474 ori,
2128 4470 2178 4483 ﬁ
2205 4409 2431 4465 Solvere
2463 4415 2792 4464 consuetum
2825 4414 3011 4478 stupet
3032 4407 3165 4462 urbs
3189 4405 3472 4478 pavefacto
3500 4405 3766 4478 ligatum;

476 4470 704 4556 Dein-de
731 4470 865 4556 suis:
898 4470 1116 4572 pulsum
1170 4470 1315 4556 haud
1370 4470 1775 4556 redhibendum
1827 4470 2185 4556 muenibusD
2207 4499 2431 4554 Solvere
2465 4498 2734 4554 latronem
2765 4470 3030 4563 renuens,
3064 4505 3124 4551 ut
3155 4470 3313 4561 latro,
3338 4470 3572 4568 ligatur}.

1752 4593 2033 4668 [anguem,
2208 4589 2474 4664 Mergitur
2503 4589 2559 4643 in
2589 4589 2869 4657 tenebras,
2903 4604 3180 4660 parceque
3221 4587 3394 4642 diaria
3416 4586 3592 4641 fertur

476 4679 629 4735 Unde
669 4679 828 4736 dolos
859 4681 1197 4753 laqueosque
1227 4681 1396 4752 subit,
1431 4699 1598 4754 quem
1630 4681 1824 4737 fraude
1862 4688 2109 4753 potestas
2209 4682 2372 4738 Panis
2410 4697 2639 4754 parvum
2669 4687 2723 4738 et
2748 4697 2937 4753 aquae;
2965 4687 3258 4752 reputatse
3296 4680 3464 4752 digna
3488 4680 3730 4745 subisse,

470 4767 675 4836 Afﬁcit,
705 4776 902 4824 ornatu
937 4769 1138 4840 privat.
1169 4771 1290 4824 sine
1310 4771 1434 4839 jure
1471 4771 1682 4845 fatigat.
2209 4779 2283 4834 Ac
2309 4777 2467 4834 reddi
2494 4777 2710 4833 meritis
2737 4776 3017 4832 consentit
3046 4775 3234 4831 debita
3262 4773 3440 4837 factis,

473 4860 872 4932 Extorremque
905 4861 1080 4934 fugat,
1114 4862 1607 4934 conlessoremque
1637 4869 1898 4928 coronat;

2208 4871 2412 4928 Exsilio
2449 4873 2631 4930 clerus
2656 4872 2873 4937 teritur,
2915 4871 3230 4943 mulctaque
3257 4886 3478 4928 reorum

474 4951 648 5020 llujus
669 4956 726 5007 et
753 4953 821 5006 ad
849 4952 1092 5007 tumbam
1121 4953 1333 5008 morbis
1358 4952 1619 5024 vitiisque
1652 4954 1890 5024 repulsis
2206 4959 2476 5017 Afﬁcitur.
2499 4960 2622 5016 Mox
2650 4976 2811 5034 aequa
2836 4969 3046 5016 trucem
3074 4960 3224 5015 subit
3255 4959 3394 5016 ultio
3421 4966 3647 5033 gentem
3677 4977 3690 5015 :

470 5048 823 5118 Assumptum
847 5049 1003 5104 cmlis
1032 5048 1224 5119 pandit
1262 5049 1387 5103 data
1415 5049 1591 5121 gloria
1613 5051 1792 5104 terris.
2207 5052 2496 5107 Barbaries
2524 5050 2753 5122 gnimica
2776 5065 2941 5106 ruens
2961 5049 3106 5106 ferro
3134 5049 3354 5105 obsidet
3382 5049 3578 5104 urbem
3601 5067 3614 5105 :

469 5138 715 5210 Depositi
740 5141 1011 5215 regimen,
1035 5149 1351 5212 sortemque
1383 5140 1616 5214 Vigilius
1644 5141 1832 5208 intrat,
2208 5141 2366 5196 Peste
2391 5141 2570 5212 quatit
2598 5140 2779 5205 famis,
2811 5140 3052 5194 immites
3085 5139 3149 5195 ad
3183 5139 3301 5194 dira
3324 5146 3549 5194 coercet

469 5229 686 5284 Arridet
717 5245 821 5299 pax
855 5229 1147 5300 Hesperiae,
1177 5239 1339 5299 capto
1368 5229 1525 5284 hoste
1559 5229 1863 5300 triumphat
2210 5233 2424 5288 luvadit
2445 5247 2669 5304 quoque
2699 5233 2965 5303 privatam
2991 5232 3266 5287 solamine
3295 5229 3542 5302 plebem,

473 5318 629 5386 Urbs,
663 5320 969 5392 Africaeque
1002 5321 1164 5376 dolus
1195 5321 1360 5392 prisci
1393 5321 1487 5375 dat
1519 5321 1928 5391 regminajuris
2209 5322 2316 5376 Sed
2350 5322 2494 5376 Petri
2524 5338 2786 5377 mucrone
2813 5322 2972 5390 jubet
3011 5321 3321 5376 reverentia
3349 5321 3523 5392 parci.

471 5411 697 5465 Munera
721 5413 885 5466 tutori
920 5412 1223 5482 spoliorum
1257 5413 1430 5485 gloria
1459 5413 1616 5468 Petro
1642 5431 1654 5466 :
2209 5413 2488 5487 Effugiunt
2520 5414 2727 5481 Patres,
2751 5415 3099 5485 desolatique
3129 5429 3383 5469 sororem

473 5503 602 5556 Lata
626 5503 750 5572 Opis
785 5503 1048 5577 indignis,
1081 5505 1276 5559 solatia
1305 5522 1476 5576 prona
1508 5505 1778 5571 feruntur,
2209 5507 2328 5561 Rite
2359 5515 2552 5577 petunt
2580 5508 2790 5574 matris,
2823 5506 3164 5578 quaesitaque
3199 5505 3371 5560 fulcra
3402 5512 3710 5576 reportant.

468 5593 645 5663 Atque
676 5591 770 5645 Dei
806 5591 992 5646 famuli
1027 5594 1174 5648 dono
1210 5594 1425 5662 pietatis
1457 5594 1720 5660 aluntur;
2208 5595 2498 5651 lllittituret
2527 5597 2779 5665 Romam,
2809 5597 3090 5650 salvantur
3112 5595 3187 5664 ab
3211 5596 3366 5650 hoste
3397 5593 3661 5660 Quirites,

473 5684 774 5738 Stemmata
795 5686 1081 5754 apostolici
1111 5688 1428 5742 certaminis
1459 5695 1621 5758 atque
1657 5688 1918 5760 triumphi
2207 5688 2548 5759 Salvatique,
2579 5689 2752 5760 patris
2778 5688 2935 5743 reddi
2967 5689 3073 5743 sibi
3104 5688 3356 5763 regmina
3389 5694 3634 5758 poscunt

472 5771 634 5828 Lucis
658 5780 808 5829 arata
831 5773 995 5843 stylo,
1022 5773 1266 5828 rutilanti
1294 5784 1515 5845 compta
1547 5777 1743 5838 nitore,
2212 5777 2473 5835 Lzetilicat
2501 5779 2675 5851 gestis
2703 5780 3006 5852 Augustum
3036 5777 3211 5849 gloria
3245 5776 3464 5846 palmae,
