3902 6398
107 424 208 479 773
737 426 818 479 DE
858 423 1119 480 CHRISTI
1161 422 1526 479 TRIUMPIIIS
1568 423 1741 478 APUD
1782 422 2050 479 ITALIAM
2100 424 2275 480 LIBRI
2318 424 2450 481 XIV.
2490 455 2556 464 —
2601 424 2724 479 LIB.
2769 425 2829 481 Χ.
3364 424 3466 479 774

108 555 164 607 Et
190 553 362 609 ﬂexus
380 562 612 611 revocat
636 571 857 628 papam,
891 555 1272 627 precibusque
1306 561 1590 626 petentum
1759 563 1811 631 Α
1844 555 2175 621 Deveniens,
2199 554 2463 627 languore
2490 554 2643 628 gravi
2672 553 2819 608 subit
2841 552 3035 609 ultima
3065 551 3182 607 fati.

62 674 68 680 ~
108 647 300 702 Reddit
326 647 621 716 collatum,
648 649 896 721 clerique
917 648 1191 703 lcvamine
1220 648 1436 703 fultum.
1850 652 2085 736 Pignora
2115 653 2352 725 depositi
2386 659 2644 724 repetens
2673 651 2807 707 urbs
2833 651 3001 707 Roma
3024 659 3291 723 receptat.

110 734 201 789 llle
230 736 594 807 Syracusiam
624 737 793 794 sociis
831 738 1125 794 comitatus
1154 739 1210 794 in
1241 740 1435 795 urbem

1601 843 1808 899 CAPUT
1851 846 1989 902 XIII.

832 941 909 1000 De
933 940 1165 1003 duobus
1191 942 1373 1020 Pelag
1386 945 1456 1019 is,
1485 942 1719 1006 Joanne
1748 964 1980 1024 quoque
2009 956 2061 1007 et
2095 946 2406 1008 Benedicto
2439 948 2753 1025 episcopis.

112 1071 376 1144 Pelagius,
407 1073 638 1130 modico
665 1074 886 1130 Patrum
913 1077 1237 1133 moderante
1258 1086 1453 1134 senatu
1844 1080 1896 1135 ls
1925 1088 2116 1136 contra
2157 1081 2398 1137 retinere
2436 1081 2658 1148 ducem,
2694 1080 2925 1135 tutarier
2944 1079 3163 1147 urbem,

110 1162 374 1219 Praamissi
408 1166 638 1220 mulctae
662 1174 954 1237 suspectus
977 1169 1213 1224 crimine
1236 1185 1413 1240 papae,
1842 1171 1995 1225 Pacis
2024 1178 2080 1225 et
2104 1187 2281 1243 usque
2307 1172 2414 1242 pira
2443 1187 2541 1242 pro
2574 1186 2805 1225 munere
2824 1169 2892 1224 ad
2920 1170 3113 1224 ultima
3132 1175 3325 1225 certat.

113 1255 432 1313 Provehitur
454 1259 658 1323 sacris,
687 1275 861 1331 seque
891 1262 1162 1332 approbat
1182 1261 1320 1317 urbe
1333 1269 1522 1317 coacta
1838 1259 1959 1314 Mox
2002 1259 2161 1313 famis
2187 1266 2241 1314 et
2269 1260 2439 1335 gladii
2460 1259 2743 1313 Benedicti
2774 1266 3021 1329 tempora
3042 1266 3328 1330 quassant,

111 1342 432 1412 Innocuum,
465 1356 667 1403 monet
694 1363 759 1404 ac
787 1358 977 1405 censet
1008 1366 1077 1406 ne
1096 1357 1242 1406 sorte
1263 1351 1451 1407 lucelli
1839 1350 2247 1421 Ausoniamque
2278 1358 2461 1405 terunt
2485 1350 2723 1425 gemina:
2755 1348 3076 1404 discrimina
3105 1365 3286 1420 paenae
3320 1366 3333 1405 :

113 1437 237 1501 Quis
255 1445 407 1509 petat
435 1439 707 1496 Ecclesiae
736 1442 978 1507 culmen,
1004 1442 1092 1498 vel
1119 1450 1301 1515 captet
1322 1444 1610 1501 honorem.
1841 1446 1925 1511 At,
1960 1444 2261 1500 miserante
2286 1445 2418 1510 Deo,
2461 1445 2617 1499 Nilus
2642 1444 2841 1501 solatia
2872 1445 3040 1516 legat.

115 1526 343 1584 Ornatus
373 1546 651 1602 reparans
666 1532 798 1600 aris,
821 1531 1385 1606 fundaminatemplis
1845 1538 2103 1611 Pelagius
2129 1541 2276 1595 hunc
2304 1540 2553 1611 sequitur
2578 1540 2775 1612 pelago
2805 1540 2975 1595 moris
2994 1539 3179 1595 obitur
3204 1539 3347 1609 (188)
3381 1558 3397 1606 ;

116 1619 368 1690 Instituit,
414 1620 682 1694 Petrique
710 1638 907 1678 urnam
937 1623 1041 1678 sub
1071 1630 1211 1679 tecta
1241 1626 1500 1696 capessit.
1848 1629 2147 1701 lnsurgunt
2177 1630 2441 1701 equidem
2484 1630 2672 1684 nimiae
2691 1645 2814 1684 cum
2846 1629 3102 1684 cladibus
3132 1629 3295 1683 undae
3320 1647 3335 1697 ;

116 1711 437 1769 Sanctorum
461 1716 722 1788 sequitur
748 1724 1067 1773 restaurans
1092 1718 1251 1772 busta
1278 1719 1545 1785 Joannes,
1847 1718 1983 1772 Hinc
2004 1720 2163 1774 saevis
2193 1720 2375 1794 agitur
2412 1720 2613 1795 gladiis
2643 1719 2799 1787 urbs,
2843 1720 2973 1774 inde
3006 1720 3290 1791 procellis,

118 1800 240 1864 Quae
276 1818 417 1873 puro
450 1806 589 1860 colit
616 1804 841 1875 aﬂ‘ectu,
872 1814 1166 1862 veneratur
1196 1808 1428 1874 honore,
1847 1805 2109 1870 Diluvies,
2130 1809 2408 1880 primique
2442 1816 2632 1879 putata
2663 1808 2908 1878 pericula
2936 1809 3110 1876 saecli,

122 1890 387 1961 lmpensis
407 1894 779 1962 ornat,dicat,
812 1904 868 1952 et
906 1913 1018 1953 non
1048 1897 1265 1971 integra
1285 1898 1526 1969 supplet.
1772 1962 1815 1971 ﬁ
1848 1893 2076 1951 Comere
2102 1913 2213 1969 quo
2244 1897 2414 1951 valuit
2444 1913 2549 1952 nec
2578 1898 2790 1953 destitit
2819 1898 2962 1952 alma
2989 1899 3188 1954 decore
3224 1917 3238 1963 ;

122 1977 375 2036 llostibus
405 1985 933 2056 Oppressis,patria:
960 1962 1258 2060 tranquilla
1280 1962 1532 2044 fer-untur
1768 1962 1820 2030 Β
1847 1986 1940 2043 Hic
1964 1962 2313 2062 pater-alque
2332 1990 2472 2044 Petri
2504 1998 2736 2063 argento
2769 1990 3145 2046 circumdatet
3176 1962 3309 2046 auro

122 2071 364 2146 Ingratte,
387 2093 516 2149 qua:
550 2078 760 2149 pellere
777 2076 953 2152 'Opem
985 2089 1214 2139 ventosa
1236 2082 1468 2150 laborat,
1852 2082 2175 2154 Relliquias,
2209 2082 2443 2152 aliisque
2474 2088 2628 2151 parat
2658 2081 2746 2151 pia
2777 2080 2939 2136 xenia
2969 2082 3208 2153 templis.

1609 2230 1817 2285 CAPUT
1866 2230 1994 2284 XIV.

1214 2334 1292 2394 De
1315 2334 1522 2394 sancto
1550 2332 1831 2408 Gregorio
1867 2340 1919 2390 et
1950 2332 2235 2406 omnibus
2263 2332 2413 2409 ejus.

126 2463 322 2535 Inclyta
361 2466 616 2541 Gregorii
638 2467 884 2525 subeunt
906 2471 1037 2527 hinc
1064 2472 1327 2540 culmina,
1361 2463 1537 2529 caulis
1852 2474 2144 2528 Personam
2176 2489 2493 2544 nomenque
2524 2483 2716 2547 rogat;
2750 2482 2915 2549 negat
2946 2474 3037 2531 ille
3075 2484 3267 2532 notare
3366 2516 3371 2519 -

127 2559 485 2634 Excubiisque
517 2564 706 2637 gregis
735 2570 920 2620 custos
949 2566 1042 2637 qui
1084 2566 1314 2641 pervigil
1335 2567 1569 2635 instans,
1851 2564 2099 2618 Nominis
2126 2565 2415 2630 indicium,
2447 2565 2688 2635 prodens
2716 2566 2771 2620 id
2807 2583 3062 2637 premere
3091 2568 3289 2623 mirum

126 2655 265 2710 Actis
286 2664 453 2729 atque
494 2658 641 2713 orsis
670 2659 871 2733 agitad
903 2661 1150 2716 coelestia
1182 2671 1390 2733 pastos,
1851 2657 1921 2710 Se
1946 2657 2204 2711 eductum
2238 2656 2355 2711 fore
2385 2658 2670 2730 naufragio
2696 2659 2785 2712 cui
2818 2676 3050 2714 munera
3074 2661 3223 2715 vasis

126 2745 165 2798 Α
191 2762 360 2816 puero
386 2748 597 2817 justus,
628 2749 898 2817 renitens,
925 2757 978 2805 et
1007 2753 1277 2827 sanguine
1302 2753 1517 2807 clarus:
1854 2746 2176 2814 Contulerit,
2209 2749 2313 2801 sibi
2344 2748 2551 2819 legarat
2573 2750 2722 2820 quod
2753 2751 2922 2806 Silvia
2952 2759 3148 2819 mater,

126 2835 398 2906 Approbat
426 2839 536 2894 hoc
558 2846 748 2894 atavus
780 2839 947 2907 Felix,
993 2842 1301 2913 amitaeque
1325 2842 1499 2897 beatae
1855 2837 2025 2908 quue
2059 2838 2259 2892 habeat
2285 2846 2497 2893 certum
2530 2839 2690 2893 sedes
2707 2856 2766 2893 se
2799 2840 3050 2913 regmina
3077 2840 3220 2896 Petri

124 2926 365 2996 Tarsilla,
400 2931 674 2986 Emiliana
703 2948 883 2999 soror,
905 2950 1052 3005 quae,
1084 2942 1269 2990 mente
1298 2935 1517 3003 dicatae,
1853 2929 2238 3000 Sumpturum,
2268 2930 2347 2985 sic
2378 2931 2694 3001 depositum
2725 2933 3103 2988 moderamine
3119 2950 3335 2990 summo

130 3016 451 3090 Augmentis
477 3036 707 3077 crevere
738 3023 845 3093 piis
876 3023 929 3077 in
971 3040 1159 3079 amore
1179 3023 1461 3092 Tonantis,
1774 3072 1819 3097 η
1853 3021 2169 3077 leicolam
2202 3038 2425 3094 quoque
2456 3040 2515 3077 se
2566 3024 2781 3094 pandit,
2816 3024 3178 3095 perhibetque
3219 3042 3477 3097 pavorem

209 3072 242 3090 Θ
318 3072 445 3075 "w"
484 3072 527 3076 ‘7
550 3072 567 3076 '
591 3072 597 3075 '
621 3072 702 3077 "'
740 3072 842 3093 l'"'
877 3072 929 3077 ““”
972 3072 1157 3079 "'""'
1189 3072 1461 3092 "'"""""7
1863 3072 2169 3077 """"""'
2206 3072 2424 3094 1"1“
2456 3072 2512 3077 "'
2566 3072 2781 3094 Γ“”““““’1
2816 3072 3177 3095 r"'""""1"'
3219 3072 3248 3097 Γ

133 3107 362 3181 Corpore
392 3112 525 3168 dum
557 3113 717 3167 terris
744 3114 1035 3189 degentes,
1053 3124 1277 3187 pectora
1306 3117 1465 3172 cmlis
1771 3072 1823 3141 Ο
1854 3115 2077 3169 Attoniti
2136 3130 2446 3169 memorans
2467 3115 2589 3183 ejus
2625 3131 2685 3169 se
2718 3115 2785 3169 ad
2814 3115 3000 3175 munia
3021 3116 3248 3171 missum

134 3199 426 3257 Intulerant
458 3220 473 3269 ;
503 3202 666 3258 titulo
688 3219 917 3275 quarum
938 3204 1165 3261 Tarsilla
1186 3207 1390 3278 priore,
1856 3203 2169 3271 Custodem,
2195 3215 2357 3277 atque
2377 3222 2601 3276 precum
2615 3206 2866 3277 gerulum
2886 3222 3054 3275 super
3066 3215 3208 3261 astra
3232 3223 3478 3264 suarum.

133 3289 254 3355 Quae
284 3294 543 3349 comebat
575 3295 701 3363 iter,
734 3296 912 3351 Felice
939 3305 1191 3365 vocante,
1226 3313 1470 3368 superna
1856 3296 2087 3351 Lubrica
2112 3297 2192 3350 sic
2221 3296 2411 3349 mundi
2445 3296 2841 3351 transcendens
2867 3296 3067 3370 gaudia
3107 3299 3338 3353 summis

134 3382 268 3439 Luce
289 3386 518 3442 domum
544 3388 760 3442 rutilam
791 3388 943 3460 prior
964 3391 1165 3461 accipit
1191 3408 1206 3458 ;
1239 3390 1613 3446 arbiterorbis
1854 3387 2064 3442 Attollit
2094 3395 2334 3441 mentem
2371 3385 2561 3451 radiis,
2594 3386 2712 3439 sola
2743 3393 2991 3441 temnere
3024 3397 3336 3458 promptus,

135 3474 310 3532 Visere
337 3479 671 3551 migrantem
702 3497 866 3552 quam
894 3497 1005 3537 non
1037 3483 1346 3538 contemnit
1373 3483 1558 3550 Jesus,
1857 3477 2045 3532 Solum
2078 3476 2273 3530 ardere
2315 3476 2508 3539 Deum,
2533 3475 2747 3530 meritis
2776 3475 3062 3547 acquirere
3084 3477 3308 3543 caelum,

136 3568 297 3632 Quem
329 3572 510 3628 solum
539 3574 657 3630 hzec
687 3575 916 3647 capiens
939 3582 1181 3632 astantes
1210 3577 1406 3632 cedere
1437 3576 1681 3642 mandat,
1860 3567 2034 3640 thue
2058 3567 2633 3639 patelSibimiSSRFum
2660 3568 2951 3639 Ρθτοοῐιείο
2985 3585 3191 3634 rerum,

137 3658 283 3715 Hunc
309 3677 483 3733 super
503 3670 650 3717 astra
675 3680 940 3736 sequens,
969 3667 1273 3721 vincimina
1330 3673 1511 3739 terrea
1538 3665 1752 3721 transit.
1857 3663 2111 3718 Notilicat
2139 3663 2271 3734 quid
2303 3672 2487 3717 mente
2519 3670 2695 3734 gerat,
2731 3678 3079 3734 quaecunque
3110 3663 3361 3718 latebant

137 3750 422 3809 Nectareus
453 3761 688 3809 testatur
716 3757 854 3812 odor
884 3758 1103 3813 venisse
1144 3759 1358 3829 piarum
1861 3753 2032 3808 Corde
2063 3752 2235 3823 aperti
2270 3768 2432 3823 ;qure
2465 3767 2601 3805 vana
2624 3758 2776 3805 tenet
2807 3750 3011 3821 pietate
3044 3751 3295 3817 remittit,

142 3845 379 3904 Latorem
401 3851 633 3923 dapium
658 3852 902 3923 paradisi
936 3868 1167 3907 munere
1201 3852 1453 3923 plenum,
1861 3844 2108 3899 Cultihus
2136 3852 2300 3916 atque
2333 3844 2504 3898 sacris
2534 3842 2756 3908 subicit,
2790 3841 3020 3912 largitur
3049 3842 3268 3915 egenis,

140 3936 232 4001 Qui
264 3938 418 4011 digni
443 3939 782 4013 fragrantem
814 3941 999 4011 operis
1019 3941 1313 4013 spargebat
1338 3940 1565 3995 odorem
1596 3957 1610 4007 ;
1863 3934 2095 4004 Ipseque
2128 3933 2304 3987 factus
2332 3948 2504 4005 egens
2533 3931 2805 3986 Christum
2836 3936 3079 3984 sectatur
3100 3945 3334 4002 egenum
3363 3947 3377 3996 ;

140 4030 260 4084 Acta
285 4046 410 4086 caro
439 4032 561 4102 ipsa
580 4040 735 4087 notat
772 4032 997 4099 cubitis,
1028 4033 1380 4107 genibusque
1407 4031 1649 4086 retectis.
1859 4023 2179 4093 Militizeque
2212 4022 2399 4078 locans
2429 4031 2558 4092 apto
2587 4020 2707 4075 caeli
2740 4021 2937 4075 ordine
2969 4026 3195 4084 turmas,

143 4117 379 4174 Luminis
411 4121 561 4175 haud
594 4120 818 4196 longum
856 4121 1094 4175 invitans
1124 4121 1192 4175 ad
1217 4120 1354 4175 festa
1380 4136 1649 4184 sororem,
1864 4113 2136 4183 Disponit,
2156 4111 2324 4178 fovet.
2356 4118 2594 4177 exercet.
2625 4110 2964 4176 mOJel‘alur,
2996 4109 3225 4163 adornat
3255 4124 3269 4173 ἶ

144 4208 401 4265 Terrenas
429 4217 678 4266 removet
702 4227 883 4279 curas,
908 4211 1185 4266 consortia
1213 4210 1472 4281 spondet,
1864 4206 2008 4260 Inter
2034 4214 2089 4261 et
2114 4213 2329 4260 exertos
2360 4214 2579 4260 exertus
2594 4205 2775 4259 vibrat
2803 4219 3059 4276 agonem,

146 4300 313 4359 Laitos
337 4304 510 4377 inque
537 4305 759 4371 choros,
793 4306 1032 4377 caelique
1054 4305 1107 4358 in
1140 4304 1344 4378 gaudia
1372 4304 1549 4358 ducit.
1861 4295 2124 4368 Tegmine
2149 4312 2273 4350 nam
2299 4296 2503 4350 trabeae
2536 4294 2711 4366 posito
2742 4293 3088 4367 gemmisque
3110 4289 3378 4356 coruscis,

146 4391 379 4451 Stemma
400 4397 580 4468 nepos
609 4396 831 4472 generis
862 4395 1143 4450 decoravit
1172 4394 1420 4449 moribus
1453 4392 1633 4460 almis,
1775 4422 1834 4491 Β
1862 4390 2108 4460 Paupere
2134 4389 2451 4459 squalentes
2482 4388 2671 4442 habitu
2732 4402 2841 4441 non
2875 4385 3062 4439 horret
3089 4382 3324 4481 amictus
3353 4398 3367 4447 ;

149 4484 336 4543 Extulit
358 4471 626 4561 ingeniis,
652 4488 853 4543 studiis
884 4486 1106 4545 excudit
1129 4486 1351 4558 epimis.
1775 4471 1832 4491 "
1864 4480 2211 4550 Pauperibus
2238 4477 2437 4532 Christi
2465 4478 2603 4548 quin
2632 4491 2844 4548 pauper
2869 4481 2923 4528 et
2944 4474 3061 4545 ipse
3087 4471 3361 4527 ministrat
3398 4488 3411 4525 :

150 4575 464 4652 Gregorium
490 4575 760 4650 juvenem
776 4587 1026 4635 materna
1047 4578 1329 4653 legumina
1357 4576 1600 4631 alebant.
1864 4574 2133 4629 Virtutum
2158 4572 2426 4643 locuples,
2468 4569 2743 4640 sapientia
2772 4567 2859 4623 cui
2887 4567 3041 4639 prior
3064 4580 3223 4633 auro,

150 4669 251 4727 Nec
279 4674 490 4729 mollita
511 4674 671 4740 locis,
693 4673 860 4729 modo
890 4688 1082 4744 sparsa
1106 4670 1446 4743 liquentibus
1467 4668 1652 4723 undis.
1866 4663 2118 4718 Culmina
2134 4663 2394 4718 virtutum
2436 4659 2681 4730 lapidum
2711 4658 2928 4729 potiora
2946 4656 3151 4721 nitore,

151 4761 424 4839 Quemque
456 4764 851 4821 Charaxantem
883 4765 1051 4819 metes
1079 4762 1369 4817 simulatus
1399 4767 1656 4833 egentem
1866 4756 2047 4811 Gratia
2084 4754 2323 4811 etelestis
2362 4768 2585 4819 census,
2617 4749 3215 4822 habitusque,decore;

151 4850 431 4929 Naufragio
462 4870 740 4928 pressum,
767 4851 1106 4928 aggreditur,
1137 4848 1396 4923 suffragia
1433 4862 1695 4920 poscens,
1867 4847 2059 4901 Omnia
2083 4846 2172 4901 cui
2204 4854 2427 4900 terrena
2447 4843 2657 4915 jacent,
2677 4840 2927 4897 coelestia
2944 4847 3132 4897 mente

154 4941 240 4999 Cui
267 4956 557 5019 postquam
587 4945 786 5001 loculis
808 4952 892 5000 ter
910 4960 1046 5000 sena
1074 4943 1410 4999 numismata
1439 4940 1653 5012 pendit,
1867 4940 1993 4995 Sola
2022 4941 2202 4996 nitent
2233 4957 2247 5005 ;
2281 4939 2425 4993 inter
2462 4953 2586 5009 qua:
2619 4936 2831 4992 lumine
2852 4941 3292 4992 carneatranans

156 5036 369 5094 Instanti
394 5047 452 5095 et
482 5038 741 5111 precibus
769 5037 877 5093 sibi
909 5036 1080 5092 multa
1104 5035 1311 5106 perisse
1341 5032 1620 5106 querenti,
1865 5032 2141 5095 Versatur,
2175 5038 2377 5086 metam
2409 5028 2691 5095 affectans,
2732 5032 2786 5082 et
2811 5025 3037 5098 praemia
3067 5039 3344 5096 quaerens,

155 5128 437 5188 Scutellam
464 5131 679 5198 matris,
713 5130 1075 5205 gerulamque
1100 5126 1400 5203 leguminis
1420 5126 1574 5181 addit
1605 5143 1619 5191 ;
1864 5124 1949 5178 Nil
1979 5131 2259 5179 terrenum
2288 5128 2503 5194 aptans,
2536 5120 2614 5175 nil
2639 5121 2753 5189 jam
2786 5118 3006 5175 carnale
3031 5115 3344 5187 requirens,

156 5219 291 5291 Post,
331 5226 462 5281 dum
496 5204 839 5296 pauperibus
868 5222 955 5277 his
975 5237 1069 5276 sex
1101 5219 1334 5276 obsonia
1364 5217 1493 5273 ferri
1867 5214 1948 5267 Nil
1967 5215 2052 5268 vel
2086 5213 2300 5268 habens
2335 5212 2421 5265 vel
2451 5210 2656 5266 habere
2676 5210 2865 5264 sinens
2890 5224 2987 5262 sua
3017 5212 3175 5276 septa
3201 5204 3485 5270 colentes;

157 5309 398 5387 Pnecipit
425 5312 727 5386 applicitis,
755 5312 933 5368 cernit
962 5326 1225 5382 superare
1250 5311 1531 5373 sedentes,
1868 5305 2020 5359 Unde
2040 5320 2145 5358 nec
2177 5302 2435 5357 immunis
2466 5300 2672 5372 proprii
2705 5299 2750 5353 si
2783 5299 2919 5353 forte
2951 5304 3206 5387 repertus

158 5404 379 5465 Mandati
408 5426 702 5465 numerum
733 5407 932 5480 nequit
952 5416 1237 5478 aspectare
1265 5405 1538 5469 minister,
1867 5396 1999 5461 Quis
2017 5403 2266 5449 servator
2290 5393 2426 5455 abit,
2460 5392 2621 5446 docet
2644 5390 2699 5444 id
2735 5388 3109 5480 paradigmate
3136 5386 3326 5442 Justus

158 5495 247 5559 Qui
269 5508 524 5570 superest
548 5497 722 5567 jussis
737 5477 1029 5553 convivam,
1058 5511 1288 5549 cernere
1314 5494 1465 5549 solus
1868 5487 2083 5540 anuste
2105 5492 2292 5539 custos
2322 5480 2511 5553 Operis
2542 5480 2881 5534 malecautus
2906 5477 3054 5570 avari

159 5568 434 5663 Gregorius
460 5590 625 5659 valet,
658 5590 807 5644 hunc
835 5587 1004 5644 variis
1025 5586 1177 5641 varia
1204 5600 1300 5641 ora
1329 5583 1432 5639 sub
1462 5582 1614 5638 boris
1866 5579 2042 5633 Aurea
2064 5576 2150 5631 cui
2186 5574 2399 5647 peperit
2430 5589 2532 5627 nec
2560 5586 2761 5663 magna
2792 5569 3030 5642 pecunia
3063 5568 3320 5624 mulctam

160 5660 464 5754 Mutantem,
487 5683 717 5757 reliquis
732 5699 898 5755 quem
927 5681 1079 5738 ducit
1097 5681 1152 5736 in
1170 5679 1359 5736 abdita
1387 5678 1572 5734 missis
1605 5696 1621 5747 ;
1864 5667 2274 5738 Τοπεοτιιηίίιιιε
2296 5664 2441 5719 inter
2463 5660 2830 5717 medicamina
2860 5666 3008 5714 ""53
3034 5674 3271 5717 Venena-

228 5827 363 5899 (188)
394 5827 598 5883 Versus
621 5834 932 5899 corruptus.
