  <div class='ocr_page' id='page_1' title='image "/cluster/home/n/w/nwhite01/storage/ocr_20150623/134-135/uc1.31175013627537/907.png"; bbox 0 0 3902 6408; ppageno 0'>
   <div class='ocr_carea' id='block_1_1' title="bbox 385 393 493 447">
    <p class='ocr_par' dir='ltr' id='par_1_1' title="bbox 385 393 493 447">
     <span class='ocr_line' id='line_1_1' title="bbox 385 393 493 447; baseline -0.009 0"><span class='ocrx_word' id='word_1_1' title='bbox 385 393 493 447; x_wconf 76' lang='lat'><strong>775</strong></span> 
     </span>
    </p>
   </div>
   <div class='ocr_carea' id='block_1_2' title="bbox 387 509 1933 591">
    <p class='ocr_par' dir='ltr' id='par_1_2' title="bbox 387 509 1933 591">
     <span class='ocr_line' id='line_1_2' title="bbox 387 509 1933 591; baseline -0.01 -14"><span class='ocrx_word' id='word_1_2' title='bbox 387 523 556 587; x_wconf 86' lang='lat' dir='ltr'>Quem</span> <span class='ocrx_word' id='word_1_3' title='bbox 585 528 742 591; x_wconf 85' lang='lat' dir='ltr'>pater</span> <span class='ocrx_word' id='word_1_4' title='bbox 758 525 979 573; x_wconf 82' lang='lat' dir='ltr'>austero</span> <span class='ocrx_word' id='word_1_5' title='bbox 1007 514 1282 569; x_wconf 91' lang='lat' dir='ltr'>medicum</span> <span class='ocrx_word' id='word_1_6' title='bbox 1313 509 1680 565; x_wconf 84' lang='lat' dir='ltr'>medicamine</span> <span class='ocrx_word' id='word_1_7' title='bbox 1713 524 1933 569; x_wconf 89' lang='lat' dir='ltr'>curans.</span> 
     </span>
    </p>
   </div>
   <div class='ocr_carea' id='block_1_3' title="bbox 388 597 1773 681">
    <p class='ocr_par' dir='ltr' id='par_1_3' title="bbox 388 597 1773 681">
     <span class='ocr_line' id='line_1_3' title="bbox 388 597 1773 681; baseline -0.013 -15"><span class='ocrx_word' id='word_1_8' title='bbox 388 612 625 681; x_wconf 80' lang='lat' dir='ltr'>Corpora</span> <span class='ocrx_word' id='word_1_9' title='bbox 655 604 899 663; x_wconf 76' lang='lat' dir='ltr'>curantis</span> <span class='ocrx_word' id='word_1_10' title='bbox 921 609 1159 657; x_wconf 87' lang='lat' dir='ltr'>mentem</span> <span class='ocrx_word' id='word_1_11' title='bbox 1193 616 1290 671; x_wconf 89' lang='lat' dir='ltr'>per</span> <span class='ocrx_word' id='word_1_12' title='bbox 1313 597 1547 652; x_wconf 90' lang='lat' dir='ltr'>tormina</span> <span class='ocrx_word' id='word_1_13' title='bbox 1575 603 1731 651; x_wconf 86' lang='lat' dir='ltr'>sanat</span> <span class='ocrx_word' id='word_1_14' title='bbox 1759 614 1773 659; x_wconf 89' lang='lat'><strong>;</strong></span> 
     </span>
    </p>
   </div>
   <div class='ocr_carea' id='block_1_4' title="bbox 389 688 1865 773">
    <p class='ocr_par' dir='ltr' id='par_1_4' title="bbox 389 688 1865 773">
     <span class='ocr_line' id='line_1_4' title="bbox 389 688 1865 773; baseline -0.012 -14"><span class='ocrx_word' id='word_1_15' title='bbox 389 703 640 773; x_wconf 90' lang='lat' dir='ltr'>Pumque</span> <span class='ocrx_word' id='word_1_16' title='bbox 672 700 727 754; x_wconf 91' lang='lat' dir='ltr'>in</span> <span class='ocrx_word' id='word_1_17' title='bbox 759 704 935 753; x_wconf 91' lang='lat' dir='ltr'>morte</span> <span class='ocrx_word' id='word_1_18' title='bbox 967 695 1115 758; x_wconf 87' lang='lat' dir='ltr'>ferit,</span> <span class='ocrx_word' id='word_1_19' title='bbox 1149 695 1337 764; x_wconf 84' lang='lat' dir='ltr'>plures</span> <span class='ocrx_word' id='word_1_20' title='bbox 1365 698 1595 747; x_wconf 87' lang='lat' dir='ltr'>amorte</span> <span class='ocrx_word' id='word_1_21' title='bbox 1628 688 1865 754; x_wconf 85' lang='lat' dir='ltr'>reducit,</span> 
     </span>
    </p>
   </div>
   <div class='ocr_carea' id='block_1_5' title="bbox 387 786 1699 859">
    <p class='ocr_par' dir='ltr' id='par_1_5' title="bbox 387 786 1699 859">
     <span class='ocr_line' id='line_1_5' title="bbox 387 786 1699 859; baseline -0.012 -5"><span class='ocrx_word' id='word_1_22' title='bbox 387 799 524 854; x_wconf 88' lang='lat' dir='ltr'>Dum</span> <span class='ocrx_word' id='word_1_23' title='bbox 556 796 627 851; x_wconf 87' lang='lat' dir='ltr'>de</span> <span class='ocrx_word' id='word_1_24' title='bbox 646 801 826 851; x_wconf 89' lang='lat' dir='ltr'>morte</span> <span class='ocrx_word' id='word_1_25' title='bbox 851 792 995 847; x_wconf 91' lang='lat' dir='ltr'>levat</span> <span class='ocrx_word' id='word_1_26' title='bbox 1025 804 1228 844; x_wconf 92' lang='lat' dir='ltr'>munus</span> <span class='ocrx_word' id='word_1_27' title='bbox 1257 786 1419 843; x_wconf 91' lang='lat' dir='ltr'>vitale</span> <span class='ocrx_word' id='word_1_28' title='bbox 1437 786 1699 859; x_wconf 77' lang='lat' dir='ltr'>resignat,</span> 
     </span>
    </p>
   </div>
   <div class='ocr_carea' id='block_1_6' title="bbox 387 876 1838 952">
    <p class='ocr_par' dir='ltr' id='par_1_6' title="bbox 387 876 1838 952">
     <span class='ocr_line' id='line_1_6' title="bbox 387 876 1838 952; baseline -0.011 -6"><span class='ocrx_word' id='word_1_29' title='bbox 387 890 497 946; x_wconf 85' lang='lat' dir='ltr'>Nec</span> <span class='ocrx_word' id='word_1_30' title='bbox 513 887 779 945; x_wconf 87' lang='lat' dir='ltr'>Dominus</span> <span class='ocrx_word' id='word_1_31' title='bbox 811 892 1016 940; x_wconf 78' lang='lat' dir='ltr'>tantam</span> <span class='ocrx_word' id='word_1_32' title='bbox 1044 881 1249 952; x_wconf 87' lang='lat' dir='ltr'>patitur</span> <span class='ocrx_word' id='word_1_33' title='bbox 1287 878 1513 934; x_wconf 82' lang='lat' dir='ltr'>latuisse</span> <span class='ocrx_word' id='word_1_34' title='bbox 1544 876 1838 937; x_wconf 88' lang='lat' dir='ltr'>medelam.</span> 
     </span>
    </p>
   </div>
   <div class='ocr_carea' id='block_1_7' title="bbox 386 968 1693 1049">
    <p class='ocr_par' dir='ltr' id='par_1_7' title="bbox 386 968 1693 1049">
     <span class='ocr_line' id='line_1_7' title="bbox 386 968 1693 1049; baseline -0.01 -13"><span class='ocrx_word' id='word_1_35' title='bbox 386 980 773 1049; x_wconf 85' lang='lat' dir='ltr'>Germanoque</span> <span class='ocrx_word' id='word_1_36' title='bbox 804 972 1221 1046; x_wconf 83' lang='lat' dir='ltr'>aperitt&#39;unctus</span> <span class='ocrx_word' id='word_1_37' title='bbox 1251 968 1523 1025; x_wconf 81' lang='lat' dir='ltr'>solamina</span> <span class='ocrx_word' id='word_1_38' title='bbox 1550 969 1693 1034; x_wconf 91' lang='lat' dir='ltr'>vivo,</span> 
     </span>
    </p>
   </div>
   <div class='ocr_carea' id='block_1_8' title="bbox 387 1056 1845 1125">
    <p class='ocr_par' dir='ltr' id='par_1_8' title="bbox 387 1056 1845 1125">
     <span class='ocr_line' id='line_1_8' title="bbox 387 1056 1845 1125; baseline -0.01 -2"><span class='ocrx_word' id='word_1_39' title='bbox 387 1069 493 1125; x_wconf 90' lang='lat' dir='ltr'>Sed</span> <span class='ocrx_word' id='word_1_40' title='bbox 525 1084 629 1123; x_wconf 92' lang='lat' dir='ltr'>nec</span> <span class='ocrx_word' id='word_1_41' title='bbox 658 1064 982 1121; x_wconf 87' lang='lat' dir='ltr'>dissimilem</span> <span class='ocrx_word' id='word_1_42' title='bbox 1016 1063 1104 1118; x_wconf 91' lang='lat' dir='ltr'>cui</span> <span class='ocrx_word' id='word_1_43' title='bbox 1132 1069 1289 1117; x_wconf 89' lang='lat' dir='ltr'>terna</span> <span class='ocrx_word' id='word_1_44' title='bbox 1322 1060 1655 1114; x_wconf 88' lang='lat' dir='ltr'>numismala</span> <span class='ocrx_word' id='word_1_45' title='bbox 1679 1056 1845 1111; x_wconf 78' lang='lat' dir='ltr'>frater</span> 
     </span>
    </p>
   </div>
   <div class='ocr_carea' id='block_1_9' title="bbox 387 1149 1833 1220">
    <p class='ocr_par' dir='ltr' id='par_1_9' title="bbox 387 1149 1833 1220">
     <span class='ocr_line' id='line_1_9' title="bbox 387 1149 1833 1220; baseline -0.011 -6"><span class='ocrx_word' id='word_1_46' title='bbox 387 1157 706 1214; x_wconf 90' lang='lat' dir='ltr'>Contulerat</span> <span class='ocrx_word' id='word_1_47' title='bbox 725 1154 891 1209; x_wconf 85' lang='lat' dir='ltr'>sentit</span> <span class='ocrx_word' id='word_1_48' title='bbox 917 1152 1200 1216; x_wconf 90' lang='lat' dir='ltr'>mulclam,</span> <span class='ocrx_word' id='word_1_49' title='bbox 1231 1150 1531 1220; x_wconf 82' lang='lat' dir='ltr'>auxiliique</span> <span class='ocrx_word' id='word_1_50' title='bbox 1560 1149 1833 1211; x_wconf 80' lang='lat' dir='ltr'>levamen,</span> 
     </span>
    </p>
   </div>
   <div class='ocr_carea' id='block_1_10' title="bbox 385 1244 1641 1320">
    <p class='ocr_par' dir='ltr' id='par_1_10' title="bbox 385 1244 1641 1320">
     <span class='ocr_line' id='line_1_10' title="bbox 385 1244 1641 1320; baseline -0.01 -11"><span class='ocrx_word' id='word_1_51' title='bbox 385 1254 542 1309; x_wconf 84' lang='lat' dir='ltr'>Patre</span> <span class='ocrx_word' id='word_1_52' title='bbox 565 1248 885 1307; x_wconf 88' lang='lat' dir='ltr'>monasterii</span> <span class='ocrx_word' id='word_1_53' title='bbox 917 1248 1011 1320; x_wconf 88' lang='lat' dir='ltr'>qui</span> <span class='ocrx_word' id='word_1_54' title='bbox 1044 1246 1293 1318; x_wconf 89' lang='lat' dir='ltr'>proditus</span> <span class='ocrx_word' id='word_1_55' title='bbox 1313 1260 1410 1300; x_wconf 91' lang='lat' dir='ltr'>ore</span> <span class='ocrx_word' id='word_1_56' title='bbox 1440 1244 1641 1316; x_wconf 80' lang='lat' dir='ltr'>ligatur</span> 
     </span>
    </p>
   </div>
   <div class='ocr_carea' id='block_1_11' title="bbox 386 1333 1726 1419">
    <p class='ocr_par' dir='ltr' id='par_1_11' title="bbox 386 1333 1726 1419">
     <span class='ocr_line' id='line_1_11' title="bbox 386 1333 1726 1419; baseline -0.01 -19"><span class='ocrx_word' id='word_1_57' title='bbox 386 1344 632 1419; x_wconf 80' lang='lat' dir='ltr'>Gregorii</span> <span class='ocrx_word' id='word_1_58' title='bbox 659 1350 869 1413; x_wconf 90' lang='lat' dir='ltr'>raptus,</span> <span class='ocrx_word' id='word_1_59' title='bbox 900 1356 1004 1395; x_wconf 92' lang='lat' dir='ltr'>nec</span> <span class='ocrx_word' id='word_1_60' title='bbox 1027 1338 1209 1393; x_wconf 87' lang='lat' dir='ltr'>adhuc</span> <span class='ocrx_word' id='word_1_61' title='bbox 1233 1335 1536 1393; x_wconf 90' lang='lat' dir='ltr'>vincimine</span> <span class='ocrx_word' id='word_1_62' title='bbox 1565 1333 1726 1396; x_wconf 85' lang='lat' dir='ltr'>liber,</span> 
     </span>
    </p>
   </div>
   <div class='ocr_carea' id='block_1_12' title="bbox 387 1423 1820 1501">
    <p class='ocr_par' dir='ltr' id='par_1_12' title="bbox 387 1423 1820 1501">
     <span class='ocr_line' id='line_1_12' title="bbox 387 1423 1820 1501; baseline -0.01 -12"><span class='ocrx_word' id='word_1_63' title='bbox 387 1434 660 1499; x_wconf 85' lang='lat' dir='ltr'>Cernitur,</span> <span class='ocrx_word' id='word_1_64' title='bbox 694 1430 882 1487; x_wconf 88' lang='lat' dir='ltr'>abbati</span> <span class='ocrx_word' id='word_1_65' title='bbox 911 1444 1171 1501; x_wconf 89' lang='lat' dir='ltr'>promens</span> <span class='ocrx_word' id='word_1_66' title='bbox 1207 1442 1265 1482; x_wconf 86' lang='lat' dir='ltr'>se</span> <span class='ocrx_word' id='word_1_67' title='bbox 1288 1441 1511 1482; x_wconf 87' lang='lat' dir='ltr'>carcere</span> <span class='ocrx_word' id='word_1_68' title='bbox 1550 1423 1820 1487; x_wconf 89' lang='lat' dir='ltr'>clausum,</span> 
     </span>
    </p>
   </div>
   <div class='ocr_carea' id='block_1_13' title="bbox 389 1516 1795 1596">
    <p class='ocr_par' dir='ltr' id='par_1_13' title="bbox 389 1516 1795 1596">
     <span class='ocr_line' id='line_1_13' title="bbox 389 1516 1795 1596; baseline -0.01 -14"><span class='ocrx_word' id='word_1_69' title='bbox 389 1528 525 1582; x_wconf 90' lang='lat' dir='ltr'>Dum</span> <span class='ocrx_word' id='word_1_70' title='bbox 557 1524 733 1596; x_wconf 87' lang='lat' dir='ltr'>patris</span> <span class='ocrx_word' id='word_1_71' title='bbox 760 1538 859 1578; x_wconf 91' lang='lat' dir='ltr'>ore</span> <span class='ocrx_word' id='word_1_72' title='bbox 883 1523 1010 1577; x_wconf 89' lang='lat' dir='ltr'>data</span> <span class='ocrx_word' id='word_1_73' title='bbox 1041 1528 1126 1575; x_wconf 85' lang='lat' dir='ltr'>cst</span> <span class='ocrx_word' id='word_1_74' title='bbox 1157 1520 1336 1576; x_wconf 89' lang='lat' dir='ltr'>oratio</span> <span class='ocrx_word' id='word_1_75' title='bbox 1367 1518 1488 1573; x_wconf 87' lang='lat' dir='ltr'>fusa</span> <span class='ocrx_word' id='word_1_76' title='bbox 1514 1516 1795 1587; x_wconf 87' lang='lat' dir='ltr'>sepulcro.</span> 
     </span>
    </p>
   </div>
   <div class='ocr_carea' id='block_1_14' title="bbox 384 1605 2014 1687">
    <p class='ocr_par' dir='ltr' id='par_1_14' title="bbox 384 1605 2014 1687">
     <span class='ocr_line' id='line_1_14' title="bbox 384 1605 2014 1687; baseline -0.009 -15"><span class='ocrx_word' id='word_1_77' title='bbox 384 1618 476 1672; x_wconf 92' lang='lat' dir='ltr'>Ais</span> <span class='ocrx_word' id='word_1_78' title='bbox 503 1615 701 1687; x_wconf 91' lang='lat' dir='ltr'>reliqui</span> <span class='ocrx_word' id='word_1_79' title='bbox 724 1619 1002 1685; x_wconf 83' lang='lat' dir='ltr'>aptantur,</span> <span class='ocrx_word' id='word_1_80' title='bbox 1029 1618 1232 1666; x_wconf 88' lang='lat' dir='ltr'>cuncto</span> <span class='ocrx_word' id='word_1_81' title='bbox 1262 1624 1486 1680; x_wconf 88' lang='lat' dir='ltr'>quoque</span> <span class='ocrx_word' id='word_1_82' title='bbox 1518 1607 1667 1661; x_wconf 88' lang='lat' dir='ltr'>fasce</span> <span class='ocrx_word' id='word_1_83' title='bbox 1719 1605 1970 1659; x_wconf 80' lang='lat' dir='ltr'>levantur</span> <span class='ocrx_word' id='word_1_84' title='bbox 1997 1630 2014 1685; x_wconf 71' lang='grc'><strong>;</strong></span> 
     </span>
    </p>
   </div>
   <div class='ocr_carea' id='block_1_15' title="bbox 384 1699 1870 1786">
    <p class='ocr_par' dir='ltr' id='par_1_15' title="bbox 384 1699 1870 1786">
     <span class='ocr_line' id='line_1_15' title="bbox 384 1699 1870 1786; baseline -0.009 -21"><span class='ocrx_word' id='word_1_85' title='bbox 384 1710 768 1786; x_wconf 84' lang='lat' dir='ltr'>Legitimoquc</span> <span class='ocrx_word' id='word_1_86' title='bbox 797 1705 963 1761; x_wconf 90' lang='lat' dir='ltr'>simul</span> <span class='ocrx_word' id='word_1_87' title='bbox 989 1704 1196 1759; x_wconf 90' lang='lat' dir='ltr'>bellum</span> <span class='ocrx_word' id='word_1_88' title='bbox 1222 1709 1379 1773; x_wconf 90' lang='lat' dir='ltr'>pater</span> <span class='ocrx_word' id='word_1_89' title='bbox 1408 1699 1632 1775; x_wconf 84' lang='lat' dir='ltr'>agmine</span> <span class='ocrx_word' id='word_1_90' title='bbox 1657 1704 1870 1764; x_wconf 88' lang='lat' dir='ltr'>tractat,</span> 
     </span>
    </p>
   </div>
   <div class='ocr_carea' id='block_1_16' title="bbox 389 1801 1775 1875">
    <p class='ocr_par' dir='ltr' id='par_1_16' title="bbox 389 1801 1775 1875">
     <span class='ocr_line' id='line_1_16' title="bbox 389 1801 1775 1875; baseline -0.009 -13"><span class='ocrx_word' id='word_1_91' title='bbox 389 1806 450 1861; x_wconf 83' lang='lat' dir='ltr'>Et</span> <span class='ocrx_word' id='word_1_92' title='bbox 479 1807 684 1861; x_wconf 90' lang='lat' dir='ltr'>multos</span> <span class='ocrx_word' id='word_1_93' title='bbox 714 1804 781 1859; x_wconf 90' lang='lat' dir='ltr'>ad</span> <span class='ocrx_word' id='word_1_94' title='bbox 813 1818 983 1875; x_wconf 88' lang='lat' dir='ltr'>regna</span> <span class='ocrx_word' id='word_1_95' title='bbox 1007 1801 1141 1873; x_wconf 91' lang='lat' dir='ltr'>poli,</span> <span class='ocrx_word' id='word_1_96' title='bbox 1168 1813 1511 1870; x_wconf 86' lang='lat' dir='ltr'>superasque</span> <span class='ocrx_word' id='word_1_97' title='bbox 1543 1811 1775 1851; x_wconf 85' lang='lat' dir='ltr'>coronas</span> 
     </span>
    </p>
   </div>
   <div class='ocr_carea' id='block_1_17' title="bbox 387 1886 1810 1969">
    <p class='ocr_par' dir='ltr' id='par_1_17' title="bbox 387 1886 1810 1969">
     <span class='ocr_line' id='line_1_17' title="bbox 387 1886 1810 1969; baseline -0.01 -18"><span class='ocrx_word' id='word_1_98' title='bbox 387 1896 615 1969; x_wconf 89' lang='lat' dir='ltr'>Delegat</span> <span class='ocrx_word' id='word_1_99' title='bbox 644 1913 658 1961; x_wconf 89' lang='lat'><strong>;</strong></span> <span class='ocrx_word' id='word_1_100' title='bbox 683 1908 917 1965; x_wconf 90' lang='lat' dir='ltr'>quorum</span> <span class='ocrx_word' id='word_1_101' title='bbox 946 1890 1171 1963; x_wconf 88' lang='lat' dir='ltr'>quidam</span> <span class='ocrx_word' id='word_1_102' title='bbox 1192 1895 1426 1943; x_wconf 89' lang='lat' dir='ltr'>ventura</span> <span class='ocrx_word' id='word_1_103' title='bbox 1456 1886 1810 1957; x_wconf 81' lang='lat' dir='ltr'>prophetarit,</span> 
     </span>
    </p>
   </div>
   <div class='ocr_carea' id='block_1_18' title="bbox 385 1974 1937 2054">
    <p class='ocr_par' dir='ltr' id='par_1_18' title="bbox 385 1974 1937 2054">
     <span class='ocr_line' id='line_1_18' title="bbox 385 1974 1937 2054; baseline -0.012 -11"><span class='ocrx_word' id='word_1_104' title='bbox 385 1989 523 2042; x_wconf 84' lang='lat' dir='ltr'>Ante</span> <span class='ocrx_word' id='word_1_105' title='bbox 549 1985 879 2054; x_wconf 88' lang='lat' dir='ltr'>obitumque</span> <span class='ocrx_word' id='word_1_106' title='bbox 901 1981 1083 2036; x_wconf 86' lang='lat' dir='ltr'>sciunt</span> <span class='ocrx_word' id='word_1_107' title='bbox 1114 1994 1222 2050; x_wconf 91' lang='lat' dir='ltr'>quo</span> <span class='ocrx_word' id='word_1_108' title='bbox 1240 1985 1459 2032; x_wconf 87' lang='lat' dir='ltr'>sumant</span> <span class='ocrx_word' id='word_1_109' title='bbox 1481 1975 1678 2031; x_wconf 88' lang='lat' dir='ltr'>ordine</span> <span class='ocrx_word' id='word_1_110' title='bbox 1710 1974 1937 2045; x_wconf 79' lang='lat' dir='ltr'>palmas.</span> 
     </span>
    </p>
   </div>
   <div class='ocr_carea' id='block_1_19' title="bbox 386 2064 1724 2146">
    <p class='ocr_par' dir='ltr' id='par_1_19' title="bbox 386 2064 1724 2146">
     <span class='ocr_line' id='line_1_19' title="bbox 386 2064 1724 2146; baseline -0.01 -16"><span class='ocrx_word' id='word_1_111' title='bbox 386 2074 595 2146; x_wconf 83' lang='lat' dir='ltr'>Aspicit</span> <span class='ocrx_word' id='word_1_112' title='bbox 624 2074 746 2128; x_wconf 76' lang='lat' dir='ltr'>hmc</span> <span class='ocrx_word' id='word_1_113' title='bbox 774 2079 1038 2141; x_wconf 90' lang='lat' dir='ltr'>certoque</span> <span class='ocrx_word' id='word_1_114' title='bbox 1069 2068 1236 2123; x_wconf 89' lang='lat' dir='ltr'>refert</span> <span class='ocrx_word' id='word_1_115' title='bbox 1266 2064 1561 2121; x_wconf 83' lang='lat' dir='ltr'>Gerontius</span> <span class='ocrx_word' id='word_1_116' title='bbox 1590 2078 1724 2127; x_wconf 88' lang='lat' dir='ltr'>ore;</span> 
     </span>
    </p>
   </div>
   <div class='ocr_carea' id='block_1_20' title="bbox 385 2152 1708 2235">
    <p class='ocr_par' dir='ltr' id='par_1_20' title="bbox 385 2152 1708 2235">
     <span class='ocr_line' id='line_1_20' title="bbox 385 2152 1708 2235; baseline -0.011 -15"><span class='ocrx_word' id='word_1_117' title='bbox 385 2164 678 2235; x_wconf 88' lang='lat' dir='ltr'>Accipiunt</span> <span class='ocrx_word' id='word_1_118' title='bbox 707 2161 932 2233; x_wconf 85' lang='lat' dir='ltr'>quidam</span> <span class='ocrx_word' id='word_1_119' title='bbox 955 2158 1276 2231; x_wconf 91' lang='lat' dir='ltr'>peccamina</span> <span class='ocrx_word' id='word_1_120' title='bbox 1302 2156 1471 2210; x_wconf 92' lang='lat' dir='ltr'>missa</span> <span class='ocrx_word' id='word_1_121' title='bbox 1507 2152 1708 2219; x_wconf 90' lang='lat' dir='ltr'>vocati,</span> 
     </span>
    </p>
   </div>
   <div class='ocr_carea' id='block_1_21' title="bbox 385 2246 1828 2326">
    <p class='ocr_par' dir='ltr' id='par_1_21' title="bbox 385 2246 1828 2326">
     <span class='ocr_line' id='line_1_21' title="bbox 385 2246 1828 2326; baseline -0.01 -15"><span class='ocrx_word' id='word_1_122' title='bbox 385 2256 688 2326; x_wconf 83' lang='lat' dir='ltr'>Securique</span> <span class='ocrx_word' id='word_1_123' title='bbox 721 2254 956 2325; x_wconf 76' lang='lat' dir='ltr'>migrant</span> <span class='ocrx_word' id='word_1_124' title='bbox 988 2270 1002 2317; x_wconf 90' lang='lat'><strong>;</strong></span> <span class='ocrx_word' id='word_1_125' title='bbox 1033 2251 1229 2323; x_wconf 89' lang='lat' dir='ltr'>probat</span> <span class='ocrx_word' id='word_1_126' title='bbox 1260 2250 1364 2303; x_wconf 91' lang='lat' dir='ltr'>hoc</span> <span class='ocrx_word' id='word_1_127' title='bbox 1395 2246 1664 2301; x_wconf 88' lang='lat' dir='ltr'>Antonius</span> <span class='ocrx_word' id='word_1_128' title='bbox 1682 2251 1828 2311; x_wconf 88' lang='lat' dir='ltr'>actu,</span> 
     </span>
    </p>
   </div>
   <div class='ocr_carea' id='block_1_22' title="bbox 389 2345 2009 2418">
    <p class='ocr_par' dir='ltr' id='par_1_22' title="bbox 389 2345 2009 2418">
     <span class='ocr_line' id='line_1_22' title="bbox 389 2345 2009 2418; baseline -0.009 -13"><span class='ocrx_word' id='word_1_129' title='bbox 389 2351 499 2407; x_wconf 84' lang='lat' dir='ltr'>Hac</span> <span class='ocrx_word' id='word_1_130' title='bbox 538 2346 1087 2418; x_wconf 79' lang='lat' dir='ltr'>Meruluslacrymis,</span> <span class='ocrx_word' id='word_1_131' title='bbox 1145 2345 1515 2416; x_wconf 89' lang='lat' dir='ltr'>precibusque</span> <span class='ocrx_word' id='word_1_132' title='bbox 1573 2349 1825 2395; x_wconf 78' lang='lat' dir='ltr'>assuetus</span> <span class='ocrx_word' id='word_1_133' title='bbox 1856 2347 2009 2393; x_wconf 86' lang='lat' dir='ltr'>uter-</span> 
     </span>
    </p>
   </div>
   <div class='ocr_carea' id='block_1_23' title="bbox 1787 2428 1938 2499">
    <p class='ocr_par' dir='ltr' id='par_1_23' title="bbox 1787 2428 1938 2499">
     <span class='ocr_line' id='line_1_23' title="bbox 1787 2428 1938 2499; baseline -0.007 -17"><span class='ocrx_word' id='word_1_134' title='bbox 1787 2428 1938 2499; x_wconf 89' lang='lat' dir='ltr'>[que,</span> 
     </span>
    </p>
   </div>
   <div class='ocr_carea' id='block_1_24' title="bbox 390 2527 1647 2605">
    <p class='ocr_par' dir='ltr' id='par_1_24' title="bbox 390 2527 1647 2605">
     <span class='ocr_line' id='line_1_24' title="bbox 390 2527 1647 2605; baseline -0.008 -16"><span class='ocrx_word' id='word_1_135' title='bbox 390 2534 583 2590; x_wconf 88' lang='lat' dir='ltr'>Florea</span> <span class='ocrx_word' id='word_1_136' title='bbox 609 2547 776 2605; x_wconf 91' lang='lat' dir='ltr'>quem</span> <span class='ocrx_word' id='word_1_137' title='bbox 806 2530 964 2585; x_wconf 69' lang='lat' dir='ltr'>caelis</span> <span class='ocrx_word' id='word_1_138' title='bbox 992 2527 1400 2599; x_wconf 89' lang='lat' dir='ltr'>capitidelapsa</span> <span class='ocrx_word' id='word_1_139' title='bbox 1421 2541 1647 2589; x_wconf 88' lang='lat' dir='ltr'>corona,</span> 
     </span>
    </p>
   </div>
   <div class='ocr_carea' id='block_1_25' title="bbox 386 2614 1766 2691">
    <p class='ocr_par' dir='ltr' id='par_1_25' title="bbox 386 2614 1766 2691">
     <span class='ocr_line' id='line_1_25' title="bbox 386 2614 1766 2691; baseline -0.009 -13"><span class='ocrx_word' id='word_1_140' title='bbox 386 2622 700 2678; x_wconf 71' lang='lat' dir='ltr'>Iucundum</span> <span class='ocrx_word' id='word_1_141' title='bbox 732 2627 1025 2691; x_wconf 88' lang='lat' dir='ltr'>tutumque</span> <span class='ocrx_word' id='word_1_142' title='bbox 1052 2617 1165 2690; x_wconf 88' lang='lat' dir='ltr'>agit</span> <span class='ocrx_word' id='word_1_143' title='bbox 1207 2616 1275 2670; x_wconf 89' lang='lat' dir='ltr'>ad</span> <span class='ocrx_word' id='word_1_144' title='bbox 1304 2614 1552 2671; x_wconf 74' lang='lat' dir='ltr'>cmlestia</span> <span class='ocrx_word' id='word_1_145' title='bbox 1576 2629 1766 2685; x_wconf 88' lang='lat' dir='ltr'>regna.</span> 
     </span>
    </p>
   </div>
   <div class='ocr_carea' id='block_1_26' title="bbox 384 2707 1652 2784">
    <p class='ocr_par' dir='ltr' id='par_1_26' title="bbox 384 2707 1652 2784">
     <span class='ocr_line' id='line_1_26' title="bbox 384 2707 1652 2784; baseline -0.009 -14"><span class='ocrx_word' id='word_1_146' title='bbox 384 2714 610 2770; x_wconf 83' lang='lat' dir='ltr'>Visibus</span> <span class='ocrx_word' id='word_1_147' title='bbox 636 2721 691 2768; x_wconf 91' lang='lat' dir='ltr'>et</span> <span class='ocrx_word' id='word_1_148' title='bbox 722 2712 878 2769; x_wconf 90' lang='lat' dir='ltr'>testis</span> <span class='ocrx_word' id='word_1_149' title='bbox 909 2711 1207 2784; x_wconf 82' lang='lat' dir='ltr'>fragrantia</span> <span class='ocrx_word' id='word_1_150' title='bbox 1243 2712 1379 2762; x_wconf 91' lang='lat' dir='ltr'>mira</span> <span class='ocrx_word' id='word_1_151' title='bbox 1412 2707 1652 2777; x_wconf 79' lang='lat' dir='ltr'>sepulcri</span> 
     </span>
    </p>
   </div>
   <div class='ocr_carea' id='block_1_27' title="bbox 383 2795 1679 2871">
    <p class='ocr_par' dir='ltr' id='par_1_27' title="bbox 383 2795 1679 2871">
     <span class='ocr_line' id='line_1_27' title="bbox 383 2795 1679 2871; baseline -0.009 -13"><span class='ocrx_word' id='word_1_152' title='bbox 383 2802 603 2858; x_wconf 88' lang='lat' dir='ltr'>Solatur</span> <span class='ocrx_word' id='word_1_153' title='bbox 626 2800 850 2871; x_wconf 82' lang='lat' dir='ltr'>juvenis</span> <span class='ocrx_word' id='word_1_154' title='bbox 880 2815 1103 2870; x_wconf 90' lang='lat' dir='ltr'>pressus</span> <span class='ocrx_word' id='word_1_155' title='bbox 1133 2798 1397 2871; x_wconf 75' lang='lat' dir='ltr'>languore</span> <span class='ocrx_word' id='word_1_156' title='bbox 1416 2795 1679 2861; x_wconf 86' lang='lat' dir='ltr'>Joannes,</span> 
     </span>
    </p>
   </div>
   <div class='ocr_carea' id='block_1_28' title="bbox 391 2887 1752 2970">
    <p class='ocr_par' dir='ltr' id='par_1_28' title="bbox 391 2887 1752 2970">
     <span class='ocr_line' id='line_1_28' title="bbox 391 2887 1752 2970; baseline -0.007 -19"><span class='ocrx_word' id='word_1_157' title='bbox 391 2896 650 2970; x_wconf 86' lang='lat' dir='ltr'>Erigitur,</span> <span class='ocrx_word' id='word_1_158' title='bbox 676 2894 977 2965; x_wconf 72' lang='lat' dir='ltr'>iussusque</span> <span class='ocrx_word' id='word_1_159' title='bbox 1001 2892 1068 2947; x_wconf 90' lang='lat' dir='ltr'>ad</span> <span class='ocrx_word' id='word_1_160' title='bbox 1100 2892 1207 2946; x_wconf 89' lang='lat' dir='ltr'>fata</span> <span class='ocrx_word' id='word_1_161' title='bbox 1231 2890 1539 2962; x_wconf 88' lang='lat' dir='ltr'>pr0pinqua</span> <span class='ocrx_word' id='word_1_162' title='bbox 1570 2887 1752 2960; x_wconf 89' lang='lat' dir='ltr'>parari</span> 
     </span>
    </p>
   </div>
   <div class='ocr_carea' id='block_1_29' title="bbox 391 2976 1907 3053">
    <p class='ocr_par' dir='ltr' id='par_1_29' title="bbox 391 2976 1907 3053">
     <span class='ocr_line' id='line_1_29' title="bbox 391 2976 1907 3053; baseline -0.005 -13"><span class='ocrx_word' id='word_1_163' title='bbox 391 2984 666 3051; x_wconf 75' lang='lat' dir='ltr'>Cmnatur,</span> <span class='ocrx_word' id='word_1_164' title='bbox 698 2998 913 3038; x_wconf 90' lang='lat' dir='ltr'>memor</span> <span class='ocrx_word' id='word_1_165' title='bbox 943 2989 1028 3037; x_wconf 92' lang='lat' dir='ltr'>est</span> <span class='ocrx_word' id='word_1_166' title='bbox 1053 2980 1215 3050; x_wconf 88' lang='lat' dir='ltr'>jussi,</span> <span class='ocrx_word' id='word_1_167' title='bbox 1255 2978 1592 3053; x_wconf 86' lang='lat' dir='ltr'>geminoque</span> <span class='ocrx_word' id='word_1_168' title='bbox 1621 2976 1723 3031; x_wconf 87' lang='lat' dir='ltr'>sub</span> <span class='ocrx_word' id='word_1_169' title='bbox 1761 2992 1907 3032; x_wconf 90' lang='lat' dir='ltr'>anno</span> 
     </span>
    </p>
   </div>
   <div class='ocr_carea' id='block_1_30' title="bbox 392 3071 1920 3152">
    <p class='ocr_par' dir='ltr' id='par_1_30' title="bbox 392 3071 1920 3152">
     <span class='ocr_line' id='line_1_30' title="bbox 392 3071 1920 3152; baseline -0.005 -19"><span class='ocrx_word' id='word_1_170' title='bbox 392 3079 668 3149; x_wconf 64' lang='lat' dir='ltr'>Par-parat</span> <span class='ocrx_word' id='word_1_171' title='bbox 692 3092 999 3152; x_wconf 89' lang='lat' dir='ltr'>egressum,</span> <span class='ocrx_word' id='word_1_172' title='bbox 1028 3074 1351 3145; x_wconf 88' lang='lat' dir='ltr'>accitusque</span> <span class='ocrx_word' id='word_1_173' title='bbox 1381 3072 1423 3127; x_wconf 92' lang='lat' dir='ltr'>it</span> <span class='ocrx_word' id='word_1_174' title='bbox 1452 3082 1634 3126; x_wconf 89' lang='lat' dir='ltr'>certus</span> <span class='ocrx_word' id='word_1_175' title='bbox 1662 3071 1731 3126; x_wconf 91' lang='lat' dir='ltr'>ab</span> <span class='ocrx_word' id='word_1_176' title='bbox 1763 3086 1920 3126; x_wconf 89' lang='lat' dir='ltr'>urna.</span> 
     </span>
    </p>
   </div>
   <div class='ocr_carea' id='block_1_31' title="bbox 387 3161 1640 3243">
    <p class='ocr_par' dir='ltr' id='par_1_31' title="bbox 387 3161 1640 3243">
     <span class='ocr_line' id='line_1_31' title="bbox 387 3161 1640 3243; baseline -0.006 -19"><span class='ocrx_word' id='word_1_177' title='bbox 387 3166 654 3243; x_wconf 83' lang='lat' dir='ltr'>Egregius</span> <span class='ocrx_word' id='word_1_178' title='bbox 684 3166 844 3221; x_wconf 89' lang='lat' dir='ltr'>Pater</span> <span class='ocrx_word' id='word_1_179' title='bbox 872 3165 1091 3220; x_wconf 88' lang='lat' dir='ltr'>hortatu</span> <span class='ocrx_word' id='word_1_180' title='bbox 1121 3161 1377 3234; x_wconf 90' lang='lat' dir='ltr'>votisque</span> <span class='ocrx_word' id='word_1_181' title='bbox 1408 3161 1640 3217; x_wconf 84' lang='lat' dir='ltr'>laborat.</span> 
     </span>
    </p>
   </div>
   <div class='ocr_carea' id='block_1_32' title="bbox 386 3251 1794 3327">
    <p class='ocr_par' dir='ltr' id='par_1_32' title="bbox 386 3251 1794 3327">
     <span class='ocr_line' id='line_1_32' title="bbox 386 3251 1794 3327; baseline -0.006 -15"><span class='ocrx_word' id='word_1_182' title='bbox 386 3257 563 3313; x_wconf 86' lang='lat' dir='ltr'>Lucra</span> <span class='ocrx_word' id='word_1_183' title='bbox 590 3256 674 3311; x_wconf 87' lang='lat' dir='ltr'>sui</span> <span class='ocrx_word' id='word_1_184' title='bbox 698 3254 981 3311; x_wconf 91' lang='lat' dir='ltr'>cumulare</span> <span class='ocrx_word' id='word_1_185' title='bbox 997 3251 1371 3327; x_wconf 87' lang='lat' dir='ltr'>grcgis,juvat</span> <span class='ocrx_word' id='word_1_186' title='bbox 1400 3251 1549 3323; x_wconf 85' lang='lat' dir='ltr'>aptio</span> <span class='ocrx_word' id='word_1_187' title='bbox 1580 3266 1794 3305; x_wconf 90' lang='lat' dir='ltr'>summa</span> 
     </span>
    </p>
   </div>
   <div class='ocr_carea' id='block_1_33' title="bbox 388 3336 2004 3418">
    <p class='ocr_par' dir='ltr' id='par_1_33' title="bbox 388 3336 2004 3418">
     <span class='ocr_line' id='line_1_33' title="bbox 388 3336 2004 3418; baseline -0.006 -17"><span class='ocrx_word' id='word_1_188' title='bbox 388 3346 538 3402; x_wconf 90' lang='lat' dir='ltr'>Velle</span> <span class='ocrx_word' id='word_1_189' title='bbox 569 3360 792 3418; x_wconf 85' lang='lat' dir='ltr'>parans,</span> <span class='ocrx_word' id='word_1_190' title='bbox 825 3359 890 3399; x_wconf 88' lang='lat' dir='ltr'>ac</span> <span class='ocrx_word' id='word_1_191' title='bbox 953 3358 1117 3414; x_wconf 90' lang='lat' dir='ltr'>posse</span> <span class='ocrx_word' id='word_1_192' title='bbox 1145 3341 1352 3406; x_wconf 85' lang='lat' dir='ltr'>ferens,</span> <span class='ocrx_word' id='word_1_193' title='bbox 1400 3354 1718 3414; x_wconf 85' lang='lat' dir='ltr'>cogensque</span> <span class='ocrx_word' id='word_1_194' title='bbox 1750 3336 2004 3393; x_wconf 86' lang='lat' dir='ltr'>rebelles.</span> 
     </span>
    </p>
   </div>
   <div class='ocr_carea' id='block_1_34' title="bbox 382 3432 2003 3505">
    <p class='ocr_par' dir='ltr' id='par_1_34' title="bbox 382 3432 2003 3505">
     <span class='ocr_line' id='line_1_34' title="bbox 382 3432 2003 3505; baseline -0.007 -10"><span class='ocrx_word' id='word_1_195' title='bbox 382 3439 565 3495; x_wconf 89' lang='lat' dir='ltr'>Sensit</span> <span class='ocrx_word' id='word_1_196' title='bbox 592 3437 911 3493; x_wconf 88' lang='lat' dir='ltr'>Theodorus</span> <span class='ocrx_word' id='word_1_197' title='bbox 937 3436 1055 3490; x_wconf 65' lang='lat' dir='ltr'>haec</span> <span class='ocrx_word' id='word_1_198' title='bbox 1081 3435 1247 3501; x_wconf 87' lang='lat' dir='ltr'>dona,</span> <span class='ocrx_word' id='word_1_199' title='bbox 1279 3450 1617 3505; x_wconf 90' lang='lat' dir='ltr'>manumque</span> <span class='ocrx_word' id='word_1_200' title='bbox 1668 3432 2003 3498; x_wconf 85' lang='lat' dir='ltr'>trahentem,</span> 
     </span>
    </p>
   </div>
   <div class='ocr_carea' id='block_1_35' title="bbox 382 3527 1645 3602">
    <p class='ocr_par' dir='ltr' id='par_1_35' title="bbox 382 3527 1645 3602">
     <span class='ocr_line' id='line_1_35' title="bbox 382 3527 1645 3602; baseline -0.006 -15"><span class='ocrx_word' id='word_1_201' title='bbox 382 3532 616 3588; x_wconf 86' lang='lat' dir='ltr'>Immitis</span> <span class='ocrx_word' id='word_1_202' title='bbox 644 3546 784 3602; x_wconf 89' lang='lat' dir='ltr'>puer</span> <span class='ocrx_word' id='word_1_203' title='bbox 814 3529 1027 3595; x_wconf 89' lang='lat' dir='ltr'>irrisor,</span> <span class='ocrx_word' id='word_1_204' title='bbox 1060 3534 1362 3599; x_wconf 87' lang='lat' dir='ltr'>captorqne</span> <span class='ocrx_word' id='word_1_205' title='bbox 1404 3527 1645 3598; x_wconf 91' lang='lat' dir='ltr'>piorum,</span> 
     </span>
    </p>
   </div>
   <div class='ocr_carea' id='block_1_36' title="bbox 384 3619 1776 3694">
    <p class='ocr_par' dir='ltr' id='par_1_36' title="bbox 384 3619 1776 3694">
     <span class='ocr_line' id='line_1_36' title="bbox 384 3619 1776 3694; baseline -0.006 -15"><span class='ocrx_word' id='word_1_206' title='bbox 384 3623 597 3694; x_wconf 85' lang='lat' dir='ltr'>Accipit</span> <span class='ocrx_word' id='word_1_207' title='bbox 628 3630 682 3678; x_wconf 93' lang='lat' dir='ltr'>et</span> <span class='ocrx_word' id='word_1_208' title='bbox 712 3620 948 3676; x_wconf 91' lang='lat' dir='ltr'>subitam</span> <span class='ocrx_word' id='word_1_209' title='bbox 978 3619 1236 3674; x_wconf 89' lang='lat' dir='ltr'>sorbentc</span> <span class='ocrx_word' id='word_1_210' title='bbox 1255 3619 1493 3674; x_wconf 89' lang='lat' dir='ltr'>dracone</span> <span class='ocrx_word' id='word_1_211' title='bbox 1520 3619 1776 3673; x_wconf 89' lang='lat' dir='ltr'>salutem.</span> 
     </span>
    </p>
   </div>
   <div class='ocr_carea' id='block_1_37' title="bbox 384 3709 2017 3784">
    <p class='ocr_par' dir='ltr' id='par_1_37' title="bbox 384 3709 2017 3784">
     <span class='ocr_line' id='line_1_37' title="bbox 384 3709 2017 3784; baseline -0.006 -12"><span class='ocrx_word' id='word_1_212' title='bbox 384 3715 660 3772; x_wconf 88' lang='lat' dir='ltr'>Faucibus</span> <span class='ocrx_word' id='word_1_213' title='bbox 700 3720 989 3784; x_wconf 83' lang='lat' dir='ltr'>exemptus</span> <span class='ocrx_word' id='word_1_214' title='bbox 1012 3728 1253 3766; x_wconf 89' lang='lat' dir='ltr'>renuens</span> <span class='ocrx_word' id='word_1_215' title='bbox 1285 3711 1701 3783; x_wconf 87' lang='lat' dir='ltr'>prohibensque</span> <span class='ocrx_word' id='word_1_216' title='bbox 1746 3709 2017 3782; x_wconf 80' lang='lat' dir='ltr'>chelydri,</span> 
     </span>
    </p>
   </div>
   <div class='ocr_carea' id='block_1_38' title="bbox 387 3802 2023 3878">
    <p class='ocr_par' dir='ltr' id='par_1_38' title="bbox 387 3802 2023 3878">
     <span class='ocr_line' id='line_1_38' title="bbox 387 3802 2023 3878; baseline -0.005 -17"><span class='ocrx_word' id='word_1_217' title='bbox 387 3806 557 3871; x_wconf 87' lang='lat' dir='ltr'>Quem</span> <span class='ocrx_word' id='word_1_218' title='bbox 585 3804 674 3876; x_wconf 89' lang='lat' dir='ltr'>pia</span> <span class='ocrx_word' id='word_1_219' title='bbox 690 3811 814 3859; x_wconf 90' lang='lat' dir='ltr'>vota</span> <span class='ocrx_word' id='word_1_220' title='bbox 837 3802 1045 3878; x_wconf 85' lang='lat' dir='ltr'>fugant,</span> <span class='ocrx_word' id='word_1_221' title='bbox 1069 3808 1447 3872; x_wconf 89' lang='lat' dir='ltr'>mentemque,</span> <span class='ocrx_word' id='word_1_222' title='bbox 1476 3806 1529 3854; x_wconf 91' lang='lat' dir='ltr'>et</span> <span class='ocrx_word' id='word_1_223' title='bbox 1554 3810 1781 3870; x_wconf 89' lang='lat' dir='ltr'>pectora</span> <span class='ocrx_word' id='word_1_224' title='bbox 1802 3806 2023 3873; x_wconf 54' lang='lat' dir='ltr'>mutant</span> 
     </span>
    </p>
   </div>
   <div class='ocr_carea' id='block_1_39' title="bbox 391 3891 1835 3968">
    <p class='ocr_par' dir='ltr' id='par_1_39' title="bbox 391 3891 1835 3968">
     <span class='ocr_line' id='line_1_39' title="bbox 391 3891 1835 3968; baseline -0.004 -17"><span class='ocrx_word' id='word_1_225' title='bbox 391 3898 561 3968; x_wconf 90' lang='lat' dir='ltr'>Inque</span> <span class='ocrx_word' id='word_1_226' title='bbox 583 3895 671 3951; x_wconf 91' lang='lat' dir='ltr'>dei</span> <span class='ocrx_word' id='word_1_227' title='bbox 704 3894 853 3951; x_wconf 91' lang='lat' dir='ltr'>cultu</span> <span class='ocrx_word' id='word_1_228' title='bbox 885 3900 1132 3948; x_wconf 90' lang='lat' dir='ltr'>statuunt</span> <span class='ocrx_word' id='word_1_229' title='bbox 1163 3900 1217 3947; x_wconf 90' lang='lat' dir='ltr'>et</span> <span class='ocrx_word' id='word_1_230' title='bbox 1254 3892 1322 3946; x_wconf 88' lang='lat' dir='ltr'>ad</span> <span class='ocrx_word' id='word_1_231' title='bbox 1357 3893 1563 3946; x_wconf 81' lang='lat' dir='ltr'>aethera</span> <span class='ocrx_word' id='word_1_232' title='bbox 1594 3891 1835 3945; x_wconf 87' lang='lat' dir='ltr'>mittunt.</span> 
     </span>
    </p>
   </div>
   <div class='ocr_carea' id='block_1_40' title="bbox 386 3980 1903 4056">
    <p class='ocr_par' dir='ltr' id='par_1_40' title="bbox 386 3980 1903 4056">
     <span class='ocr_line' id='line_1_40' title="bbox 386 3980 1903 4056; baseline -0.005 -15"><span class='ocrx_word' id='word_1_233' title='bbox 386 3986 677 4042; x_wconf 89' lang='lat' dir='ltr'>Fructibus</span> <span class='ocrx_word' id='word_1_234' title='bbox 704 3985 791 4039; x_wconf 92' lang='lat' dir='ltr'>his</span> <span class='ocrx_word' id='word_1_235' title='bbox 829 3985 1044 4056; x_wconf 90' lang='lat' dir='ltr'>pollens</span> <span class='ocrx_word' id='word_1_236' title='bbox 1075 3983 1272 4038; x_wconf 92' lang='lat' dir='ltr'>ductor</span> <span class='ocrx_word' id='word_1_237' title='bbox 1292 3982 1474 4037; x_wconf 89' lang='lat' dir='ltr'>bonus</span> <span class='ocrx_word' id='word_1_238' title='bbox 1503 3988 1669 4053; x_wconf 89' lang='lat' dir='ltr'>atque</span> <span class='ocrx_word' id='word_1_239' title='bbox 1697 3980 1903 4036; x_wconf 91' lang='lat' dir='ltr'>citatim</span> 
     </span>
    </p>
   </div>
   <div class='ocr_carea' id='block_1_41' title="bbox 386 4070 1843 4149">
    <p class='ocr_par' dir='ltr' id='par_1_41' title="bbox 386 4070 1843 4149">
     <span class='ocr_line' id='line_1_41' title="bbox 386 4070 1843 4149; baseline -0.005 -18"><span class='ocrx_word' id='word_1_240' title='bbox 386 4075 651 4149; x_wconf 81' lang='lat' dir='ltr'>Regmine</span> <span class='ocrx_word' id='word_1_241' title='bbox 674 4090 981 4147; x_wconf 89' lang='lat' dir='ltr'>pennarum</span> <span class='ocrx_word' id='word_1_242' title='bbox 1002 4074 1153 4128; x_wconf 91' lang='lat' dir='ltr'>visus</span> <span class='ocrx_word' id='word_1_243' title='bbox 1179 4074 1285 4127; x_wconf 92' lang='lat' dir='ltr'>hoc</span> <span class='ocrx_word' id='word_1_244' title='bbox 1305 4071 1574 4126; x_wconf 89' lang='lat' dir='ltr'>scandere</span> <span class='ocrx_word' id='word_1_245' title='bbox 1603 4070 1803 4126; x_wconf 66' lang='lat' dir='ltr'>caelum</span> <span class='ocrx_word' id='word_1_246' title='bbox 1831 4088 1843 4123; x_wconf 95' lang='lat'><strong>:</strong></span> 
     </span>
    </p>
   </div>
   <div class='ocr_carea' id='block_1_42' title="bbox 386 4167 1574 4235">
    <p class='ocr_par' dir='ltr' id='par_1_42' title="bbox 386 4167 1574 4235">
     <span class='ocr_line' id='line_1_42' title="bbox 386 4167 1574 4235; baseline -0.004 -9"><span class='ocrx_word' id='word_1_247' title='bbox 386 4172 537 4226; x_wconf 85' lang='lat' dir='ltr'>Fune</span> <span class='ocrx_word' id='word_1_248' title='bbox 567 4169 857 4225; x_wconf 88' lang='lat' dir='ltr'>ministerii</span> <span class='ocrx_word' id='word_1_249' title='bbox 880 4167 1315 4232; x_wconf 86' lang='lat' dir='ltr'>trahitur,levita</span> <span class='ocrx_word' id='word_1_250' title='bbox 1341 4167 1574 4235; x_wconf 86' lang='lat' dir='ltr'>levatur,</span> 
     </span>
    </p>
   </div>
   <div class='ocr_carea' id='block_1_43' title="bbox 383 4259 1820 4335">
    <p class='ocr_par' dir='ltr' id='par_1_43' title="bbox 383 4259 1820 4335">
     <span class='ocr_line' id='line_1_43' title="bbox 383 4259 1820 4335; baseline -0.003 -16"><span class='ocrx_word' id='word_1_251' title='bbox 383 4264 578 4320; x_wconf 81' lang='lat' dir='ltr'>Verbis</span> <span class='ocrx_word' id='word_1_252' title='bbox 603 4271 658 4320; x_wconf 88' lang='lat' dir='ltr'>et</span> <span class='ocrx_word' id='word_1_253' title='bbox 691 4262 878 4320; x_wconf 83' lang='lat' dir='ltr'>officio</span> <span class='ocrx_word' id='word_1_254' title='bbox 910 4261 1139 4335; x_wconf 87' lang='lat' dir='ltr'>dignum</span> <span class='ocrx_word' id='word_1_255' title='bbox 1171 4259 1320 4332; x_wconf 89' lang='lat' dir='ltr'>capit</span> <span class='ocrx_word' id='word_1_256' title='bbox 1350 4259 1475 4315; x_wconf 88' lang='lat' dir='ltr'>aula</span> <span class='ocrx_word' id='word_1_257' title='bbox 1511 4260 1820 4317; x_wconf 88' lang='lat' dir='ltr'>ministrum</span> 
     </span>
    </p>
   </div>
   <div class='ocr_carea' id='block_1_44' title="bbox 386 4353 1720 4430">
    <p class='ocr_par' dir='ltr' id='par_1_44' title="bbox 386 4353 1720 4430">
     <span class='ocr_line' id='line_1_44' title="bbox 386 4353 1720 4430; baseline -0.003 -16"><span class='ocrx_word' id='word_1_258' title='bbox 386 4358 646 4414; x_wconf 59' lang='lat' dir='ltr'>Ecclesia!</span> <span class='ocrx_word' id='word_1_259' title='bbox 677 4358 962 4430; x_wconf 85' lang='lat' dir='ltr'>patrisque</span> <span class='ocrx_word' id='word_1_260' title='bbox 993 4354 1105 4410; x_wconf 88' lang='lat' dir='ltr'>dati</span> <span class='ocrx_word' id='word_1_261' title='bbox 1136 4370 1400 4425; x_wconf 89' lang='lat' dir='ltr'>responsa</span> <span class='ocrx_word' id='word_1_262' title='bbox 1428 4353 1720 4418; x_wconf 89' lang='lat' dir='ltr'>ferentem,</span> 
     </span>
    </p>
   </div>
   <div class='ocr_carea' id='block_1_45' title="bbox 381 4450 1640 4525">
    <p class='ocr_par' dir='ltr' id='par_1_45' title="bbox 381 4450 1640 4525">
     <span class='ocr_line' id='line_1_45' title="bbox 381 4450 1640 4525; baseline -0.002 -16"><span class='ocrx_word' id='word_1_263' title='bbox 381 4456 671 4511; x_wconf 87' lang='lat' dir='ltr'>Sectantur</span> <span class='ocrx_word' id='word_1_264' title='bbox 695 4453 891 4510; x_wconf 89' lang='lat' dir='ltr'>fratres</span> <span class='ocrx_word' id='word_1_265' title='bbox 918 4468 1059 4524; x_wconf 89' lang='lat' dir='ltr'>quos</span> <span class='ocrx_word' id='word_1_266' title='bbox 1088 4450 1456 4507; x_wconf 84' lang='lat' dir='ltr'>contubernia</span> <span class='ocrx_word' id='word_1_267' title='bbox 1486 4459 1640 4525; x_wconf 88' lang='lat' dir='ltr'>grata</span> 
     </span>
    </p>
   </div>
   <div class='ocr_carea' id='block_1_46' title="bbox 380 4542 1616 4617">
    <p class='ocr_par' dir='ltr' id='par_1_46' title="bbox 380 4542 1616 4617">
     <span class='ocr_line' id='line_1_46' title="bbox 380 4542 1616 4617; baseline -0.003 -16"><span class='ocrx_word' id='word_1_268' title='bbox 380 4546 676 4617; x_wconf 89' lang='lat' dir='ltr'>Dependit,</span> <span class='ocrx_word' id='word_1_269' title='bbox 706 4544 875 4600; x_wconf 85' lang='lat' dir='ltr'>maris</span> <span class='ocrx_word' id='word_1_270' title='bbox 894 4559 1109 4599; x_wconf 89' lang='lat' dir='ltr'>errores</span> <span class='ocrx_word' id='word_1_271' title='bbox 1136 4558 1245 4615; x_wconf 91' lang='lat' dir='ltr'>quo</span> <span class='ocrx_word' id='word_1_272' title='bbox 1270 4543 1451 4598; x_wconf 89' lang='lat' dir='ltr'>littore</span> <span class='ocrx_word' id='word_1_273' title='bbox 1482 4542 1616 4597; x_wconf 87' lang='lat' dir='ltr'>vitet</span> 
     </span>
    </p>
   </div>
   <div class='ocr_carea' id='block_1_47' title="bbox 380 4632 1612 4707">
    <p class='ocr_par' dir='ltr' id='par_1_47' title="bbox 380 4632 1612 4707">
     <span class='ocr_line' id='line_1_47' title="bbox 380 4632 1612 4707; baseline -0.002 -16"><span class='ocrx_word' id='word_1_274' title='bbox 380 4636 622 4691; x_wconf 87' lang='lat' dir='ltr'>Turbine</span> <span class='ocrx_word' id='word_1_275' title='bbox 650 4635 930 4690; x_wconf 88' lang='lat' dir='ltr'>mundano</span> <span class='ocrx_word' id='word_1_276' title='bbox 953 4641 1101 4688; x_wconf 89' lang='lat' dir='ltr'>tutus</span> <span class='ocrx_word' id='word_1_277' title='bbox 1126 4633 1371 4688; x_wconf 77' lang='lat' dir='ltr'>cmlestia</span> <span class='ocrx_word' id='word_1_278' title='bbox 1398 4632 1612 4707; x_wconf 80' lang='lat' dir='ltr'>flagret.</span> 
     </span>
    </p>
   </div>
   <div class='ocr_carea' id='block_1_48' title="bbox 381 4724 1759 4795">
    <p class='ocr_par' dir='ltr' id='par_1_48' title="bbox 381 4724 1759 4795">
     <span class='ocr_line' id='line_1_48' title="bbox 381 4724 1759 4795; baseline -0.003 -11"><span class='ocrx_word' id='word_1_279' title='bbox 381 4731 622 4795; x_wconf 85' lang='lat' dir='ltr'>Quorum</span> <span class='ocrx_word' id='word_1_280' title='bbox 650 4727 1012 4783; x_wconf 85' lang='lat' dir='ltr'>Maximianus</span> <span class='ocrx_word' id='word_1_281' title='bbox 1028 4726 1121 4781; x_wconf 92' lang='lat' dir='ltr'>ubi</span> <span class='ocrx_word' id='word_1_282' title='bbox 1163 4726 1307 4781; x_wconf 92' lang='lat' dir='ltr'>redit</span> <span class='ocrx_word' id='word_1_283' title='bbox 1338 4726 1482 4781; x_wconf 90' lang='lat' dir='ltr'>alma</span> <span class='ocrx_word' id='word_1_284' title='bbox 1513 4724 1759 4780; x_wconf 84' lang='lat' dir='ltr'>revisens</span> 
     </span>
    </p>
   </div>
   <div class='ocr_carea' id='block_1_49' title="bbox 379 4814 1621 4890">
    <p class='ocr_par' dir='ltr' id='par_1_49' title="bbox 379 4814 1621 4890">
     <span class='ocr_line' id='line_1_49' title="bbox 379 4814 1621 4890; baseline -0.004 -17"><span class='ocrx_word' id='word_1_285' title='bbox 379 4821 547 4890; x_wconf 85' lang='lat' dir='ltr'>Septa</span> <span class='ocrx_word' id='word_1_286' title='bbox 579 4818 683 4872; x_wconf 91' lang='lat' dir='ltr'>slbi</span> <span class='ocrx_word' id='word_1_287' title='bbox 717 4818 893 4889; x_wconf 86' lang='lat' dir='ltr'>legata</span> <span class='ocrx_word' id='word_1_288' title='bbox 926 4815 1038 4871; x_wconf 87' lang='lat' dir='ltr'>ﬁde</span> <span class='ocrx_word' id='word_1_289' title='bbox 1064 4832 1128 4871; x_wconf 90' lang='lat' dir='ltr'>ac</span> <span class='ocrx_word' id='word_1_290' title='bbox 1155 4816 1355 4871; x_wconf 90' lang='lat' dir='ltr'>virtute</span> <span class='ocrx_word' id='word_1_291' title='bbox 1374 4814 1621 4887; x_wconf 68' lang='lat' dir='ltr'>probatae</span> 
     </span>
    </p>
   </div>
   <div class='ocr_carea' id='block_1_50' title="bbox 380 4906 1679 4981">
    <p class='ocr_par' dir='ltr' id='par_1_50' title="bbox 380 4906 1679 4981">
     <span class='ocr_line' id='line_1_50' title="bbox 380 4906 1679 4981; baseline -0.001 -18"><span class='ocrx_word' id='word_1_292' title='bbox 380 4908 597 4975; x_wconf 83' lang='lat' dir='ltr'>Mentis,</span> <span class='ocrx_word' id='word_1_293' title='bbox 617 4915 671 4964; x_wconf 90' lang='lat' dir='ltr'>et</span> <span class='ocrx_word' id='word_1_294' title='bbox 700 4908 908 4981; x_wconf 87' lang='lat' dir='ltr'>egregii</span> <span class='ocrx_word' id='word_1_295' title='bbox 942 4906 1127 4962; x_wconf 65' lang='lat' dir='ltr'>tutelae</span> <span class='ocrx_word' id='word_1_296' title='bbox 1159 4906 1378 4961; x_wconf 88' lang='lat' dir='ltr'>addicta</span> <span class='ocrx_word' id='word_1_297' title='bbox 1411 4906 1679 4978; x_wconf 84' lang='lat' dir='ltr'>magistri,</span> 
     </span>
    </p>
   </div>
   <div class='ocr_carea' id='block_1_51' title="bbox 377 4996 1652 5069">
    <p class='ocr_par' dir='ltr' id='par_1_51' title="bbox 377 4996 1652 5069">
     <span class='ocr_line' id='line_1_51' title="bbox 377 4996 1652 5069; baseline -0.003 -15"><span class='ocrx_word' id='word_1_298' title='bbox 377 4998 544 5054; x_wconf 89' lang='lat' dir='ltr'>Adria</span> <span class='ocrx_word' id='word_1_299' title='bbox 574 5005 815 5053; x_wconf 88' lang='lat' dir='ltr'>terrores</span> <span class='ocrx_word' id='word_1_300' title='bbox 845 5013 1135 5068; x_wconf 62' lang='lat' dir='ltr'>saevasque</span> <span class='ocrx_word' id='word_1_301' title='bbox 1159 4996 1395 5069; x_wconf 88' lang='lat' dir='ltr'>insurgit</span> <span class='ocrx_word' id='word_1_302' title='bbox 1435 4998 1489 5052; x_wconf 91' lang='lat' dir='ltr'>in</span> <span class='ocrx_word' id='word_1_303' title='bbox 1523 4997 1652 5064; x_wconf 91' lang='lat' dir='ltr'>iras,</span> 
     </span>
    </p>
   </div>
   <div class='ocr_carea' id='block_1_52' title="bbox 379 5085 1807 5161">
    <p class='ocr_par' dir='ltr' id='par_1_52' title="bbox 379 5085 1807 5161">
     <span class='ocr_line' id='line_1_52' title="bbox 379 5085 1807 5161; baseline -0.003 -16"><span class='ocrx_word' id='word_1_304' title='bbox 379 5088 838 5161; x_wconf 87' lang='lat' dir='ltr'>Flaminibusque</span> <span class='ocrx_word' id='word_1_305' title='bbox 871 5088 1012 5144; x_wconf 88' lang='lat' dir='ltr'>feras</span> <span class='ocrx_word' id='word_1_306' title='bbox 1041 5086 1355 5141; x_wconf 87' lang='lat' dir='ltr'>furibundis</span> <span class='ocrx_word' id='word_1_307' title='bbox 1372 5085 1577 5140; x_wconf 79' lang='lat' dir='ltr'>excitat</span> <span class='ocrx_word' id='word_1_308' title='bbox 1606 5086 1807 5154; x_wconf 85' lang='lat' dir='ltr'>undas,</span> 
     </span>
    </p>
   </div>
   <div class='ocr_carea' id='block_1_53' title="bbox 378 5179 1647 5255">
    <p class='ocr_par' dir='ltr' id='par_1_53' title="bbox 378 5179 1647 5255">
     <span class='ocr_line' id='line_1_53' title="bbox 378 5179 1647 5255; baseline -0.003 -18"><span class='ocrx_word' id='word_1_309' title='bbox 378 5184 729 5255; x_wconf 73' lang='lat' dir='ltr'>Aiquoreque</span> <span class='ocrx_word' id='word_1_310' title='bbox 750 5181 892 5238; x_wconf 89' lang='lat' dir='ltr'>elato</span> <span class='ocrx_word' id='word_1_311' title='bbox 921 5180 1088 5237; x_wconf 89' lang='lat' dir='ltr'>funus</span> <span class='ocrx_word' id='word_1_312' title='bbox 1112 5180 1339 5235; x_wconf 90' lang='lat' dir='ltr'>crudele</span> <span class='ocrx_word' id='word_1_313' title='bbox 1360 5179 1602 5234; x_wconf 91' lang='lat' dir='ltr'>minatur</span> <span class='ocrx_word' id='word_1_314' title='bbox 1633 5195 1647 5233; x_wconf 90' lang='lat'><strong>:</strong></span> 
     </span>
    </p>
   </div>
   <div class='ocr_carea' id='block_1_54' title="bbox 379 5270 1701 5346">
    <p class='ocr_par' dir='ltr' id='par_1_54' title="bbox 379 5270 1701 5346">
     <span class='ocr_line' id='line_1_54' title="bbox 379 5270 1701 5346; baseline -0.002 -18"><span class='ocrx_word' id='word_1_315' title='bbox 379 5273 595 5329; x_wconf 81' lang='lat' dir='ltr'>llectori</span> <span class='ocrx_word' id='word_1_316' title='bbox 627 5274 829 5330; x_wconf 87' lang='lat' dir='ltr'>amisso</span> <span class='ocrx_word' id='word_1_317' title='bbox 862 5281 1095 5346; x_wconf 88' lang='lat' dir='ltr'>pereunt</span> <span class='ocrx_word' id='word_1_318' title='bbox 1122 5272 1505 5329; x_wconf 88' lang='lat' dir='ltr'>moderamina</span> <span class='ocrx_word' id='word_1_319' title='bbox 1526 5270 1701 5340; x_wconf 88' lang='lat' dir='ltr'>clavo,</span> 
     </span>
    </p>
   </div>
   <div class='ocr_carea' id='block_1_55' title="bbox 378 5362 1806 5437">
    <p class='ocr_par' dir='ltr' id='par_1_55' title="bbox 378 5362 1806 5437">
     <span class='ocr_line' id='line_1_55' title="bbox 378 5362 1806 5437; baseline -0.001 -19"><span class='ocrx_word' id='word_1_320' title='bbox 378 5362 597 5437; x_wconf 89' lang='lat' dir='ltr'>Agmini</span> <span class='ocrx_word' id='word_1_321' title='bbox 630 5362 913 5419; x_wconf 83' lang='lat' dir='ltr'>ﬂabrifero</span> <span class='ocrx_word' id='word_1_322' title='bbox 941 5364 1051 5419; x_wconf 89' lang='lat' dir='ltr'>ruit</span> <span class='ocrx_word' id='word_1_323' title='bbox 1082 5371 1204 5419; x_wconf 90' lang='lat' dir='ltr'>acta</span> <span class='ocrx_word' id='word_1_324' title='bbox 1234 5362 1290 5417; x_wconf 93' lang='lat' dir='ltr'>in</span> <span class='ocrx_word' id='word_1_325' title='bbox 1332 5362 1592 5419; x_wconf 84' lang='lat' dir='ltr'>ﬂuctibus</span> <span class='ocrx_word' id='word_1_326' title='bbox 1623 5363 1806 5429; x_wconf 88' lang='lat' dir='ltr'>arbos,</span> 
     </span>
    </p>
   </div>
   <div class='ocr_carea' id='block_1_56' title="bbox 377 5451 1861 5525">
    <p class='ocr_par' dir='ltr' id='par_1_56' title="bbox 377 5451 1861 5525">
     <span class='ocr_line' id='line_1_56' title="bbox 377 5451 1861 5525; baseline 0.001 -20"><span class='ocrx_word' id='word_1_327' title='bbox 377 5451 623 5521; x_wconf 86' lang='lat' dir='ltr'>Velaque</span> <span class='ocrx_word' id='word_1_328' title='bbox 656 5451 825 5506; x_wconf 90' lang='lat' dir='ltr'>mixta</span> <span class='ocrx_word' id='word_1_329' title='bbox 851 5451 1003 5507; x_wconf 86' lang='lat' dir='ltr'>vadis</span> <span class='ocrx_word' id='word_1_330' title='bbox 1034 5452 1213 5507; x_wconf 89' lang='lat' dir='ltr'>undas</span> <span class='ocrx_word' id='word_1_331' title='bbox 1239 5452 1505 5523; x_wconf 89' lang='lat' dir='ltr'>opulenta</span> <span class='ocrx_word' id='word_1_332' title='bbox 1532 5460 1861 5525; x_wconf 89' lang='lat' dir='ltr'>sequuntur,</span> 
     </span>
    </p>
   </div>
   <div class='ocr_carea' id='block_1_57' title="bbox 375 5539 1751 5613">
    <p class='ocr_par' dir='ltr' id='par_1_57' title="bbox 375 5539 1751 5613">
     <span class='ocr_line' id='line_1_57' title="bbox 375 5539 1751 5613; baseline 0.001 -18"><span class='ocrx_word' id='word_1_333' title='bbox 375 5539 584 5610; x_wconf 86' lang='lat' dir='ltr'>Puppis</span> <span class='ocrx_word' id='word_1_334' title='bbox 613 5544 668 5593; x_wconf 88' lang='lat' dir='ltr'>et</span> <span class='ocrx_word' id='word_1_335' title='bbox 687 5555 852 5595; x_wconf 91' lang='lat' dir='ltr'>omne</span> <span class='ocrx_word' id='word_1_336' title='bbox 884 5540 1026 5595; x_wconf 88' lang='lat' dir='ltr'>latus</span> <span class='ocrx_word' id='word_1_337' title='bbox 1049 5541 1191 5597; x_wconf 89' lang='lat' dir='ltr'>victa</span> <span class='ocrx_word' id='word_1_338' title='bbox 1211 5558 1480 5613; x_wconf 89' lang='lat' dir='ltr'>compage</span> <span class='ocrx_word' id='word_1_339' title='bbox 1510 5543 1751 5597; x_wconf 90' lang='lat' dir='ltr'>solutum</span> 
     </span>
    </p>
   </div>
   <div class='ocr_carea' id='block_1_58' title="bbox 377 5627 1717 5702">
    <p class='ocr_par' dir='ltr' id='par_1_58' title="bbox 377 5627 1717 5702">
     <span class='ocr_line' id='line_1_58' title="bbox 377 5627 1717 5702; baseline 0.002 -19"><span class='ocrx_word' id='word_1_340' title='bbox 377 5627 631 5683; x_wconf 85' lang='lat' dir='ltr'>Admittit</span> <span class='ocrx_word' id='word_1_341' title='bbox 660 5629 897 5683; x_wconf 88' lang='lat' dir='ltr'>celerem</span> <span class='ocrx_word' id='word_1_342' title='bbox 932 5628 1086 5683; x_wconf 90' lang='lat' dir='ltr'>rimis</span> <span class='ocrx_word' id='word_1_343' title='bbox 1111 5631 1455 5702; x_wconf 87' lang='lat' dir='ltr'>rapientibus</span> <span class='ocrx_word' id='word_1_344' title='bbox 1479 5632 1717 5699; x_wconf 89' lang='lat' dir='ltr'>hostem,</span> 
     </span>
    </p>
   </div>
   <div class='ocr_carea' id='block_1_59' title="bbox 374 5725 1927 5805">
    <p class='ocr_par' dir='ltr' id='par_1_59' title="bbox 374 5725 1927 5805">
     <span class='ocr_line' id='line_1_59' title="bbox 374 5725 1927 5805; baseline 0.004 -26"><span class='ocrx_word' id='word_1_345' title='bbox 374 5725 599 5797; x_wconf 84' lang='lat' dir='ltr'>Gurgite</span> <span class='ocrx_word' id='word_1_346' title='bbox 623 5727 735 5795; x_wconf 85' lang='lat' dir='ltr'>jam</span> <span class='ocrx_word' id='word_1_347' title='bbox 764 5740 980 5778; x_wconf 85' lang='lat' dir='ltr'>summa</span> <span class='ocrx_word' id='word_1_348' title='bbox 1011 5727 1319 5783; x_wconf 79' lang='lat' dir='ltr'>tabularum</span> <span class='ocrx_word' id='word_1_349' title='bbox 1356 5729 1679 5805; x_wconf 89' lang='lat' dir='ltr'>immergive</span> <span class='ocrx_word' id='word_1_350' title='bbox 1706 5731 1927 5802; x_wconf 83' lang='lat' dir='ltr'>plenum</span> 
     </span>
    </p>
   </div>
   <div class='ocr_carea' id='block_1_60' title="bbox 374 5811 1996 5893">
    <p class='ocr_par' dir='ltr' id='par_1_60' title="bbox 374 5811 1996 5893">
     <span class='ocr_line' id='line_1_60' title="bbox 374 5811 1996 5893; baseline 0.004 -23"><span class='ocrx_word' id='word_1_351' title='bbox 374 5814 499 5870; x_wconf 87' lang='lat' dir='ltr'>Fert</span> <span class='ocrx_word' id='word_1_352' title='bbox 520 5829 670 5870; x_wconf 87' lang='lat' dir='ltr'>mare</span> <span class='ocrx_word' id='word_1_353' title='bbox 697 5829 813 5873; x_wconf 90' lang='lat' dir='ltr'>vas,</span> <span class='ocrx_word' id='word_1_354' title='bbox 848 5811 1132 5885; x_wconf 82' lang='lat' dir='ltr'>ferturque</span> <span class='ocrx_word' id='word_1_355' title='bbox 1163 5818 1297 5872; x_wconf 91' lang='lat' dir='ltr'>mari</span> <span class='ocrx_word' id='word_1_356' title='bbox 1317 5817 1482 5873; x_wconf 92' lang='lat' dir='ltr'>dorso</span> <span class='ocrx_word' id='word_1_357' title='bbox 1497 5821 1736 5891; x_wconf 66' lang='lat' dir='ltr'>mquoris</span> <span class='ocrx_word' id='word_1_358' title='bbox 1756 5837 1996 5893; x_wconf 77' lang='lat' dir='ltr'>tequum;</span> 
     </span>
    </p>
   </div>
   <div class='ocr_carea' id='block_1_61' title="bbox 1154 372 2969 435">
    <p class='ocr_par' dir='ltr' id='par_1_61' title="bbox 1154 372 2969 435">
     <span class='ocr_line' id='line_1_61' title="bbox 1154 372 2969 435; baseline -0.001 0"><span class='ocrx_word' id='word_1_359' title='bbox 1154 378 1516 435; x_wconf 80' lang='lat' dir='ltr'>FLODOARDI</span> <span class='ocrx_word' id='word_1_360' title='bbox 1559 376 1865 433; x_wconf 86' lang='lat' dir='ltr'>CANONlCl</span> <span class='ocrx_word' id='word_1_361' title='bbox 1908 372 2240 430; x_wconf 76' lang='lat' dir='ltr'>REMENSIS</span> <span class='ocrx_word' id='word_1_362' title='bbox 2282 374 2619 431; x_wconf 83' lang='lat' dir='ltr'>OPUSCULA</span> <span class='ocrx_word' id='word_1_363' title='bbox 2660 375 2969 433; x_wconf 79' lang='lat' dir='ltr'>METRJCA.</span> 
     </span>
    </p>
   </div>
   <div class='ocr_carea' id='block_1_62' title="bbox 3632 384 3745 439">
    <p class='ocr_par' dir='ltr' id='par_1_62' title="bbox 3632 384 3745 439">
     <span class='ocr_line' id='line_1_62' title="bbox 3632 384 3745 439; baseline 0.018 -2"><span class='ocrx_word' id='word_1_364' title='bbox 3632 384 3745 439; x_wconf 82' lang='lat'>776</span> 
     </span>
    </p>
   </div>
   <div class='ocr_carea' id='block_1_63' title="bbox 2033 505 3742 583">
    <p class='ocr_par' dir='ltr' id='par_1_63' title="bbox 2033 505 3742 583">
     <span class='ocr_line' id='line_1_63' title="bbox 2033 505 3742 583; baseline 0.004 -24"><span class='ocrx_word' id='word_1_365' title='bbox 2033 511 2086 577; x_wconf 80' lang='grc' dir='ltr'><strong>Α</strong></span> <span class='ocrx_word' id='word_1_366' title='bbox 2114 505 2363 562; x_wconf 87' lang='lat' dir='ltr'>Proxima</span> <span class='ocrx_word' id='word_1_367' title='bbox 2394 522 2541 563; x_wconf 90' lang='lat' dir='ltr'>mors</span> <span class='ocrx_word' id='word_1_368' title='bbox 2572 523 2681 563; x_wconf 91' lang='lat' dir='ltr'>non</span> <span class='ocrx_word' id='word_1_369' title='bbox 2731 509 2896 565; x_wconf 89' lang='lat' dir='ltr'>corda</span> <span class='ocrx_word' id='word_1_370' title='bbox 2939 509 3138 581; x_wconf 90' lang='lat' dir='ltr'>quatit,</span> <span class='ocrx_word' id='word_1_371' title='bbox 3197 510 3333 583; x_wconf 91' lang='lat' dir='ltr'>quin</span> <span class='ocrx_word' id='word_1_372' title='bbox 3382 511 3625 583; x_wconf 87' lang='lat' dir='ltr'>proripit</span> <span class='ocrx_word' id='word_1_373' title='bbox 3656 513 3742 567; x_wconf 92' lang='lat' dir='ltr'>in-</span> 
     </span>
    </p>
   </div>
   <div class='ocr_carea' id='block_1_64' title="bbox 3457 603 3667 675">
    <p class='ocr_par' dir='ltr' id='par_1_64' title="bbox 3457 603 3667 675">
     <span class='ocr_line' id='line_1_64' title="bbox 3457 603 3667 675; baseline 0.005 -18"><span class='ocrx_word' id='word_1_374' title='bbox 3457 603 3631 675; x_wconf 88' lang='lat' dir='ltr'>[stans</span> <span class='ocrx_word' id='word_1_375' title='bbox 3651 622 3667 671; x_wconf 86' lang='lat'><strong>;</strong></span> 
     </span>
    </p>
   </div>
   <div class='ocr_carea' id='block_1_65' title="bbox 2111 694 3658 772">
    <p class='ocr_par' dir='ltr' id='par_1_65' title="bbox 2111 694 3658 772">
     <span class='ocr_line' id='line_1_65' title="bbox 2111 694 3658 772; baseline 0.004 -23"><span class='ocrx_word' id='word_1_376' title='bbox 2111 694 2193 749; x_wconf 88' lang='lat' dir='ltr'>Nil</span> <span class='ocrx_word' id='word_1_377' title='bbox 2235 694 2339 750; x_wconf 90' lang='lat' dir='ltr'>nisi</span> <span class='ocrx_word' id='word_1_378' title='bbox 2380 711 2703 767; x_wconf 88' lang='lat' dir='ltr'>supremum</span> <span class='ocrx_word' id='word_1_379' title='bbox 2729 704 2985 762; x_wconf 90' lang='lat' dir='ltr'>cernunt,</span> <span class='ocrx_word' id='word_1_380' title='bbox 3011 712 3246 753; x_wconf 69' lang='lat' dir='ltr'>summae</span> <span class='ocrx_word' id='word_1_381' title='bbox 3280 699 3472 754; x_wconf 88' lang='lat' dir='ltr'>oscula</span> <span class='ocrx_word' id='word_1_382' title='bbox 3501 700 3658 772; x_wconf 88' lang='lat' dir='ltr'>pacis</span> 
     </span>
    </p>
   </div>
   <div class='ocr_carea' id='block_1_66' title="bbox 2110 782 3414 857">
    <p class='ocr_par' dir='ltr' id='par_1_66' title="bbox 2110 782 3414 857">
     <span class='ocr_line' id='line_1_66' title="bbox 2110 782 3414 857; baseline 0.002 -19"><span class='ocrx_word' id='word_1_383' title='bbox 2110 782 2295 839; x_wconf 90' lang='lat' dir='ltr'>Mutua</span> <span class='ocrx_word' id='word_1_384' title='bbox 2324 785 2478 851; x_wconf 92' lang='lat' dir='ltr'>dant,</span> <span class='ocrx_word' id='word_1_385' title='bbox 2511 785 2603 857; x_wconf 91' lang='lat' dir='ltr'>pia</span> <span class='ocrx_word' id='word_1_386' title='bbox 2640 785 2789 841; x_wconf 90' lang='lat' dir='ltr'>dona</span> <span class='ocrx_word' id='word_1_387' title='bbox 2814 785 2918 841; x_wconf 77' lang='lat' dir='ltr'>vim</span> <span class='ocrx_word' id='word_1_388' title='bbox 2949 786 3146 841; x_wconf 88' lang='lat' dir='ltr'>solatia</span> <span class='ocrx_word' id='word_1_389' title='bbox 3168 796 3414 853; x_wconf 92' lang='lat' dir='ltr'>sumunt,</span> 
     </span>
    </p>
   </div>
   <div class='ocr_carea' id='block_1_67' title="bbox 2113 874 3672 950">
    <p class='ocr_par' dir='ltr' id='par_1_67' title="bbox 2113 874 3672 950">
     <span class='ocr_line' id='line_1_67' title="bbox 2113 874 3672 950; baseline 0.004 -20"><span class='ocrx_word' id='word_1_390' title='bbox 2113 874 2582 949; x_wconf 88' lang='lat' dir='ltr'>Committuntque</span> <span class='ocrx_word' id='word_1_391' title='bbox 2605 877 2818 931; x_wconf 92' lang='lat' dir='ltr'>animas</span> <span class='ocrx_word' id='word_1_392' title='bbox 2845 878 2939 950; x_wconf 92' lang='lat' dir='ltr'>qui</span> <span class='ocrx_word' id='word_1_393' title='bbox 2964 894 3197 950; x_wconf 91' lang='lat' dir='ltr'>corpora</span> <span class='ocrx_word' id='word_1_394' title='bbox 3218 888 3393 935; x_wconf 92' lang='lat' dir='ltr'>morte</span> <span class='ocrx_word' id='word_1_395' title='bbox 3424 888 3672 936; x_wconf 90' lang='lat' dir='ltr'>coarctat</span> 
     </span>
    </p>
   </div>
   <div class='ocr_carea' id='block_1_68' title="bbox 2108 967 3535 1040">
    <p class='ocr_par' dir='ltr' id='par_1_68' title="bbox 2108 967 3535 1040">
     <span class='ocr_line' id='line_1_68' title="bbox 2108 967 3535 1040; baseline 0.003 -18"><span class='ocrx_word' id='word_1_396' title='bbox 2108 967 2365 1023; x_wconf 80' lang='lat' dir='ltr'>Flectitur</span> <span class='ocrx_word' id='word_1_397' title='bbox 2384 969 2737 1040; x_wconf 90' lang='lat' dir='ltr'>omnipotens</span> <span class='ocrx_word' id='word_1_398' title='bbox 2766 970 3002 1040; x_wconf 90' lang='lat' dir='ltr'>trepidis</span> <span class='ocrx_word' id='word_1_399' title='bbox 3031 970 3325 1026; x_wconf 89' lang='lat' dir='ltr'>clementia</span> <span class='ocrx_word' id='word_1_400' title='bbox 3348 972 3535 1040; x_wconf 88' lang='lat' dir='ltr'>rebus,</span> 
     </span>
    </p>
   </div>
   <div class='ocr_carea' id='block_1_69' title="bbox 2109 1062 3463 1127">
    <p class='ocr_par' dir='ltr' id='par_1_69' title="bbox 2109 1062 3463 1127">
     <span class='ocr_line' id='line_1_69' title="bbox 2109 1062 3463 1127; baseline 0.003 -10"><span class='ocrx_word' id='word_1_401' title='bbox 2109 1063 2210 1119; x_wconf 86' lang='lat' dir='ltr'>Pro</span> <span class='ocrx_word' id='word_1_402' title='bbox 2238 1062 2378 1120; x_wconf 89' lang='lat' dir='ltr'>miro</span> <span class='ocrx_word' id='word_1_403' title='bbox 2416 1080 2636 1120; x_wconf 79' lang='lat' dir='ltr'>servare</span> <span class='ocrx_word' id='word_1_404' title='bbox 2664 1064 2831 1121; x_wconf 90' lang='lat' dir='ltr'>modo</span> <span class='ocrx_word' id='word_1_405' title='bbox 2857 1064 3178 1120; x_wconf 88' lang='lat' dir='ltr'>discrimine</span> <span class='ocrx_word' id='word_1_406' title='bbox 3210 1081 3463 1127; x_wconf 82' lang='lat' dir='ltr'>censeas.</span> 
     </span>
    </p>
   </div>
   <div class='ocr_carea' id='block_1_70' title="bbox 2116 1154 3594 1228">
    <p class='ocr_par' dir='ltr' id='par_1_70' title="bbox 2116 1154 3594 1228">
     <span class='ocr_line' id='line_1_70' title="bbox 2116 1154 3594 1228; baseline 0.001 -18"><span class='ocrx_word' id='word_1_407' title='bbox 2116 1156 2355 1220; x_wconf 83' lang='lat' dir='ltr'>Quorum</span> <span class='ocrx_word' id='word_1_408' title='bbox 2386 1154 2583 1210; x_wconf 89' lang='lat' dir='ltr'>adiens</span> <span class='ocrx_word' id='word_1_409' title='bbox 2601 1155 2824 1226; x_wconf 87' lang='lat' dir='ltr'>stupido</span> <span class='ocrx_word' id='word_1_410' title='bbox 2849 1156 3157 1211; x_wconf 89' lang='lat' dir='ltr'>tremefecit</span> <span class='ocrx_word' id='word_1_411' title='bbox 3177 1156 3344 1212; x_wconf 89' lang='lat' dir='ltr'>corda</span> <span class='ocrx_word' id='word_1_412' title='bbox 3368 1172 3594 1228; x_wconf 86' lang='lat' dir='ltr'>pavore,</span> 
     </span>
    </p>
   </div>
   <div class='ocr_carea' id='block_1_71' title="bbox 2117 1245 3749 1319">
    <p class='ocr_par' dir='ltr' id='par_1_71' title="bbox 2117 1245 3749 1319">
     <span class='ocr_line' id='line_1_71' title="bbox 2117 1245 3749 1319; baseline 0.001 -20"><span class='ocrx_word' id='word_1_413' title='bbox 2117 1246 2206 1299; x_wconf 89' lang='lat' dir='ltr'>Sic</span> <span class='ocrx_word' id='word_1_414' title='bbox 2235 1246 2399 1315; x_wconf 89' lang='lat' dir='ltr'>plena</span> <span class='ocrx_word' id='word_1_415' title='bbox 2428 1252 2554 1300; x_wconf 90' lang='lat' dir='ltr'>octo</span> <span class='ocrx_word' id='word_1_416' title='bbox 2585 1252 2735 1299; x_wconf 90' lang='lat' dir='ltr'>natat</span> <span class='ocrx_word' id='word_1_417' title='bbox 2751 1245 3098 1317; x_wconf 82' lang='lat' dir='ltr'>lympharum</span> <span class='ocrx_word' id='word_1_418' title='bbox 3128 1246 3532 1319; x_wconf 88' lang='lat' dir='ltr'>hominumque</span> <span class='ocrx_word' id='word_1_419' title='bbox 3549 1246 3749 1302; x_wconf 90' lang='lat' dir='ltr'>ciebus</span> 
     </span>
    </p>
   </div>
   <div class='ocr_carea' id='block_1_72' title="bbox 2117 1337 3750 1412">
    <p class='ocr_par' dir='ltr' id='par_1_72' title="bbox 2117 1337 3750 1412">
     <span class='ocr_line' id='line_1_72' title="bbox 2117 1337 3750 1412; baseline 0.001 -20"><span class='ocrx_word' id='word_1_420' title='bbox 2117 1337 2368 1410; x_wconf 88' lang='lat' dir='ltr'>Cymba,</span> <span class='ocrx_word' id='word_1_421' title='bbox 2436 1338 2547 1393; x_wconf 90' lang='lat' dir='ltr'>Deo</span> <span class='ocrx_word' id='word_1_422' title='bbox 2613 1353 2885 1412; x_wconf 87' lang='lat' dir='ltr'>peragens</span> <span class='ocrx_word' id='word_1_423' title='bbox 2977 1338 3235 1410; x_wconf 89' lang='lat' dir='ltr'>pr0pium</span> <span class='ocrx_word' id='word_1_424' title='bbox 3303 1339 3470 1395; x_wconf 91' lang='lat' dir='ltr'>modo</span> <span class='ocrx_word' id='word_1_425' title='bbox 3532 1337 3750 1411; x_wconf 77' lang='lat' dir='ltr'>remige</span> 
     </span>
    </p>
   </div>
   <div class='ocr_carea' id='block_1_73' title="bbox 3386 1432 3678 1503">
    <p class='ocr_par' dir='ltr' id='par_1_73' title="bbox 3386 1432 3678 1503">
     <span class='ocr_line' id='line_1_73' title="bbox 3386 1432 3678 1503; baseline 0.014 -20"><span class='ocrx_word' id='word_1_426' title='bbox 3386 1432 3630 1503; x_wconf 75' lang='lat' dir='ltr'>[rursum</span> <span class='ocrx_word' id='word_1_427' title='bbox 3662 1448 3678 1498; x_wconf 88' lang='lat'><strong>;</strong></span> 
     </span>
    </p>
   </div>
   <div class='ocr_carea' id='block_1_74' title="bbox 2118 1522 3432 1596">
    <p class='ocr_par' dir='ltr' id='par_1_74' title="bbox 2118 1522 3432 1596">
     <span class='ocr_line' id='line_1_74' title="bbox 2118 1522 3432 1596; baseline 0 -17"><span class='ocrx_word' id='word_1_428' title='bbox 2118 1523 2426 1579; x_wconf 87' lang='lat' dir='ltr'>Incolumes</span> <span class='ocrx_word' id='word_1_429' title='bbox 2454 1537 2621 1590; x_wconf 89' lang='lat' dir='ltr'>nono,</span> <span class='ocrx_word' id='word_1_430' title='bbox 2653 1523 2783 1578; x_wconf 91' lang='lat' dir='ltr'>dum</span> <span class='ocrx_word' id='word_1_431' title='bbox 2816 1522 3154 1580; x_wconf 87' lang='lat' dir='ltr'>Cotronense</span> <span class='ocrx_word' id='word_1_432' title='bbox 3184 1531 3432 1596; x_wconf 88' lang='lat' dir='ltr'>receptat</span> 
     </span>
    </p>
   </div>
   <div class='ocr_carea' id='block_1_75' title="bbox 2118 1616 3356 1689">
    <p class='ocr_par' dir='ltr' id='par_1_75' title="bbox 2118 1616 3356 1689">
     <span class='ocr_line' id='line_1_75' title="bbox 2118 1616 3356 1689; baseline 0.002 -18"><span class='ocrx_word' id='word_1_433' title='bbox 2118 1617 2362 1688; x_wconf 84' lang='lat' dir='ltr'>Gregorii</span> <span class='ocrx_word' id='word_1_434' title='bbox 2397 1617 2550 1672; x_wconf 91' lang='lat' dir='ltr'>littus</span> <span class='ocrx_word' id='word_1_435' title='bbox 2570 1617 2773 1683; x_wconf 89' lang='lat' dir='ltr'>socios,</span> <span class='ocrx_word' id='word_1_436' title='bbox 2804 1633 2946 1689; x_wconf 90' lang='lat' dir='ltr'>quos</span> <span class='ocrx_word' id='word_1_437' title='bbox 2970 1616 3356 1684; x_wconf 85' lang='lat' dir='ltr'>Maximianus,</span> 
     </span>
    </p>
   </div>
   <div class='ocr_carea' id='block_1_76' title="bbox 2118 1707 3745 1782">
    <p class='ocr_par' dir='ltr' id='par_1_76' title="bbox 2118 1707 3745 1782">
     <span class='ocr_line' id='line_1_76' title="bbox 2118 1707 3745 1782; baseline 0 -19"><span class='ocrx_word' id='word_1_438' title='bbox 2118 1707 2185 1763; x_wconf 89' lang='lat' dir='ltr'>Ut</span> <span class='ocrx_word' id='word_1_439' title='bbox 2212 1707 2434 1762; x_wconf 87' lang='lat' dir='ltr'>lintrem</span> <span class='ocrx_word' id='word_1_440' title='bbox 2475 1724 2732 1782; x_wconf 88' lang='lat' dir='ltr'>egressus</span> <span class='ocrx_word' id='word_1_441' title='bbox 2759 1710 3030 1780; x_wconf 88' lang='lat' dir='ltr'>sequitur,</span> <span class='ocrx_word' id='word_1_442' title='bbox 3065 1710 3205 1780; x_wconf 89' lang='lat' dir='ltr'>petit</span> <span class='ocrx_word' id='word_1_443' title='bbox 3255 1709 3350 1764; x_wconf 91' lang='lat' dir='ltr'>illa</span> <span class='ocrx_word' id='word_1_444' title='bbox 3378 1708 3745 1781; x_wconf 89' lang='lat' dir='ltr'>prolundum,</span> 
     </span>
    </p>
   </div>
   <div class='ocr_carea' id='block_1_77' title="bbox 2116 1800 3746 1873">
    <p class='ocr_par' dir='ltr' id='par_1_77' title="bbox 2116 1800 3746 1873">
     <span class='ocr_line' id='line_1_77' title="bbox 2116 1800 3746 1873; baseline 0.001 -18"><span class='ocrx_word' id='word_1_445' title='bbox 2116 1801 2232 1856; x_wconf 84' lang='lat' dir='ltr'>Jam</span> <span class='ocrx_word' id='word_1_446' title='bbox 2265 1816 2375 1855; x_wconf 92' lang='lat' dir='ltr'>non</span> <span class='ocrx_word' id='word_1_447' title='bbox 2403 1800 2545 1855; x_wconf 90' lang='lat' dir='ltr'>ferre</span> <span class='ocrx_word' id='word_1_448' title='bbox 2574 1800 2764 1857; x_wconf 88' lang='lat' dir='ltr'>valens</span> <span class='ocrx_word' id='word_1_449' title='bbox 2791 1802 3076 1857; x_wconf 90' lang='lat' dir='ltr'>hominum</span> <span class='ocrx_word' id='word_1_450' title='bbox 3090 1802 3212 1857; x_wconf 87' lang='lat' dir='ltr'>sine</span> <span class='ocrx_word' id='word_1_451' title='bbox 3236 1802 3484 1873; x_wconf 91' lang='lat' dir='ltr'>pondere</span> <span class='ocrx_word' id='word_1_452' title='bbox 3517 1801 3746 1867; x_wconf 80' lang='lat' dir='ltr'>ﬂuctus,</span> 
     </span>
    </p>
   </div>
   <div class='ocr_carea' id='block_1_78' title="bbox 2068 1869 3520 1962">
    <p class='ocr_par' dir='ltr' id='par_1_78' title="bbox 2068 1869 3520 1962">
     <span class='ocr_line' id='line_1_78' title="bbox 2068 1869 3520 1962; baseline 0.002 -20"><span class='ocrx_word' id='word_1_453' title='bbox 2068 1869 2088 1902; x_wconf 72' lang='grc'><em>’</em></span> <span class='ocrx_word' id='word_1_454' title='bbox 2116 1889 2364 1961; x_wconf 86' lang='lat' dir='ltr'>Gregorii</span> <span class='ocrx_word' id='word_1_455' title='bbox 2398 1890 2610 1945; x_wconf 89' lang='lat' dir='ltr'>meritis</span> <span class='ocrx_word' id='word_1_456' title='bbox 2640 1890 2898 1945; x_wconf 88' lang='lat' dir='ltr'>homines</span> <span class='ocrx_word' id='word_1_457' title='bbox 2912 1907 3038 1962; x_wconf 68' lang='lat' dir='ltr'>qum</span> <span class='ocrx_word' id='word_1_458' title='bbox 3068 1891 3218 1945; x_wconf 86' lang='lat' dir='ltr'>vexit</span> <span class='ocrx_word' id='word_1_459' title='bbox 3237 1869 3292 1945; x_wconf 84' lang='lat' dir='ltr'>et</span> <span class='ocrx_word' id='word_1_460' title='bbox 3321 1891 3520 1945; x_wconf 87' lang='lat' dir='ltr'>undas.</span> 
     </span>
    </p>
   </div>
   <div class='ocr_carea' id='block_1_79' title="bbox 2114 1980 3420 2054">
    <p class='ocr_par' dir='ltr' id='par_1_79' title="bbox 2114 1980 3420 2054">
     <span class='ocr_line' id='line_1_79' title="bbox 2114 1980 3420 2054; baseline -0.001 -19"><span class='ocrx_word' id='word_1_461' title='bbox 2114 1980 2426 2035; x_wconf 84' lang='lat' dir='ltr'>Maximiani</span> <span class='ocrx_word' id='word_1_462' title='bbox 2461 1982 2579 2036; x_wconf 68' lang='lat' dir='ltr'>haec</span> <span class='ocrx_word' id='word_1_463' title='bbox 2609 1981 2703 2036; x_wconf 89' lang='lat' dir='ltr'>ille</span> <span class='ocrx_word' id='word_1_464' title='bbox 2734 1989 2919 2037; x_wconf 87' lang='lat' dir='ltr'>tamen</span> <span class='ocrx_word' id='word_1_465' title='bbox 2950 1981 3170 2054; x_wconf 85' lang='lat' dir='ltr'>delegat</span> <span class='ocrx_word' id='word_1_466' title='bbox 3199 1980 3420 2041; x_wconf 86' lang='lat' dir='ltr'>honori.</span> 
     </span>
    </p>
   </div>
   <div class='ocr_carea' id='block_1_80' title="bbox 2116 2069 3528 2142">
    <p class='ocr_par' dir='ltr' id='par_1_80' title="bbox 2116 2069 3528 2142">
     <span class='ocr_line' id='line_1_80' title="bbox 2116 2069 3528 2142; baseline -0.001 -18"><span class='ocrx_word' id='word_1_467' title='bbox 2116 2071 2343 2142; x_wconf 83' lang='lat' dir='ltr'>PrOpria</span> <span class='ocrx_word' id='word_1_468' title='bbox 2370 2071 2500 2124; x_wconf 92' lang='lat' dir='ltr'>dum</span> <span class='ocrx_word' id='word_1_469' title='bbox 2533 2070 2713 2125; x_wconf 90' lang='lat' dir='ltr'>vitans</span> <span class='ocrx_word' id='word_1_470' title='bbox 2741 2070 2972 2125; x_wconf 85' lang='lat' dir='ltr'>fratrum</span> <span class='ocrx_word' id='word_1_471' title='bbox 3005 2070 3283 2141; x_wconf 67' lang='lat' dir='ltr'>praeconia</span> <span class='ocrx_word' id='word_1_472' title='bbox 3314 2069 3528 2141; x_wconf 87' lang='lat' dir='ltr'>pangit,</span> 
     </span>
    </p>
   </div>
   <div class='ocr_carea' id='block_1_81' title="bbox 2115 2160 3495 2232">
    <p class='ocr_par' dir='ltr' id='par_1_81' title="bbox 2115 2160 3495 2232">
     <span class='ocr_line' id='line_1_81' title="bbox 2115 2160 3495 2232; baseline -0.001 -18"><span class='ocrx_word' id='word_1_473' title='bbox 2115 2160 2282 2225; x_wconf 83' lang='lat' dir='ltr'>Queis</span> <span class='ocrx_word' id='word_1_474' title='bbox 2311 2160 2547 2231; x_wconf 88' lang='lat' dir='ltr'>aliisque</span> <span class='ocrx_word' id='word_1_475' title='bbox 2567 2160 2658 2231; x_wconf 91' lang='lat' dir='ltr'>pio</span> <span class='ocrx_word' id='word_1_476' title='bbox 2690 2160 2887 2215; x_wconf 85' lang='lat' dir='ltr'>Christi</span> <span class='ocrx_word' id='word_1_477' title='bbox 2911 2160 3015 2214; x_wconf 89' lang='lat' dir='ltr'>sub</span> <span class='ocrx_word' id='word_1_478' title='bbox 3049 2175 3234 2214; x_wconf 91' lang='lat' dir='ltr'>amore</span> <span class='ocrx_word' id='word_1_479' title='bbox 3271 2166 3495 2232; x_wconf 88' lang='lat' dir='ltr'>rogatus</span> 
     </span>
    </p>
   </div>
   <div class='ocr_carea' id='block_1_82' title="bbox 2116 2250 3309 2326">
    <p class='ocr_par' dir='ltr' id='par_1_82' title="bbox 2116 2250 3309 2326">
     <span class='ocr_line' id='line_1_82' title="bbox 2116 2250 3309 2326; baseline -0.001 -22"><span class='ocrx_word' id='word_1_480' title='bbox 2116 2250 2351 2320; x_wconf 83' lang='lat' dir='ltr'>Enodat,</span> <span class='ocrx_word' id='word_1_481' title='bbox 2370 2252 2682 2326; x_wconf 89' lang='lat' dir='ltr'>retegitque</span> <span class='ocrx_word' id='word_1_482' title='bbox 2708 2251 2809 2305; x_wconf 90' lang='lat' dir='ltr'>viri</span> <span class='ocrx_word' id='word_1_483' title='bbox 2837 2250 3098 2321; x_wconf 75' lang='lat' dir='ltr'>mysteria</span> <span class='ocrx_word' id='word_1_484' title='bbox 3124 2250 3309 2305; x_wconf 90' lang='lat' dir='ltr'>clausa</span> 
     </span>
    </p>
   </div>
   <div class='ocr_carea' id='block_1_83' title="bbox 2111 2341 3456 2417">
    <p class='ocr_par' dir='ltr' id='par_1_83' title="bbox 2111 2341 3456 2417">
     <span class='ocr_line' id='line_1_83' title="bbox 2111 2341 3456 2417; baseline 0 -20"><span class='ocrx_word' id='word_1_485' title='bbox 2111 2344 2438 2401; x_wconf 89' lang='lat' dir='ltr'>Sermonum</span> <span class='ocrx_word' id='word_1_486' title='bbox 2472 2346 2799 2416; x_wconf 89' lang='lat' dir='ltr'>invicti,per</span> <span class='ocrx_word' id='word_1_487' title='bbox 2827 2344 3019 2417; x_wconf 59' lang='lat' dir='ltr'>praelia</span> <span class='ocrx_word' id='word_1_488' title='bbox 3049 2343 3198 2398; x_wconf 86' lang='lat' dir='ltr'>mille</span> <span class='ocrx_word' id='word_1_489' title='bbox 3220 2341 3456 2414; x_wconf 89' lang='lat' dir='ltr'>probati,</span> 
     </span>
    </p>
   </div>
   <div class='ocr_carea' id='block_1_84' title="bbox 2115 2432 3530 2507">
    <p class='ocr_par' dir='ltr' id='par_1_84' title="bbox 2115 2432 3530 2507">
     <span class='ocr_line' id='line_1_84' title="bbox 2115 2432 3530 2507; baseline -0.001 -18"><span class='ocrx_word' id='word_1_490' title='bbox 2115 2435 2343 2491; x_wconf 84' lang='lat' dir='ltr'>Discutit</span> <span class='ocrx_word' id='word_1_491' title='bbox 2376 2436 2790 2507; x_wconf 87' lang='lat' dir='ltr'>enucleansque</span> <span class='ocrx_word' id='word_1_492' title='bbox 2820 2434 3113 2507; x_wconf 71' lang='lat' dir='ltr'>aenigmata</span> <span class='ocrx_word' id='word_1_493' title='bbox 3142 2434 3267 2488; x_wconf 89' lang='lat' dir='ltr'>diva</span> <span class='ocrx_word' id='word_1_494' title='bbox 3297 2432 3530 2502; x_wconf 88' lang='lat' dir='ltr'>revelat,</span> 
     </span>
    </p>
   </div>
   <div class='ocr_carea' id='block_1_85' title="bbox 2115 2523 3454 2598">
    <p class='ocr_par' dir='ltr' id='par_1_85' title="bbox 2115 2523 3454 2598">
     <span class='ocr_line' id='line_1_85' title="bbox 2115 2523 3454 2598; baseline 0.001 -19"><span class='ocrx_word' id='word_1_495' title='bbox 2115 2529 2469 2583; x_wconf 84' lang='lat' dir='ltr'>Sacramenta</span> <span class='ocrx_word' id='word_1_496' title='bbox 2496 2528 2695 2598; x_wconf 91' lang='lat' dir='ltr'>aperit,</span> <span class='ocrx_word' id='word_1_497' title='bbox 2728 2534 2943 2583; x_wconf 87' lang='lat' dir='ltr'>secreta</span> <span class='ocrx_word' id='word_1_498' title='bbox 2974 2524 3219 2597; x_wconf 88' lang='lat' dir='ltr'>patentia</span> <span class='ocrx_word' id='word_1_499' title='bbox 3250 2523 3454 2591; x_wconf 86' lang='lat' dir='ltr'>reddit,</span> 
     </span>
    </p>
   </div>
   <div class='ocr_carea' id='block_1_86' title="bbox 2116 2616 3571 2693">
    <p class='ocr_par' dir='ltr' id='par_1_86' title="bbox 2116 2616 3571 2693">
     <span class='ocr_line' id='line_1_86' title="bbox 2116 2616 3571 2693; baseline -0.001 -21"><span class='ocrx_word' id='word_1_500' title='bbox 2116 2620 2477 2693; x_wconf 84' lang='lat' dir='ltr'>Syrmateque</span> <span class='ocrx_word' id='word_1_501' title='bbox 2504 2620 2708 2675; x_wconf 90' lang='lat' dir='ltr'>eximio</span> <span class='ocrx_word' id='word_1_502' title='bbox 2736 2635 2835 2690; x_wconf 89' lang='lat' dir='ltr'>per</span> <span class='ocrx_word' id='word_1_503' title='bbox 2862 2618 3019 2690; x_wconf 90' lang='lat' dir='ltr'>plura</span> <span class='ocrx_word' id='word_1_504' title='bbox 3047 2617 3328 2674; x_wconf 87' lang='lat' dir='ltr'>volumina</span> <span class='ocrx_word' id='word_1_505' title='bbox 3358 2616 3571 2673; x_wconf 91' lang='lat' dir='ltr'>condit.</span> 
     </span>
    </p>
   </div>
   <div class='ocr_carea' id='block_1_87' title="bbox 2114 2710 3746 2787">
    <p class='ocr_par' dir='ltr' id='par_1_87' title="bbox 2114 2710 3746 2787">
     <span class='ocr_line' id='line_1_87' title="bbox 2114 2710 3746 2787; baseline -0.005 -17"><span class='ocrx_word' id='word_1_506' title='bbox 2114 2716 2268 2770; x_wconf 89' lang='lat' dir='ltr'>Tunc</span> <span class='ocrx_word' id='word_1_507' title='bbox 2296 2729 2519 2785; x_wconf 91' lang='lat' dir='ltr'>quoque</span> <span class='ocrx_word' id='word_1_508' title='bbox 2550 2718 2865 2787; x_wconf 88' lang='lat' dir='ltr'>surgentem</span> <span class='ocrx_word' id='word_1_509' title='bbox 2899 2723 3131 2768; x_wconf 87' lang='lat' dir='ltr'>ventura</span> <span class='ocrx_word' id='word_1_510' title='bbox 3163 2710 3220 2766; x_wconf 91' lang='lat' dir='ltr'>in</span> <span class='ocrx_word' id='word_1_511' title='bbox 3278 2710 3487 2765; x_wconf 87' lang='lat' dir='ltr'>lumina</span> <span class='ocrx_word' id='word_1_512' title='bbox 3528 2715 3746 2782; x_wconf 88' lang='lat' dir='ltr'>pestem</span> 
     </span>
    </p>
   </div>
   <div class='ocr_carea' id='block_1_88' title="bbox 2115 2801 3385 2873">
    <p class='ocr_par' dir='ltr' id='par_1_88' title="bbox 2115 2801 3385 2873">
     <span class='ocr_line' id='line_1_88' title="bbox 2115 2801 3385 2873; baseline -0.004 -13"><span class='ocrx_word' id='word_1_513' title='bbox 2115 2804 2328 2871; x_wconf 90' lang='lat' dir='ltr'>Atterit,</span> <span class='ocrx_word' id='word_1_514' title='bbox 2359 2811 2413 2859; x_wconf 91' lang='lat' dir='ltr'>et</span> <span class='ocrx_word' id='word_1_515' title='bbox 2434 2804 2548 2859; x_wconf 88' lang='lat' dir='ltr'>veri</span> <span class='ocrx_word' id='word_1_516' title='bbox 2567 2802 2769 2873; x_wconf 85' lang='lat' dir='ltr'>jaculis</span> <span class='ocrx_word' id='word_1_517' title='bbox 2800 2802 2965 2858; x_wconf 90' lang='lat' dir='ltr'>fando</span> <span class='ocrx_word' id='word_1_518' title='bbox 2991 2801 3195 2869; x_wconf 89' lang='lat' dir='ltr'>obruit,</span> <span class='ocrx_word' id='word_1_519' title='bbox 3222 2807 3385 2872; x_wconf 89' lang='lat' dir='ltr'>atque</span> 
     </span>
    </p>
   </div>
   <div class='ocr_carea' id='block_1_89' title="bbox 2118 2892 3579 2969">
    <p class='ocr_par' dir='ltr' id='par_1_89' title="bbox 2118 2892 3579 2969">
     <span class='ocr_line' id='line_1_89' title="bbox 2118 2892 3579 2969; baseline -0.005 -16"><span class='ocrx_word' id='word_1_520' title='bbox 2118 2898 2448 2969; x_wconf 89' lang='lat' dir='ltr'>Oppressam</span> <span class='ocrx_word' id='word_1_521' title='bbox 2485 2896 2709 2968; x_wconf 89' lang='lat' dir='ltr'>penitus</span> <span class='ocrx_word' id='word_1_522' title='bbox 2747 2896 2927 2967; x_wconf 82' lang='lat' dir='ltr'>prima</span> <span class='ocrx_word' id='word_1_523' title='bbox 2958 2895 3062 2951; x_wconf 89' lang='lat' dir='ltr'>sub</span> <span class='ocrx_word' id='word_1_524' title='bbox 3091 2895 3304 2969; x_wconf 89' lang='lat' dir='ltr'>origine</span> <span class='ocrx_word' id='word_1_525' title='bbox 3338 2892 3579 2966; x_wconf 87' lang='lat' dir='ltr'>mergit;</span> 
     </span>
    </p>
   </div>
   <div class='ocr_carea' id='block_1_90' title="bbox 2116 2985 3528 3061">
    <p class='ocr_par' dir='ltr' id='par_1_90' title="bbox 2116 2985 3528 3061">
     <span class='ocr_line' id='line_1_90' title="bbox 2116 2985 3528 3061; baseline -0.002 -19"><span class='ocrx_word' id='word_1_526' title='bbox 2116 2990 2317 3061; x_wconf 93' lang='lat' dir='ltr'>Sicque</span> <span class='ocrx_word' id='word_1_527' title='bbox 2349 2988 2716 3061; x_wconf 90' lang='lat' dir='ltr'>triumphator</span> <span class='ocrx_word' id='word_1_528' title='bbox 2754 2995 3014 3059; x_wconf 91' lang='lat' dir='ltr'>repetens</span> <span class='ocrx_word' id='word_1_529' title='bbox 3044 2987 3279 3042; x_wconf 83' lang='lat' dir='ltr'>feliciter</span> <span class='ocrx_word' id='word_1_530' title='bbox 3308 2985 3528 3051; x_wconf 88' lang='lat' dir='ltr'>urbem,</span> 
     </span>
    </p>
   </div>
   <div class='ocr_carea' id='block_1_91' title="bbox 2117 3076 3459 3150">
    <p class='ocr_par' dir='ltr' id='par_1_91' title="bbox 2117 3076 3459 3150">
     <span class='ocr_line' id='line_1_91' title="bbox 2117 3076 3459 3150; baseline -0.006 -13"><span class='ocrx_word' id='word_1_531' title='bbox 2117 3081 2286 3137; x_wconf 88' lang='lat' dir='ltr'>Clade</span> <span class='ocrx_word' id='word_1_532' title='bbox 2317 3081 2685 3150; x_wconf 87' lang='lat' dir='ltr'>laborantem,</span> <span class='ocrx_word' id='word_1_533' title='bbox 2706 3086 2918 3136; x_wconf 88' lang='lat' dir='ltr'>recreat</span> <span class='ocrx_word' id='word_1_534' title='bbox 2938 3077 3225 3135; x_wconf 89' lang='lat' dir='ltr'>solaminis</span> <span class='ocrx_word' id='word_1_535' title='bbox 3242 3076 3459 3141; x_wconf 90' lang='lat' dir='ltr'>orbam,</span> 
     </span>
    </p>
   </div>
   <div class='ocr_carea' id='block_1_92' title="bbox 2036 3169 3439 3263">
    <p class='ocr_par' dir='ltr' id='par_1_92' title="bbox 2036 3169 3439 3263">
     <span class='ocr_line' id='line_1_92' title="bbox 2036 3169 3439 3263; baseline -0.004 -34"><span class='ocrx_word' id='word_1_536' title='bbox 2036 3192 2086 3263; x_wconf 66' lang='grc' dir='ltr'><strong>ρ</strong></span> <span class='ocrx_word' id='word_1_537' title='bbox 2118 3174 2306 3231; x_wconf 90' lang='lat' dir='ltr'>Pastor</span> <span class='ocrx_word' id='word_1_538' title='bbox 2330 3182 2384 3230; x_wconf 91' lang='lat' dir='ltr'>at</span> <span class='ocrx_word' id='word_1_539' title='bbox 2415 3174 2661 3250; x_wconf 86' lang='lat' dir='ltr'>eligitur,</span> <span class='ocrx_word' id='word_1_540' title='bbox 2694 3180 2915 3246; x_wconf 88' lang='lat' dir='ltr'>pastore</span> <span class='ocrx_word' id='word_1_541' title='bbox 2945 3188 3045 3244; x_wconf 89' lang='lat' dir='ltr'>per</span> <span class='ocrx_word' id='word_1_542' title='bbox 3073 3169 3235 3225; x_wconf 88' lang='lat' dir='ltr'>anxia</span> <span class='ocrx_word' id='word_1_543' title='bbox 3260 3175 3439 3241; x_wconf 87' lang='lat' dir='ltr'>rapto.</span> 
     </span>
    </p>
   </div>
   <div class='ocr_carea' id='block_1_93' title="bbox 2109 3262 3548 3342">
    <p class='ocr_par' dir='ltr' id='par_1_93' title="bbox 2109 3262 3548 3342">
     <span class='ocr_line' id='line_1_93' title="bbox 2109 3262 3548 3342; baseline -0.006 -18"><span class='ocrx_word' id='word_1_544' title='bbox 2109 3269 2246 3324; x_wconf 90' lang='lat' dir='ltr'>Dum</span> <span class='ocrx_word' id='word_1_545' title='bbox 2277 3267 2482 3342; x_wconf 89' lang='lat' dir='ltr'>refugit</span> <span class='ocrx_word' id='word_1_546' title='bbox 2509 3267 2771 3339; x_wconf 87' lang='lat' dir='ltr'>simplex,</span> <span class='ocrx_word' id='word_1_547' title='bbox 2804 3265 3093 3339; x_wconf 88' lang='lat' dir='ltr'>indignum</span> <span class='ocrx_word' id='word_1_548' title='bbox 3125 3262 3369 3319; x_wconf 87' lang='lat' dir='ltr'>culmine</span> <span class='ocrx_word' id='word_1_549' title='bbox 3395 3266 3548 3317; x_wconf 84' lang='lat' dir='ltr'>tanto</span> 
     </span>
    </p>
   </div>
   <div class='ocr_carea' id='block_1_94' title="bbox 2108 3350 3673 3429">
    <p class='ocr_par' dir='ltr' id='par_1_94' title="bbox 2108 3350 3673 3429">
     <span class='ocr_line' id='line_1_94' title="bbox 2108 3350 3673 3429; baseline -0.004 -18"><span class='ocrx_word' id='word_1_550' title='bbox 2108 3359 2175 3413; x_wconf 92' lang='lat' dir='ltr'>Se</span> <span class='ocrx_word' id='word_1_551' title='bbox 2201 3374 2453 3424; x_wconf 90' lang='lat' dir='ltr'>censens,</span> <span class='ocrx_word' id='word_1_552' title='bbox 2487 3357 2814 3429; x_wconf 87' lang='lat' dir='ltr'>apicemque</span> <span class='ocrx_word' id='word_1_553' title='bbox 2828 3354 3053 3410; x_wconf 83' lang='lat' dir='ltr'>humilis</span> <span class='ocrx_word' id='word_1_554' title='bbox 3076 3368 3185 3408; x_wconf 93' lang='lat' dir='ltr'>non</span> <span class='ocrx_word' id='word_1_555' title='bbox 3219 3351 3469 3423; x_wconf 89' lang='lat' dir='ltr'>pondera</span> <span class='ocrx_word' id='word_1_556' title='bbox 3487 3350 3673 3406; x_wconf 90' lang='lat' dir='ltr'>vitans</span> 
     </span>
    </p>
   </div>
   <div class='ocr_carea' id='block_1_95' title="bbox 2110 3439 3576 3522">
    <p class='ocr_par' dir='ltr' id='par_1_95' title="bbox 2110 3439 3576 3522">
     <span class='ocr_line' id='line_1_95' title="bbox 2110 3439 3576 3522; baseline -0.006 -20"><span class='ocrx_word' id='word_1_557' title='bbox 2110 3446 2632 3522; x_wconf 87' lang='lat' dir='ltr'>Sceptrigerumque</span> <span class='ocrx_word' id='word_1_558' title='bbox 2662 3452 2858 3516; x_wconf 89' lang='lat' dir='ltr'>petens</span> <span class='ocrx_word' id='word_1_559' title='bbox 2887 3450 3061 3498; x_wconf 90' lang='lat' dir='ltr'>tentat</span> <span class='ocrx_word' id='word_1_560' title='bbox 3088 3457 3147 3497; x_wconf 90' lang='lat' dir='ltr'>se</span> <span class='ocrx_word' id='word_1_561' title='bbox 3181 3440 3328 3496; x_wconf 89' lang='lat' dir='ltr'>fasce</span> <span class='ocrx_word' id='word_1_562' title='bbox 3349 3439 3576 3507; x_wconf 89' lang='lat' dir='ltr'>resolvi,</span> 
     </span>
    </p>
   </div>
   <div class='ocr_carea' id='block_1_96' title="bbox 2108 3535 3532 3613">
    <p class='ocr_par' dir='ltr' id='par_1_96' title="bbox 2108 3535 3532 3613">
     <span class='ocr_line' id='line_1_96' title="bbox 2108 3535 3532 3613; baseline -0.007 -15"><span class='ocrx_word' id='word_1_563' title='bbox 2108 3541 2343 3598; x_wconf 81' lang='lat' dir='ltr'>Numine</span> <span class='ocrx_word' id='word_1_564' title='bbox 2374 3541 2681 3613; x_wconf 89' lang='lat' dir='ltr'>percipitur</span> <span class='ocrx_word' id='word_1_565' title='bbox 2709 3554 2939 3610; x_wconf 89' lang='lat' dir='ltr'>supero,</span> <span class='ocrx_word' id='word_1_566' title='bbox 2967 3542 3274 3593; x_wconf 88' lang='lat' dir='ltr'>vacuantur</span> <span class='ocrx_word' id='word_1_567' title='bbox 3308 3535 3532 3601; x_wconf 90' lang='lat' dir='ltr'>inanes,</span> 
     </span>
    </p>
   </div>
   <div class='ocr_carea' id='block_1_97' title="bbox 2123 3626 3680 3705">
    <p class='ocr_par' dir='ltr' id='par_1_97' title="bbox 2123 3626 3680 3705">
     <span class='ocr_line' id='line_1_97' title="bbox 2123 3626 3680 3705; baseline -0.005 -16"><span class='ocrx_word' id='word_1_568' title='bbox 2123 3636 2280 3690; x_wconf 88' lang='lat' dir='ltr'>Irrita</span> <span class='ocrx_word' id='word_1_569' title='bbox 2308 3642 2434 3690; x_wconf 90' lang='lat' dir='ltr'>vota</span> <span class='ocrx_word' id='word_1_570' title='bbox 2451 3649 2668 3705; x_wconf 86' lang='lat' dir='ltr'>preces,</span> <span class='ocrx_word' id='word_1_571' title='bbox 2701 3631 2893 3704; x_wconf 87' lang='lat' dir='ltr'>pOpuli</span> <span class='ocrx_word' id='word_1_572' title='bbox 2923 3637 3043 3685; x_wconf 91' lang='lat' dir='ltr'>aeta</span> <span class='ocrx_word' id='word_1_573' title='bbox 3072 3628 3323 3685; x_wconf 89' lang='lat' dir='ltr'>feruntur</span> <span class='ocrx_word' id='word_1_574' title='bbox 3354 3626 3411 3681; x_wconf 92' lang='lat' dir='ltr'>in</span> <span class='ocrx_word' id='word_1_575' title='bbox 3444 3627 3631 3682; x_wconf 81' lang='lat' dir='ltr'>aulatu</span> <span class='ocrx_word' id='word_1_576' title='bbox 3665 3644 3680 3699; x_wconf 87' lang='lat'><strong>;</strong></span> 
     </span>
    </p>
   </div>
   <div class='ocr_carea' id='block_1_98' title="bbox 2126 3716 3461 3797">
    <p class='ocr_par' dir='ltr' id='par_1_98' title="bbox 2126 3716 3461 3797">
     <span class='ocr_line' id='line_1_98' title="bbox 2126 3716 3461 3797; baseline -0.005 -19"><span class='ocrx_word' id='word_1_577' title='bbox 2126 3723 2428 3778; x_wconf 61' lang='lat' dir='ltr'>Laetificant</span> <span class='ocrx_word' id='word_1_578' title='bbox 2458 3739 2643 3797; x_wconf 87' lang='lat' dir='ltr'>regem</span> <span class='ocrx_word' id='word_1_579' title='bbox 2674 3720 2815 3796; x_wconf 89' lang='lat' dir='ltr'>grati</span> <span class='ocrx_word' id='word_1_580' title='bbox 2846 3719 2949 3775; x_wconf 91' lang='lat' dir='ltr'>sub</span> <span class='ocrx_word' id='word_1_581' title='bbox 2976 3720 3186 3774; x_wconf 90' lang='lat' dir='ltr'>honore</span> <span class='ocrx_word' id='word_1_582' title='bbox 3219 3716 3461 3789; x_wconf 89' lang='lat' dir='ltr'>patroni,</span> 
     </span>
    </p>
   </div>
   <div class='ocr_carea' id='block_1_99' title="bbox 2124 3814 3490 3893">
    <p class='ocr_par' dir='ltr' id='par_1_99' title="bbox 2124 3814 3490 3893">
     <span class='ocr_line' id='line_1_99' title="bbox 2124 3814 3490 3893; baseline -0.005 -20"><span class='ocrx_word' id='word_1_583' title='bbox 2124 3818 2423 3893; x_wconf 88' lang='lat' dir='ltr'>Legatique</span> <span class='ocrx_word' id='word_1_584' title='bbox 2452 3818 2656 3872; x_wconf 89' lang='lat' dir='ltr'>hilares</span> <span class='ocrx_word' id='word_1_585' title='bbox 2694 3815 2966 3890; x_wconf 86' lang='lat' dir='ltr'>gratantia</span> <span class='ocrx_word' id='word_1_586' title='bbox 2992 3814 3148 3883; x_wconf 85' lang='lat' dir='ltr'>jussa</span> <span class='ocrx_word' id='word_1_587' title='bbox 3183 3817 3490 3882; x_wconf 88' lang='lat' dir='ltr'>reportant.</span> 
     </span>
    </p>
   </div>
   <div class='ocr_carea' id='block_1_100' title="bbox 2124 3908 3453 3982">
    <p class='ocr_par' dir='ltr' id='par_1_100' title="bbox 2124 3908 3453 3982">
     <span class='ocr_line' id='line_1_100' title="bbox 2124 3908 3453 3982; baseline -0.005 -16"><span class='ocrx_word' id='word_1_588' title='bbox 2124 3911 2391 3982; x_wconf 89' lang='lat' dir='ltr'>Principis</span> <span class='ocrx_word' id='word_1_589' title='bbox 2409 3910 2632 3977; x_wconf 90' lang='lat' dir='ltr'>annisu,</span> <span class='ocrx_word' id='word_1_590' title='bbox 2664 3909 2835 3975; x_wconf 91' lang='lat' dir='ltr'>clero,</span> <span class='ocrx_word' id='word_1_591' title='bbox 2860 3908 3180 3979; x_wconf 84' lang='lat' dir='ltr'>pepuloque</span> <span class='ocrx_word' id='word_1_592' title='bbox 3203 3912 3453 3976; x_wconf 88' lang='lat' dir='ltr'>petente,</span> 
     </span>
    </p>
   </div>
   <div class='ocr_carea' id='block_1_101' title="bbox 2123 3997 3637 4061">
    <p class='ocr_par' dir='ltr' id='par_1_101' title="bbox 2123 3997 3637 4061">
     <span class='ocr_line' id='line_1_101' title="bbox 2123 3997 3637 4061; baseline -0.004 -6"><span class='ocrx_word' id='word_1_593' title='bbox 2123 4002 2320 4057; x_wconf 83' lang='lat' dir='ltr'>Lecrus</span> <span class='ocrx_word' id='word_1_594' title='bbox 2345 4000 2413 4055; x_wconf 90' lang='lat' dir='ltr'>ad</span> <span class='ocrx_word' id='word_1_595' title='bbox 2445 4000 2721 4055; x_wconf 88' lang='lat' dir='ltr'>excelsum</span> <span class='ocrx_word' id='word_1_596' title='bbox 2752 3997 2966 4053; x_wconf 88' lang='lat' dir='ltr'>Christo</span> <span class='ocrx_word' id='word_1_597' title='bbox 2998 3998 3319 4052; x_wconf 83' lang='lat' dir='ltr'>moderante</span> <span class='ocrx_word' id='word_1_598' title='bbox 3343 4009 3637 4061; x_wconf 90' lang='lat' dir='ltr'>cacumen,</span> 
     </span>
    </p>
   </div>
   <div class='ocr_carea' id='block_1_102' title="bbox 2112 4084 3749 4162">
    <p class='ocr_par' dir='ltr' id='par_1_102' title="bbox 2112 4084 3749 4162">
     <span class='ocr_line' id='line_1_102' title="bbox 2112 4084 3749 4162; baseline -0.004 -16"><span class='ocrx_word' id='word_1_599' title='bbox 2112 4090 2411 4146; x_wconf 89' lang='lat' dir='ltr'>Commoda</span> <span class='ocrx_word' id='word_1_600' title='bbox 2434 4107 2556 4162; x_wconf 69' lang='lat' dir='ltr'>qua:</span> <span class='ocrx_word' id='word_1_601' title='bbox 2587 4088 2761 4162; x_wconf 89' lang='lat' dir='ltr'>plebi,</span> <span class='ocrx_word' id='word_1_602' title='bbox 2789 4103 2912 4160; x_wconf 71' lang='lat' dir='ltr'>quae</span> <span class='ocrx_word' id='word_1_603' title='bbox 2951 4086 3063 4141; x_wconf 91' lang='lat' dir='ltr'>sint</span> <span class='ocrx_word' id='word_1_604' title='bbox 3112 4084 3218 4140; x_wconf 88' lang='lat' dir='ltr'>sibi</span> <span class='ocrx_word' id='word_1_605' title='bbox 3244 4100 3494 4158; x_wconf 87' lang='lat' dir='ltr'>congrua</span> <span class='ocrx_word' id='word_1_606' title='bbox 3527 4090 3749 4152; x_wconf 88' lang='lat' dir='ltr'>tractat,</span> 
     </span>
    </p>
   </div>
   <div class='ocr_carea' id='block_1_103' title="bbox 2107 4174 3310 4251">
    <p class='ocr_par' dir='ltr' id='par_1_103' title="bbox 2107 4174 3310 4251">
     <span class='ocr_line' id='line_1_103' title="bbox 2107 4174 3310 4251; baseline -0.006 -16"><span class='ocrx_word' id='word_1_607' title='bbox 2107 4180 2365 4251; x_wconf 90' lang='lat' dir='ltr'>Dansque</span> <span class='ocrx_word' id='word_1_608' title='bbox 2392 4178 2663 4235; x_wconf 88' lang='lat' dir='ltr'>laboranti</span> <span class='ocrx_word' id='word_1_609' title='bbox 2691 4178 2828 4234; x_wconf 91' lang='lat' dir='ltr'>verti</span> <span class='ocrx_word' id='word_1_610' title='bbox 2862 4175 3133 4232; x_wconf 89' lang='lat' dir='ltr'>solamina</span> <span class='ocrx_word' id='word_1_611' title='bbox 3147 4174 3310 4249; x_wconf 88' lang='lat' dir='ltr'>vulgo</span> 
     </span>
    </p>
   </div>
   <div class='ocr_carea' id='block_1_104' title="bbox 2107 4268 3673 4345">
    <p class='ocr_par' dir='ltr' id='par_1_104' title="bbox 2107 4268 3673 4345">
     <span class='ocr_line' id='line_1_104' title="bbox 2107 4268 3673 4345; baseline -0.003 -19"><span class='ocrx_word' id='word_1_612' title='bbox 2107 4272 2373 4327; x_wconf 89' lang='lat' dir='ltr'>Culminis</span> <span class='ocrx_word' id='word_1_613' title='bbox 2387 4270 2639 4337; x_wconf 88' lang='lat' dir='ltr'>exilium,</span> <span class='ocrx_word' id='word_1_614' title='bbox 2668 4277 2834 4343; x_wconf 90' lang='lat' dir='ltr'>atque</span> <span class='ocrx_word' id='word_1_615' title='bbox 2854 4269 3041 4345; x_wconf 88' lang='lat' dir='ltr'>fugam</span> <span class='ocrx_word' id='word_1_616' title='bbox 3061 4269 3359 4324; x_wconf 90' lang='lat' dir='ltr'>meditatur</span> <span class='ocrx_word' id='word_1_617' title='bbox 3383 4268 3620 4324; x_wconf 91' lang='lat' dir='ltr'>honoris</span> <span class='ocrx_word' id='word_1_618' title='bbox 3657 4286 3673 4334; x_wconf 90' lang='lat'><strong>;</strong></span> 
     </span>
    </p>
   </div>
   <div class='ocr_carea' id='block_1_105' title="bbox 2114 4359 3414 4434">
    <p class='ocr_par' dir='ltr' id='par_1_105' title="bbox 2114 4359 3414 4434">
     <span class='ocr_line' id='line_1_105' title="bbox 2114 4359 3414 4434; baseline -0.002 -18"><span class='ocrx_word' id='word_1_619' title='bbox 2114 4364 2175 4417; x_wconf 86' lang='lat' dir='ltr'>At</span> <span class='ocrx_word' id='word_1_620' title='bbox 2205 4370 2389 4418; x_wconf 86' lang='lat' dir='ltr'>servat</span> <span class='ocrx_word' id='word_1_621' title='bbox 2418 4362 2633 4417; x_wconf 88' lang='lat' dir='ltr'>clausas</span> <span class='ocrx_word' id='word_1_622' title='bbox 2661 4360 2893 4434; x_wconf 89' lang='lat' dir='ltr'>vigilum</span> <span class='ocrx_word' id='word_1_623' title='bbox 2926 4359 3176 4416; x_wconf 91' lang='lat' dir='ltr'>custodia</span> <span class='ocrx_word' id='word_1_624' title='bbox 3203 4365 3414 4432; x_wconf 88' lang='lat' dir='ltr'>portas,</span> 
     </span>
    </p>
   </div>
   <div class='ocr_carea' id='block_1_106' title="bbox 2112 4449 3596 4524">
    <p class='ocr_par' dir='ltr' id='par_1_106' title="bbox 2112 4449 3596 4524">
     <span class='ocr_line' id='line_1_106' title="bbox 2112 4449 3596 4524; baseline -0.004 -14"><span class='ocrx_word' id='word_1_625' title='bbox 2112 4456 2222 4510; x_wconf 89' lang='lat' dir='ltr'>Nec</span> <span class='ocrx_word' id='word_1_626' title='bbox 2252 4456 2385 4511; x_wconf 91' lang='lat' dir='ltr'>latet</span> <span class='ocrx_word' id='word_1_627' title='bbox 2416 4454 2695 4510; x_wconf 91' lang='lat' dir='ltr'>urbicolas</span> <span class='ocrx_word' id='word_1_628' title='bbox 2726 4452 2953 4507; x_wconf 92' lang='lat' dir='ltr'>humilis</span> <span class='ocrx_word' id='word_1_629' title='bbox 2974 4452 3109 4524; x_wconf 89' lang='lat' dir='ltr'>quid</span> <span class='ocrx_word' id='word_1_630' title='bbox 3141 4452 3344 4522; x_wconf 87' lang='lat' dir='ltr'>detuga</span> <span class='ocrx_word' id='word_1_631' title='bbox 3371 4449 3556 4507; x_wconf 90' lang='lat' dir='ltr'>volvat</span> <span class='ocrx_word' id='word_1_632' title='bbox 3583 4468 3596 4504; x_wconf 88' lang='lat'>:</span> 
     </span>
    </p>
   </div>
   <div class='ocr_carea' id='block_1_107' title="bbox 2112 4542 3360 4617">
    <p class='ocr_par' dir='ltr' id='par_1_107' title="bbox 2112 4542 3360 4617">
     <span class='ocr_line' id='line_1_107' title="bbox 2112 4542 3360 4617; baseline -0.006 -14"><span class='ocrx_word' id='word_1_633' title='bbox 2112 4551 2364 4603; x_wconf 85' lang='lat' dir='ltr'>Attamen</span> <span class='ocrx_word' id='word_1_634' title='bbox 2392 4545 2643 4602; x_wconf 87' lang='lat' dir='ltr'>excubiis</span> <span class='ocrx_word' id='word_1_635' title='bbox 2669 4545 2886 4600; x_wconf 90' lang='lat' dir='ltr'>cunctis</span> <span class='ocrx_word' id='word_1_636' title='bbox 2916 4542 3236 4617; x_wconf 87' lang='lat' dir='ltr'>vigilantior</span> <span class='ocrx_word' id='word_1_637' title='bbox 3267 4542 3360 4596; x_wconf 91' lang='lat' dir='ltr'>ille</span> 
     </span>
    </p>
   </div>
   <div class='ocr_carea' id='block_1_108' title="bbox 2029 4598 3450 4713">
    <p class='ocr_par' dir='ltr' id='par_1_108' title="bbox 2029 4598 3450 4713">
     <span class='ocr_line' id='line_1_108' title="bbox 2029 4598 3450 4713; baseline -0.008 -16"><span class='ocrx_word' id='word_1_638' title='bbox 2029 4598 2088 4667; x_wconf 83' lang='lat' dir='ltr'>D</span> <span class='ocrx_word' id='word_1_639' title='bbox 2111 4642 2214 4696; x_wconf 87' lang='lat' dir='ltr'>Per</span> <span class='ocrx_word' id='word_1_640' title='bbox 2232 4640 2450 4696; x_wconf 90' lang='lat' dir='ltr'>medios</span> <span class='ocrx_word' id='word_1_641' title='bbox 2466 4638 2607 4713; x_wconf 85' lang='lat' dir='ltr'>fugit</span> <span class='ocrx_word' id='word_1_642' title='bbox 2638 4638 2880 4713; x_wconf 88' lang='lat' dir='ltr'>ignaros,</span> <span class='ocrx_word' id='word_1_643' title='bbox 2905 4598 3155 4707; x_wconf 59' lang='lat' dir='ltr'>luditque</span> <span class='ocrx_word' id='word_1_644' title='bbox 3178 4633 3450 4697; x_wconf 88' lang='lat' dir='ltr'>videntes,</span> 
     </span>
    </p>
   </div>
   <div class='ocr_carea' id='block_1_109' title="bbox 2113 4731 3522 4807">
    <p class='ocr_par' dir='ltr' id='par_1_109' title="bbox 2113 4731 3522 4807">
     <span class='ocr_line' id='line_1_109' title="bbox 2113 4731 3522 4807; baseline -0.002 -16"><span class='ocrx_word' id='word_1_645' title='bbox 2113 4738 2365 4793; x_wconf 89' lang='lat' dir='ltr'>Crateras</span> <span class='ocrx_word' id='word_1_646' title='bbox 2393 4744 2586 4807; x_wconf 91' lang='lat' dir='ltr'>seplus</span> <span class='ocrx_word' id='word_1_647' title='bbox 2615 4734 2995 4804; x_wconf 80' lang='lat' dir='ltr'>latebramque</span> <span class='ocrx_word' id='word_1_648' title='bbox 3027 4731 3234 4787; x_wconf 88' lang='lat' dir='ltr'>recedit</span> <span class='ocrx_word' id='word_1_649' title='bbox 3262 4731 3522 4801; x_wconf 87' lang='lat' dir='ltr'>adeptus.</span> 
     </span>
    </p>
   </div>
   <div class='ocr_carea' id='block_1_110' title="bbox 2112 4819 3379 4892">
    <p class='ocr_par' dir='ltr' id='par_1_110' title="bbox 2112 4819 3379 4892">
     <span class='ocr_line' id='line_1_110' title="bbox 2112 4819 3379 4892; baseline -0.006 -11"><span class='ocrx_word' id='word_1_650' title='bbox 2112 4826 2173 4880; x_wconf 84' lang='lat' dir='ltr'>Et</span> <span class='ocrx_word' id='word_1_651' title='bbox 2194 4832 2383 4881; x_wconf 90' lang='lat' dir='ltr'>manet</span> <span class='ocrx_word' id='word_1_652' title='bbox 2403 4825 2711 4889; x_wconf 90' lang='lat' dir='ltr'>abstrusus,</span> <span class='ocrx_word' id='word_1_653' title='bbox 2747 4824 2928 4878; x_wconf 87' lang='lat' dir='ltr'>donec</span> <span class='ocrx_word' id='word_1_654' title='bbox 2953 4820 3166 4890; x_wconf 88' lang='lat' dir='ltr'>jejunia</span> <span class='ocrx_word' id='word_1_655' title='bbox 3199 4819 3379 4892; x_wconf 88' lang='lat' dir='ltr'>plebis</span> 
     </span>
    </p>
   </div>
   <div class='ocr_carea' id='block_1_111' title="bbox 2107 4914 3610 4990">
    <p class='ocr_par' dir='ltr' id='par_1_111' title="bbox 2107 4914 3610 4990">
     <span class='ocr_line' id='line_1_111' title="bbox 2107 4914 3610 4990; baseline -0.005 -17"><span class='ocrx_word' id='word_1_656' title='bbox 2107 4918 2351 4990; x_wconf 84' lang='lat' dir='ltr'>Votaque</span> <span class='ocrx_word' id='word_1_657' title='bbox 2385 4915 2736 4972; x_wconf 79' lang='lat' dir='ltr'>Romulidum</span> <span class='ocrx_word' id='word_1_658' title='bbox 2764 4915 2919 4971; x_wconf 66' lang='lat' dir='ltr'>caelis</span> <span class='ocrx_word' id='word_1_659' title='bbox 2939 4929 3081 4969; x_wconf 82' lang='lat' dir='ltr'>nova</span> <span class='ocrx_word' id='word_1_660' title='bbox 3110 4914 3269 4988; x_wconf 87' lang='lat' dir='ltr'>signa</span> <span class='ocrx_word' id='word_1_661' title='bbox 3299 4916 3610 4978; x_wconf 81' lang='lat' dir='ltr'>merentur,</span> 
     </span>
    </p>
   </div>
   <div class='ocr_carea' id='block_1_112' title="bbox 2109 5000 3618 5080">
    <p class='ocr_par' dir='ltr' id='par_1_112' title="bbox 2109 5000 3618 5080">
     <span class='ocr_line' id='line_1_112' title="bbox 2109 5000 3618 5080; baseline -0.005 -17"><span class='ocrx_word' id='word_1_662' title='bbox 2109 5008 2241 5063; x_wconf 89' lang='lat' dir='ltr'>Nam</span> <span class='ocrx_word' id='word_1_663' title='bbox 2271 5007 2487 5063; x_wconf 87' lang='lat' dir='ltr'>ductrix</span> <span class='ocrx_word' id='word_1_664' title='bbox 2510 5007 2789 5080; x_wconf 82' lang='lat' dir='ltr'>quondam</span> <span class='ocrx_word' id='word_1_665' title='bbox 2822 5004 3014 5077; x_wconf 91' lang='lat' dir='ltr'>populi</span> <span class='ocrx_word' id='word_1_666' title='bbox 3048 5018 3322 5074; x_wconf 85' lang='lat' dir='ltr'>perOpaca</span> <span class='ocrx_word' id='word_1_667' title='bbox 3354 5000 3618 5057; x_wconf 87' lang='lat' dir='ltr'>columna</span> 
     </span>
    </p>
   </div>
   <div class='ocr_carea' id='block_1_113' title="bbox 2109 5092 3419 5166">
    <p class='ocr_par' dir='ltr' id='par_1_113' title="bbox 2109 5092 3419 5166">
     <span class='ocr_line' id='line_1_113' title="bbox 2109 5092 3419 5166; baseline -0.005 -15"><span class='ocrx_word' id='word_1_668' title='bbox 2109 5096 2283 5151; x_wconf 86' lang='lat' dir='ltr'>Astris</span> <span class='ocrx_word' id='word_1_669' title='bbox 2311 5094 2602 5161; x_wconf 91' lang='lat' dir='ltr'>irradians,</span> <span class='ocrx_word' id='word_1_670' title='bbox 2628 5093 2913 5166; x_wconf 89' lang='lat' dir='ltr'>perfundit</span> <span class='ocrx_word' id='word_1_671' title='bbox 2942 5092 3068 5147; x_wconf 90' lang='lat' dir='ltr'>luce</span> <span class='ocrx_word' id='word_1_672' title='bbox 3101 5092 3419 5147; x_wconf 91' lang='lat' dir='ltr'>columnam</span> 
     </span>
    </p>
   </div>
   <div class='ocr_carea' id='block_1_114' title="bbox 2109 5168 3488 5260">
    <p class='ocr_par' dir='ltr' id='par_1_114' title="bbox 2109 5168 3488 5260">
     <span class='ocr_line' id='line_1_114' title="bbox 2109 5168 3488 5260; baseline -0.004 -17"><span class='ocrx_word' id='word_1_673' title='bbox 2109 5189 2390 5256; x_wconf 83' lang='lat' dir='ltr'>Ecclesiae,</span> <span class='ocrx_word' id='word_1_674' title='bbox 2414 5188 2720 5260; x_wconf 83' lang='lat' dir='ltr'>populique</span> <span class='ocrx_word' id='word_1_675' title='bbox 2752 5186 2946 5242; x_wconf 89' lang='lat' dir='ltr'>ducem</span> <span class='ocrx_word' id='word_1_676' title='bbox 2976 5168 3265 5256; x_wconf 41' lang='lat' dir='ltr'>depromit.</span> <span class='ocrx_word' id='word_1_677' title='bbox 3281 5182 3488 5255; x_wconf 79' lang='lat' dir='ltr'>apertis</span> 
     </span>
    </p>
   </div>
   <div class='ocr_carea' id='block_1_115' title="bbox 2110 5273 3302 5342">
    <p class='ocr_par' dir='ltr' id='par_1_115' title="bbox 2110 5273 3302 5342">
     <span class='ocr_line' id='line_1_115' title="bbox 2110 5273 3302 5342; baseline -0.004 -10"><span class='ocrx_word' id='word_1_678' title='bbox 2110 5279 2397 5333; x_wconf 89' lang='lat' dir='ltr'>lllustrans</span> <span class='ocrx_word' id='word_1_679' title='bbox 2425 5276 2596 5332; x_wconf 89' lang='lat' dir='ltr'>radiis</span> <span class='ocrx_word' id='word_1_680' title='bbox 2627 5295 2643 5342; x_wconf 85' lang='lat'><strong><em>;</em></strong></span> <span class='ocrx_word' id='word_1_681' title='bbox 2677 5276 2826 5332; x_wconf 89' lang='lat' dir='ltr'>cives</span> <span class='ocrx_word' id='word_1_682' title='bbox 2847 5276 3098 5330; x_wconf 90' lang='lat' dir='ltr'>visuntur</span> <span class='ocrx_word' id='word_1_683' title='bbox 3124 5273 3302 5339; x_wconf 90' lang='lat' dir='ltr'>adire,</span> 
     </span>
    </p>
   </div>
   <div class='ocr_carea' id='block_1_116' title="bbox 2106 5358 3452 5441">
    <p class='ocr_par' dir='ltr' id='par_1_116' title="bbox 2106 5358 3452 5441">
     <span class='ocr_line' id='line_1_116' title="bbox 2106 5358 3452 5441; baseline -0.007 -17"><span class='ocrx_word' id='word_1_684' title='bbox 2106 5371 2281 5441; x_wconf 87' lang='lat' dir='ltr'>Atque</span> <span class='ocrx_word' id='word_1_685' title='bbox 2314 5367 2496 5423; x_wconf 88' lang='lat' dir='ltr'>redire</span> <span class='ocrx_word' id='word_1_686' title='bbox 2528 5365 2640 5437; x_wconf 88' lang='lat' dir='ltr'>poli</span> <span class='ocrx_word' id='word_1_687' title='bbox 2683 5373 2888 5421; x_wconf 92' lang='lat' dir='ltr'>tractus</span> <span class='ocrx_word' id='word_1_688' title='bbox 2922 5380 3018 5435; x_wconf 89' lang='lat' dir='ltr'>per</span> <span class='ocrx_word' id='word_1_689' title='bbox 3050 5363 3258 5418; x_wconf 89' lang='lat' dir='ltr'>lumina</span> <span class='ocrx_word' id='word_1_690' title='bbox 3293 5358 3452 5416; x_wconf 92' lang='lat' dir='ltr'>clari.</span> 
     </span>
    </p>
   </div>
   <div class='ocr_carea' id='block_1_117' title="bbox 2109 5451 3380 5528">
    <p class='ocr_par' dir='ltr' id='par_1_117' title="bbox 2109 5451 3380 5528">
     <span class='ocr_line' id='line_1_117' title="bbox 2109 5451 3380 5528; baseline -0.006 -17"><span class='ocrx_word' id='word_1_691' title='bbox 2109 5456 2361 5511; x_wconf 89' lang='lat' dir='ltr'>Cernitur</span> <span class='ocrx_word' id='word_1_692' title='bbox 2388 5454 2440 5509; x_wconf 90' lang='lat' dir='ltr'>id</span> <span class='ocrx_word' id='word_1_693' title='bbox 2475 5454 2577 5509; x_wconf 88' lang='lat' dir='ltr'>soli</span> <span class='ocrx_word' id='word_1_694' title='bbox 2612 5453 2816 5528; x_wconf 90' lang='lat' dir='ltr'>dignus</span> <span class='ocrx_word' id='word_1_695' title='bbox 2846 5452 2939 5524; x_wconf 92' lang='lat' dir='ltr'>qui</span> <span class='ocrx_word' id='word_1_696' title='bbox 2969 5451 3111 5507; x_wconf 85' lang='lat' dir='ltr'>forte</span> <span class='ocrx_word' id='word_1_697' title='bbox 3127 5456 3380 5523; x_wconf 87' lang='lat' dir='ltr'>repertus</span> 
     </span>
    </p>
   </div>
   <div class='ocr_carea' id='block_1_118' title="bbox 2112 5544 3485 5618">
    <p class='ocr_par' dir='ltr' id='par_1_118' title="bbox 2112 5544 3485 5618">
     <span class='ocr_line' id='line_1_118' title="bbox 2112 5544 3485 5618; baseline -0.004 -17"><span class='ocrx_word' id='word_1_698' title='bbox 2112 5549 2295 5602; x_wconf 91' lang='lat' dir='ltr'>lncola</span> <span class='ocrx_word' id='word_1_699' title='bbox 2325 5546 2635 5618; x_wconf 78' lang='lat' dir='ltr'>Sylvarum,</span> <span class='ocrx_word' id='word_1_700' title='bbox 2673 5545 2845 5600; x_wconf 68' lang='lat' dir='ltr'>turbae</span> <span class='ocrx_word' id='word_1_701' title='bbox 2869 5544 3190 5615; x_wconf 91' lang='lat' dir='ltr'>mundoque</span> <span class='ocrx_word' id='word_1_702' title='bbox 3218 5550 3485 5609; x_wconf 82' lang='lat' dir='ltr'>remotus,</span> 
     </span>
    </p>
   </div>
   <div class='ocr_carea' id='block_1_119' title="bbox 2107 5633 3735 5713">
    <p class='ocr_par' dir='ltr' id='par_1_119' title="bbox 2107 5633 3735 5713">
     <span class='ocr_line' id='line_1_119' title="bbox 2107 5633 3735 5713; baseline -0.004 -18"><span class='ocrx_word' id='word_1_703' title='bbox 2107 5642 2323 5713; x_wconf 81' lang='lat' dir='ltr'>Quique</span> <span class='ocrx_word' id='word_1_704' title='bbox 2340 5640 2435 5694; x_wconf 91' lang='lat' dir='ltr'>Dei</span> <span class='ocrx_word' id='word_1_705' title='bbox 2463 5646 2665 5694; x_wconf 85' lang='lat' dir='ltr'>tectum</span> <span class='ocrx_word' id='word_1_706' title='bbox 2700 5647 2852 5693; x_wconf 90' lang='lat' dir='ltr'>notat</span> <span class='ocrx_word' id='word_1_707' title='bbox 2882 5639 2988 5693; x_wconf 90' lang='lat' dir='ltr'>hoc</span> <span class='ocrx_word' id='word_1_708' title='bbox 3044 5653 3142 5708; x_wconf 91' lang='lat' dir='ltr'>pro</span> <span class='ocrx_word' id='word_1_709' title='bbox 3172 5635 3415 5709; x_wconf 90' lang='lat' dir='ltr'>tegmine</span> <span class='ocrx_word' id='word_1_710' title='bbox 3446 5633 3735 5706; x_wconf 89' lang='lat' dir='ltr'>templum.</span> 
     </span>
    </p>
   </div>
   <div class='ocr_carea' id='block_1_120' title="bbox 2108 5730 3490 5805">
    <p class='ocr_par' dir='ltr' id='par_1_120' title="bbox 2108 5730 3490 5805">
     <span class='ocr_line' id='line_1_120' title="bbox 2108 5730 3490 5805; baseline -0.004 -17"><span class='ocrx_word' id='word_1_711' title='bbox 2108 5734 2197 5788; x_wconf 84' lang='lat' dir='ltr'>llis</span> <span class='ocrx_word' id='word_1_712' title='bbox 2220 5731 2441 5787; x_wconf 89' lang='lat' dir='ltr'>tandem</span> <span class='ocrx_word' id='word_1_713' title='bbox 2480 5731 2747 5803; x_wconf 88' lang='lat' dir='ltr'>profugus</span> <span class='ocrx_word' id='word_1_714' title='bbox 2776 5731 2972 5805; x_wconf 83' lang='lat' dir='ltr'>signis,</span> <span class='ocrx_word' id='word_1_715' title='bbox 2998 5747 3061 5787; x_wconf 89' lang='lat' dir='ltr'>ac</span> <span class='ocrx_word' id='word_1_716' title='bbox 3083 5730 3291 5785; x_wconf 89' lang='lat' dir='ltr'>lumine</span> <span class='ocrx_word' id='word_1_717' title='bbox 3325 5735 3490 5784; x_wconf 91' lang='lat' dir='ltr'>notus</span> 
     </span>
    </p>
   </div>
   <div class='ocr_carea' id='block_1_121' title="bbox 2102 5817 3453 5891">
    <p class='ocr_par' dir='ltr' id='par_1_121' title="bbox 2102 5817 3453 5891">
     <span class='ocr_line' id='line_1_121' title="bbox 2102 5817 3453 5891; baseline -0.001 -14"><span class='ocrx_word' id='word_1_718' title='bbox 2102 5822 2357 5878; x_wconf 62' lang='lat' dir='ltr'>Ethereo</span> <span class='ocrx_word' id='word_1_719' title='bbox 2388 5821 2622 5891; x_wconf 87' lang='lat' dir='ltr'>capitur,</span> <span class='ocrx_word' id='word_1_720' title='bbox 2652 5827 2968 5891; x_wconf 90' lang='lat' dir='ltr'>tractusque</span> <span class='ocrx_word' id='word_1_721' title='bbox 2985 5820 3054 5876; x_wconf 87' lang='lat' dir='ltr'>ad</span> <span class='ocrx_word' id='word_1_722' title='bbox 3081 5819 3276 5875; x_wconf 90' lang='lat' dir='ltr'>limina</span> <span class='ocrx_word' id='word_1_723' title='bbox 3307 5817 3453 5875; x_wconf 88' lang='lat' dir='ltr'>Petri</span> 
     </span>
    </p>
   </div>
  </div>
