3902 6412
194 345 301 401 777

193 476 444 543 Ducitur,
477 475 820 547 indutusque
855 475 945 545 pio
968 475 1263 529 decoratur
1290 475 1515 537 amictu,

196 564 462 618 Evehitur
490 563 684 626 sacris,
721 562 977 633 divaeque
1008 562 1316 616 admittitur
1341 576 1467 627 arar,

191 652 395 707 Sancto
427 651 728 726 insignitur
754 650 945 721 superi
971 650 1302 705 charismate
1334 650 1488 717 doni,

195 745 429 815 Quoque
450 743 800 799 redundabat
831 742 1088 813 perfusus
1120 742 1344 797 ﬂamine
1375 758 1612 805 summo,

198 833 410 888 Przesul
441 832 763 904 apostolicae
789 832 1079 904 prmfertur
1105 831 1319 887 honore
1347 831 1645 904 cathedrze.

198 930 465 984 Fascibus
502 935 555 983 et
577 928 783 1001 dignus
807 926 971 999 digne
994 926 1102 981 sibi
1126 926 1339 981 credita
1370 934 1585 993 tractat,

200 1026 456 1097 Dumque
478 1039 780 1094 reprensus
797 1030 855 1078 ut
883 1022 1111 1097 indigne
1139 1030 1246 1077 tam
1278 1023 1446 1095 digna
1479 1022 1723 1075 refutans

200 1114 467 1184 Culpatur
495 1114 659 1166 deses
690 1112 848 1183 quasi
881 1111 1196 1165 Ravennate
1216 1111 1451 1172 Joanne,

199 1205 341 1273 Apta
370 1201 647 1273 rependit,
682 1214 823 1270 Opus
844 1200 1095 1255 condens
1122 1200 1437 1271 pastoribus
1463 1208 1651 1269 aptum

202 1297 486 1358 Ecclesiae,
520 1295 829 1367 panditque
859 1295 1087 1359 decens,
1120 1302 1179 1349 ut
1207 1295 1394 1349 vivere
1426 1304 1627 1360 rector,

200 1391 383 1460 Atque
408 1390 607 1444 docere
630 1388 849 1453 habeat,
873 1403 993 1441 sese
1026 1404 1268 1451 servare,
1304 1403 1567 1459 suosque,

202 1483 378 1560 Quam
409 1487 590 1547 caute,
622 1496 789 1551 quam
821 1479 1079 1546 discrete,
1108 1496 1272 1552 quam
1302 1481 1465 1553 degat
1504 1480 1763 1542 honeste,

204 1572 343 1625 Inde
366 1588 469 1625 nec
501 1571 720 1626 absistit
740 1570 985 1635 monitis,
1019 1570 1353 1642 scriptisque
1384 1571 1604 1635 docere,

206 1662 504 1733 Appositos
530 1678 593 1716 ac
623 1662 899 1732 sepositos
934 1669 1091 1717 vocat
1118 1677 1211 1716 ore
1245 1678 1547 1732 manuque,

204 1753 494 1824 Exemplo,
528 1754 807 1826 verboque
836 1754 1088 1825 polorum
1115 1754 1183 1808 ad
1216 1754 1457 1808 culmina
1485 1754 1735 1816 ductans,

205 1841 413 1896 Caelica
442 1841 750 1912 disponens
767 1858 866 1912 per
881 1842 1102 1896 subdita
1134 1842 1543 1909 luminacorda,

210 1934 536 2005 Enodatque
568 1932 747 1987 latens
778 1934 953 1988 thecis
975 1934 1288 1989 celantibus
1315 1951 1530 2001 aurum,

207 2026 455 2080 Virtutes
492 2035 648 2081 notat
671 2025 915 2093 indiciis,
946 2025 1170 2097 vitaque
1201 2028 1445 2097 priorum

210 2119 433 2185 Pandit,
456 2126 512 2173 et
536 2134 803 2173 exercens
823 2129 997 2173 armat
1028 2119 1363 2192 decoratque
1396 2128 1661 2187 catervas,

206 2214 456 2269 Flamine
486 2220 706 2284 sumpta
734 2214 824 2284 pio
841 2213 968 2269 divo
990 2216 1236 2285 repletus
1262 2215 1331 2269 ab
1356 2232 1449 2271 ore

206 2303 415 2358 Pabula
442 2303 536 2357 dat
565 2301 842 2376 gregibus.
874 2302 1129 2357 Testatur
1144 2304 1324 2357 scriba
1350 2305 1627 2368 minister,

204 2391 489 2446 Dictorum
520 2398 809 2459 exceptor,
839 2397 1097 2463 retegens
1128 2391 1300 2447 livore
1334 2402 1558 2447 coactus

205 2480 677 2542 Obtrectatorum,
711 2495 836 2550 qua:
868 2479 985 2533 visa
1016 2496 1217 2534 arcana
1259 2482 1505 2552 probarit

204 2569 424 2640 Scripta
455 2569 668 2629 Petrus,
699 2583 903 2639 supero
928 2567 1235 2635 afﬂatu,'ne
1260 2570 1378 2625 fusa
1398 2578 1734 2637 crementur,

202 2655 377 2710 Morte
405 2665 684 2723 secutura,
708 2656 910 2725 juvans
941 2673 999 2711 se
1034 2659 1277 2728 pandere
1318 2660 1454 2726 visa,

206 2747 427 2818 Quique
459 2746 626 2802 fidem
662 2746 871 2804 faciens
892 2756 1106 2804 secreta
1136 2758 1195 2805 ut
1225 2752 1454 2826 detegit,
1481 2751 1631 2809 efﬂat
1658 2772 1673 2817 ;
1732 2820 1737 2827 _

212 2839 340 2893 Post
371 2838 544 2909 patris
571 2839 689 2893 haec
720 2839 957 2905 obitum,
991 2843 1196 2896 vetitus
1220 2843 1464 2907 vivente,
1502 2844 1755 2899 revelans

218 2930 283 2986 Ut
319 2931 446 2986 nive
477 2932 769 2987 candidior
789 2934 955 3004 capiti
980 2934 1222 2989 residere
1250 2935 1509 2991 columba

214 3021 602 3091 Transpuncto
629 3029 931 3099 mpnstrata
959 3022 1083 3093 styli
1116 3024 1486 3078 terebramine
1514 3025 1637 3081 velo
1660 3066 1667 3073 ς

218 3112 445 3184 Mystica
475 3112 741 3168 caalorum
771 3113 901 3167 dum
928 3114 1137 3187 colligit
1156 3130 1365 3189 organa
1397 3133 1599 3187 prieco,

219 3203 326 3258 Ore
355 3203 584 3258 trahens
613 3203 798 3273 superi
832 3202 1016 3258 divina
1044 3204 1338 3277 aenigmata
1369 3207 1563 3273 nostri,

217 3295 538 3351 Oromatum
569 3303 777 3349 reserat
807 3296 969 3365 queis
990 3295 1292 3351 Esechielis
1321 3304 1533 3368 operta,

216 3385 342 3440 Non
360 3384 514 3439 illum
548 3402 786 3449 marcor,
808 3402 918 3442 non
940 3387 1191 3442 febribus
1212 3388 1411 3443 insitus
1445 3388 1629 3455 ardor,

215 3474 443 3529 Viscera
468 3476 558 3529 vel
588 3475 812 3531 concisa
842 3476 1021 3544 dolor,
1053 3494 1151 3532 seu
1182 3478 1470 3552 gressibus
1502 3479 1741 3546 haerens,

215 3562 553 3623 Sollicitudo
586 3568 765 3636 urbis,
787 3570 1076 3625 cbarorum
1111 3588 1243 3626 cura
1274 3572 1539 3628 clientum

220 3656 380 3711 [laud
409 3665 629 3714 revocat
656 3660 877 3731 coeptis,
903 3668 959 3715 et
983 3662 1151 3716 corda
1184 3669 1237 3717 et
1269 3678 1501 3734 corpora
1533 3672 1708 3730 curat,

220 3747 351 3804 Fata
380 3750 565 3823 inopis
598 3753 822 3807 horrore
852 3753 1011 3807 famis
1042 3754 1277 3825 periisse
1311 3756 1482 3826 putati

213 3840 415 3905 Flexit,
451 3850 509 3897 ut
540 3844 874 3900 exstinctum
908 3846 1133 3917 pr0pria
1158 3864 1325 3918 quem
1360 3847 1511 3901 cwdc
1570 3856 1856 3903 necasset:

222 3930 478 4002 Undique
507 3932 757 3987 collectis
788 3941 842 3987 et
867 3949 978 4005 quo
1007 3950 1330 3990 succurrere
1360 3937 1555 4006 possit,

215 4018 631 4093 Quinquaginta
658 4021 815 4075 libris
845 4022 1125 4093 quondam
1158 4022 1432 4078 frumenta
1450 4024 1680 4095 paravit.

218 4111 382 4167 Omni
416 4112 669 4183 poscenti
702 4112 986 4168 tribuebat
1016 4133 1030 4175 ;
1065 4130 1252 4169 amore
1288 4114 1512 4169 tenebat

219 4202 309 4256 Nil
341 4200 605 4257 detentus
628 4217 819 4273 opum,
854 4203 1049 4274 probat
1084 4204 1139 4257 id
1160 4204 1431 4259 heremita
1462 4205 1700 4260 nutritor

225 4292 534 4364 Muricipis,
563 4294 766 4349 comite
796 4295 903 4349 hoc
932 4301 1251 4359 contentus,
1287 4302 1342 4349 et
1362 4294 1750 4349 omniamundi

226 4383 439 4437 Caetera
459 4381 801 4452 despiciens,
834 4391 1038 4438 sortem
1073 4400 1354 4454 praenosse
1386 4394 1665 4456 precatus,

230 4468 528 4539 Mercedis,
551 4486 676 4526 cum
700 4471 988 4544 Gregorio,
1020 4472 1111 4527 cui
1140 4473 1318 4545 gloria
1338 4488 1566 4529 consors

230 4561 484 4633 Eligitur,
512 4578 615 4618 nec
644 4580 845 4637 magna
868 4571 1071 4635 putans
1099 4564 1474 4636 quiprospera
1496 4565 1640 4619 szecli

225 4653 570 4727 Tempserat,
604 4674 725 4713 esse
757 4674 948 4729 parem
970 4658 1163 4715 mundi
1195 4660 1494 4731 splendore
1525 4660 1730 4715 cluenti

228 4747 441 4819 Accipit
475 4750 625 4804 hunc
659 4767 809 4825 gazae
847 4752 1047 4807 melius
1077 4759 1309 4807 tractare
1340 4753 1544 4807 talenta

228 4836 342 4892 Nec
367 4838 474 4892 sibi
508 4839 646 4909 quin
667 4839 792 4894 aliis
822 4842 987 4896 tutari
1029 4842 1322 4897 commoda
1352 4843 1474 4896 vim

228 4925 401 4991 Quam
427 4927 741 4983 solatricem
769 4929 877 4983 sibi
900 4945 959 4985 se
990 4930 1294 4985 defendere
1324 4937 1521 4985 cattam

229 5018 331 5082 Qui
370 5024 559 5093 grates
588 5018 837 5075 referens
869 5022 1141 5092 promissa
1172 5021 1459 5092 implerier
1488 5028 1627 5088 orat,

235 5110 444 5167 Etcum
468 5110 734 5184 Gregorio
764 5112 903 5168 locis
931 5114 1037 5168 sibi
1067 5114 1289 5170 domata
1320 5114 1471 5172 ferri.

233 5211 346 5266 Nec
371 5211 542 5267 modo
567 5219 892 5283 praesentes,
919 5212 1108 5284 procul
1137 5211 1227 5267 hic
1255 5212 1390 5284 quin
1424 5212 1595 5267 nutrit
1620 5222 1865 5286 egentes,

236 5303 556 5359 Monticolis
587 5311 778 5360 notum
806 5304 955 5359 Sinai
977 5305 1129 5377 quod
1160 5320 1297 5375 rupe
1332 5304 1581 5372 remotis,

236 5395 456 5452 Oceano
487 5411 712 5469 quoque
743 5397 940 5452 divisis
969 5403 1085 5453 toto
1118 5396 1253 5452 orbe
1284 5397 1578 5452 Britannis.

233 5485 540 5559 Anglorum
572 5484 705 5540 dum
736 5493 922 5542 mente
952 5486 1101 5557 capit
1126 5501 1267 5561 gens
1297 5485 1500 5557 pabula
1539 5485 1663 5542 coeli

234 5576 367 5642 Quae
397 5584 702 5650 conspecta
732 5577 852 5634 foro
885 5584 1102 5634 texatur
1130 5593 1378 5651 congrua
1400 5594 1599 5653 regno,

232 5668 545 5724 Avellenda
562 5669 798 5740 umbris,
831 5670 1215 5742 sacrandaque
1240 5669 1450 5724 lumine
1482 5669 1641 5737 lucis,

244 5758 553 5815 Educenda
582 5758 684 5827 ira,
717 5761 921 5831 pietate
954 5761 1201 5817 vocanda
1236 5775 1499 5830 superna,

558 5891 858 5951 PATROL.
913 5868 1263 5953 CXXXV?

693 345 776 398 DE
816 343 1071 397 CHRISTI
1114 343 1479 398 TRIUMPIIIS
1521 344 1692 397 API‘I)
1736 343 2002 398 ΙΤΛΙᾸΛΜ
2043 342 2274 398 GESTIS
2315 341 2489 396 LIBRI
2532 341 2662 396 XIV.
2704 371 2773 380 —
2813 340 2936 393 LIB.
2982 340 3043 392 Χ.

3437 340 3543 391 778

1863 483 1901 546 λ
1928 475 2100 545 Atque
2132 474 2227 528 Dei
2249 474 2442 527 laudes
2472 480 2636 527 cantu
2668 473 2995 541 depromere
3027 470 3215 541 digna,

1926 567 2173 621 Tendere
2204 580 2313 636 quo
2342 581 2591 639 gressum
2613 565 2806 619 doctor
2834 563 3101 634 verbique
3131 562 3386 616 minister

1931 652 2431 723 ApprOperatfieri,
2462 653 2669 723 populo
2700 653 3012 707 retrahente
3045 657 3310 715 moratus,

1930 744 2081 795 Stare
2113 742 2233 797 loco
2265 742 2459 796 nolens
2495 742 2657 795 discit
2679 742 2912 795 saliente
2945 741 3157 795 locusta

1932 834 2023 886 Ast
2053 833 2146 886 ubi
2181 848 2343 903 posse
2362 831 2569 886 referre
2598 832 2749 902 pium
2771 830 2875 885 fert
2902 830 3076 884 infula
3098 830 3261 895 votis,

1931 924 2206 978 Almiﬁcos
2236 925 2381 997 legat
2408 926 2591 979 colere
2626 926 2744 979 lizec
2776 924 2981 978 inculta
3011 924 3261 990 colonos,

1936 1020 2256 1091 Expugnare
2277 1019 2426 1086 feris,
2461 1019 2687 1073 ditanda
2719 1019 3139 1089 novaliaspinis,

1932 1107 2123 1162 Cordis
2145 1125 2300 1163 arare
2330 1108 2506 1163 solum
2534 1108 2792 1178 percultae
2823 1123 3045 1162 vomere
3072 1107 3300 1181 linguas,

1935 1199 2079 1253 Rura
2102 1201 2316 1269 replere
2347 1201 2446 1254 sati
2475 1201 2808 1255 cumulando
2838 1200 3050 1253 semine
3086 1198 3265 1268 verbi,

1937 1291 2059 1359 Ipse
2091 1292 2239 1361 quod
2268 1292 2489 1355 emittit,
2532 1292 2827 1362 pluresque
2860 1290 3061 1345 referre
3102 1289 3375 1358 maniplos

1939 1385 2004 1438 Ut
2032 1385 2229 1448 valeat,
2252 1383 2437 1437 studet
2467 1383 2703 1447 hortatu,
2739 1382 3107 1453 precibusque
3140 1381 3371 1444 laborat,

1940 1474 2371 1546 Muneribusque
2393 1475 2568 1543 juvat,
2602 1474 2865 1529 miracula
2893 1475 3049 1544 plura
3081 1482 3345 1543 parentur

1940 1568 2153 1639 Legatis
2178 1574 2419 1637 praestat,
2452 1574 2672 1640 gentem
2695 1583 2818 1622 cum
2844 1566 3093 1637 principe
3125 1567 3318 1621 salvat.

1941 1662 2109 1716 Unius
2129 1670 2292 1733 atque
2322 1679 2512 1733 parum
2539 1662 2692 1735 regni
2721 1678 2943 1717 curasse
2971 1662 3205 1716 salutem
3237 1678 3251 1724 ;

1940 1755 2170 1823 Insuper
2198 1761 2471 1827 augentur
2488 1753 2677 1823 populi
2704 1769 2978 1823 regesque
3007 1750 3303 1822 prapinqui
3338 1767 3354 1814 ;

1862 1845 1911 1912 Β
1943 1843 2177 1897 Barbara
2208 1843 2372 1898 corda
2394 1842 2541 1897 feras
2566 1843 2788 1897 discunt
2807 1842 3089 1911 deponere
3112 1846 3327 1894 mentes
3355 1856 3369 1892 :

1944 1937 2289 2006 Barbaraque
2317 1951 2412 1990 ora
2447 1935 2537 1990 Dei
2568 1934 3127 2004 certantdepromere
3158 1933 3386 1987 laudes:

1945 2025 2217 2079 Sternitur
2245 2023 2442 2079 Oceani
2481 2026 2568 2094 pia
2588 2023 2692 2077 sub
2721 2023 2953 2096 vestigia
2982 2022 3154 2076 fastus
3185 2039 3199 2085 ;
3310 2018 3319 2021 ’

1947 2116 2203 2171 lndomiti
2232 2116 2397 2182 ferro,
2430 2116 2546 2170 miti
2575 2131 2831 2171 sermone
2861 2116 3157 2170 domantur
3186 2131 3201 2181 ;

1949 2209 2420 2278 Bellisintrepidi,
2454 2215 2710 2263 metuunt
2742 2223 2841 2279 per
2876 2207 3045 2261 verba
3076 2206 3233 2279 ligari
3263 2228 3276 2266 -.

1945 2301 2139 2354 'I‘errea
2170 2300 2505 2370 despiciunt,
2538 2299 2785 2354 caelestia
2815 2298 3099 2352 mentibus
3129 2297 3321 2351 ardent
3364 2315 3376 2348 :

1947 2392 2114 2460 Hujus
2143 2408 2267 2463 quae
2299 2392 2509 2445 meritis
2539 2392 3103 2461 clarescuntprazstita
3130 2389 3303 2443 Patris

1946 2482 2043 2545 Qui
2071 2481 2270 2535 merito
2299 2479 2450 2554 genti
2476 2481 2723 2534 sancitur
2745 2479 3036 2550 Apostolus
3058 2478 3157 2532 illi.

1948 2576 2177 2646 Insuper
2206 2581 2259 2629 et
2301 2589 2502 2645 pueros
2530 2574 2777 2641 ejusdem
2795 2574 2976 2647 gentis
3001 2573 3227 2627 abactos

1949 2668 2197 2723 Externis
2228 2667 2406 2738 pretio
2442 2666 2724 2721 redimens
2759 2665 3085 2742 regionibus
3115 2671 3264 2736 aptat

1948 2759 2187 2814 {Etherei
2216 2758 2358 2814 lotos
2388 2757 2537 2822 fidei,
2571 2773 2887 2829 superoque
2917 2756 3126 2812 decori.

1950 2851 2217 2905 Sardiniae
2245 2866 2468 2922 quoque
2499 2849 2755 2905 ruricolis
2778 2864 2965 2904 errore
2995 2854 3208 2904 vetusto

1952 2948 2089 3001 Dum
2118 2947 2265 3002 volet
2297 2944 2522 3011 involvi,
2551 2945 2709 3019 pigra
2741 2945 2993 3015 praesulis
3017 2945 3268 3014 increpat
3294 2958 3412 3009 ora,

1954 3039 2108 3102 Quod
2140 3039 2283 3093 votis
2312 3037 2546 3092 cessisse
2578 3036 2820 3107 probans
2852 3037 2940 3107 pia
2971 3052 3201 3091 munera
3227 3035 3391 3090 lucis.

1877 3169 1926 3235 Ο
1956 3135 2193 3191 Proinde
2227 3134 2471 3189 Hebraeis
2499 3134 2722 3204 rapiens
2745 3132 2814 3187 ad
2844 3132 3037 3187 eoelica
3063 3132 3229 3187 donis

1955 3226 2483 3298 Ornatuqueanimae
2516 3225 2787 3279 decorans
2826 3231 2880 3278 et
2907 3224 3157 3278 vestibus
3187 3239 3392 3279 ornans

1952 3318 2182 3384 Insuper
2209 3322 2264 3367 et
2294 3312 2479 3384 pueris
2508 3312 2720 3366 heresis
2750 3327 2889 3384 quos
2918 3312 3038 3367 dira
3067 3311 3288 3367 fovebat

1950 3403 2123 3458 Patris
2150 3401 2439 3457 sollicita'n
2469 3401 2670 3475 satagit
2699 3400 3045 3471 praatendere
3076 3416 3281 3456 curam.

1950 3492 2127 3547 Sentit
2146 3499 2201 3546 et
2231 3490 2509 3562 Hesperiae
2542 3491 2771 3546 rectoris
2789 3490 3034 3567 tegmina
3062 3492 3247 3557 tellus,

1956 3582 2290 3653 Ereptasquc
2322 3579 2487 3634 urbes
2509 3579 2705 3650 recipit
2730 3578 2977 3635 Romana
3005 3588 3268 3652 potestas.

1958 3670 2236 3725 Laudibus
2264 3669 2394 3724 hinc
2415 3668 2607 3723 laudes
2636 3667 2924 3723 cumulans
2945 3669 3200 3724 centonis
3215 3674 3270 3721 et
3300 3668 3471 3723 instar

1960 3763 2214 3817 Carmina
2240 3760 2645 3833 comprendens
2671 3760 2861 3816 divina
2890 3760 3174 3815 volumina
3204 3760 3351 3834 cogit

1962 3854 2276 3918 Sacrorum,
2336 3859 2502 3924 atque
2559 3865 2756 3922 preces
2799 3850 3089 3906 cumulans
3138 3865 3249 3922 quo
3298 3865 3452 3905 sacra
3481 3867 3579 3923 ge-

3300 3942 3511 4012 [rantur

1962 4035 2210 4090 Insinuat
2238 4042 2386 4099 voto,
2408 4035 2655 4089 ridentes
2686 4034 2915 4106 mystica
2933 4033 3117 4089 vultus

1962 4127 2224 4190 Perculit,
2260 4136 2426 4200 atque
2457 4127 2637 4183 oculis
2657 4127 2918 4199 mysteria
2949 4128 3219 4202 sanguine
3248 4128 3465 4201 pandit_

1964 4217 2170 4282 Rubea,
2205 4216 2526 4289 carnalique
2549 4215 2716 4271 refert
2730 4232 2884 4272 sacra
2913 4232 3112 4272 carnea
3133 4215 3307 4281 cordi,

1961 4305 2365 4377 Triticeamque
2387 4305 2549 4360 docet
2576 4305 2776 4360 mutari
2802 4303 2857 4359 in
2876 4321 3040 4361 carne
3063 4304 3318 4373 farinam,

1964 4399 2036 4451 Ac
2063 4397 2213 4471 ligno
2231 4403 2439 4451 cretum
2481 4396 2724 4451 converti
2757 4396 2813 4450 in
2840 4398 3111 4470 sanguine
3129 4397 3318 4452 vinum
3350 4415 3365 4463 ;

1967 4485 2088 4540 Hec
2113 4484 2297 4540 carnis
2329 4500 2589 4555 promens
2619 4484 2796 4540 oculis
2816 4484 2913 4539 ubi
2946 4491 3168 4556 pectora
3189 4487 3390 4555 firmat,

1967 4582 2026 4634 In
2057 4582 2291 4653 priscam
2311 4587 2527 4651 reparat
2553 4578 3004 4634 divinalitamina
3033 4579 3299 4646 formam;

1964 4671 2075 4726 Nec
2105 4670 2286 4726 minus
2307 4668 2530 4744 egregie
2562 4669 2830 4739 pallarum
2854 4668 3071 4738 prodita
3101 4669 3339 4740 pannis:

1965 4762 2243 4839 Sanguine
2262 4777 2404 4833 quos
2438 4775 2591 4816 sacro
2618 4767 2830 4815 secreto
2864 4777 2926 4815 ac
2949 4759 3148 4815 robore
3187 4760 3429 4833 supplet,

1966 4851 2205 4906 Muneris
2226 4859 2281 4905 et
2310 4850 2511 4905 summi
2546 4850 2691 4905 dono
2713 4849 2933 4924 delegat
2958 4849 3165 4921 Opimo,

1967 4943 2457 4997 Osseasanctorum
2492 4938 2771 5010 poscentis
2801 4938 3031 5013 pignora
3052 4938 3255 5002 missis,

1966 5036 2112 5100 Quos
2133 5041 2340 5089 temere
2370 5034 2649 5103 inspectos
2679 5032 2845 5086 nimis
2874 5029 3214 5103 indigneque
3248 5037 3483 5086 retectos

1969 5124 2042 5178 Ac
2069 5122 2445 5178 nihiliductos
2473 5121 2680 5192 patenti
2715 5130 2900 5193 mente
2932 5126 3208 5186 retrectat,
3552 5197 3561 5203 _

1970 5218 2144 5290 Atque
2167 5233 2363 5288 preces
2392 5217 2685 5291 geminans
2716 5231 2914 5271 arcana
2944 5215 3217 5286 stupenda
3242 5215 3466 5282 revelat,

1974 5314 2219 5385 Dumque
2250 5317 2401 5367 secat
2428 5310 2593 5379 ferro,
2625 5310 2752 5365 miri
2780 5311 2872 5365 dat
2902 5311 3045 5367 ﬂuxa
3075 5312 3306 5368 cruoris.

1976 5402 2206 5477 Legatos
2243 5400 2509 5472 stupidat,
2541 5401 2845 5472 sternitque
2876 5401 2944 5455 ad
2971 5408 3097 5456 vota
3130 5399 3343 5469 fideles,

1982 5494 2044 5550 Et
2072 5493 2227 5565 prius
2255 5501 2470 5549 erectos
2501 5492 2689 5548 tribuit
2720 5493 3053 5549 benedicere
3083 5509 3290 5565 pronos

1979 5584 2053 5638 Ac
2078 5582 2304 5638 laudare
2328 5582 2500 5637 Deum
2531 5589 2642 5636 tam
2674 5580 2801 5636 diva
2832 5581 3073 5658 insignia
3104 5583 3352 5640 dantem.

1983 5674 2204 5729 Instruit
2229 5675 2335 5729 hoc
2363 5672 2533 5729 sacris
2564 5673 2711 5728 inter
2741 5672 3007 5729 libamina
3028 5674 3209 5748 pallas

1978 5762 2098 5816 Aris
2118 5762 2407 5834 applicitas
2426 5761 2618 5816 Christi
2647 5761 2740 5832 qui
2771 5763 2999 5819 nomine
3030 5764 3183 5819 fusus

3222 5898 3304 5959 25
