3902 6428
464 391 570 449 7'79
1168 392 1537 454 FLODOARDI
1579 397 1882 456 CANONICI
1926 396 2259 458 REMENSIS
2299 396 2637 460 OPUSILULA
2676 398 2985 459 METRICA.
3716 411 3808 465 780

461 537 550 591 Sic
590 544 733 592 tecta
762 543 1012 592 sanctum
1039 537 1238 592 virtute
1259 538 1467 594 bibisse
1495 555 1747 596 cruorem
1781 559 1796 607 ;
2115 552 2160 611 Α
2189 540 2480 613 Menteque
2503 547 2742 596 mutatus
2765 541 2978 596 veniam
3011 557 3138 597 mox
3175 542 3433 598 subditus
3462 551 3604 609 orat,

468 629 682 699 llosque
713 628 962 700 aliosque
994 629 1218 698 replens
1247 629 1378 683 ﬁdei
1409 630 1707 700 splendore
1738 631 2010 697 videntes,
2189 633 2620 704 Subjectumque
2652 640 2811 688 vovet
2862 632 3150 699 famulum,
3195 635 3476 705 sentitque
3509 635 3802 707 benignum

463 717 618 773 Certa
660 719 917 788 rependit
942 719 1072 773 item
1103 718 1333 792 signans
1355 719 1469 788 jam
1502 737 1734 775 munera
1752 722 1938 776 certis.
2190 720 2444 776 Melliﬂua
2470 721 2718 776 bonitate
2747 721 2986 787 Patrem,
3022 722 3379 794 spatiumque
3411 731 3659 778 meretur

461 813 588 877 Quae
611 813 739 865 dum
768 821 1049 885 gestantes
1073 812 1304 868 Domino
1327 814 1603 888 magnalia
1636 813 1836 880 fantur,
2185 812 2401 868 Tutoris
2432 812 2694 883 precibus
2718 811 2988 886 languore
3019 812 3122 868 sub
3156 812 3349 867 ultima
3381 829 3600 880 versus,

461 903 666 958 Gaudia
693 905 845 970 dant,
878 905 1170 960 desideriis
1199 907 1294 977 qui
1325 907 1471 962 dona
1498 907 1711 962 verenti
2187 905 2264 960 Ad
2297 905 2460 959 vitam
2492 905 2750 977 viresque
2770 904 2935 968 redit,
2968 905 3207 976 vitaeque
3233 906 3453 961 tuendae

463 995 613 1048 Dona
642 995 810 1065 capit,
841 995 1030 1060 comit,
1060 1005 1374 1063 veneratur,
1404 997 1636 1052 adornat
1666 1012 1878 1063 amore,
2188 996 2490 1052 Consilium
2521 996 2694 1051 suasit
2721 995 3029 1067 meliorque
3056 996 3112 1051 in
3143 1005 3341 1052 caetera
3371 997 3525 1052 vivit.

461 1085 766 1157 Magnaque
796 1087 863 1140 ad
889 1087 1004 1142 meo
1035 1087 1233 1142 Christi
1258 1088 1523 1144 miracula
1546 1088 1748 1143 dantur
1778 1089 2008 1144 honore.
2187 1088 2298 1142 Nec
2320 1088 2487 1142 modo
2506 1096 2806 1158 praesentes
2837 1093 2987 1141 tanta
3020 1087 3228 1157 pietate
3267 1086 3530 1142 fruuntur
3556 1106 3571 1153 ;

463 1178 553 1232 llis
586 1178 801 1249 pollens
829 1179 1030 1249 opibus
1062 1181 1303 1235 humiles
1334 1182 1494 1237 Pater
1521 1181 1700 1236 almus
1728 1180 1911 1236 alebat
2179 1183 2462 1236 Tartareas
2503 1182 2670 1256 longo
2701 1189 2875 1237 tortus
2906 1182 3043 1253 quin
3076 1187 3324 1252 tempore
3348 1182 3402 1235 in
3427 1182 3656 1237 umbras

462 1270 764 1340 Exemplis,
799 1270 1045 1336 monitis,
1074 1271 1392 1336 virtutibus,
1427 1279 1592 1344 atque
1623 1272 1864 1342 superba
2183 1271 2459 1325 insolitam
2491 1271 2755 1338 'I‘rajanus
2782 1286 2968 1341 opem,
2999 1270 3251 1324 mirabile
3273 1269 3424 1324 dictu
3468 1269 3480 1324 Ι

458 1360 560 1415 Ore
600 1369 786 1414 terens
818 1361 1048 1415 Domino
1087 1361 1441 1416 substernere
1480 1361 1648 1415 corda
1686 1361 1929 1430 parabat.
2182 1363 2383 1418 Gcnlili
2413 1363 2562 1434 capit
2601 1363 2785 1417 inﬂexi
2813 1362 3086 1433 probitate
3120 1363 3360 1432 patroni,

462 1455 677 1526 Experti
708 1472 934 1510 sensere
964 1456 1110 1529 magi
1143 1455 1346 1527 quibus
1375 1472 1536 1510 urere
1564 1456 1738 1512 visum
2182 1457 2351 1520 Quem
2383 1456 2526 1511 votis
2549 1455 2791 1521 redimit,
2825 1455 3194 1527 lacrymarum
3227 1453 3454 1509 ﬂumine
3482 1455 3666 1529 tingit,

457 1547 729 1622 Magnitici
756 1548 991 1603 sessoris
1015 1564 1219 1619 equum
1253 1547 1636 1622 Phlegetonte,
1668 1548 1913 1602 subustis
2182 1546 2590 1616 Susceptasque
2614 1561 2807 1615 preces
2835 1545 3001 1600 discit
3030 1560 3142 1600 non
3173 1543 3303 1598 talia
3332 1544 3536 1599 deinde

455 1637 668 1709 Flagitii
688 1637 945 1702 stimulis,
978 1637 1166 1692 lumen
1193 1653 1334 1708 quos
1356 1637 1578 1693 luminis
1599 1645 1723 1693 actu
2185 1637 2484 1692 Prmsumat
2513 1637 2646 1692 visis
2672 1635 2893 1708 superis
2933 1643 2986 1691 et
3007 1635 3209 1690 fatibus
3239 1636 3410 1690 audit.

457 1733 666 1788 Deserit
694 1733 1025 1798 obstructos,
1059 1733 1393 1804 proprioque
1424 1732 1606 1787 furore
1638 1738 1899 1802 petuntur
2185 1726 2386 1797 Inclyta
2403 1727 2722 1798 apostolica:
2744 1727 3088 1783 concinnans
3106 1743 3338 1781 munera
3380 1728 3555 1782 thecae

455 1822 618 1876 Salvo
657 1820 832 1875 Patris
871 1835 1036 1892 equo,
1071 1821 1316 1891 prudens
1348 1837 1490 1892 quos
1513 1837 1713 1876 censor
1741 1821 1936 1877 abacta
2111 1874 2151 1892 η
2180 1816 2409 1878 Attolllt,
2438 1816 2610 1871 sacris
2649 1815 2890 1889 delegat,
2921 1817 3167 1872 cultibus
3197 1825 3376 1884 ornat,

457 1913 622 1967 Menti
655 1913 903 1984 pernicie
935 1912 1141 1978 reddit,
1167 1913 1269 1968 sed
1300 1913 1455 1968 furva
1493 1930 1721 1968 manere
2110 1874 2156 1939 Β
2181 1910 2486 1964 Exturbans
2513 1911 2739 1965 hereses
2770 1910 2963 1965 harum
2989 1910 3111 1967 loca
3137 1911 3371 1966 crimine
3403 1919 3625 1983 purgat,

459 2005 714 2076 Praecipit
751 2004 1317 2072 aeternum,tenebras
1348 2022 1418 2060 ne
1443 2005 1564 2061 luce
1596 2005 1756 2077 potiti
2183 1999 2354 2070 ldque
2386 1998 2822 2070 triumphantem
2853 2000 3058 2074 gaudet
3087 2001 3298 2056 vidisse
3323 2001 3584 2055 Suburra.

456 2095 711 2148 Assuetas
740 2100 1016 2164 repetant,
1049 2109 1186 2164 puro
1214 2109 1439 2165 quoque
1475 2093 1625 2149 fonte
1653 2095 1819 2164 piatis
2181 2090 2347 2160 Cujus
2382 2107 2484 2146 nec
2516 2091 2714 2146 tacitus
2746 2092 3014 2162 templum
3055 2093 3417 2164 occultusque
3450 2092 3716 2165 relinquit

452 2185 712 2241 Decernit
739 2185 1020 2257 geminum
1062 2185 1283 2256 pietatis
1307 2202 1538 2241 munere
1564 2186 1786 2241 victum.
2182 2183 2418 2255 Spiritus
2442 2185 2738 2259 egrediens
2764 2186 3106 2257 irrumpente
3124 2186 3345 2260 agmina
3374 2203 3564 2258 porco,

454 2277 569 2333 Mos
598 2277 857 2349 equidem
893 2277 1072 2332 fuerat
1100 2293 1256 2349 papa:
1287 2279 1490 2334 mentis
1521 2278 1717 2334 insitus
1746 2278 1902 2333 almae
2185 2277 2522 2347 Increpitant
2551 2277 2814 2348 strepitus
2835 2293 3036 2351 magno
3064 2293 3331 2334 concussa
3360 2277 3574 2354 fragore
3612 2295 3626 2346 ;

456 2367 729 2442 Frangere
760 2367 1036 2434 crudeles,
1058 2367 1220 2421 tutari
1255 2383 1428 2439 prona
1457 2375 1758 2438 sequentes
2183 2367 2381 2422 Maenia
2414 2384 2744 2439 percurrens
2776 2369 2980 2424 invitus
3003 2369 3210 2424 deserit
3233 2369 3426 2425 hostis.

455 2457 606 2510 Dicta
639 2455 854 2527 probat,
890 2455 1086 2527 probat
1113 2457 1289 2511 elatus
1328 2456 1542 2512 feritate
1574 2464 1840 2528 tyrannus
2181 2459 2413 2514 Victoris
2437 2461 2540 2514 sub
2571 2461 2782 2518 honore
2815 2461 2944 2533 polo
2973 2461 3248 2517 velamine
3287 2462 3450 2517 nubis

458 2551 745 2607 Ruricolas
772 2568 837 2606 ac
877 2569 1002 2607 rura
1031 2559 1217 2607 terens
1245 2567 1368 2624 qua:
1399 2551 1542 2608 forte
1575 2558 1794 2622 reperta
2181 2546 2431 2603 Admisso
2460 2549 2663 2623 tegitur
2700 2549 3196 2606 vernansdivinius
3212 2550 3370 2617 altar,

459 2641 678 2697 Primati
707 2642 960 2710 subjecta
986 2642 1154 2710 Petri,
1177 2643 1534 2714 monitusque
1554 2641 1702 2696 beati
2181 2640 2426 2695 Nectaris
2461 2641 2756 2696 Ecclesiam
2792 2642 2985 2712 implet
3003 2642 3158 2705 odor,
3181 2643 3417 2718 vestigia
3449 2651 3631 2700 terror

462 2737 809 2810 Legatosque
838 2739 1014 2793 Patris
1042 2753 1314 2809 spernens
1343 2737 1666 2809 popularier
1695 2737 1886 2792 urbem
1921 2753 1936 2801 ;
2185 2731 2366 2798 Arcet,
2399 2739 2455 2786 et
2479 2733 2682 2788 emisso
2715 2732 3073 2803 resplendent
3103 2733 3321 2789 coalitus
3352 2734 3480 2810 igne

455 2824 719 2880 Currebat
745 2825 835 2880 cui
872 2836 1059 2897 pastor
1081 2842 1215 2882 oves
1245 2826 1514 2882 tutamine
1547 2843 1792 2896 servans,
2189 2822 2494 2894 Lampades
2531 2823 2850 2898 insignique
2877 2824 3151 2880 iterantur
3176 2824 3386 2880 lumina
3419 2823 3664 2894 ﬂamma,

457 2913 705 2969 Occurrit
736 2921 946 2970 terrore
971 2931 1233 2986 premens
1261 2933 1274 2970 :
1305 2914 1562 2971 aﬁ'amine
1581 2915 1780 2972 sternit
1809 2933 1822 2970 :
2190 2915 2600 2987 Restinctaeque
2626 2915 2774 2971 faces
2809 2915 3044 2988 repetita
3065 2917 3188 2972 luce
3207 2925 3518 2974 coruscant.

455 3002 664 3074 Accipit
694 3003 787 3060 ille
818 3005 912 3077 pio
939 3005 1127 3061 divum
1145 3021 1400 3062 sermone
1423 3006 1694 3080 vigorem,

1906 3104 2117 3162 CAPUT
2160 3106 2265 3162 XV.

1612 3215 1693 3275 Dc
1729 3217 2056 3275 miraculis
2100 3218 2231 3293 ejus
2272 3218 2653 3276 monasterii.

455 3351 623 3424 llujus
650 3352 720 3408 ad
751 3352 992 3429 efﬁgiem
1025 3353 1291 3408 miracula
1321 3352 1444 3408 diva
1477 3360 1784 3424 patrantur,
2096 3384 2145 3448 Ο
2174 3351 2441 3408 Omnibus
2465 3351 2715 3421 objectus
2744 3367 2964 3425 quoque
2994 3351 3235 3426 quiverit
3256 3367 3381 3408 orsa
3410 3352 3640 3410 referre.

455 3451 516 3505 Et
539 3451 769 3506 candela
801 3451 914 3523 poli
948 3466 1348 3522 nonnunquam
1379 3450 1701 3506 accenditur
1732 3451 1883 3526 igne,
2097 3424 2145 3448 υ
2183 3445 2430 3499 Andream
2459 3460 2582 3499 cum
2615 3443 2892 3518 Grcgrorii
2921 3444 3196 3500 solamine
3227 3443 3470 3511 functus,

456 3539 586 3608 Ejus
613 3539 854 3596 cuenobii
887 3540 1148 3611 praelatus
1173 3541 1382 3596 honore
1411 3539 1655 3594 Joannes
2184 3539 2575 3611 Mensurasque
2594 3539 2917 3595 monasterii
2950 3548 3224 3612 potusque
3265 3539 3490 3612 cibique

455 3631 707 3685 Luxuriae
738 3629 991 3684 addictus
1021 3629 1218 3684 vinclis
1249 3630 1378 3684 dum
1410 3646 1554 3684 sazva
1585 3628 1919 3701 frequentat,
2185 3628 2468 3684 Consuetze
2501 3629 2721 3699 pietatis
2750 3645 2913 3700 Opem
2944 3629 3247 3701 solitasque
3279 3629 3534 3684 lucernas

450 3725 609 3780 Tristi
630 3725 935 3795 percutitur
963 3724 1153 3798 segnis
1182 3725 1448 3798 languore
1476 3724 1732 3796 podagrae
1757 3740 1773 3793 ;
2183 3716 2476 3772 Altithroni
2505 3725 2632 3772 ante
2655 3718 2860 3789 pedum
2901 3734 2962 3772 se
2993 3726 3190 3773 cuncta
3243 3716 3436 3773 tulisse
3479 3716 3804 3772 scabellum.

455 3814 554 3879 Qui
585 3814 936 3869 medicinalis
966 3815 1225 3869 tormenti
1253 3814 1450 3868 ardore
1471 3813 1754 3879 subustus,
2184 3810 2572 3880 Oppositorum
2605 3826 2776 3864 unum
2809 3817 3022 3865 tantum
3059 3825 3296 3884 purgare
3337 3808 3624 3881 nequisse,

454 3904 588 3958 Dum
623 3904 950 3974 desperatus
992 3911 1279 3959 crescente
1307 3903 1608 3978 gravedine
1640 3902 1831 3974 pestis,
2179 3905 2579 3960 Cesseritunde
2609 3905 2823 3976 pudore
2854 3913 3031 3972 actus,
3063 3904 3404 3961 cruciamine
3438 3903 3623 3966 tritus,

451 3996 721 4052 Sordibus
747 3995 1017 4061 abscedit,
1049 4004 1314 4068 castoque
1342 3995 1575 4051 inservit
1612 3995 1832 4062 honori,
2178 3995 2415 4050 Prodere
2438 4011 2552 4050 rem
2579 3994 2768 4063 jussus
2786 4001 2965 4050 vatem
2988 3994 3206 4068 legasse
3238 4000 3530 4063 patronum

453 4089 721 4145 Redditur
753 4098 950 4159 aptatae
981 4090 1213 4144 Domino
1247 4097 1505 4160 parcente
1535 4088 1698 4144 saluti
1735 4106 1749 4142 :
2177 4084 2336 4139 Fatur
2367 4083 2712 4156 Gregorium,
2742 4082 2878 4137 nulli
2909 4098 2970 4138 se
3003 4083 3251 4154 pandere
3281 4081 3550 4154 probrum

450 4181 547 4236 llle
578 4182 730 4237 canis
756 4181 907 4236 velut
947 4181 1216 4251 impurus,
1243 4181 1618 4252 vomitumque
1647 4180 1964 4246 resorbens,
2177 4175 2507 4230 Functorum
2531 4173 3247 4246 imodomos,meritumque
3260 4172 3802 4248 resignatagentum,

449 4270 829 4343 Contemptum
872 4271 1072 4342 repetit
1101 4270 1280 4326 morbi
1311 4279 1436 4340 post
1466 4280 1718 4342 tempora
1743 4287 1971 4339 saevum,
2176 4269 2582 4324 Obtrectatores
2610 4267 2831 4322 audisse
2861 4283 2962 4338 per
2985 4267 3174 4323 omnia
3190 4266 3410 4333 fratres,

450 4359 814 4432 Lubricaqne.
834 4370 889 4414 et
910 4359 1096 4426 luxua,
1121 4367 1176 4414 et
1207 4359 1431 4414 sordida
1456 4359 1691 4415 crimina
1715 4367 1932 4425 tractat,
2174 4363 2393 4418 .ludicio
2423 4363 2748 4419 obstrictum
2773 4364 2870 4416 sed
2911 4361 3118 4416 famina
3148 4360 3382 4416 reddere
3412 4360 3564 4416 nulla

449 4449 560 4503 Nec
590 4464 745 4504 mora
773 4447 1021 4521 Gregorii
1061 4447 1266 4503 seniori
1300 4448 1439 4504 visio
1462 4448 1681 4504 cuidam
2178 4456 2246 4510 Se
2277 4455 2518 4526 potuisse
2547 4455 2746 4521 fatens,
2781 4460 3007 4526 parcant
3031 4453 3372 4509 abeuntihus
3399 4453 3539 4508 ultra

446 4539 752 4607 Accedens,
779 4539 898 4611 ipsa
932 4540 1176 4596 monitus
1201 4540 1295 4594 dat
1316 4547 1478 4596 nocte
1502 4541 1739 4613 relapso,
2176 4547 2341 4602 Ferre
2357 4547 2553 4603 cavilla
2579 4547 2782 4618 quibus
2814 4554 2921 4602 tam
2955 4546 3127 4600 multa
3155 4545 3488 4600 ferunturad
3504 4547 3662 4601 hoste

449 4630 741 4693 Pteniteat,
780 4630 924 4701 turpi
958 4640 1254 4686 convectos
1279 4631 1510 4687 crimine
1533 4647 1734 4686 census
2180 4637 2239 4690 Et
2263 4644 2369 4691 tam
2397 4635 2630 4690 districti
2655 4641 2955 4706 properant
2994 4633 3062 4688 ad
3091 4633 3297 4706 judicis
3329 4649 3426 4688 ora

448 4719 758 4792 Dispergat,
788 4735 915 4774 mox
948 4720 1067 4774 luce
1099 4720 1221 4774 dies
1243 4737 1408 4792 quem
1435 4719 1596 4774 tertia
1617 4719 1789 4775 tollet.
2098 4717 2152 4784 D
2181 4727 2508 4799 Presbytero
2529 4727 2751 4782 demum
2780 4726 2883 4781 sibi
2918 4726 3013 4798 qui
3042 4741 3305 4796 suprema
3337 4733 3552 4782 notarat

443 4810 577 4866 Tum
610 4811 918 4884 Slupldum.
948 4813 1196 4884 tantique
1228 4812 1398 4884 ρειινὶε
1427 4812 1684 4868 mandata
1706 4820 1998 4883 Pavenlem
2173 4821 2420 4875 Pandere
2453 4819 2702 4892 poscenti
2733 4818 2935 4874 summi
2965 4819 3070 4874 sibi
3099 4819 3310 4875 crimen
3342 4820 3559 4894 agonis,

445 4901 705 4956 Ρωηίῑυίι
741 4901 888 4965 ῖεθῑίν
912 4917 1075 4974 gazas
1114 4901 1209 4972 (ῐυί
1244 4917 1509 4975 Spargere
1539 4907 1780 4968 certans;
2174 4916 2223 4970 Is
2248 4922 2414 4986 caput
2443 4923 2698 4970 avertens
2713 4914 2923 4988 gemitu
2947 4913 3251 4985 proclamat
3269 4914 3471 4969 anhelo
3502 4932 3516 4967 :

444 4993 739 5065 Correptus
766 4995 1030 5069 languore
1063 4993 1154 5048 die
1186 5009 1286 5064 per
1311 4994 1427 5048 visa
1450 5000 1640 5048 notato
2180 5024 2205 5055 α
2233 5004 2696 5074 Andraea,pereas
2715 5003 2821 5058 isto
2846 5001 3186 5056 miserabilis
3201 5016 3368 5066 anno,

442 5088 625 5142 Uritur
655 5086 898 5162 ingentis
914 5085 1156 5140 violento
1174 5084 1428 5140 torminis
1457 5086 1601 5160 igne.
2173 5092 2271 5158 Qui
2305 5107 2392 5146 me
2415 5091 2649 5147 consilia
2681 5091 2736 5145 in
2770 5100 2878 5145 tam
2898 5106 3042 5144 saeva
3075 5088 3283 5161 pericla
3309 5087 3532 5143 dedisti,
3569 5112 3593 5133 η

440 5179 656 5250 Oreque
685 5177 989 5248 projiciens
1020 5178 1265 5250 linguam
1297 5193 1556 5248 suprema
1585 5176 1836 5232 trahebat
2169 5185 2302 5239 Tum
2335 5185 2612 5239 medicum
2644 5183 2768 5238 vitm
2799 5181 3168 5255 spondentem
3201 5182 3352 5237 lucra
3383 5180 3687 5252 repellens,

441 5267 688 5322 Flamina
725 5283 738 5333 ;
771 5267 1029 5323 custodes
1059 5266 1286 5322 obeunti
1319 5267 1576 5322 assistere
1607 5266 1826 5331 dantur,

2173 5273 2413 5328 Psallere
2437 5271 2691 5342 deposcit
2721 5270 2917 5326 fratres
2937 5278 2998 5326 ut
3023 5286 3253 5326 cernere
3289 5271 3463 5342 possit

439 5365 613 5432 Atque
641 5361 960 5418 sacerdotes
999 5361 1232 5418 Domino
1273 5360 1405 5416 dare
1437 5368 1562 5417 vota
1588 5360 1894 5427 recedunt;
2171 5362 2314 5426 Quas
2339 5361 2493 5433 prius
2513 5362 2793 5436 angelicas
2821 5368 3187 5431 conspexerat
3214 5361 3329 5432 ipse
3360 5369 3609 5415 catervas
3638 5377 3652 5423 ;

438 5450 697 5522 Regressi
730 5460 852 5521 post
875 5466 1029 5505 sacra
1060 5460 1288 5521 stupent
1313 5451 1529 5506 leniora
1556 5449 1772 5506 ferente
1808 5467 1823 5504 :
2174 5452 2278 5506 Has
2308 5451 2674 5523 contemplari
2697 5467 2844 5518 sese,
2867 5451 3195 5522 pallensque
3230 5458 3585 5522 tremensque

435 5539 644 5593 Nomen
677 5546 732 5593 et
755 5541 1075 5605 inclamant,
1098 5539 1290 5594 oculos
1322 5556 1445 5596 mox
1474 5541 1690 5596 evibrat
1725 5541 1820 5595 illa
2172 5541 2454 5595 Fratribus
2483 5546 2543 5594 ut
2566 5547 2784 5612 poterat
2810 5541 3058 5615 signans,
3093 5541 3338 5595 humana
3369 5537 3655 5611 relinquit,

431 5625 786 5684 Subridendo
821 5645 1079 5701 quaerens
1107 5645 1168 5683 se
1199 5629 1432 5685 vocibus
1461 5631 1824 5705 exagitatum,
2169 5631 2364 5706 Magno
2390 5631 2676 5686 dimittens
2703 5632 3010 5687 monachos
3045 5640 3256 5687 terrore
3286 5630 3568 5686 subactos.

430 5716 663 5774 iudiciis
689 5719 884 5774 Christi
906 5720 997 5791 qui
1035 5719 1212 5790 prima
1243 5738 1274 5776 a
1305 5722 1428 5776 luce
1454 5722 1564 5777 diei
1703 5787 1712 5794 _
2168 5725 2329 5780 Ruris
2361 5732 2416 5780 et
2447 5725 2706 5780 Andrreas
2735 5726 3041 5782 conductor
3071 5725 3391 5792 Barbiliani,

428 5805 672 5861 Astiterit
700 5815 922 5862 certans
951 5823 1076 5861 cum
1097 5810 1343 5878 perpetis
1373 5810 1532 5865 hoste
1563 5811 1775 5868 salutis.
2165 5813 2244 5866 Ad
2274 5828 2467 5869 vocem
2493 5829 2621 5869 mox
2641 5815 2950 5886 presbyteri
2981 5814 3275 5871 maledicta
3305 5813 3554 5878 ferentis,
