3902 6396
132 349 252 403 781-
634 346 719 401 DE
760 343 1020 399 CHRISTI
1060 342 1423 397 TRIUMPIIIS
1466 340 1634 394 APUD
1679 338 1947 393 ITAIJAM
1984 338 2210 392 GESTIS
2252 338 2425 392 LIBRI
2469 338 2600 392 XIV.
2644 369 2711 380 —
2752 340 2876 393 LIB.
2922 340 2980 395 X.
3390 341 3492 395 78‘2

129 472 358 527 Decidit
396 471 454 525 in
482 471 713 537 lectum,
741 477 797 524 et
826 469 993 537 longo
1029 468 1289 539 languore
1323 465 1559 531 solutus,
1799 468 1852 533 Α
1880 464 1969 515 Ast
1988 461 2084 516 ubi
2123 460 2409 516 confessus
2435 461 2684 532 quaedam
2717 462 3058 516 monimenta
3089 463 3281 518 tulisse

130 561 415 617 Carnibus
434 561 689 625 exuitur;
719 560 918 629 conqu
949 558 1141 613 foetore
1174 564 1395 633 gravata
1880 550 2196 605 Chartarum
2226 567 2349 605 cum
2385 551 2669 622 proposito
2702 552 2995 623 pretioque
3022 553 3247 608 dedisse

128 656 294 712 Tabe
330 656 433 712 viri
463 656 764 727 absumpti,
796 655 893 709 scd
922 669 1032 709 non
1058 651 1248 708 efflare
1279 650 1511 705 valentis
1544 668 1558 715 ;
1878 639 2144 713 Indignis,
2176 640 2374 713 relegit
2401 655 2527 694 mox
2558 656 2800 708 carcere.
2824 656 3057 711 corpore
3087 642 3240 709 ῑθκίῐ,

137 746 403 800 Hortatur
430 743 649 800 facinus
680 760 790 816 quo
819 743 931 797 sint
972 750 1078 797 tam
1110 741 1229 795 dira
1258 739 1465 795 revelet
1796 773 1812 793 ο
1876 733 2144 805 Supplicii
2174 733 2389 789 cunctis
2408 734 2615 805 proprii
2645 734 2944 790 luctamine
2973 735 3217 806 prodens

134 834 292 889 Voce
312 833 529 909 ingesta
567 832 679 888 sibi
720 830 929 904 praelati
958 829 1069 885 fata
1096 829 1382 885 trahentis.
1877 827 2125 904 Gregorii
2155 828 2337 903 legum
2379 828 2509 883 lanii
2537 828 2666 900 quid
2696 828 2839 884 fcrrc
2877 837 3179 886 merentur.

1632 965 1840 1019 CAPUT
1878 966 2017 1020 XVI.

1024 1097 1102 1156 De
1145 1098 1433 1155 ministro
1476 1101 1587 1171 qui
1625 1097 1753 1169 ejus
1802 1095 2613 1171 inminuit.eleemosynam.

141 1239 245 1294 Hic
273 1240 444 1293 etiam
475 1239 572 1311 qui
604 1243 900 1294 consuetas
929 1237 1201 1292 minuisse
1224 1237 1490 1308 probatur
1882 1238 2097 1294 Pariete
2119 1239 2442 1310 ﬂagrantem
2469 1240 2621 1294 solus
2647 1239 2832 1296 subito
2855 1240 3054 1311 aSpicit
3076 1241 3283 1317 ignem,

141 1330 388 1401 Dapsilis
417 1331 703 1400 impensas
724 1330 952 1399 inopum
984 1328 1257 1384 solamina
1277 1329 1470 1399 patris,
1880 1331 2049 1397 Quem
2073 1332 2329 1387 manibus
2355 1340 2572 1388 tentans
2598 1340 2868 1403 avertere,
2899 1336 3143 1407 carpitur
3174 1336 3327 1407 ipse:

138 1418 443 1474 Praemisso
476 1434 733 1489 praecone
762 1418 911 1488 capit
940 1417 1198 1472 mandata
1239 1416 1385 1472 beati
1880 1420 2087 1475 Ardere
2118 1421 2350 1477 interius
2376 1420 2657 1493 febrisque
2686 1423 2866 1479 calore
2892 1431 3130 1490 voratur,

138 1511 315 1577 Dura,
350 1511 475 1565 dies
503 1509 613 1565 sibi
645 1525 746 1581 pro
775 1509 999 1580 dempta
1023 1509 1228 1580 pietate
1256 1515 1500 1565 resectos
1524 1526 1537 1562 :
1881 1511 2053 1583 Atque
2076 1529 2226 1584 gravn
2249 1510 2416 1567 ﬁnem
2448 1513 2574 1568 vitae
2603 1513 2819 1571 fervore
2850 1513 3104 1586 capessit.

140 1604 403 1677 Dumque
434 1604 603 1660 ﬁdem
644 1606 829 1660 minus
864 1604 1141 1676 impendit
1182 1619 1282 1675 pro
1310 1611 1557 1677 tempore
1597 1604 1777 1671 dictis,

1624 1741 1836 1797 CAPUT
1883 1743 2040 1798 XVII.

1280 1877 1357 1934 De
1397 1878 1715 1936 monachis
1762 1880 1951 1954 ipsius
1996 1883 2371 1940 monasterii.

137 2012 375 2083 Templa
407 2012 706 2087 Gregorius
730 2029 841 2085 quo
865 2013 1098 2070 fundere
1123 2021 1247 2070 vota
1275 2015 1493 2070 solebat
1804 2024 1851 2090 Β
1878 2020 2125 2091 Tumque
2148 2020 2539 2075 monasterium
2573 2021 2893 2094 ingrediens
2912 2027 3154 2076 mutatur
3183 2021 3394 2077 honore

140 2102 391 2174 Spiritus
421 2103 661 2159 infestus
690 2112 851 2171 teter,
884 2106 1084 2161 virtute
1124 2105 1252 2161 ﬁdei
1882 2115 1941 2168 Et
1971 2113 2225 2169 monachi
2266 2131 2492 2170 sumens
2535 2115 2781 2171 habitum
2813 2115 3004 2171 mundi
3045 2116 3282 2190 abnegat
3319 2125 3498 2173 actum

141 2197 379 2254 Robusti
412 2198 636 2267 ejicitur
661 2200 938 2265 monachi,
973 2200 1101 2257 licet
1132 2202 1330 2258 ictibus
1361 2207 1514 2257 actus
1878 2210 2112 2264 Audraea
2143 2210 2361 2265 tandem
2392 2228 2518 2265 sese
2548 2212 2760 2267 visente
2790 2212 2956 2268 beato

142 2288 428 2342 Insomnis
446 2288 572 2342 vani
603 2304 703 2359 per
730 2289 850 2345 visa
878 2289 1150 2346 minantia
1176 2291 1288 2347 teli.
1882 2300 2052 2368 Atque
2082 2298 2270 2353 obitus
2299 2299 2488 2354 horam
2522 2300 2700 2369 patrio
2722 2316 2983 2356 sermone
3012 2309 3261 2369 notante,

138 2378 362 2434 Ducere
388 2385 512 2448 post
538 2378 673 2435 lethi
701 2380 798 2451 qni
826 2380 984 2437 fauce
1015 2382 1263 2452 pericula
1292 2383 1462 2449 visus,
1882 2386 2059 2441 Laetus
2084 2387 2221 2449 obit,
2256 2390 2443 2462 peragi
2486 2389 2592 2443 sibi
2624 2406 2749 2446 mox
2779 2389 3031 2446 funebris
3061 2406 3318 2462 poscens,

138 2469 363 2541 Accipit
390 2470 447 2524 in
480 2470 599 2526 visu
627 2472 800 2543 patris
823 2472 1083 2528 mandata
1113 2473 1261 2529 beati
1886 2478 2217 2534 Luminibus
2246 2480 2369 2534 latis
2399 2480 2585 2555 dignis
2610 2488 2666 2537 et
2703 2482 2972 2538 odoribus
2999 2482 3194 2549 auctis,

143 2564 348 2619 Vivere
387 2566 434 2620 si
463 2572 622 2621 curet
646 2566 930 2622 morituris
961 2566 1071 2623 fata
1099 2568 1341 2632 revelet;
1886 2568 1950 2623 Ut
1977 2570 2149 2623 sancti
2172 2586 2409 2640 poscens
2429 2571 2652 2627 Fabiani
2682 2572 2820 2629 festa
2850 2574 3106 2646 rependi.

146 2659 407 2714 Pandere
438 2658 710 2729 promittit
738 2657 1067 2735 fungentum
1101 2669 1156 2714 et
1183 2660 1409 2717 nomina
1439 2659 1637 2725 sumit;
1883 2656 2206 2730 Gregorium
2236 2659 2429 2715 insano
2464 2662 2769 2717 monachus
2795 2678 2895 2734 pro
2922 2661 3087 2719 fratre
3117 2671 3395 2735 precatus,

147 2747 259 2803 Ore
287 2748 459 2820 patris
486 2747 682 2819 recipit
709 2748 934 2821 digitos,
961 2748 1165 2821 quibus
1192 2750 1379 2805 ulcere
1406 2757 1569 2820 rupto
1884 2748 2223 2820 Conspectus
2260 2751 2508 2825 fugiente
2535 2754 2845 2820 hominum,
2879 2756 2999 2811 loca
3025 2763 3180 2811 vasta
3204 2756 3434 2812 terendo

146 2835 384 2891 Excreat
411 2836 653 2892 innatam
686 2837 806 2891 dira
830 2838 1111 2908 putridine
1141 2848 1353 2910 pestem
1884 2840 2092 2911 Aspicit
2113 2841 2169 2895 in
2199 2841 2321 2897 visu
2352 2842 2574 2899 dantem
2606 2844 2874 2901 solamina
2905 2853 3113 2917 patrem

144 2929 395 3002 Moxque
422 2939 610 2987 secuta
636 2933 787 2987 salus
809 2933 1002 2988 mortis
1033 2933 1181 2987 hunc
1201 2933 1449 2989 faucibus
1478 2948 1677 2989 arcens
1885 2929 2039 2994 Quod
2068 2946 2305 2986 cernens
2334 2932 2603 3004 lacrymas
2632 2940 2818 2990 votum
2859 2936 3168 3007 susceperit
3196 2936 3338 3007 ejus,

145 3023 429 3098 Aggregat
460 3024 794 3095 hymnidicae
821 3026 976 3081 nullo
1005 3033 1263 3096 sperante
1292 3032 1543 3081 catervas.
1885 3019 1946 3072 Εἰ
1974 3035 2169 3075 Sanum
2186 3020 2293 3075 Sibi
2318 3037 2644 3097 germanum
2672 3040 2795 3079 cum
2827 3025 2950 3081 luce
2972 3024 3219 3089 Γεάυοεῑ.

147 3112 292 3168 Rem
322 3114 562 3186 stupidis
590 3114 791 3186 prodit,
824 3114 972 3170 dicta
1009 3114 1206 3170 astruit
1245 3116 1380 3169 ordo
1423 3115 1779 3190 migrantum,
1883 3107 2176 3180 Presbyter
2201 3118 2255 3166 ut
2291 3110 2515 3167 clausus
2536 3113 2697 3167 venia
2719 3114 2994 3169 resolutus
3015 3113 3215 3169 abibit.

152 3205 385 3269 Praesul,
412 3206 671 3261 caenobio
701 3206 982 3277 praelatus,
1017 3214 1077 3261 ut
1114 3206 1340 3261 ultimus
1367 3207 1523 3261 audit
1884 3197 2127 3255 Crastina
2157 3202 2248 3256 lux
2279 3201 2549 3271 promissa
2588 3201 2786 3272 probat
2812 3203 3109 3257 mandante
3140 3202 3400 3257 sacerdos

150 3295 227 3348 Se
248 3309 473 3366 quoque
504 3311 858 3366 percensum,
885 3297 1148 3367 languore
1173 3302 1443 3367 sequente
1464 3304 1706 3360 coactus,
1818 3362 1850 3367 Α,
1884 3293 2116 3348 Lavatur
2137 3309 2278 3364 papa
2304 3292 2579 3364 fraterque
2609 3308 2864 3348 reversus
2894 3293 3122 3361 amanti,

150 3362 398 3438 Credere
418 3362 667 3455 disponit
692 3383 928 3454 propriae
968 3362 1082 3437 rem
1114 3362 1337 3439 territus
1366 3383 1516 3438 tedis.
1806 3362 1854 3427 (ἶ
1884 3362 2153 3437 Redditur
2180 3362 2783 3454 incolumis‘scrvitque
2803 3381 3082 3437 manendo
3110 3380 3309 3437 ﬁdelis.

1611 3524 1822 3580 CAPUT
1860 3524 2040 3579 XVIII.

1284 3658 1357 3717 De
1395 3658 1826 3735 puriﬁcatione
1866 3658 2057 3733 fundi
2097 3657 2384 3733 ejusdem.

150 3796 395 3868 Spiritus
425 3795 646 3852 hostilis
665 3796 989 3867 praedictum
1019 3796 1388 3851 Barbilianum
1886 3797 2201 3852 lnfestantis
2230 3797 2307 3852 ait
2331 3802 2444 3853 tota
2471 3796 2792 3853 discrimina
2823 3803 2983 3854 nocte

156 3890 417 3946 Vastabat
442 3888 699 3953 fundum,
723 3890 1013 3946 simulatus
1048 3899 1340 3946 stemmate
1361 3897 1601 3956 taurum,
1887 3887 2112 3943 Fervida
2135 3902 2195 3942 se
2226 3902 2470 3957 passum,
2501 3885 2674 3960 mergi
2704 3893 2766 3942 ut
2791 3886 2860 3942 de
2886 3892 3054 3958 ponte
3083 3892 3372 3959 renutans,

151 3983 364 4041 Noxius
393 3983 656 4058 agricolis
685 3986 915 4045 instans.
941 4002 1004 4040 ac
1028 3983 1206 4041 fronte
1238 3983 1493 4059 fatigans,
1887 3979 2130 4055 Fugerit,
2156 3989 2322 4053 atque
2342 3981 2480 4035 aviis
2506 3980 2649 4036 inter
2674 3979 2958 4037 molimina
2984 3982 3202 4053 prensis

155 4077 563 4150 Custodesqim,
590 4077 871 4151 bovesque
900 4078 1018 4133 suis
1042 4079 1387 4150 praesepibus
1415 4093 1637 4142 arcens;
1887 4075 2174 4129 Portarum
2212 4073 2470 4128 claustris
2495 4073 2667 4129 tuitus
2694 4074 2765 4129 sit
2795 4073 3035 4146 praesule
3065 4075 3325 4146 quodam.

158 4166 433 4238 Dispersis
460 4166 585 4221 aliis
611 4182 754 4222 unus
782 4175 989 4223 terrore
1014 4166 1287 4222 bubulcus
1888 4168 2010 4237 Ipse
2039 4180 2260 4238 quoque
2291 4180 2567 4236 apparens
2587 4164 2805 4220 cuidam
2829 4181 2931 4237 per
2958 4165 3074 4221 visa
3103 4180 3326 4221 suorum

158 4260 326 4315 Actus
355 4259 470 4315 adit
498 4259 804 4315 monachos
834 4259 1102 4331 trepidus,
1139 4276 1253 4315 rem
1287 4258 1534 4331 pandere
1570 4259 1737 4330 gestit
1769 4268 1784 4325 ς
1888 4255 2204 4329 Gregorius,
2227 4254 2338 4310 ruri
2367 4255 2719 4310 benedictum
2746 4255 2996 4329 spargier
3020 4255 3222 4310 undam

161 4352 312 4407 Inter
338 4358 395 4407 et
420 4350 721 4416 eﬂ‘andum,
747 4359 910 4423 rupto
932 4367 1214 4418 sermone,
1247 4351 1456 4407 recedit
1891 4349 2165 4420 Praecipit,
2197 4356 2252 4404 et
2278 4348 2422 4404 facto
2452 4347 2608 4403 labes
2628 4348 2805 4404 invisa
2828 4364 3074 4414 recessu,

158 4441 486 4513 Aufugiens,
529 4441 884 4516 dominisque
913 4444 1064 4498 celer
1092 4441 1421 4498 mirantibus
1439 4440 1570 4496 exit.
1888 4441 2052 4496 Fines
2070 4439 2188 4495 visa
2218 4440 2347 4494 dein
2387 4453 2606 4515 gyrare,
2642 4440 2845 4495 intrare
2876 4455 2980 4495 nec
3008 4451 3216 4495 ausam.

158 4535 317 4591 Hane
346 4535 479 4591 dein
509 4534 733 4591 rediens
761 4534 994 4609 pecudis
1016 4551 1077 4592 se
1106 4535 1336 4591 horrore
1363 4532 1607 4609 fugatum

1634 4665 1844 4722 CAPUT
1887 4664 2024 4721 XIX.

1322 4800 1399 4858 De
1442 4799 1675 4858 visione
1726 4794 2013 4868 Tetgaudi
2049 4793 2328 4870 episcopi.

158 4937 479 5015 'I‘etgaudus
499 4935 724 5008 quidam
758 4936 976 5007 praesul,
1004 4935 1249 5006 privatus
1273 4935 1504 4999 honore,
1812 4940 1863 5007 ι)
1892 4930 1987 4984 Ille
2019 4927 2207 4983 ferens
2235 4942 2265 4980 a
2297 4922 2561 4997 pontifice
2592 4927 2711 4982 haec
2738 4926 2843 4981 sibi
2876 4926 3005 4996 jura
3033 4927 3295 4983 manendi

163 5030 395 5087 Romam
426 5028 645 5096 adiens,
666 5028 773 5084 hoc
802 5028 1102 5099 hospitium
1133 5028 1418 5100 praebente
1442 5027 1649 5082 subivit
1894 5025 2075 5093 Gessa,
2104 5024 2251 5094 capit
2277 5022 2536 5079 mulctam
2571 5022 2782 5079 Christo
2812 5024 3089 5095 plectente
3109 5023 3211 5078 sub
3244 5024 3364 5095 ipso

164 5121 454 5187 Goenobio,
478 5136 660 5190 papa;
693 5119 781 5175 cui
807 5120 990 5175 somni
1019 5135 1194 5190 pauca
1218 5119 1478 5175 trahenti.
1894 5115 2221 5185 Sumpturos
2250 5120 2360 5168 tam
2388 5113 2483 5185 qui
2504 5113 2686 5184 petiit,
2718 5130 2881 5186 quam
2916 5114 3011 5186 qui
3042 5113 3197 5169 dedit
3225 5130 3403 5183 anno;

162 5213 327 5268 Visus
357 5212 557 5267 adesse
579 5220 755 5282 pater,
781 5210 1208 5282 minitantiaque
1233 5210 1401 5265 edere
1421 5210 1610 5277 jussa:
1896 5207 2148 5263 Intremit
2174 5206 2464 5280 evigilans,
2486 5205 2630 5263 facta
2656 5223 2842 5278 prece,
2876 5207 3109 5264 reddere
3139 5223 3334 5264 somno

162 5284 331 5357 Exeat
361 5307 530 5372 atque
555 5300 663 5356 cito
695 5315 1001 5371 properans
1038 5316 1139 5356 sua
1160 5312 1326 5371 septa
1355 5299 1642 5371 relinquat.
1894 5300 1963 5356 Se
1996 5305 2190 5367 tentat,
2221 5299 2580 5370 sonitumque
2610 5310 2837 5372 repente
2864 5300 3012 5372 capit
3038 5300 3374 5357 subeuntum

161 5390 447 5447 Excutitur
474 5389 680 5455 stratis,
716 5395 855 5459 orat,
889 5390 1273 5461 phantasmata
1304 5398 1474 5454 retur,
1898 5394 2132 5462 Limina,
2153 5393 2313 5451 valde
2332 5409 2542 5466 pavens
2562 5393 2831 5469 ﬁngitque
2861 5410 3063 5468 sapore
3087 5405 3370 5473 gravatum

159 5484 341 5555 Atque
371 5483 573 5539 iterum
603 5481 827 5549 dormit;
868 5498 1060 5538 rursus
1095 5489 1254 5554 pater
1289 5481 1544 5536 imminet
1581 5488 1787 5542 astans,
1896 5484 2219 5560 Ingrediens
2250 5482 2325 5537 ita
2353 5481 2670 5556 Gregorius,
2702 5483 3062 5557 dextramque
3095 5487 3338 5544 tenendo

164 5575 476 5631 Poutiﬁcali
516 5574 738 5632 habitu:
788 5596 809 5626 ι
853 5575 1065 5631 Nostris
1101 5574 1400 5631 abscedere
1431 5572 1687 5629 claustris
1895 5577 2160 5644 Andraaze,
2189 5574 2527 5648 appropians
2556 5575 2714 5632 latori
2751 5575 2980 5632 luminis
3011 5577 3228 5653 (inquit)

168 5667 285 5725 Non
319 5668 545 5741 (inquit)
563 5667 709 5738 jussi
737 5667 965 5725 domino
985 5682 1110 5740 quae
1140 5667 1270 5722 dote
1300 5665 1479 5721 dicavi
1902 5686 1921 5714 ι
1966 5664 2191 5737 Corripe
2213 5670 2566 5737 prostratum.
2608 5684 2632 5715 υ
2683 5663 3144 5738 Correptusatille
3165 5666 3406 5723 resedit:

169 5756 444 5829 Principis
473 5757 724 5812 Andrzeze
756 5772 880 5828 quae
909 5755 1214 5811 diversoria
1254 5755 1422 5810 nolim
1446 5754 1475 5807 τ’
1519 5780 1542 5799 »ι
1903 5778 1925 5806 a
1968 5755 2162 5826 Aspice
2194 5771 2297 5811 nos
2313 5755 2556 5822 (sanctus
2587 5753 2853 5825 trepido),
2875 5756 3007 5827 quia
3032 5754 3122 5811 bis
3147 5773 3270 5813 mea
3299 5757 3445 5813 dicta
