3902 6410
467 379 573 436 783
1242 378 1609 434 FLODOAHDI
1653 380 1954 438 CANONICI
1999 385 2329 442 HEMENSIS
2369 385 2704 440 OPUSCUIA
2749 385 3050 442 METRICA.
3722 387 3822 441 78$

466 513 760 577 'l‘emnens,
795 511 943 565 hunc
973 511 1187 566 Domini
1218 526 1502 581 procerem
1533 511 1811 568 deducere
1851 515 2024 589 cOgis,
2126 525 2169 589 Α
2197 519 2500 593 Degentum
2529 519 2619 573 hic
2648 525 2851 583 tecum,
2886 518 2994 587 jam
3028 533 3153 571 rura
3195 523 3420 589 paterna
3452 517 3677 572 reviset.
3725 538 3747 567 ι

468 607 529 661 Ni
570 623 693 662 mox
724 607 993 661 abscedas
1025 606 1210 672 hodie,
1245 607 1529 676 privabere
1559 609 1670 663 vita
2202 607 2437 678 Proripit
2469 607 2597 660 hinc
2625 622 2684 660 se
2714 621 2835 660 mox
2869 604 3074 665 stratis,
3103 622 3166 659 ac
3193 605 3309 659 visa
3342 606 3568 671 revelat,

470 697 712 763 Instante
753 695 1100 750 hebdomada
1132 695 1297 749 sociis
1339 696 1502 749 simul
1535 697 1794 751 omnibus
1825 699 2020 754 auctis.
2204 699 2494 771 Egreditur
2514 699 2688 769 septis
2709 717 2724 764 ;
2748 698 3096 768 complentur
3129 698 3332 752 famina
3362 697 3554 760 factis;

468 787 531 838 At
561 785 604 838 si
633 785 788 851 jussa
806 800 1047 855 sequens
1070 800 1252 854 pares,
1276 784 1514 839 evadere
1540 801 1739 856 pcenas
1801 837 1804 864 τ
1875 787 2091 858 [horum
2198 787 2426 858 Hospitii
2459 804 2580 841 nam
2609 787 2733 855 jure
2764 803 2978 852 carens,
3012 786 3318 857 adiensque
3346 785 3604 851 Sabinos,

469 876 622 930 Nunc
653 876 860 946 poteris
902 875 1146 939 subitas;
1200 891 1382 946 neque
1423 883 1478 930 tu
1513 892 1693 949 neque
1733 878 1860 950 quis
1909 884 2089 934 tamen
2196 879 2328 934 Cum
2351 880 2611 936 comitatu
2645 880 2768 951 ipso
2796 879 2908 935 vita
2938 878 3181 951 privatur
3206 879 3262 933 in
3292 894 3456 933 anno.

1944 1034 2155 1091 CAPUT
2205 1036 2312 1091 XX.

1272 1161 1352 1221 Dr
1398 1180 1462 1221 eo
1505 1166 1615 1241 qui
1643 1168 1986 1226 meretrices
2018 1168 2386 1226 monasterio
2418 1169 2611 1244 ipsius
2644 1167 3008 1228 introduxit.

467 1295 555 1348 Sic
584 1292 747 1346 etiam
780 1293 980 1348 meruit
1001 1292 1209 1348 sentire
1242 1293 1579 1350 domesticus
1611 1294 1704 1350 ille
1868 1347 1871 1352 ,
2200 1295 2493 1351 lntroferre
2523 1313 2688 1351 ausus
2715 1295 2873 1350 fluxae
2905 1273 3001 1350 seu
3030 1295 3238 1352 ludicra
3270 1277 3471 1364 scenae,

469 1381 749 1453 Supponis
781 1397 1021 1453 poenam,
1055 1382 1150 1452 qui
1172 1381 1412 1444 claustra
1445 1383 1731 1437 recludere
1754 1382 1951 1438 scortis
2197 1387 2371 1442 Crede
2403 1387 2538 1442 mihi
2573 1387 2782 1462 idcirco
2808 1394 3081 1462 praesente
3113 1386 3321 1458 peribis
3350 1387 3404 1440 in
3434 1403 3604 1441 anno.
3656 1408 3676 1434 ι

473 1475 588 1529 Non
618 1473 822 1538 timuit,
848 1473 935 1530 cui
968 1474 1568 1546 suspepsospiramine
1599 1475 1720 1530 diro
2197 1478 2296 1542 Qui
2326 1494 2386 1533 se
2418 1485 2746 1550 promittens
2767 1479 3068 1534 sceleratos
3094 1493 3301 1554 ponere
3333 1493 3538 1542 mores,

468 1566 762 1638 Gregorius
790 1566 978 1622 visus:
1023 1587 1048 1616 α
1092 1566 1226 1621 Mala
1257 1581 1365 1622 non
1391 1567 1487 1621 tibi
1515 1574 1712 1622 caetera
1743 1567 1919 1632 (dixit;
2197 1569 2406 1642 Deponi
2441 1569 2710 1642 reddique
2744 1569 2864 1624 solo
2890 1569 3182 1632 mandatur
3209 1569 3278 1623 ab
3305 1571 3432 1623 alto.

465 1657 778 1724 Sufticiunt,
813 1657 1038 1714 inimice
1070 1658 1184 1726 Dei,
1217 1675 1339 1729 quae
1374 1659 1612 1729 plurima
1643 1660 1846 1714 nostris
2123 1729 2159 1732 _
2196 1662 2259 1716 At
2285 1662 2416 1732 quia
2445 1660 2753 1716 dissimulat
2783 1676 2979 1732 pravos
3017 1644 3353 1732 componere
3384 1676 3604 1725 sensus,

465 1751 724 1806 Gessistis
753 1749 972 1822 septis?
997 1751 1308 1806 Meretrices
1326 1752 1553 1823 insuper
1582 1752 1720 1807 istuc
2123 1729 2174 1796 Β
2199 1729 2515 1808 Perditione
2545 1769 2644 1807 sua
2668 1729 2804 1808 vatis
2836 1753 3032 1824 probat
3051 1729 3201 1808 edita
3232 1768 3379 1807 vera.

1950 1924 2161 1979 CAPUT
2202 1924 2334 1979 XXI.

1689 2071 1767 2129 De
1815 2051 2044 2132 visione
2083 2074 2283 2131 sancti
2325 2070 2596 2131 Andreae.

465 2211 576 2268 Nec
604 2213 789 2267 minus
827 2211 1077 2281 ejusdem
1105 2213 1284 2268 sensit
1308 2213 1590 2285 Supponis
1619 2214 1875 2270 alumnus
2195 2212 2472 2284 Comperit
2510 2213 2778 2268 Anoream
2810 2207 3062 2267 sanctum
3089 2212 3196 2267 sibi
3221 2213 3376 2282 jussa
3407 2211 3651 2278 dedisse,

466 2305 562 2358 llle
593 2319 784 2359 necem
816 2320 927 2376 quo
968 2303 1184 2376 direpta
1217 2312 1299 2360 est
1330 2305 1528 2360 domus
1552 2313 1678 2377 apta
1702 2306 1963 2372 cubandi,
2195 2305 2532 2380 Signatoque
2555 2305 2676 2360 loco
2709 2311 3036 2376 prostratum
3055 2304 3234 2360 ultOre
3253 2304 3557 2375 superbum

465 2397 564 2462 Qui
592 2396 696 2450 sibi
730 2403 890 2452 nocte
922 2413 1112 2452 senem
1142 2397 1318 2452 visum
1351 2405 1405 2452 et
1433 2414 1493 2452 se
1525 2398 1912 2453 discutientem
2196 2395 2588 2449 Semianimem
2612 2395 2924 2458 inveniens,
2959 2394 3294 2449 clamoribus
3321 2395 3497 2449 acciet
3526 2409 3751 2458 omnes,

469 2489 846 2562 Increpitans,‘
867 2487 1189 2561 fatuumque
1212 2505 1415 2544 vocans
1441 2490 1823 2545 moderamine
1853 2489 2020 2564 virgae
2193 2486 2267 2540 Ac
2304 2484 2408 2539 sub
2437 2484 2742 2556 apostolico
2773 2486 2866 2540 dat
2898 2484 3123 2540 nomine
3155 2483 3360 2538 femina
3391 2484 3533 2547 iuso,

468 2577 687 2632 Leniter
713 2584 967 2644 attactus,
1001 2577 1183 2633 telluri
1216 2578 1480 2633 sternitur
1509 2579 1660 2646 imae;
2195 2575 2417 2648 Hocque
2443 2577 2550 2631 sibi
2574 2577 2768 2645 juncto
2811 2577 3002 2650 pandit
3041 2577 3301 2632 mandata
3333 2585 3588 2648 patrono,

466 2668 698 2739 Moxque
730 2684 918 2723 senem
952 2669 1175 2740 quidam
1205 2685 1304 2740 per
1333 2669 1550 2724 somnia
1577 2669 1812 2744 clericus
1841 2669 2018 2740 ipsum
2196 2666 2291 2720 Ille
2316 2681 2520 2722 vocans
2548 2669 2852 2722 monachos
2889 2667 3066 2738 culpae
3096 2668 3165 2721 de
3195 2667 3428 2722 crimine
3457 2668 3680 2739 quierit,

467 2759 756 2828 Aspieiens
783 2760 957 2825 audit,
991 2769 1201 2835 surgat,
1234 2760 1538 2831 comitique
1568 2761 1797 2829 revolet,
2197 2755 2364 2827 Hujus
2393 2763 2448 2812 et
2480 2757 2698 2813 hortatu
2729 2757 3047 2813 convulsam
3082 2758 3317 2829 percipit
3335 2758 3510 2811 aedem

470 2850 636 2904 Exeat
666 2859 726 2904 ut
755 2851 1026 2914 claustris,
1070 2867 1196 2906 sese
1234 2867 1340 2906 nec
1361 2859 1620 2922 provocet
1658 2852 1754 2906 irae
2014 2856 2025 2863 '
2192 2849 2511 2906 Abscedens
2532 2851 2829 2906 restaurari
2856 2850 3013 2919 jubet
3040 2851 3282 2923 amplius
3314 2851 3444 2906 illuc

470 2939 648 2994 Sanus
676 2949 736 2995 ut
772 2941 850 2994 ire
876 2947 1063 3012 queat,
1091 2939 1470 3013 famulumque
1499 2957 1776 2997 resumere
1814 2958 2016 2998 caesum
2194 2938 2440 3011 HOSpitio
2472 2956 2584 2995 non
2619 2956 2960 3012 praesumens
2985 2940 3260 2996 divertere
3291 2947 3534 3012 sumpto,

466 3028 743 3092 Quaerenti
771 3029 896 3101 quis
919 3029 1001 3084 sic
1029 3030 1134 3085 sub
1167 3029 1406 3103 imagine
1433 3046 1598 3101 posse
1637 3031 1875 3099 renosci,
2195 3030 2434 3087 Domatis
2459 3039 2515 3086 at
2534 3031 2724 3088 vulsor
2752 3031 2899 3088 letho
2919 3031 3234 3102 procumbit
3271 3047 3477 3088 amaro.

463 3119 670 3173 Asserit
697 3116 904 3186 afficte,
927 3118 1163 3174 intuitus
1179 3135 1344 3192 quam
1386 3117 1596 3174 lumine
1623 3129 1844 3190 sumpto

2051 3283 2257 3342 CAPI‘T
2295 3285 2456 3344 XXII.

1522 3415 1600 3475 De
1642 3431 1706 3474 eo
1747 3420 1855 3492 qui
1897 3415 2123 3493 fontem
2165 3413 2358 3492 ipsius
2401 3417 2781 3492 inquinavit.

466 3586 755 3659 Presbyter
794 3585 883 3640 ille
911 3585 1074 3642 etiam
1107 3585 1345 3641 claustro
1378 3583 1635 3657 praelatus
1656 3583 1838 3639 eidem
2091 3565 2169 3655 ’ρ
2191 3582 2354 3658 Ᾱίεθι·
2393 3596 2538 3654 equo
2572 3580 2865 3652 impositus
2883 3578 3058 3650 septis
3091 3577 3419 3634 redhibetur
3448 3578 3721 3642 anhelus;

463 3680 562 3744 Qui
598 3679 800 3734 fontem
835 3689 1093 3750 relegens
1120 3687 1302 3733 scorto
1333 3676 1602 3732 fabricare
1635 3676 1885 3730 lacunam
2193 3674 2404 3730 Iudicat
2424 3673 2750 3737 admissum,
2781 3687 2947 3742 poena
2972 3671 3211 3726 laniatur
3238 3678 3465 3742 aperta;

463 3767 656 3822 Infelix
695 3784 804 3824 non
831 3768 1057 3832 erubuit
1078 3767 1410 3840 furvumque
1445 3767 1677 3839 paravit,
1705 3819 1709 3822 _
2192 3763 2341 3818 Inter
2367 3769 2423 3817 et
2453 3761 2694 3817 assiduae
2726 3761 2898 3833 pestis
2923 3759 3266 3838 cruciamina
3286 3767 3440 3815 sexto

464 3859 724 3918 Ultricem
754 3857 934 3921 vitare.
952 3875 1176 3914 manum
1217 3873 1328 3914 non
1357 3873 1520 3929 posse
1553 3857 1837 3928 probavit;
2189 3851 2305 3906 Jam
2330 3849 2544 3923 prolata
2569 3851 2659 3905 die
2684 3849 2905 3905 tandem
2941 3847 3276 3904 miserabilis
3307 3847 3458 3904 efflat
3485 3866 3499 3909 ;

459 3952 776 4008 Terribilem
807 3968 975 4024 quem
1015 3950 1323 4023 prostibula
1349 3958 1572 4016 traxere
1601 3950 1836 4005 ministri
2190 3939 2486 4012 Multisque
2518 3945 2802 4011 expertum
2833 3938 3182 4012 documentis
3223 3937 3348 3993 tabe
3385 3937 3650 4022 subactos
3721 3943 3728 3948 '

465 4046 745 4102 Pontiﬁcis
770 4046 926 4115 jussu
947 4043 1191 4106 Romani
1225 4043 1354 4102 talia
1378 4043 1555 4100 fantes
2192 4032 2391 4109 Polluti
2423 4032 2652 4089 sceleris
2678 4049 2789 4090 non
2815 4034 3042 4112 longum
3068 4032 3157 4087 his
3185 4032 3369 4088 vivere
3404 4033 3681 4087 claustris.

461 4139 529 4192 Se
554 4151 767 4210 gerere,
800 4135 1030 4190 attonito
1063 4150 1265 4204 papam
1296 4149 1399 4204 nec
1424 4133 1618 4189 adesse
1655 4133 1911 4206 querenti
2195 4125 2383 4183 Fertur
2412 4127 2594 4182 adhuc
2633 4127 2753 4194 istic
2782 4127 2942 4196 libra,
2973 4136 3028 4204 et
3059 4143 3316 4200 mensura
3335 4127 3486 4182 beati

460 4231 717 4288 Pandunt
743 4229 1064 4303 Gregorium
1084 4243 1250 4300 quem
1283 4227 1428 4290 laesit
1455 4226 1606 4294 fonte
1637 4234 1841 4294 retecto
2193 4219 2407 4274 Servari
2443 4220 2912 4306 patris,~attentet
2936 4220 2980 4275 si
3021 4219 3258 4294 quilibet
3279 4236 3343 4274 ex
3371 4221 3490 4306 hoc

460 4323 687 4378 Actibus
713 4321 978 4396 indignis,
1007 4319 1270 4390 auditque
1303 4319 1502 4388 jubere
1527 4318 1766 4374 rubricis
2196 4317 2488 4371 Externum
2519 4303 2703 4370 nitens
2735 4316 2789 4370 in
2821 4332 2963 4387 Opus
2991 4331 3329 4400 componere
3358 4303 3552 4389 panes.

460 4415 530 4468 Se
565 4421 790 4470 centum
812 4413 982 4478 caedi,
1015 4427 1246 4484 quarum
1273 4411 1548 4478 cruciatus
1573 4409 1798 4480 acerbis.
2193 4409 2269 4462 Ad
2304 4424 2596 4480 numerum
2629 4423 2738 4463 non
2765 4407 3052 4478 perveniet
3083 4407 3288 4476 servire
3317 4414 3560 4472 suetum,

462 4503 815 4570 Verberibus,
849 4502 1196 4574 febriumque
1229 4501 1417 4555 calens
1444 4515 1651 4576 angore
1676 4500 1876 4555 citatus
2190 4500 2393 4556 Mensis
2415 4500 2511 4572 qui
2533 4515 2797 4571 superare
2823 4500 2963 4556 solet
3001 4500 3234 4555 mirante
3261 4491 3535 4555 ministro.

1937 4661 2148 4717 CAPUT
2185 4661 2369 4716 XXIII.

1692 4791 1770 4850 De
1811 4789 2041 4850 visione
2081 4787 2341 4848 Joannis
2386 4785 2594 4847 levitas.

453 4961 599 5016 Talia
619 4959 749 5014 dum
783 4955 1194 5032 serithistorize
1220 4939 1394 5028 levita
1423 4954 1666 5032 Joannes
2108 4956 2162 5024 ι)
2189 4951 2377 5005 Mortis
2405 4957 2459 5004 et
2490 4946 2714 5018 ancipiti
2751 4947 2932 5018 posito
2959 4944 3246 5001 nutamine
3277 4949 3502 4999 sanctus

455 5055 590 5109 Ecce
621 5029 1249 5120 sacerdotis'quemdam
1282 5047 1385 5101 sub
1425 5029 1668 5120 imagine
1698 5043 1909 5100 somnis
2188 5039 2347 5094 Visus
2379 5037 2694 5111 Gregorius,
2723 5036 2958 5106 stipatus
2979 5034 3237 5106 utrinque
3263 5032 3460 5097 beatis,

451 5120 606 5198 Stare
636 5138 1057 5195 cachinnantem
1098 5136 1298 5203 cernit,
1330 5152 1427 5192 cur
1451 5135 1655 5206 scribat
1675 5151 1867 5191 eorum
2190 5130 2566 5193 Dextrorsum,
2601 5142 2744 5198 papa
2771 5124 3020 5190 Nieolao,
3053 5124 3311 5195 almoque
3351 5121 3611 5176 ministro

450 5234 578 5286 Acta
605 5219 1201 5296 solutorum,‘quorum
1235 5239 1346 5280 non
1377 5223 1580 5280 viderit
1601 5239 1698 5279 ora
1723 5227 1752 5279 ?
2194 5221 2525 5286 Laevorsum,
2562 5219 2744 5284 Petro,
2787 5216 3031 5272 radiatus
3061 5216 3271 5271 lumine
3300 5213 3498 5280 multo,

452 5320 558 5374 Iste
588 5316 756 5371 refert
792 5331 915 5370 sese
942 5312 1204 5368 fidentius
1234 5313 1406 5368 edere
1431 5328 1584 5379 vera,
2190 5315 2562 5386 Increpitans:
2613 5333 2634 5362 ι
2677 5312 2904 5368 Modicae
2935 5310 3066 5366 ﬁdei
3097 5327 3268 5384 quare
3296 5309 3610 5366 dubitasti?
3654 5333 3674 5358 -

449 5410 602 5475 Quod
632 5425 734 5463 nec
756 5406 1044 5462 blanditiis
1075 5420 1180 5461 nec
1198 5405 1269 5460 sit
1300 5404 1569 5461 livoribus
1590 5410 1743 5460 actus
2189 5407 2409 5462 Hostem
2443 5420 2585 5476 papa
2618 5409 2769 5458 notat
2798 5400 2973 5474 digito
3003 5399 3263 5455 Nicolaus
3291 5407 3569 5470 apertum,

453 5504 705 5578 Ignotum
738 5499 878 5553 facie
910 5497 1054 5552 lectu
1093 5495 1412 5576 describere
1449 5481 1640 5550 notum
1673 5511 1687 5560 ;
2186 5499 2356 5563 Quem
2386 5498 2507 5552 face
2537 5495 2835 5569 Gregorius
2865 5495 2972 5549 lata
2999 5493 3300 5549 comitante
3326 5493 3586 5548 ministro

447 5596 544 5650 llle
568 5594 807 5646 fremens
839 5584 1072 5660 etquod
1100 5589 1280 5643 valeat
1309 5588 1514 5644 hostile
1554 5587 1796 5642 minatus
2189 5589 2471 5643 lnfuseans
2495 5586 2755 5658 perhibet
2785 5600 2895 5640 non
2936 5585 3085 5639 hunc
3115 5584 3386 5657 nigrasse,
3426 5583 3527 5638 sed
3558 5593 3736 5638 atrum

446 5687 648 5744 Usibus
679 5677 844 5757 istius
879 5687 1090 5750 partam
1111 5681 1336 5748 servire
1365 5677 1649 5734 lucernam
2184 5673 2524 5740 Ostendisse,
2548 5674 2851 5744 [ovansque
2877 5672 2988 5727 sibi
3026 5671 3302 5741 solamine
3333 5668 3531 5745 ﬁdum.

441 5760 661 5842 Pressit,
692 5781 744 5828 et
775 5771 832 5825 in
864 5768 1111 5824 tenebris
1142 5769 1290 5823 hunc
1317 5776 1488 5840 atque
1520 5780 1729 5838 pavore
1759 5765 1964 5840 cdegit.
2185 5763 2444 5818 Abscedit
2473 5776 2789 5837 magnoque
2818 5763 2997 5818 locum
3027 5761 3120 5816 dat
3144 5758 3356 5817 lumine
3386 5758 3636 5831 plenum.
