3902 6396
108 393 208 448 785
592 391 678 446 DE
718 390 972 446 CHRISTI
1013 391 1376 446 TRIUMPHIS
1419 394 1589 448 APUD
1633 395 1895 448 ITALIAM
1937 394 2166 450 CESTIS
2206 393 2382 450 LIBRI
2425 393 2554 450 XIV.
2596 427 2666 436 —
2709 396 2831 450 LIB.
2874 397 2935 451 X.
3308 414 3310 416 '
3355 401 3461 455 786

107 527 376 602 Evigilans
398 527 548 582 visor
563 543 770 599 pueros
795 527 902 582 ciet
928 534 1056 582 ante
1077 528 1347 596 jacentes.
1772 544 1814 603 Α
1848 532 1982 586 Dum
2008 531 2098 586 lux
2128 532 2398 588 a3thereas
2427 531 2653 587 dimissa
2684 533 2900 588 reﬂuxit
2927 534 2983 588 in
3013 551 3196 589 auras.

107 620 215 676 Nec
239 621 386 676 valet
415 619 638 695 erigere
662 619 846 675 stratis
879 619 1006 676 licet
1037 635 1162 675 orsa
1188 629 1442 676 serentes

1569 751 1784 805 CAPUT
1827 751 2002 804 XXIV.

1214 885 1293 944 De
1338 887 1572 944 visione
1615 882 1892 942 Mauritri
1933 882 2330 960 imperatoris.

99 1029 354 1085 Mauritio
373 1029 758 1102 induperatori
789 1045 1047 1102 perversa
1067 1031 1274 1085 serenti
1834 1029 1941 1084 Nec
1959 1044 2109 1084 mora
2139 1027 2453 1084 concutitur
2482 1027 2614 1082 visis
2631 1034 2815 1100 stupet
2833 1043 2939 1084 tere
2971 1028 3170 1102 rigenti

100 1118 337 1192 Legibus
375 1119 722 1190 athletasque
753 1135 884 1174 suos
908 1127 1119 1175 mutare
1141 1120 1348 1174 vetanti
1832 1117 1973 1171 Fixze
2005 1116 2361 1188 praavforibus
2382 1124 2578 1172 statuae
2609 1134 2668 1172 se
2699 1118 2955 1172 assistere
2987 1117 3211 1183 Christi,

97 1211 346 1265 Militiam
378 1209 616 1276 Christo,
648 1212 919 1267 cohibens
945 1213 1130 1266 animo
1153 1213 1368 1268 obstitit
1399 1215 1524 1270 alto.
1827 1206 1986 1260 V0038
2025 1207 2094 1260 ad
2123 1204 2366 1278 Efﬁgiem
2398 1206 2540 1274 (date
2572 1205 2908 1273 Μδυτίοίιιπι)
2940 1222 3070 1260 ειυΓο
3109 1205 3380 1280 fragorem

97 1303 402 1377 Indignans
427 1303 617 1358 divina
642 1304 748 1359 sibi
782 1305 1006 1361 decreta
1036 1306 1290 1372 minanti,

1827 1294 2145 1365 Pcrcepisse
2174 1311 2402 1366 pavens,
2436 1303 2625 1366 raptus
2655 1295 2995 1366 propiusque
3035 1295 3298 1351 ministris

96 1391 208 1446 Rex
242 1391 298 1445 in
322 1391 644 1462 pontificem
675 1399 870 1448 tractat
893 1410 1114 1449 versare
1155 1395 1393 1451 furorem
1421 1415 1434 1460 ;

1826 1387 2134 1448 Exhibitus.
2168 1387 2318 1457 capit
2347 1387 2576 1442 arbitrio
2615 1387 3040 1457 deliberetipse,

94 1482 228 1538 Cum
260 1483 454 1540 subito
482 1485 791 1540 monachus
817 1486 1045 1557 quidam
1072 1489 1425 1543 venerandus
1446 1489 1649 1544 amictu
1827 1479 2032 1533 PPObra
2054 1478 2162 1532 Sibi
2198 1486 2504 1549 Ρηθροηειῑ,
2535 1478 2630 1532 ubi
2663 1479 2803 1532 male
2820 1486 2975 1551 geSla
3006 1479 3234 1549 rependi

91 1572 313 1628 Nudum
345 1574 646 1644 deportans
662 1574 906 1649 gladium
946 1574 1132 1648 gladio
1165 1577 1472 1648 periturum
1828 1570 1987 1641 Eligit
2010 1570 2100 1624 hic
2125 1570 2178 1624 in
2213 1569 2472 1640 praesenti
2505 1578 2715 1624 terrore
2741 1569 2933 1625 futuri.

93 1660 287 1716 Prodit
316 1659 632 1715 Mauritium
665 1661 901 1727 ;librato
941 1664 1203 1718 sensibus
1243 1665 1337 1720 ille
1834 1662 1955 1717 Mox
1983 1663 2122 1718 tradi
2148 1663 2338 1731 jussus
2363 1679 2486 1717 cum
2528 1664 2684 1734 prole
2709 1672 2771 1718 et
2793 1664 3031 1736 conjuge
3062 1664 3256 1720 PhOC'dB

95 1751 358 1826 Prodigio
400 1753 662 1825 precibus
683 1761 923 1810 terrores
949 1753 1113 1810 vertit
1143 1765 1198 1829 et
1217 1767 1337 1811 acta
1835 1755 1906 1808 De
1933 1772 2101 1829 grege
2133 1755 2362 1820 militiai,
2395 1755 2677 1827 sumitque
2707 1757 2932 1811 oracula
2955 1757 3164 1811 sanctis

94 1843 266 1899 Prava
296 1844 402 1899 sibi
434 1844 592 1899 reddi
631 1845 888 1915 praesenti
926 1846 1102 1916 poscit
1132 1825 1187 1900 in
1219 1863 1335 1902 aevo
1833 1850 1962 1903 Diva
2001 1850 2152 1919 viris,
2182 1861 2450 1905 cencessa
2475 1850 2579 1905 sibi
2612 1851 2703 1920 pia
2724 1851 2870 1906 dona
2899 1851 3097 1906 salutis

93 1934 378 2000 Tormine,
405 1950 520 2005 quo
549 1940 733 1989 careat
763 1950 941 2010 paena:
968 1934 1087 1989 sine
1117 1934 1224 1990 ﬁne
1250 1935 1442 1991 futurae
1830 1941 2125 2016 Naufragio
2156 1942 2312 1998 doxaa
2343 1946 2525 1997 tamen
2547 1951 2603 1996 et
2632 1943 2956 1998 discrimine
2984 1944 3108 1998 vita).

95 2023 245 2078 Talia
275 2018 545 2099 Gregorio
576 2023 937 2095 patribusque
961 2026 1280 2096 precamina
1307 2028 1495 2082 multis
1753 2099 1793 2107 η
1827 2034 2107 2090 Glorificat
2137 2035 2452 2100 Dominum,
2484 2043 2637 2107 grata
2666 2035 2768 2089 sub
2790 2036 2912 2107 lege
2945 2043 3208 2106 tyrannus

99 2114 376 2189 Allegans,
411 2131 626 2188 augens
653 2115 910 2187 lacrymis
936 2132 1158 2188 quoque
1188 2123 1310 2173 vota
1329 2118 1588 2190 profusis.
1752 2099 1799 2164 Β
1828 2121 1888 2176 Et
1914 2121 2286 2177 subitillatam
2317 2099 2516 2178 divino
2523 2123 2750 2178 numine
2779 2099 3058 2179 mulctam.

1566 2281 1776 2339 CAPUT
1812 2285 1960 2340 XXV.

1146 2413 1221 2472 De
1264 2415 1616 2476 humilitate
1658 2417 1847 2495 ipsius
1887 2419 2083 2478 sancti
2118 2419 2410 2496 Gregorii.

104 2545 202 2601 Hic
233 2553 391 2618 pater
411 2544 704 2621 indignum
732 2563 791 2602 se
823 2548 1033 2604 visibus
1062 2549 1258 2604 asserit
1285 2551 1431 2616 altis,
1835 2555 1895 2609 Et
1921 2555 2084 2610 simul
2115 2571 2359 2612 excussae
2389 2557 2648 2625 densant,
2677 2557 2985 2612 redduntve
3005 2573 3267 2614 serenum
3303 2577 3318 2624 ;

101 2638 163 2692 Et
203 2654 265 2693 se
296 2637 572 2708 dejiciens
595 2641 846 2711 superari
872 2641 992 2696 luce
1021 2642 1252 2697 minoris
1836 2646 2142 2716 Lampades
2161 2663 2410 2701 accensae
2433 2647 2628 2703 crebro
2660 2648 2924 2702 divinitus
2945 2648 3093 2712 illic;

104 2730 536 2797 Commemorat,
568 2734 941 2802 prosternenti
963 2750 1086 2788 sese
1103 2734 1231 2800 sibi,
1265 2752 1363 2806 per
1389 2753 1448 2790 se
1839 2737 2041 2793 C(elica
2071 2738 2218 2794 dona
2239 2738 2332 2793 Dei
2355 2739 2692 2794 cumulatum
2718 2747 2771 2793 et
2799 2739 2992 2810 pandit
3017 2739 3252 2795 olivum.

98 2823 303 2878 Joanni
329 2830 569 2878 astratus
594 2824 786 2896 jacuit,
817 2826 946 2880 dum
980 2834 1230 2897 surgeret
1261 2827 1375 2894 ille,
1837 2828 1942 2881 Has
1971 2827 2115 2881 inter
2143 2827 2365 2897 pietatis
2394 2843 2550 2898 Opes,
2593 2829 2842 2882 cmlestia
2863 2838 3075 2883 mactus

103 2914 260 2969 Dicta
289 2930 390 2969 sua
419 2924 725 2970 extenuans
750 2916 817 2970 ad
846 2915 1019 2987 patris
1042 2916 1192 2991 larga
1221 2917 1434 2987 profata
1838 2916 2084 2970 Flamine
2116 2932 2284 2988 regna
2316 2917 2476 2987 petit,
2509 2919 2852 2990 quaesitaque
2882 2919 3106 2990 praemia
3145 2921 3331 2985 sumit,

101 3005 284 3079 Magni
308 3005 623 3080 Augustini,
644 3007 850 3062 vocitat
869 3008 1196 3080 purgamina
1227 3008 1409 3074 farris,
1833 3008 2065 3064 Sidereo
2087 3017 2307 3064 mutans
2333 3010 2635 3065 humanum
2650 3010 2892 3066 culmine
2923 3011 3168 3076 culmen,

96 3100 172 3153 Ac
200 3105 352 3152 vetat
382 3097 505 3168 ipsa
535 3098 642 3170 legi
673 3101 918 3170 praeSens
939 3099 1070 3153 dum
1104 3115 1336 3171 corpore
1359 3100 1514 3154 vivit.
1835 3101 2156 3156 Romulidas
2175 3117 2280 3172 ope
2308 3118 2416 3172 qua
2446 3101 2579 3156 fovit
2603 3101 2869 3158 bonitatis
2899 3103 3156 3157 alumnos

99 3188 534 3259 Sumpserathic
563 3191 736 3244 sancti
769 3190 996 3245 Joannis
1022 3191 1256 3261 praesule
1287 3191 1526 3262 quodam
1834 3191 2184 3247 Desertorum
2215 3191 2413 3262 inepcs
2442 3191 2682 3245 clamant
2709 3189 2980 3244 solamine
3011 3205 3173 3244 voces
3198 3207 3212 3243 :

101 3279 376 3336 Tradente
406 3278 648 3335 oblatam
680 3296 896 3336 summo
928 3297 1029 3352 pro
1058 3297 1290 3336 munere
1321 3291 1552 3348 vestem,
1833 3279 2180 3335 Successoris
2207 3295 2369 3350 opus,
2386 3278 2563 3332 solida
2593 3277 2920 3332 obtrectatio
2954 3293 3133 3349 papae,

103 3369 385 3424 Paschasii
413 3385 540 3424 cum
574 3368 890 3437 dalmatica,
926 3387 1050 3443 qum
1076 3370 1229 3425 illata
1257 3371 1361 3424 sub
1390 3387 1482 3425 ara
1774 3441 1798 3443 η
1837 3370 2044 3425 Livoris
2066 3368 2230 3441 rigidi
2253 3367 2467 3422 monitu
2499 3365 2775 3436 correptio
2797 3365 2993 3420 crebro

100 3461 386 3527 Servatur,
429 3458 669 3532 pluviam
700 3441 1201 3534 optatamsquoque
1257 3462 1474 3534 prodita
1508 3463 1688 3533 prodit
1717 3479 1730 3525 ;
1759 3441 1806 3506 (ἶ
1839 3460 1986 3526 Lata,
2019 3457 2207 3530 probri
2241 3456 2386 3523 ﬁnis,
2420 3454 2668 3528 querulae
2688 3454 2862 3510 tutela
2889 3462 3138 3510 catervas.

1562 3625 1769 3680 CAPUT
1817 3625 1998 3680 XXVI.

1258 3756 1795 3837 DeLstzccessoribus
1837 3755 1993 3814 beati
2023 3753 2067 3814 G
2102 3753 2314 3830 egorii.

100 3891 457 3964 Gregorianae
486 3910 596 3965 qua
625 3895 849 3968 vigebat
879 3897 1070 3968 gloria?
1829 3895 2221 3967 Summamque
2254 3894 2447 3950 Christi
2473 3893 2774 3966 praedicare
2804 3893 3061 3968 gloriam,

103 3983 401 4040 Sabiniani
443 3986 602 4042 testis
627 3995 710 4043 est
749 3988 1024 4053 decessio,
1833 3985 2014 4040 Hostis
2045 3983 2258 4056 profani
2291 3983 2559 4056 dissipare
2592 3981 2862 4036 insaniam

101 4077 294 4148 Ignita
316 4078 571 4149 quamvis
600 4079 767 4134 addat
796 4081 934 4136 aulae
966 4081 1196 4146 lumina,
1839 4079 2049 4134 Fanum
2080 4079 2228 4133 unde
2261 4070 2458 4133 cnncta
2487 4075 2637 4149 quod
2670 4083 2860 4130 tenere
2891 4073 3120 4129 numina

106 4168 364 4238 Foroque
394 4167 535 4222 farra
564 4168 657 4223 det
681 4169 844 4224 famis
881 4170 983 4225 sub
1004 4178 1266 4242 tempore.
1841 4172 2004 4228 Stulti
2029 4181 2292 4244 putarunt
2311 4171 2592 4237 obtinens,
2623 4169 2875 4224 eliminat

106 4256 350 4310 Secutus
381 4254 542 4310 istum
575 4258 861 4326 praeminet
891 4259 1223 4323 Bonifacius,
1845 4263 2102 4317 Portenta
2133 4262 2343 4328 divum,
2376 4267 2557 4316 sacrat
2585 4259 2784 4314 almam
2827 4256 3032 4331 regiam

108 4345 226 4399 Nec
264 4343 514 4399 eﬂ'erenti
542 4345 666 4414 jura
696 4347 900 4401 cedens
931 4348 1139 4422 gratiae.
1846 4355 2093 4411 Hectoris
2112 4355 2298 4410 aethrae
2335 4355 2526 4409 matris
2556 4360 2718 4424 atque
2747 4350 2995 4423 virginis,

109 4436 308 4490 Arcem
339 4441 576 4490 retentat
605 4451 669 4490 ac
691 4435 930 4491 favorem
956 4437 1224 4509 principis
1250 4450 1254 4454 '
1845 4446 2066 4500 Addens
2097 4446 2364 4501 honorem
2395 4444 2616 4500 testium
2646 4441 2847 4496 Christi
2880 4438 3126 4494 omnium
3159 4454 3174 4497 ξ

113 4527 235 4581 Una
260 4533 529 4593 meretur,
560 4535 615 4582 et
641 4534 844 4582 statuta
874 4535 1147 4603 praerogat
1843 4539 1980 4593 Hinc
2011 4537 2153 4593 festa
2177 4537 2376 4603 sancit,
2405 4547 2460 4592 et
2490 4535 2728 4591 colenda
2759 4532 3031 4604 praecipit,

112 4619 180 4673 Ut
211 4619 542 4691 praesulatus
571 4635 724 4675 sacra
763 4619 858 4676 fiat
885 4614 1056 4692 aptio.
1841 4630 2094 4682 Sectatur
2123 4627 2292 4691 orbis,
2326 4633 2492 4698 atque
2511 4625 2674 4680 ritum
2705 4620 2986 4692 suscipit;

105 4711 421 4768 Successor
447 4713 612 4782 hujus
639 4719 808 4780 sorte,
825 4713 950 4781 jure
982 4720 1037 4768 et
1069 4713 1311 4769 nominis
1841 4719 2076 4774 Secutus
2104 4717 2200 4772 ille
2229 4716 2370 4772 colle
2408 4712 2715 4787 Gregorius
2742 4711 2854 4783 pio,

115 4807 292 4862 Variis
313 4806 448 4862 licet
473 4815 731 4880 gravetur
754 4815 909 4864 actus
931 4809 1202 4876 cladibus,
1844 4809 2122 4881 Pr0priam
2154 4815 2388 4863 catersz
2418 4805 2621 4880 gaudet
2642 4803 2816 4858 {edem
2851 4815 3156 4872 pauperum

114 4903 327 4958 Ornare
356 4902 456 4958 sed
475 4901 656 4976 legata
683 4903 844 4959 sudat
873 4904 1084 4969 munia,
1115 4939 1118 4944 -
1848 4903 2058 4966 liicare,
2081 4899 2281 4956 Christi
2309 4899 2436 4955 dote
2455 4897 2640 4952 ditans
2659 4894 2851 4951 ubere.

1569 5063 1774 5118 CAPUT
1814 5062 2015 5116 XXVII.

915 5193 996 5251 De
1020 5189 1244 5252 sanctis
1277 5192 1614 5265 Deusdedit,
1650 5190 1962 5269 Boni/no.0
1992 5197 2045 5248 et
2073 5187 2338 5249 Honorio
2375 5188 2681 5276 episcopis.

116 5328 260 5383 Jura
285 5323 595 5381 Deusdedit
613 5323 743 5380 inde
773 5325 989 5380 Patrum
1022 5325 1170 5380 subit
1199 5325 1342 5380 alma
1373 5325 1639 5397 priorum,
1765 5327 1824 5396 ι)
1853 5323 2006 5377 Patre
2027 5321 2268 5378 obeunte
2288 5334 2454 5390 rogze,
2474 5318 2624 5373 clero
2643 5311 2925 5385 stipendia
2953 5309 3152 5365 dantur

122 5426 420 5481 Sacrorum
452 5421 697 5493 clerique
724 5422 884 5488 altor,
906 5417 1208 5488 revocator,
1232 5423 1462 5485 amator,
1851 5416 1987 5469 llinc
2018 5414 2141 5485 pius
2169 5427 2234 5468 ac
2259 5410 2409 5504 mitis
2429 5408 2636 5504 Moysis
2655 5406 3086 5504 laudenotatus,

124 5516 459 5589 Dispositor,
491 5531 598 5585 pax
630 5501 798 5568 Italia:
828 5529 938 5585 quo
966 5522 1214 5585 tempore
1242 5519 1450 5568 vernat.
1853 5504 2084 5578 Eligitur
2111 5501 2282 5556 sacris
2312 5498 2572 5570 princeps
2603 5493 2916 5589 Bonifacius
2945 5493 3076 5555 aris,

125 5585 276 5672 Quae,
311 5620 382 5660 ne
415 5619 668 5660 securam
699 5603 933 5658 nimium
960 5605 1116 5678 pigra
1130 5602 1242 5658 otia
1263 5610 1514 5674 mergant
1851 5597 2017 5652 Tutor
2046 5601 2520 5682 testamentorum,
2545 5587 2626 5644 vel
2646 5585 3151 5682 templa‘petentum
3179 5667 3213 5682 ν

122 5668 386 5752 Terretur
415 5691 634 5764 trepido
666 5699 828 5748 terra:
858 5668 1113 5748 vibrante
1145 5668 1426 5746 tremore":
1856 5686 2091 5757 Pignora
2117 5688 2431 5739 sanctorum
2463 5678 2627 5752 levat,
2659 5681 2825 5747 atque
2856 5672 3135 5745 baptisma
3163 5668 3404 5761 dicatum

127 5783 383 5840 Afﬁcitur
410 5781 611 5854 vulgus
630 5780 787 5836 clade
805 5779 1148 5854 impediente
1177 5783 1399 5835 v0catos
1861 5775 2052 5850 Erigit,
2076 5770 2363 5845 obsequiis
2388 5770 2557 5844 digno
2583 5765 2830 5839 disponit
2851 5765 3086 5829 honore,
