3902 6414
453 433 554 489 787
978 514 985 521 D
1211 430 1577 486 FLODOARDI
1623 430 1925 485 CANONICI
1968 430 2293 485 IIEMENSIS
2334 433 2667 488 OPUSCULA
2710 430 2996 485 METRICA
3693 441 3794 495 783

453 572 618 626 Busta
645 576 822 634 ornat,
856 568 1117 641 cleroque
1147 569 1348 640 stipem
1385 570 1651 640 dependit
1674 568 1915 640 Opimam
1944 586 1958 622 :
2096 577 2141 641 Α
2172 569 2293 624 Edit
2326 579 2592 640 prmterea
2624 571 2829 641 plures,
2870 570 3193 643 slabilitque
3219 573 3492 641 labantes,

451 659 796 731 Supplicium
829 658 1097 728 reprobos
1125 657 1395 729 sequitur,
1428 658 1656 714 victoria
1682 658 1884 726 justos.
2170 662 2402 716 Nomine
2427 662 2699 729 iustorum
2738 670 3064 734 reparatque
3099 680 3161 718 ac
3191 674 3451 721 munerat
3482 668 3655 732 aedes,

452 751 688 805 Consule
716 750 808 821 qui
828 749 1002 822 surgit
1035 754 1191 819 patre
1223 749 1423 819 praesul
1459 750 1731 804 Honorius
1755 750 1892 803 artis
2173 754 2315 807 Ditia
2344 754 2488 809 dona
2515 753 2681 819 dicat,
2713 754 2978 817 cumulat,
3011 756 3241 828 largitur
3271 757 3528 823 ctoffert,

452 844 709 899 Pluribus
736 843 959 915 effulget
990 842 1494 914 claris,doctorque
1525 843 1802 917 benignus
2179 846 2420 901 Sabbata
2476 856 2676 901 cuncta
2731 856 2905 902 sacrat
2964 864 3150 919 prece,
3208 850 3475 917 carmine,
3532 852 3794 906 laudibus

454 936 790 1006 Resplendet
819 934 972 997 cieri,
993 941 1322 1006 reparatque
1346 935 1589 1007 colitque
1620 935 1877 990 decorem
3302 982 3309 989 .
3523 938 3726 1010 [eﬂ'ert,

452 1028 610 1083 Sedis
639 1024 976 1097 apostolica,
1013 1033 1239 1097 argento
1268 1041 1423 1079 sacra
1451 1025 1671 1080 domata
1692 1024 1880 1091 comit,
2179 1023 2311 1079 Hinc
2337 1040 2629 1078 numerosa
2660 1025 2801 1095 polis
2832 1026 2977 1080 bona
3004 1027 3378 1098 centuplicata
3407 1035 3659 1099 receptat

450 1120 769 1190 Attollitque
798 1116 1001 1179 trabes,
1032 1116 1299 1189 templum
1328 1117 1590 1189 tegitaere
1620 1117 1817 1188 petito,

1884 1251 2092 1307 CAPUT
2130 1250 2358 1304 XXVIII.

1342 1386 1418 1445 De
1455 1394 1662 1445 sancto
1689 1383 1977 1446 Seuerino
2004 1400 2165 1462 papa
2204 1391 2257 1442 et
2284 1381 2727 1440 successoribus
2756 1382 2907 1457 ejus.

453 1554 584 1609 Inde
613 1552 912 1607 Severinus
940 1550 1145 1605 Phaebo
1185 1565 1285 1620 per
1312 1549 1475 1624 signa
1505 1549 1681 1604 relato
2176 1548 2458 1622 Caguntur
2477 1563 2648 1618 super
2674 1547 2760 1601 his
2783 1554 2983 1617 patres,
3005 1547 3246 1620 divoque
3277 1559 3471 1605 senatu

452 1644 713 1701 Ecclesia:
742 1648 865 1715 post
880 1643 1124 1712 jacturas
1153 1641 1484 1713 internaque
1514 1641 1679 1706 bella,
2177 1638 2513 1703 Consulitur,
2542 1654 2733 1692 verum
2767 1637 3058 1700 excutitur,
3091 1637 3408 1708 plectuntur
3447 1640 3659 1712 iniqui,

451 1738 593 1793 Sede
616 1735 759 1790 Petri
780 1735 1013 1790 allectus
1039 1740 1269 1789 renovat
1295 1749 1451 1789 sacra
1480 1732 1635 1804 lapsa
1662 1732 1856 1801 ruinis,
2182 1730 2574 1801 Prmsidiisque
2599 1729 2759 1806 ignes
2787 1736 2979 1784 contra
3007 1729 3327 1786 defenditur
3365 1732 3519 1788 orbis
3553 1752 3565 1786 :

452 1832 788 1897 Mansuetus,
815 1829 1063 1884 clemens
1091 1828 1343 1899 alterque
1367 1827 1645 1902 benignus
1663 1834 1945 1901 egentum,
2179 1825 2237 1878 Et
2260 1822 2471 1895 clypeis
2492 1822 2711 1877 diversa
2737 1821 2881 1877 datis
2909 1838 3007 1893 per
3033 1822 3256 1878 climata
3282 1825 3493 1890 mundi,

452 1925 607 1978 Dona
627 1924 718 1993 pio
744 1922 991 1977 cumulat
1018 1922 1189 1988 clero,
1221 1920 1505 1991 conquirit
1536 1920 1792 1976 alumnos
1824 1938 1839 1987 ;
2107 1949 2153 2014 Β
2178 1917 2497 1972 Increscunt
2523 1924 2578 1969 et
2610 1915 2723 1983 jam
2753 1915 3002 1969 adversae
3035 1916 3309 1971 contraria
3344 1917 3514 1987 partis

454 2015 581 2070 Post
610 2015 952 2085 captivorum
983 2012 1271 2068 miseranti
1301 2013 1469 2069 corde
1502 2014 1840 2084 redemptor,
2109 2008 2147 2014 "
2177 2009 2390 2071 Prailia,
2424 2015 2794 2079 regnatorque
2827 2008 2969 2062 sacri
3002 2008 3158 2063 ducis
3179 2008 3397 2079 impetit
3425 2026 3610 2065 arcem
3639 2028 3654 2069 :

454 2104 717 2159 Externas
740 2119 964 2175 quoque
993 2102 1089 2157 alit
1112 2101 1318 2173 patrias
1348 2102 1597 2158 bonitate
1618 2103 1861 2159 Joannes
2178 2099 2405 2153 Mittitur
2431 2098 2698 2152 exarchus
2726 2097 2906 2151 socios
2936 2098 3195 2169 laqueare
3228 2097 3441 2165 fideles,

455 2192 612 2247 Istria
638 2208 760 2264 qua
791 2192 1209 2259 novit,Martino
1233 2192 1451 2258 abbate,
1481 2199 1790 2264 sequestro,
2178 2191 2352 2261 Atque
2375 2196 2564 2243 tenere
2587 2197 2797 2259 patrem
2819 2206 2834 2254 ;
2858 2196 3006 2243 vetat
3030 2190 3135 2244 hoc
3148 2190 3445 2244 concordia
3480 2189 3737 2255 fratrum,

452 2281 772 2338 Dalmatiam
813 2288 999 2336 tutans
1025 2280 1191 2335 etiam
1211 2280 1509 2336 clementia
1539 2297 1719 2353 papae,
2180 2278 2535 2343 Unanimum,
2599 2278 2892 2349 plebisque
2941 2293 3095 2333 amor
3125 2296 3138 2331 :
3199 2278 3331 2333 hinc
3358 2294 3583 2350 quoque
3615 2278 3813 2334 fraude

456 2371 591 2426 Hinc
619 2376 774 2443 grata
804 2369 1061 2424 mercede
1092 2370 1239 2439 capit
1258 2368 1350 2440 pia
1381 2373 1615 2443 pignora
1634 2371 1874 2439 Patrum,
3492 2370 3743 2442 [potitus,

456 2463 662 2518 Excolit
683 2464 796 2518 haec
829 2462 1074 2529 fabricis,
1116 2462 1377 2532 praeclare
1402 2470 1456 2517 et
1485 2463 1607 2517 luce
1639 2463 1847 2518 metalli
2178 2464 2404 2518 Tutatur
2434 2477 2605 2516 sacrm
2640 2468 2819 2515 tectus
2850 2462 3089 2535 caligine
3120 2460 3309 2526 nubis,

392 2571 405 2586 '
455 2558 854 2629 Subiectosque
902 2557 1050 2615 fovet
1115 2573 1491 2629 praesensque,
1556 2558 1912 2633 migransque
1977 2559 2076 2613 mi-
2182 2558 2311 2612 Cum
2336 2557 2517 2611 videat
2544 2556 2787 2627 reliquos
2817 2556 2996 2610 solum
3027 2562 3282 2627 spectare
3303 2555 3527 2610 satelles

1766 2646 2004 2718 [nistros.
2182 2652 2297 2706 Non
2316 2652 2460 2706 valet
2487 2650 2771 2716 eximium,
2806 2666 2973 2721 quem
2986 2650 3191 2725 cogitat
3216 2667 3350 2705 ense
3378 2650 3721 2716 necandum,

454 2738 783 2794 Theodorus
815 2738 940 2808 pius
970 2736 1100 2791 inde
1132 2745 1307 2806 pater,
1354 2742 1613 2808 tutorque
1644 2742 1955 2808 petentum,
2183 2740 2448 2795 Frustatis
2477 2740 2633 2794 necis
2662 2739 2903 2809 insidiis,
2939 2755 3278 2810 componere
3320 2755 3510 2810 pacem

454 2828 656 2883 Civilcs
687 2828 831 2912 inter
862 2826 1135 2893 fremitus,
1157 2824 1482 2897 privataque
1505 2825 1651 2880 bella
2182 2835 2405 2910 Cogitur
2436 2836 2733 2890 instructor
2758 2834 2969 2889 fraudis
2993 2834 3262 2890 contusus
3287 2839 3514 2905 apertae,

458 2921 748 2975 Permanet
780 2920 1058 2985 immotus,
1091 2926 1375 2987 constans,
1432 2929 1617 2975 castus
1668 2928 1833 2991 atque
1866 2920 2076 2995 ﬁdelis,
2180 2925 2423 2980 Turbine
2446 2924 2719 2980 bellorum
2742 2939 2851 2996 quo
2884 2923 3347 2995 post,mortisque
3378 2922 3627 2987 redacto,
3654 2981 3661 2988 _

457 3012 693 3081 Dejectis
720 3027 974 3083 parcens,
1007 3012 1384 3082 complectens
1414 3019 1565 3067 recta
1597 3021 1900 3084 sequentes
1930 3034 1943 3082 ;
2185 3017 2443 3091 Dirigitur
2464 3017 2671 3073 trucior
2698 3016 2995 3072 manifesto
3013 3018 3165 3087 iussa
3195 3016 3381 3072 furore

455 3101 749 3157 Debellans
768 3102 1151 3172 damnansque
1182 3101 1327 3157 feros
1357 3111 1412 3159 et
1440 3105 1508 3158 ad
1541 3114 1654 3161 atra
1676 3107 1942 3177 relapsos,
2183 3108 2323 3172 Quin
2356 3104 3182 3178 implet,apostolicumqueviri
3205 3103 3487 3175 proculcat
3518 3103 3808 3158 honorem:

457 3192 712 3246 Errantes
740 3206 1025 3259 revocans,
1051 3193 1422 3265 precibusque
1440 3196 1718 3268 minisque
1744 3213 2008 3253 coercens
2185 3199 2446 3269 Huncque
2476 3198 2585 3251 aris
2618 3196 2892 3259 adimens,
2922 3196 3109 3251 Graias
3141 3194 3393 3266 perducit
3417 3193 3474 3248 in
3515 3192 3705 3247 urbes.

457 3280 842 3351 f‘ontemptum
874 3280 1081 3335 feriens
1107 3289 1163 3336 et
1192 3283 1334 3337 colla
1362 3286 1614 3354 procacia
1642 3287 1935 3342 mulctans.
2114 3311 2157 3371 η
2185 3289 2452 3362 Segregat
2490 3286 2628 3342 urbe
2669 3286 2818 3352 data,
2852 3284 3167 3356 nequitsed
3199 3289 3388 3339 mente
3409 3283 3571 3337 beata
3605 3298 3621 3346 ;

460 3372 697 3445 Pignora
716 3379 905 3426 sancta
936 3370 1098 3439 levat,
1122 3388 1507 3446 veneransque
1530 3375 1717 3431 educit
1753 3378 1958 3445 arenis,
2146 3370 2153 3371 ί
2188 3375 2424 3446 Depellit
2455 3376 2621 3442 solio,
2654 3375 2802 3430 valet
2826 3374 2975 3429 haud
3005 3372 3293 3444 depellere
3322 3378 3448 3428 voto
3476 3388 3490 3424 :

461 3462 712 3533 Disponit
732 3463 973 3534 templis,
998 3480 1131 3519 auro
1160 3476 1499 3538 argentoque
1532 3466 1777 3535 decorat,
2190 3468 2373 3521 Romae
2404 3475 2457 3522 et
2490 3465 2963 3537 Constantinopoli
2986 3472 3171 3520 manet
3207 3464 3419 3519 arbiter
3443 3464 3616 3528 idem,

465 3554 635 3629 Erigit
659 3560 825 3624 atque
844 3554 1011 3621 dicat,
1047 3555 1284 3611 fabricas
1305 3558 1397 3612 dat
1420 3575 1650 3614 munere
1679 3560 1874 3615 claras.
2187 3559 2593 3629 Clementisque
2627 3558 2718 3628 pie
2746 3556 2980 3629 vestigia
3009 3562 3198 3610 sancta
3238 3564 3482 3609 secutus.

464 3645 596 3699 Hinc
620 3645 834 3699 validus
863 3646 976 3700 veri
1012 3646 1167 3701 testis
1197 3646 1460 3702 Martinus
1491 3649 1758 3704 honorem
2187 3648 2498 3702 Chersones
2529 3646 2680 3701 subit
2702 3646 2927 3701 exilium
2962 3663 2976 3710 ;
3012 3659 3121 3716 quo
3148 3642 3332 3697 sidera
3363 3650 3550 3707 nacto,

463 3738 697 3808 Supplet
716 3738 1105 3807 apostolicum,
1127 3738 1408 3811 dignoque
1426 3740 1539 3814 agit
1561 3741 1783 3815 agmine
1809 3743 1973 3806 bella,
2188 3740 2356 3804 Quam
2381 3739 2525 3794 tidus
2565 3738 2770 3812 rigido,
2798 3754 2961 3809 quam
2992 3736 3064 3790 sit
3100 3735 3228 3806 pius
3257 3750 3388 3789 usus
3418 3749 3597 3806 agone

461 3830 721 3884 Tentatus
760 3829 978 3900 probris
1003 3831 1242 3895 Domini,
1264 3831 1798 3904 fastuquesupcrbo,
2189 3830 2502 3898 Confessor,
2548 3828 2872 3902 Christoque
2922 3828 3169 3900 placens,
3223 3835 3279 3882 et
3338 3826 3405 3881 ad
3463 3825 3664 3880 ultima
3694 3842 3817 3897 per—

465 3923 637 3990 Atque
670 3929 883 3975 tumore
907 3921 1215 3988 lacessitus,
1240 3938 1348 3994 quo
1371 3923 1507 3977 scita
1540 3933 1768 3995 paterna
2822 3928 2829 3936 ’
3554 3918 3749 3988 Ismﬂs.

465 4011 648 4079 Vulsa,
683 4011 833 4067 furor
863 4028 1048 4066 sacras
1072 4012 1283 4069 Christo
1312 4030 1615 4069 conversus
1645 4014 1701 4068 in
1729 4030 1875 4081 aras,
2199 4012 2439 4067 Plurima
2466 4012 2749 4086 signorum
2792 4011 2961 4066 radiis
2986 4007 3250 4064 miracula
3281 4008 3554 4079 pandunt.

469 4100 660 4168 lliruit,
682 4102 827 4156 alma
866 4102 1010 4173 piam
1044 4110 1263 4157 vertens
1291 4103 1482 4158 altaria
1512 4120 1704 4175 pacem
1732 4122 1746 4171 ;

1860 4308 1869 4316 θ
1919 4234 2127 4289 CAPUT
2165 4234 2344 4290 χχιχ.

1730 4366 1804 4423 De
1845 4374 2049 4425 sancto
2081 4363 2351 4440 Eugenio
2382 4382 2559 4442 papa.

472 4527 749 4600 Eugenius
779 4542 941 4599 quem
976 4527 1335 4597 prodiderant
1365 4528 1645 4584 cunabula
1672 4530 1862 4597 sacris,
2120 4536 2175 4605 D
2206 4530 2345 4585 Cleri
2376 4530 2535 4596 altor,
2563 4530 2697 4601 justi
2723 4530 2919 4596 cultor,
2949 4528 3169 4601 pietatis
3200 4533 3430 4595 amator,

467 4619 818 4691 Tranquillus
841 4620 1101 4693 mitisque
1136 4620 1295 4686 nitet,
1329 4621 1554 4694 fatuque
1592 4622 1890 4697 benignus,
2203 4620 2436 4691 Semper
2458 4618 2709 4675 fucorum
2732 4635 2855 4673 cum
2888 4618 3052 4691 plebe
3080 4626 3317 4673 canente
3346 4616 3568 4672 refutat.

472 4708 708 4779 Dapsilis
732 4708 997 4782 indignis,
1027 4717 1251 4766 sanctus
1278 4710 1578 4781 probitate,
1609 4721 1879 4766 venustus

1936 4842 2144 4897 CAPUT
2186 4841 2337 4898 XXX.

1427 4967 1504 5025 De
1544 4967 1769 5026 sanctis
1811 4968 2116 5028 Vitatiano
2156 4978 2208 5028 ει
2238 4969 2534 5028 Adeodato
2567 4969 2869 5047 episcopis.

466 5142 770 5197 Vitalianus
786 5141 963 5196 cultor
993 5142 1150 5195 almae
1181 5141 1385 5215 regulae
2195 5146 2404 5201 Fovens
2433 5162 2662 5222 egenos,
2691 5145 3038 5207 commodus,
3072 5141 3402 5214 praestabilis

469 5232 750 5303 Responsa
772 5231 964 5305 legans
988 5230 1138 5286 sedis
1166 5230 1288 5285 urbi
1317 5231 1486 5305 regiae
2193 5235 2303 5290 Hoc
2332 5236 2480 5290 bella
2506 5243 2684 5306 coepta
2711 5233 3090 5306 reprimuntur
3128 5230 3385 5302 praesule,

469 5323 706 5392 Reparat
732 5337 1013 5378 sacrorum
1045 5323 1223 5394 prisca
1254 5323 1565 5395 privilegia,
2189 5331 2435 5403 Surgunt
2462 5330 2699 5402 tyranni,
2729 5330 3028 5387 diruuntur
3051 5328 3227 5393 ocius,

469 5411 691 5466 Εῐάοηὸ
721 5411 881 5466 Petro
914 5412 1231 5487 diriguntur
1254 5429 1421 5468 aurea
1447 5431 1461 5480 ἶ
2192 5422 2576 5479 Rebellionum
2600 5421 2855 5478 barbaris
2883 5420 3018 5476 urbs
3042 5419 3293 5475 traditur.

468 5502 655 5557 Roma!
684 5511 968 5573 receptum
1000 5504 1069 5557 ad
1097 5519 1252 5560 sacra
1273 5505 1462 5560 ductat
1487 5504 1778 5573 Caesarem,
2193 5513 2479 5567 Restaurat
2510 5512 2612 5567 iste
2638 5510 2971 5581 dedicatque
3010 5507 3248 5563 fabricas

470 5594 797 5668 Vigensque
819 5594 988 5667 digno
1018 5597 1321 5652 sanctitatis
1344 5613 1596 5665 munere,
2190 5603 2349 5657 Aetas
2379 5602 2561 5667 ruina,
2593 5600 2943 5671 destinatque
2984 5596 3190 5652 milites

470 5687 720 5757 Superna
759 5686 907 5741 claro
935 5688 1164 5742 scandet
1190 5698 1386 5744 auctus
1411 5690 1673 5745 culmine.
2191 5693 2393 5748 Castris
2417 5694 2666 5764 polorum
2694 5691 3058 5764 providetque
3083 5687 3397 5743 commoda.

471 5776 729 5833 Succedit
758 5777 937 5830 almus
967 5776 1280 5832 Adeodatus
1312 5785 1488 5848 pater,
2190 5782 2528 5837 Decessione
2569 5782 2727 5851 cujus
2752 5782 2857 5837 orti
2888 5778 3138 5834 turbines

472 5864 694 5922 Cunctis
723 5864 1019 5937 benignus,
1052 5875 1373 5921 mansuetus
1396 5868 1656 5922 omnibus
2189 5868 2546 5942 Crepitusque
2576 5869 2702 5926 coeli
2725 5874 2874 5924 tanta
2901 5874 3090 5939 totque
3122 5864 3358 5922 fulmina
