  <div class='ocr_page' id='page_1' title='image "/cluster/home/n/w/nwhite01/storage/ocr_20150623/134-135/uc1.31175013627537/914.png"; bbox 0 0 3902 6394; ppageno 0'>
   <div class='ocr_carea' id='block_1_1' title="bbox 117 380 225 437">
    <p class='ocr_par' dir='ltr' id='par_1_1' title="bbox 117 380 225 437">
     <span class='ocr_line' id='line_1_1' title="bbox 117 380 225 437; baseline 0.019 -2"><span class='ocrx_word' id='word_1_1' title='bbox 117 380 225 437; x_wconf 73' lang='grc' dir='ltr'><strong>Ἱ89</strong></span> 
     </span>
    </p>
   </div>
   <div class='ocr_carea' id='block_1_2' title="bbox 123 503 1265 579">
    <p class='ocr_par' dir='ltr' id='par_1_2' title="bbox 123 503 1265 579">
     <span class='ocr_line' id='line_1_2' title="bbox 123 503 1265 579; baseline -0.004 -15"><span class='ocrx_word' id='word_1_2' title='bbox 123 504 448 579; x_wconf 77' lang='lat' dir='ltr'><strong>Stupefacta</strong></span> <span class='ocrx_word' id='word_1_3' title='bbox 475 511 564 563; x_wconf 90' lang='lat' dir='ltr'><strong>tot</strong></span> <span class='ocrx_word' id='word_1_4' title='bbox 592 520 710 563; x_wconf 90' lang='lat' dir='ltr'><strong>non</strong></span> <span class='ocrx_word' id='word_1_5' title='bbox 740 512 870 562; x_wconf 88' lang='lat' dir='ltr'><strong>ante</strong></span> <span class='ocrx_word' id='word_1_6' title='bbox 894 504 1033 561; x_wconf 82' lang='lat' dir='ltr'><strong>visis</strong></span> <span class='ocrx_word' id='word_1_7' title='bbox 1057 503 1265 571; x_wconf 91' lang='lat' dir='ltr'><strong>territa,</strong></span> 
     </span>
    </p>
   </div>
   <div class='ocr_carea' id='block_1_3' title="bbox 130 596 1230 674">
    <p class='ocr_par' dir='ltr' id='par_1_3' title="bbox 130 596 1230 674">
     <span class='ocr_line' id='line_1_3' title="bbox 130 596 1230 674; baseline -0.005 -16"><span class='ocrx_word' id='word_1_8' title='bbox 130 601 322 658; x_wconf 83' lang='lat' dir='ltr'><strong>Ruens</strong></span> <span class='ocrx_word' id='word_1_9' title='bbox 357 599 639 674; x_wconf 74' lang='lat' dir='ltr'><strong>gregatim</strong></span> <span class='ocrx_word' id='word_1_10' title='bbox 660 597 897 655; x_wconf 87' lang='lat' dir='ltr'><strong>obiverit</strong></span> <span class='ocrx_word' id='word_1_11' title='bbox 925 596 1230 653; x_wconf 76' lang='lat' dir='ltr'><strong>mortalitas</strong></span> 
     </span>
    </p>
   </div>
   <div class='ocr_carea' id='block_1_4' title="bbox 135 685 1450 761">
    <p class='ocr_par' dir='ltr' id='par_1_4' title="bbox 135 685 1450 761">
     <span class='ocr_line' id='line_1_4' title="bbox 135 685 1450 761; baseline -0.005 -15"><span class='ocrx_word' id='word_1_12' title='bbox 135 689 405 756; x_wconf 85' lang='lat' dir='ltr'><strong>Pecudes,</strong></span> <span class='ocrx_word' id='word_1_13' title='bbox 435 688 720 761; x_wconf 82' lang='lat' dir='ltr'><strong>simulque</strong></span> <span class='ocrx_word' id='word_1_14' title='bbox 750 687 999 743; x_wconf 87' lang='lat' dir='ltr'><strong>humana</strong></span> <span class='ocrx_word' id='word_1_15' title='bbox 1024 685 1181 757; x_wconf 88' lang='lat' dir='ltr'><strong>lapsa</strong></span> <span class='ocrx_word' id='word_1_16' title='bbox 1218 701 1450 757; x_wconf 86' lang='lat' dir='ltr'><strong>corpora</strong></span> 
     </span>
    </p>
   </div>
   <div class='ocr_carea' id='block_1_5' title="bbox 136 774 1304 850">
    <p class='ocr_par' dir='ltr' id='par_1_5' title="bbox 136 774 1304 850">
     <span class='ocr_line' id='line_1_5' title="bbox 136 774 1304 850; baseline -0.004 -14"><span class='ocrx_word' id='word_1_17' title='bbox 136 779 405 836; x_wconf 84' lang='lat' dir='ltr'><strong>Precibus</strong></span> <span class='ocrx_word' id='word_1_18' title='bbox 431 777 699 850; x_wconf 84' lang='lat' dir='ltr'><strong>profusis,</strong></span> <span class='ocrx_word' id='word_1_19' title='bbox 724 776 855 832; x_wconf 88' lang='lat' dir='ltr'><strong>dum</strong></span> <span class='ocrx_word' id='word_1_20' title='bbox 885 775 1123 848; x_wconf 85' lang='lat' dir='ltr'><strong>quiescit</strong></span> <span class='ocrx_word' id='word_1_21' title='bbox 1144 774 1304 841; x_wconf 88' lang='lat' dir='ltr'><strong>ultio,</strong></span> 
     </span>
    </p>
   </div>
   <div class='ocr_carea' id='block_1_6' title="bbox 135 864 1193 939">
    <p class='ocr_par' dir='ltr' id='par_1_6' title="bbox 135 864 1193 939">
     <span class='ocr_line' id='line_1_6' title="bbox 135 864 1193 939; baseline -0.006 -14"><span class='ocrx_word' id='word_1_22' title='bbox 135 869 406 925; x_wconf 83' lang='lat' dir='ltr'><strong>Recidiva</strong></span> <span class='ocrx_word' id='word_1_23' title='bbox 434 867 578 924; x_wconf 91' lang='lat' dir='ltr'><strong>miro</strong></span> <span class='ocrx_word' id='word_1_24' title='bbox 608 865 945 939; x_wconf 75' lang='lat' dir='ltr'><strong>colliguntur</strong></span> <span class='ocrx_word' id='word_1_25' title='bbox 972 864 1193 931; x_wconf 89' lang='lat' dir='ltr'><strong>ordine,</strong></span> 
     </span>
    </p>
   </div>
   <div class='ocr_carea' id='block_1_7' title="bbox 135 955 1198 1033">
    <p class='ocr_par' dir='ltr' id='par_1_7' title="bbox 135 955 1198 1033">
     <span class='ocr_line' id='line_1_7' title="bbox 135 955 1198 1033; baseline -0.007 -15"><span class='ocrx_word' id='word_1_26' title='bbox 135 961 306 1017; x_wconf 86' lang='lat' dir='ltr'><strong>Sidus</strong></span> <span class='ocrx_word' id='word_1_27' title='bbox 326 959 613 1033; x_wconf 77' lang='lat' dir='ltr'><strong>refulgens</strong></span> <span class='ocrx_word' id='word_1_28' title='bbox 637 959 795 1015; x_wconf 87' lang='lat' dir='ltr'><strong>ardet</strong></span> <span class='ocrx_word' id='word_1_29' title='bbox 832 955 944 1014; x_wconf 89' lang='lat' dir='ltr'><strong>alto</strong></span> <span class='ocrx_word' id='word_1_30' title='bbox 974 956 1198 1024; x_wconf 85' lang='lat' dir='ltr'><strong>vertice,</strong></span> 
     </span>
    </p>
   </div>
   <div class='ocr_carea' id='block_1_8' title="bbox 654 371 2965 435">
    <p class='ocr_par' dir='ltr' id='par_1_8' title="bbox 654 371 2965 435">
     <span class='ocr_line' id='line_1_8' title="bbox 654 371 2965 435; baseline -0.003 -1"><span class='ocrx_word' id='word_1_31' title='bbox 654 378 738 434; x_wconf 79' lang='lat' dir='ltr'><strong>DE</strong></span> <span class='ocrx_word' id='word_1_32' title='bbox 778 377 1037 435; x_wconf 80' lang='lat' dir='ltr'><strong>CHRISTI</strong></span> <span class='ocrx_word' id='word_1_33' title='bbox 1074 375 1436 433; x_wconf 77' lang='lat' dir='ltr'><strong>TRIUMPHIS</strong></span> <span class='ocrx_word' id='word_1_34' title='bbox 1476 376 1646 433; x_wconf 76' lang='lat' dir='ltr'><strong>APUD</strong></span> <span class='ocrx_word' id='word_1_35' title='bbox 1688 376 1953 433; x_wconf 78' lang='lat' dir='ltr'><strong>ITALIAM</strong></span> <span class='ocrx_word' id='word_1_36' title='bbox 1993 374 2220 429; x_wconf 82' lang='lat' dir='ltr'><strong>GESTIS</strong></span> <span class='ocrx_word' id='word_1_37' title='bbox 2258 371 2434 429; x_wconf 94' lang='lat' dir='ltr'><strong>LIBRI</strong></span> <span class='ocrx_word' id='word_1_38' title='bbox 2472 371 2606 428; x_wconf 86' lang='lat' dir='ltr'><strong>XIV.</strong></span> <span class='ocrx_word' id='word_1_39' title='bbox 2650 401 2711 411; x_wconf 74' lang='grc' dir='ltr'><strong>ο-</strong></span> <span class='ocrx_word' id='word_1_40' title='bbox 2755 371 2879 427; x_wconf 85' lang='lat' dir='ltr'><strong>LIB.</strong></span> <span class='ocrx_word' id='word_1_41' title='bbox 2923 372 2965 427; x_wconf 88' lang='lat' dir='ltr'><strong>X</strong></span> 
     </span>
    </p>
   </div>
   <div class='ocr_carea' id='block_1_9' title="bbox 1794 497 2918 577">
    <p class='ocr_par' dir='ltr' id='par_1_9' title="bbox 1794 497 2918 577">
     <span class='ocr_line' id='line_1_9' title="bbox 1794 497 2918 577; baseline -0.005 -18"><span class='ocrx_word' id='word_1_42' title='bbox 1794 511 1847 577; x_wconf 79' lang='grc' dir='ltr'>Α</span> <span class='ocrx_word' id='word_1_43' title='bbox 1872 504 2071 559; x_wconf 86' lang='lat' dir='ltr'><strong>Secuta</strong></span> <span class='ocrx_word' id='word_1_44' title='bbox 2096 501 2281 573; x_wconf 87' lang='lat' dir='ltr'><strong>plures</strong></span> <span class='ocrx_word' id='word_1_45' title='bbox 2304 499 2479 573; x_wconf 85' lang='lat' dir='ltr'><strong>pestis</strong></span> <span class='ocrx_word' id='word_1_46' title='bbox 2498 497 2695 554; x_wconf 77' lang='lat' dir='ltr'><strong>auﬂ&#39;ert</strong></span> <span class='ocrx_word' id='word_1_47' title='bbox 2725 497 2918 554; x_wconf 73' lang='lat' dir='ltr'><strong>funere</strong></span> 
     </span>
    </p>
   </div>
   <div class='ocr_carea' id='block_1_10' title="bbox 1875 586 2964 663">
    <p class='ocr_par' dir='ltr' id='par_1_10' title="bbox 1875 586 2964 663">
     <span class='ocr_line' id='line_1_10' title="bbox 1875 586 2964 663; baseline -0.005 -16"><span class='ocrx_word' id='word_1_48' title='bbox 1875 593 2011 648; x_wconf 90' lang='lat' dir='ltr'><strong>Dum</strong></span> <span class='ocrx_word' id='word_1_49' title='bbox 2042 592 2241 647; x_wconf 90' lang='lat' dir='ltr'><strong>domus</strong></span> <span class='ocrx_word' id='word_1_50' title='bbox 2268 589 2513 663; x_wconf 87' lang='lat' dir='ltr'><strong>optionis</strong></span> <span class='ocrx_word' id='word_1_51' title='bbox 2532 588 2699 644; x_wconf 87' lang='lat' dir='ltr'><strong>instat</strong></span> <span class='ocrx_word' id='word_1_52' title='bbox 2728 586 2964 652; x_wconf 59' lang='lat' dir='ltr'><strong>taedere,</strong></span> 
     </span>
    </p>
   </div>
   <div class='ocr_carea' id='block_1_11' title="bbox 1871 681 3063 757">
    <p class='ocr_par' dir='ltr' id='par_1_11' title="bbox 1871 681 3063 757">
     <span class='ocr_line' id='line_1_11' title="bbox 1871 681 3063 757; baseline -0.003 -16"><span class='ocrx_word' id='word_1_53' title='bbox 1871 684 2085 757; x_wconf 85' lang='lat' dir='ltr'><strong>Templi</strong></span> <span class='ocrx_word' id='word_1_54' title='bbox 2115 690 2358 740; x_wconf 88' lang='lat' dir='ltr'><strong>meatum</strong></span> <span class='ocrx_word' id='word_1_55' title='bbox 2399 682 2493 755; x_wconf 89' lang='lat' dir='ltr'><strong>qui</strong></span> <span class='ocrx_word' id='word_1_56' title='bbox 2526 681 2747 738; x_wconf 84' lang='lat' dir='ltr'><strong>decorat</strong></span> <span class='ocrx_word' id='word_1_57' title='bbox 2771 697 3063 745; x_wconf 85' lang='lat' dir='ltr'><strong>marmore,</strong></span> 
     </span>
    </p>
   </div>
   <div class='ocr_carea' id='block_1_12' title="bbox 1873 774 3017 851">
    <p class='ocr_par' dir='ltr' id='par_1_12' title="bbox 1873 774 3017 851">
     <span class='ocr_line' id='line_1_12' title="bbox 1873 774 3017 851; baseline -0.003 -19"><span class='ocrx_word' id='word_1_58' title='bbox 1873 776 2156 833; x_wconf 82' lang='lat' dir='ltr'><strong>Reformat</strong></span> <span class='ocrx_word' id='word_1_59' title='bbox 2182 783 2349 849; x_wconf 85' lang='lat' dir='ltr'><strong>atque</strong></span> <span class='ocrx_word' id='word_1_60' title='bbox 2379 776 2566 851; x_wconf 78' lang='lat' dir='ltr'><strong>largus</strong></span> <span class='ocrx_word' id='word_1_61' title='bbox 2594 774 2744 830; x_wconf 67' lang='lat' dir='ltr'><strong>mdes</strong></span> <span class='ocrx_word' id='word_1_62' title='bbox 2764 774 3017 830; x_wconf 85' lang='lat' dir='ltr'><strong>ordinem</strong></span> 
     </span>
    </p>
   </div>
   <div class='ocr_carea' id='block_1_13' title="bbox 1869 867 3157 944">
    <p class='ocr_par' dir='ltr' id='par_1_13' title="bbox 1869 867 3157 944">
     <span class='ocr_line' id='line_1_13' title="bbox 1869 867 3157 944; baseline 0 -21"><span class='ocrx_word' id='word_1_63' title='bbox 1869 869 2043 944; x_wconf 80' lang='lat' dir='ltr'><strong>Auget</strong></span> <span class='ocrx_word' id='word_1_64' title='bbox 2071 884 2380 936; x_wconf 86' lang='lat' dir='ltr'><strong>sacrorum,</strong></span> <span class='ocrx_word' id='word_1_65' title='bbox 2412 867 2629 941; x_wconf 78' lang='lat' dir='ltr'><strong>Spargit</strong></span> <span class='ocrx_word' id='word_1_66' title='bbox 2657 872 2825 931; x_wconf 86' lang='lat' dir='ltr'><strong>atros,</strong></span> <span class='ocrx_word' id='word_1_67' title='bbox 2854 874 3157 942; x_wconf 77' lang='lat' dir='ltr'><strong>congregat</strong></span> 
     </span>
    </p>
   </div>
   <div class='ocr_carea' id='block_1_14' title="bbox 1869 955 3059 1034">
    <p class='ocr_par' dir='ltr' id='par_1_14' title="bbox 1869 955 3059 1034">
     <span class='ocr_line' id='line_1_14' title="bbox 1869 955 3059 1034; baseline 0.001 -22"><span class='ocrx_word' id='word_1_68' title='bbox 1869 956 2118 1012; x_wconf 86' lang='lat' dir='ltr'><strong>Prudens</strong></span> <span class='ocrx_word' id='word_1_69' title='bbox 2145 957 2421 1034; x_wconf 75' lang='lat' dir='ltr'><strong>benignos</strong></span> <span class='ocrx_word' id='word_1_70' title='bbox 2447 973 2512 1014; x_wconf 86' lang='lat' dir='ltr'><strong>ac</strong></span> <span class='ocrx_word' id='word_1_71' title='bbox 2541 956 2801 1012; x_wconf 81' lang='lat' dir='ltr'><strong>Ravenna</strong></span> <span class='ocrx_word' id='word_1_72' title='bbox 2827 955 3059 1030; x_wconf 82' lang='lat' dir='ltr'><strong>colligit.</strong></span> 
     </span>
    </p>
   </div>
   <div class='ocr_carea' id='block_1_15' title="bbox 1362 1080 2274 1154">
    <p class='ocr_par' dir='ltr' id='par_1_15' title="bbox 1362 1080 2274 1154">
     <span class='ocr_line' id='line_1_15' title="bbox 1362 1080 2274 1154; baseline -0.003 -17"><span class='ocrx_word' id='word_1_73' title='bbox 1362 1081 1685 1138; x_wconf 81' lang='lat' dir='ltr'><strong>CAPITULA</strong></span> <span class='ocrx_word' id='word_1_74' title='bbox 1715 1080 1891 1137; x_wconf 82' lang='lat' dir='ltr'><strong>LIBRI</strong></span> <span class='ocrx_word' id='word_1_75' title='bbox 1932 1080 2274 1154; x_wconf 58' lang='lat' dir='ltr'><strong>UNDEIIIMI.</strong></span> 
     </span>
    </p>
   </div>
   <div class='ocr_carea' id='block_1_16' title="bbox 498 1180 2241 1252">
    <p class='ocr_par' dir='ltr' id='par_1_16' title="bbox 498 1180 2241 1252">
     <span class='ocr_line' id='line_1_16' title="bbox 498 1180 2241 1252; baseline -0.004 -10"><span class='ocrx_word' id='word_1_76' title='bbox 498 1188 544 1242; x_wconf 90' lang='lat' dir='ltr'><strong>I.</strong></span> <span class='ocrx_word' id='word_1_77' title='bbox 575 1213 647 1226; x_wconf 91' lang='lat'><strong>—</strong></span> <span class='ocrx_word' id='word_1_78' title='bbox 681 1187 759 1242; x_wconf 87' lang='lat' dir='ltr'><strong>De</strong></span> <span class='ocrx_word' id='word_1_79' title='bbox 787 1183 992 1239; x_wconf 76' lang='lat' dir='ltr'><strong>sanctis</strong></span> <span class='ocrx_word' id='word_1_80' title='bbox 1020 1180 1328 1250; x_wconf 75' lang='lat' dir='ltr'><strong>Agathone,</strong></span> <span class='ocrx_word' id='word_1_81' title='bbox 1357 1182 1529 1236; x_wconf 84' lang='lat' dir='ltr'><strong>Leone</strong></span> <span class='ocrx_word' id='word_1_82' title='bbox 1564 1184 1616 1235; x_wconf 90' lang='lat' dir='ltr'><strong>et</strong></span> <span class='ocrx_word' id='word_1_83' title='bbox 1644 1180 1926 1237; x_wconf 85' lang='lat' dir='ltr'><strong>Benedicto</strong></span> 
     </span>
    </p>
   </div>
   <div class='ocr_carea' id='block_1_17' title="bbox 501 1254 1803 1326">
    <p class='ocr_par' dir='ltr' id='par_1_17' title="bbox 501 1254 1803 1326">
     <span class='ocr_line' id='line_1_17' title="bbox 501 1254 1803 1326; baseline -0.006 -13"><span class='ocrx_word' id='word_1_84' title='bbox 501 1257 571 1313; x_wconf 91' lang='lat' dir='ltr'><strong>II.</strong></span> <span class='ocrx_word' id='word_1_85' title='bbox 588 1285 658 1296; x_wconf 91' lang='lat'>—</span> <span class='ocrx_word' id='word_1_86' title='bbox 683 1258 760 1313; x_wconf 90' lang='lat' dir='ltr'><strong>De</strong></span> <span class='ocrx_word' id='word_1_87' title='bbox 795 1257 989 1326; x_wconf 83' lang='lat' dir='ltr'><strong>quinto</strong></span> <span class='ocrx_word' id='word_1_88' title='bbox 1026 1255 1232 1309; x_wconf 83' lang='lat' dir='ltr'><strong>Joanne</strong></span> <span class='ocrx_word' id='word_1_89' title='bbox 1259 1254 1466 1310; x_wconf 85' lang='lat' dir='ltr'><strong>Conone</strong></span> <span class='ocrx_word' id='word_1_90' title='bbox 1489 1268 1552 1307; x_wconf 88' lang='lat' dir='ltr'><strong>ac</strong></span> <span class='ocrx_word' id='word_1_91' title='bbox 1581 1254 1803 1326; x_wconf 56' lang='lat' dir='ltr'><strong>caeteris.</strong></span> 
     </span>
    </p>
   </div>
   <div class='ocr_carea' id='block_1_18' title="bbox 506 1324 1898 1394">
    <p class='ocr_par' dir='ltr' id='par_1_18' title="bbox 506 1324 1898 1394">
     <span class='ocr_line' id='line_1_18' title="bbox 506 1324 1898 1394; baseline -0.002 -11"><span class='ocrx_word' id='word_1_92' title='bbox 506 1329 601 1384; x_wconf 91' lang='lat' dir='ltr'><strong>III.</strong></span> <span class='ocrx_word' id='word_1_93' title='bbox 633 1357 704 1368; x_wconf 96' lang='lat'><strong>—</strong></span> <span class='ocrx_word' id='word_1_94' title='bbox 734 1324 823 1383; x_wconf 67' lang='lat' dir='ltr'><strong>De</strong></span> <span class='ocrx_word' id='word_1_95' title='bbox 844 1330 997 1381; x_wconf 71' lang='lat' dir='ltr'><strong>sexto</strong></span> <span class='ocrx_word' id='word_1_96' title='bbox 1026 1326 1231 1380; x_wconf 82' lang='lat' dir='ltr'><strong>Joanne</strong></span> <span class='ocrx_word' id='word_1_97' title='bbox 1258 1328 1310 1379; x_wconf 90' lang='lat' dir='ltr'><strong>et</strong></span> <span class='ocrx_word' id='word_1_98' title='bbox 1336 1325 1731 1380; x_wconf 72' lang='lat' dir='ltr'><strong>successoribus</strong></span> <span class='ocrx_word' id='word_1_99' title='bbox 1761 1324 1898 1394; x_wconf 83' lang='lat' dir='ltr'><strong>ejus.</strong></span> 
     </span>
    </p>
   </div>
   <div class='ocr_carea' id='block_1_19' title="bbox 507 1398 1366 1466">
    <p class='ocr_par' dir='ltr' id='par_1_19' title="bbox 507 1398 1366 1466">
     <span class='ocr_line' id='line_1_19' title="bbox 507 1398 1366 1466; baseline -0.006 -11"><span class='ocrx_word' id='word_1_100' title='bbox 507 1399 594 1455; x_wconf 88' lang='lat' dir='ltr'><strong>IV.</strong></span> <span class='ocrx_word' id='word_1_101' title='bbox 623 1427 695 1440; x_wconf 90' lang='lat'>—</span> <span class='ocrx_word' id='word_1_102' title='bbox 716 1401 790 1454; x_wconf 90' lang='lat' dir='ltr'><strong>De</strong></span> <span class='ocrx_word' id='word_1_103' title='bbox 817 1398 1168 1455; x_wconf 83' lang='lat' dir='ltr'><strong>Constantino</strong></span> <span class='ocrx_word' id='word_1_104' title='bbox 1192 1410 1366 1466; x_wconf 83' lang='lat' dir='ltr'><strong>papa.</strong></span> 
     </span>
    </p>
   </div>
   <div class='ocr_carea' id='block_1_20' title="bbox 503 1466 2521 1537">
    <p class='ocr_par' dir='ltr' id='par_1_20' title="bbox 503 1466 2521 1537">
     <span class='ocr_line' id='line_1_20' title="bbox 503 1466 2521 1537; baseline -0.003 -12"><span class='ocrx_word' id='word_1_105' title='bbox 503 1471 568 1525; x_wconf 88' lang='lat' dir='ltr'><strong>V.</strong></span> <span class='ocrx_word' id='word_1_106' title='bbox 598 1501 666 1512; x_wconf 91' lang='lat'><em>—</em></span> <span class='ocrx_word' id='word_1_107' title='bbox 697 1473 772 1526; x_wconf 89' lang='lat' dir='ltr'><strong>De</strong></span> <span class='ocrx_word' id='word_1_108' title='bbox 796 1468 1028 1524; x_wconf 89' lang='lat' dir='ltr'><strong>secunda</strong></span> <span class='ocrx_word' id='word_1_109' title='bbox 1067 1468 1324 1536; x_wconf 79' lang='lat' dir='ltr'><strong>Gregorio</strong></span> <span class='ocrx_word' id='word_1_110' title='bbox 1345 1481 1500 1537; x_wconf 81' lang='lat' dir='ltr'><strong>papa</strong></span> <span class='ocrx_word' id='word_1_111' title='bbox 1530 1470 1580 1522; x_wconf 93' lang='lat' dir='ltr'><strong>et</strong></span> <span class='ocrx_word' id='word_1_112' title='bbox 1614 1468 1901 1536; x_wconf 84' lang='lat' dir='ltr'><strong>Bonifacio</strong></span> <span class='ocrx_word' id='word_1_113' title='bbox 1930 1466 2148 1522; x_wconf 87' lang='lat' dir='ltr'><strong>doctore</strong></span> <span class='ocrx_word' id='word_1_114' title='bbox 2174 1470 2226 1520; x_wconf 87' lang='lat' dir='ltr'><strong>et</strong></span> <span class='ocrx_word' id='word_1_115' title='bbox 2256 1468 2521 1535; x_wconf 72' lang='lat' dir='ltr'><strong>martyre.</strong></span> 
     </span>
    </p>
   </div>
   <div class='ocr_carea' id='block_1_21' title="bbox 503 1540 1277 1609">
    <p class='ocr_par' dir='ltr' id='par_1_21' title="bbox 503 1540 1277 1609">
     <span class='ocr_line' id='line_1_21' title="bbox 503 1540 1277 1609; baseline -0.005 -14"><span class='ocrx_word' id='word_1_116' title='bbox 503 1542 591 1598; x_wconf 77' lang='lat' dir='ltr'><strong>VI&#39;</strong></span> <span class='ocrx_word' id='word_1_117' title='bbox 630 1571 695 1582; x_wconf 92' lang='lat'><strong><em>—</em></strong></span> <span class='ocrx_word' id='word_1_118' title='bbox 718 1543 794 1596; x_wconf 87' lang='lat' dir='ltr'><strong>De</strong></span> <span class='ocrx_word' id='word_1_119' title='bbox 820 1540 1090 1596; x_wconf 84' lang='lat' dir='ltr'><strong>Zacharia</strong></span> <span class='ocrx_word' id='word_1_120' title='bbox 1104 1553 1277 1609; x_wconf 87' lang='lat' dir='ltr'><strong>papa.</strong></span> 
     </span>
    </p>
   </div>
   <div class='ocr_carea' id='block_1_22' title="bbox 510 1609 1596 1679">
    <p class='ocr_par' dir='ltr' id='par_1_22' title="bbox 510 1609 1596 1679">
     <span class='ocr_line' id='line_1_22' title="bbox 510 1609 1596 1679; baseline -0.004 -12"><span class='ocrx_word' id='word_1_121' title='bbox 510 1611 623 1668; x_wconf 85' lang='lat' dir='ltr'><strong>VII.</strong></span> <span class='ocrx_word' id='word_1_122' title='bbox 657 1642 725 1653; x_wconf 91' lang='lat'><strong><em>—</em></strong></span> <span class='ocrx_word' id='word_1_123' title='bbox 753 1614 831 1668; x_wconf 87' lang='lat' dir='ltr'><strong>De</strong></span> <span class='ocrx_word' id='word_1_124' title='bbox 869 1610 1101 1666; x_wconf 84' lang='lat' dir='ltr'><strong>secunda</strong></span> <span class='ocrx_word' id='word_1_125' title='bbox 1130 1609 1401 1677; x_wconf 82' lang='lat' dir='ltr'><strong>Stephano</strong></span> <span class='ocrx_word' id='word_1_126' title='bbox 1428 1623 1596 1679; x_wconf 83' lang='lat' dir='ltr'><strong>papa.</strong></span> 
     </span>
    </p>
   </div>
   <div class='ocr_carea' id='block_1_23' title="bbox 414 1681 1514 1751">
    <p class='ocr_par' dir='ltr' id='par_1_23' title="bbox 414 1681 1514 1751">
     <span class='ocr_line' id='line_1_23' title="bbox 414 1681 1514 1751; baseline -0.006 -11"><span class='ocrx_word' id='word_1_127' title='bbox 414 1692 423 1698; x_wconf 88' lang='lat'><strong><em>&#39;</em></strong></span> <span class='ocrx_word' id='word_1_128' title='bbox 512 1682 650 1739; x_wconf 86' lang='lat' dir='ltr'><strong>VIII.</strong></span> <span class='ocrx_word' id='word_1_129' title='bbox 683 1713 752 1725; x_wconf 89' lang='lat'><strong>—</strong></span> <span class='ocrx_word' id='word_1_130' title='bbox 777 1685 853 1739; x_wconf 88' lang='lat' dir='ltr'><strong>De</strong></span> <span class='ocrx_word' id='word_1_131' title='bbox 871 1684 1028 1737; x_wconf 88' lang='lat' dir='ltr'><strong>tertio</strong></span> <span class='ocrx_word' id='word_1_132' title='bbox 1062 1681 1335 1750; x_wconf 81' lang='lat' dir='ltr'><strong>Stephano</strong></span> <span class='ocrx_word' id='word_1_133' title='bbox 1364 1696 1514 1751; x_wconf 82' lang='lat' dir='ltr'><strong>papa</strong></span> 
     </span>
    </p>
   </div>
   <div class='ocr_carea' id='block_1_24' title="bbox 510 1754 1280 1822">
    <p class='ocr_par' dir='ltr' id='par_1_24' title="bbox 510 1754 1280 1822">
     <span class='ocr_line' id='line_1_24' title="bbox 510 1754 1280 1822; baseline -0.005 -11"><span class='ocrx_word' id='word_1_134' title='bbox 510 1756 575 1811; x_wconf 89' lang='lat' dir='ltr'><strong>IX</strong></span> <span class='ocrx_word' id='word_1_135' title='bbox 630 1784 702 1796; x_wconf 89' lang='lat'><strong>——</strong></span> <span class='ocrx_word' id='word_1_136' title='bbox 742 1754 1086 1811; x_wconf 79' lang='lat' dir='ltr'><strong>DeAdriana</strong></span> <span class='ocrx_word' id='word_1_137' title='bbox 1110 1768 1280 1822; x_wconf 78' lang='lat' dir='ltr'><strong>papa.</strong></span> 
     </span>
    </p>
   </div>
   <div class='ocr_carea' id='block_1_25' title="bbox 514 1826 1364 1893">
    <p class='ocr_par' dir='ltr' id='par_1_25' title="bbox 514 1826 1364 1893">
     <span class='ocr_line' id='line_1_25' title="bbox 514 1826 1364 1893; baseline -0.005 -11"><span class='ocrx_word' id='word_1_138' title='bbox 514 1827 580 1882; x_wconf 90' lang='lat' dir='ltr'><strong>X.</strong></span> <span class='ocrx_word' id='word_1_139' title='bbox 611 1856 678 1867; x_wconf 93' lang='lat'><strong>—</strong></span> <span class='ocrx_word' id='word_1_140' title='bbox 708 1828 783 1882; x_wconf 89' lang='lat' dir='ltr'><strong>De</strong></span> <span class='ocrx_word' id='word_1_141' title='bbox 803 1827 960 1881; x_wconf 89' lang='lat' dir='ltr'><strong>tertia</strong></span> <span class='ocrx_word' id='word_1_142' title='bbox 986 1826 1157 1880; x_wconf 82' lang='lat' dir='ltr'><strong>Leone</strong></span> <span class='ocrx_word' id='word_1_143' title='bbox 1190 1838 1364 1893; x_wconf 84' lang='lat' dir='ltr'><strong>papa.</strong></span> 
     </span>
    </p>
   </div>
   <div class='ocr_carea' id='block_1_26' title="bbox 512 1896 1291 1965">
    <p class='ocr_par' dir='ltr' id='par_1_26' title="bbox 512 1896 1291 1965">
     <span class='ocr_line' id='line_1_26' title="bbox 512 1896 1291 1965; baseline -0.006 -12"><span class='ocrx_word' id='word_1_144' title='bbox 512 1898 601 1953; x_wconf 74' lang='grc' dir='ltr'><strong>χι.</strong></span> <span class='ocrx_word' id='word_1_145' title='bbox 629 1928 700 1939; x_wconf 92' lang='grc'><strong><em>-</em></strong></span> <span class='ocrx_word' id='word_1_146' title='bbox 727 1900 804 1953; x_wconf 90' lang='lat' dir='ltr'><strong>De</strong></span> <span class='ocrx_word' id='word_1_147' title='bbox 840 1896 1097 1951; x_wconf 86' lang='lat' dir='ltr'><strong>Paschali</strong></span> <span class='ocrx_word' id='word_1_148' title='bbox 1121 1910 1291 1965; x_wconf 84' lang='lat' dir='ltr'><strong>papa.</strong></span> 
     </span>
    </p>
   </div>
   <div class='ocr_carea' id='block_1_27' title="bbox 505 1965 2062 2035">
    <p class='ocr_par' dir='ltr' id='par_1_27' title="bbox 505 1965 2062 2035">
     <span class='ocr_line' id='line_1_27' title="bbox 505 1965 2062 2035; baseline -0.004 -10"><span class='ocrx_word' id='word_1_149' title='bbox 505 1970 621 2026; x_wconf 90' lang='lat' dir='ltr'><strong>XII.</strong></span> <span class='ocrx_word' id='word_1_150' title='bbox 661 1998 717 2010; x_wconf 81' lang='lat'><strong>-</strong></span> <span class='ocrx_word' id='word_1_151' title='bbox 745 1969 820 2023; x_wconf 85' lang='lat' dir='ltr'><strong>De</strong></span> <span class='ocrx_word' id='word_1_152' title='bbox 845 1972 1031 2024; x_wconf 86' lang='lat' dir='ltr'><strong>sancto</strong></span> <span class='ocrx_word' id='word_1_153' title='bbox 1056 1968 1303 2035; x_wconf 79' lang='lat' dir='ltr'><strong>Eugenio</strong></span> <span class='ocrx_word' id='word_1_154' title='bbox 1328 1966 1559 2021; x_wconf 87' lang='lat' dir='ltr'><strong>secunda</strong></span> <span class='ocrx_word' id='word_1_155' title='bbox 1597 1969 1647 2020; x_wconf 92' lang='lat' dir='ltr'><strong>et</strong></span> <span class='ocrx_word' id='word_1_156' title='bbox 1676 1965 1865 2033; x_wconf 83' lang='lat' dir='ltr'><strong>Sergio</strong></span> <span class='ocrx_word' id='word_1_157' title='bbox 1888 1979 2062 2035; x_wconf 85' lang='lat' dir='ltr'><strong>papa.</strong></span> 
     </span>
    </p>
   </div>
   <div class='ocr_carea' id='block_1_28' title="bbox 1348 2092 2299 2152">
    <p class='ocr_par' dir='ltr' id='par_1_28' title="bbox 1348 2092 2299 2152">
     <span class='ocr_line' id='line_1_28' title="bbox 1348 2092 2299 2152; baseline -0.004 1"><span class='ocrx_word' id='word_1_158' title='bbox 1348 2095 1669 2152; x_wconf 81' lang='lat' dir='ltr'><strong>CAPITULA</strong></span> <span class='ocrx_word' id='word_1_159' title='bbox 1703 2094 1878 2150; x_wconf 81' lang='lat' dir='ltr'><strong>LIBRI</strong></span> <span class='ocrx_word' id='word_1_160' title='bbox 1912 2092 2299 2151; x_wconf 82' lang='lat' dir='ltr'><strong>DUODECIMI.</strong></span> 
     </span>
    </p>
   </div>
   <div class='ocr_carea' id='block_1_29' title="bbox 514 2195 1742 2271">
    <p class='ocr_par' dir='ltr' id='par_1_29' title="bbox 514 2195 1742 2271">
     <span class='ocr_line' id='line_1_29' title="bbox 514 2195 1742 2271; baseline -0.008 -14"><span class='ocrx_word' id='word_1_161' title='bbox 514 2204 554 2257; x_wconf 91' lang='lat' dir='ltr'><strong>I.</strong></span> <span class='ocrx_word' id='word_1_162' title='bbox 597 2232 651 2242; x_wconf 82' lang='lat'><strong>-</strong></span> <span class='ocrx_word' id='word_1_163' title='bbox 685 2202 760 2256; x_wconf 89' lang='lat' dir='ltr'><strong>De</strong></span> <span class='ocrx_word' id='word_1_164' title='bbox 788 2202 985 2271; x_wconf 83' lang='lat' dir='ltr'><strong>quarto</strong></span> <span class='ocrx_word' id='word_1_165' title='bbox 1010 2199 1180 2271; x_wconf 83' lang='lat' dir='ltr'><strong>Leone</strong></span> <span class='ocrx_word' id='word_1_166' title='bbox 1202 2212 1353 2267; x_wconf 81' lang='lat' dir='ltr'><strong>papa</strong></span> <span class='ocrx_word' id='word_1_167' title='bbox 1368 2201 1417 2251; x_wconf 89' lang='lat' dir='ltr'><strong>et</strong></span> <span class='ocrx_word' id='word_1_168' title='bbox 1437 2195 1742 2271; x_wconf 76' lang='lat' dir='ltr'><strong>Benedicta.</strong></span> 
     </span>
    </p>
   </div>
   <div class='ocr_carea' id='block_1_30' title="bbox 514 2263 2854 2338">
    <p class='ocr_par' dir='ltr' id='par_1_30' title="bbox 514 2263 2854 2338">
     <span class='ocr_line' id='line_1_30' title="bbox 514 2263 2854 2338; baseline -0.006 -10"><span class='ocrx_word' id='word_1_169' title='bbox 514 2274 583 2329; x_wconf 91' lang='lat' dir='ltr'><strong>II.</strong></span> <span class='ocrx_word' id='word_1_170' title='bbox 610 2302 679 2314; x_wconf 91' lang='lat'><em>--</em></span> <span class='ocrx_word' id='word_1_171' title='bbox 698 2275 775 2327; x_wconf 89' lang='lat' dir='ltr'><strong>De</strong></span> <span class='ocrx_word' id='word_1_172' title='bbox 796 2263 986 2326; x_wconf 59' lang='lat' dir='ltr'><strong>&#39;sancto</strong></span> <span class='ocrx_word' id='word_1_173' title='bbox 1009 2263 1232 2325; x_wconf 79' lang='lat' dir='ltr'><strong>Nicolao</strong></span> <span class='ocrx_word' id='word_1_174' title='bbox 1256 2263 1427 2338; x_wconf 68' lang='lat' dir='ltr'><strong>papa,</strong></span> <span class='ocrx_word' id='word_1_175' title='bbox 1460 2272 1510 2321; x_wconf 92' lang='lat' dir='ltr'><strong>et</strong></span> <span class='ocrx_word' id='word_1_176' title='bbox 1540 2266 1824 2322; x_wconf 79' lang='lat' dir='ltr'><strong>Benedicta</strong></span> <span class='ocrx_word' id='word_1_177' title='bbox 1851 2279 2022 2334; x_wconf 85' lang='lat' dir='ltr'><strong>papa,</strong></span> <span class='ocrx_word' id='word_1_178' title='bbox 2051 2264 2257 2338; x_wconf 81' lang='lat' dir='ltr'><strong>Joanne</strong></span> <span class='ocrx_word' id='word_1_179' title='bbox 2284 2276 2495 2332; x_wconf 86' lang='lat' dir='ltr'><strong>quoque</strong></span> <span class='ocrx_word' id='word_1_180' title='bbox 2522 2263 2854 2338; x_wconf 52' lang='lat' dir='ltr'><strong>Ravennate:</strong></span> 
     </span>
    </p>
   </div>
   <div class='ocr_carea' id='block_1_31' title="bbox 513 2331 3027 2409">
    <p class='ocr_par' dir='ltr' id='par_1_31' title="bbox 513 2331 3027 2409">
     <span class='ocr_line' id='line_1_31' title="bbox 513 2331 3027 2409; baseline -0.007 -9"><span class='ocrx_word' id='word_1_181' title='bbox 513 2345 602 2400; x_wconf 91' lang='lat' dir='ltr'><strong>III.</strong></span> <span class='ocrx_word' id='word_1_182' title='bbox 636 2372 707 2385; x_wconf 90' lang='lat'><strong>-—</strong></span> <span class='ocrx_word' id='word_1_183' title='bbox 734 2346 809 2399; x_wconf 86' lang='lat' dir='ltr'><strong>De</strong></span> <span class='ocrx_word' id='word_1_184' title='bbox 835 2342 1068 2397; x_wconf 84' lang='lat' dir='ltr'><strong>secundo</strong></span> <span class='ocrx_word' id='word_1_185' title='bbox 1097 2331 1350 2396; x_wconf 73' lang='lat' dir='ltr'><strong>Adriano</strong></span> <span class='ocrx_word' id='word_1_186' title='bbox 1374 2331 1546 2409; x_wconf 82' lang='lat' dir='ltr'><strong>papa,</strong></span> <span class='ocrx_word' id='word_1_187' title='bbox 1578 2342 1628 2392; x_wconf 89' lang='lat' dir='ltr'><strong>et</strong></span> <span class='ocrx_word' id='word_1_188' title='bbox 1654 2331 1946 2392; x_wconf 73' lang='lat' dir='ltr'><strong>Hincmara</strong></span> <span class='ocrx_word' id='word_1_189' title='bbox 1970 2335 2203 2405; x_wconf 63' lang='lat' dir='ltr'><strong>praesule</strong></span> <span class='ocrx_word' id='word_1_190' title='bbox 2222 2331 2415 2409; x_wconf 65' lang='lat' dir='ltr'><strong>nostra</strong></span> <span class='ocrx_word' id='word_1_191' title='bbox 2434 2348 2561 2409; x_wconf 73' lang='lat' dir='ltr'><strong>rege</strong></span> <span class='ocrx_word' id='word_1_192' title='bbox 2578 2347 2791 2409; x_wconf 84' lang='lat' dir='ltr'><strong>quoque</strong></span> <span class='ocrx_word' id='word_1_193' title='bbox 2820 2331 3027 2409; x_wconf 83' lang='lat' dir='ltr'><strong>Carolo.</strong></span> 
     </span>
    </p>
   </div>
   <div class='ocr_carea' id='block_1_32' title="bbox 510 2404 3002 2481">
    <p class='ocr_par' dir='ltr' id='par_1_32' title="bbox 510 2404 3002 2481">
     <span class='ocr_line' id='line_1_32' title="bbox 510 2404 3002 2481; baseline -0.006 -11"><span class='ocrx_word' id='word_1_194' title='bbox 510 2416 594 2471; x_wconf 90' lang='lat' dir='ltr'><strong>IV.</strong></span> <span class='ocrx_word' id='word_1_195' title='bbox 643 2446 701 2456; x_wconf 91' lang='lat'><strong>-</strong></span> <span class='ocrx_word' id='word_1_196' title='bbox 732 2417 808 2470; x_wconf 89' lang='lat' dir='ltr'><strong>De</strong></span> <span class='ocrx_word' id='word_1_197' title='bbox 828 2416 984 2468; x_wconf 88' lang='lat' dir='ltr'><strong>tertio</strong></span> <span class='ocrx_word' id='word_1_198' title='bbox 1012 2412 1270 2468; x_wconf 84' lang='lat' dir='ltr'><strong>Adriano</strong></span> <span class='ocrx_word' id='word_1_199' title='bbox 1298 2404 1467 2481; x_wconf 55' lang='lat' dir='ltr'><strong>papa:</strong></span> <span class='ocrx_word' id='word_1_200' title='bbox 1495 2415 1544 2464; x_wconf 89' lang='lat' dir='ltr'><strong>et</strong></span> <span class='ocrx_word' id='word_1_201' title='bbox 1569 2409 1797 2463; x_wconf 80' lang='lat' dir='ltr'><strong>Fulcone</strong></span> <span class='ocrx_word' id='word_1_202' title='bbox 1821 2404 2006 2481; x_wconf 81' lang='lat' dir='ltr'><strong>nostro</strong></span> <span class='ocrx_word' id='word_1_203' title='bbox 2033 2406 2264 2476; x_wconf 71' lang='lat' dir='ltr'><strong>praesule</strong></span> <span class='ocrx_word' id='word_1_204' title='bbox 2290 2404 2479 2481; x_wconf 81' lang='lat' dir='ltr'><strong>Carolo</strong></span> <span class='ocrx_word' id='word_1_205' title='bbox 2496 2419 2720 2481; x_wconf 55' lang='lat' dir='ltr'><strong>quoque</strong></span> <span class='ocrx_word' id='word_1_206' title='bbox 2746 2404 3002 2481; x_wconf 54' lang='lat' dir='ltr'><strong>.lugusta.</strong></span> 
     </span>
    </p>
   </div>
   <div class='ocr_carea' id='block_1_33' title="bbox 513 2472 3277 2554">
    <p class='ocr_par' dir='ltr' id='par_1_33' title="bbox 513 2472 3277 2554">
     <span class='ocr_line' id='line_1_33' title="bbox 513 2472 3277 2554; baseline -0.006 -14"><span class='ocrx_word' id='word_1_207' title='bbox 513 2487 575 2541; x_wconf 93' lang='lat' dir='ltr'><strong>V.</strong></span> <span class='ocrx_word' id='word_1_208' title='bbox 605 2517 676 2527; x_wconf 93' lang='lat'><strong><em>—</em></strong></span> <span class='ocrx_word' id='word_1_209' title='bbox 700 2489 775 2542; x_wconf 89' lang='lat' dir='ltr'><strong>De</strong></span> <span class='ocrx_word' id='word_1_210' title='bbox 803 2485 1075 2554; x_wconf 78' lang='lat' dir='ltr'><strong>Stephano</strong></span> <span class='ocrx_word' id='word_1_211' title='bbox 1100 2499 1272 2554; x_wconf 84' lang='lat' dir='ltr'><strong>papa,</strong></span> <span class='ocrx_word' id='word_1_212' title='bbox 1298 2472 1351 2537; x_wconf 78' lang='lat' dir='ltr'><strong>et</strong></span> <span class='ocrx_word' id='word_1_213' title='bbox 1368 2472 1637 2537; x_wconf 37' lang='lat' dir='ltr'><strong>“Formosa</strong></span> <span class='ocrx_word' id='word_1_214' title='bbox 1663 2479 2020 2554; x_wconf 62' lang='lat' dir='ltr'><strong>translatione</strong></span> <span class='ocrx_word' id='word_1_215' title='bbox 2033 2472 2258 2554; x_wconf 56' lang='lat' dir='ltr'><strong>quoque</strong></span> <span class='ocrx_word' id='word_1_216' title='bbox 2282 2477 2458 2530; x_wconf 85' lang='lat' dir='ltr'><strong>sancti</strong></span> <span class='ocrx_word' id='word_1_217' title='bbox 2483 2472 2676 2532; x_wconf 77' lang='lat' dir='ltr'><strong>Calisti</strong></span> <span class='ocrx_word' id='word_1_218' title='bbox 2703 2474 2779 2528; x_wconf 90' lang='lat' dir='ltr'><strong>ad</strong></span> <span class='ocrx_word' id='word_1_219' title='bbox 2803 2477 3045 2530; x_wconf 89' lang='lat' dir='ltr'><strong>nostram</strong></span> <span class='ocrx_word' id='word_1_220' title='bbox 3072 2472 3277 2526; x_wconf 84' lang='lat' dir='ltr'><strong>urbem.</strong></span> 
     </span>
    </p>
   </div>
   <div class='ocr_carea' id='block_1_34' title="bbox 516 2550 2601 2625">
    <p class='ocr_par' dir='ltr' id='par_1_34' title="bbox 516 2550 2601 2625">
     <span class='ocr_line' id='line_1_34' title="bbox 516 2550 2601 2625; baseline -0.006 -14"><span class='ocrx_word' id='word_1_221' title='bbox 516 2558 603 2612; x_wconf 90' lang='lat' dir='ltr'><strong>VI.</strong></span> <span class='ocrx_word' id='word_1_222' title='bbox 635 2588 706 2598; x_wconf 96' lang='lat'><strong>—</strong></span> <span class='ocrx_word' id='word_1_223' title='bbox 735 2550 1120 2624; x_wconf 48' lang='lat' dir='ltr'><strong>DeBo&#39;ni/‘acio—</strong></span> <span class='ocrx_word' id='word_1_224' title='bbox 1142 2550 1289 2625; x_wconf 75' lang='lat' dir='ltr'><strong>papa</strong></span> <span class='ocrx_word' id='word_1_225' title='bbox 1305 2558 1356 2608; x_wconf 88' lang='lat' dir='ltr'><strong>et</strong></span> <span class='ocrx_word' id='word_1_226' title='bbox 1380 2558 1532 2608; x_wconf 66' lang='lat' dir='ltr'><strong>sexto</strong></span> <span class='ocrx_word' id='word_1_227' title='bbox 1561 2552 1865 2625; x_wconf 77' lang='lat' dir='ltr'><strong>Stephano,</strong></span> <span class='ocrx_word' id='word_1_228' title='bbox 1892 2550 2159 2625; x_wconf 67' lang='lat' dir='ltr'><strong>Theodoro</strong></span> <span class='ocrx_word' id='word_1_229' title='bbox 2195 2563 2408 2625; x_wconf 80' lang='lat' dir='ltr'><strong>quoque</strong></span> <span class='ocrx_word' id='word_1_230' title='bbox 2434 2562 2601 2625; x_wconf 61' lang='lat' dir='ltr'><strong>papa.</strong></span> 
     </span>
    </p>
   </div>
   <div class='ocr_carea' id='block_1_35' title="bbox 510 2617 2858 2694">
    <p class='ocr_par' dir='ltr' id='par_1_35' title="bbox 510 2617 2858 2694">
     <span class='ocr_line' id='line_1_35' title="bbox 510 2617 2858 2694; baseline -0.006 -10"><span class='ocrx_word' id='word_1_231' title='bbox 510 2629 624 2685; x_wconf 87' lang='lat' dir='ltr'><strong>VII.</strong></span> <span class='ocrx_word' id='word_1_232' title='bbox 657 2659 723 2670; x_wconf 89' lang='lat'><strong>—</strong></span> <span class='ocrx_word' id='word_1_233' title='bbox 744 2631 820 2686; x_wconf 84' lang='lat' dir='ltr'><strong>De</strong></span> <span class='ocrx_word' id='word_1_234' title='bbox 841 2617 981 2684; x_wconf 84' lang='lat' dir='ltr'><strong>nono</strong></span> <span class='ocrx_word' id='word_1_235' title='bbox 1000 2617 1232 2693; x_wconf 64' lang='lat' dir='ltr'><strong>Joanne;</strong></span> <span class='ocrx_word' id='word_1_236' title='bbox 1249 2628 1452 2681; x_wconf 86' lang='lat' dir='ltr'><strong>sanctis</strong></span> <span class='ocrx_word' id='word_1_237' title='bbox 1472 2617 1683 2694; x_wconf 72' lang='lat' dir='ltr'><strong>quoque</strong></span> <span class='ocrx_word' id='word_1_238' title='bbox 1711 2622 1921 2688; x_wconf 89' lang='lat' dir='ltr'><strong>Sergio,</strong></span> <span class='ocrx_word' id='word_1_239' title='bbox 1951 2617 2235 2676; x_wconf 85' lang='lat' dir='ltr'><strong>Benedicta</strong></span> <span class='ocrx_word' id='word_1_240' title='bbox 2259 2623 2422 2689; x_wconf 88' lang='lat' dir='ltr'><strong>atque</strong></span> <span class='ocrx_word' id='word_1_241' title='bbox 2453 2617 2858 2687; x_wconf 76' lang='lat' dir='ltr'><strong>Christophom.</strong></span> 
     </span>
    </p>
   </div>
   <div class='ocr_carea' id='block_1_36' title="bbox 1299 2752 2360 2815">
    <p class='ocr_par' dir='ltr' id='par_1_36' title="bbox 1299 2752 2360 2815">
     <span class='ocr_line' id='line_1_36' title="bbox 1299 2752 2360 2815; baseline -0.004 0"><span class='ocrx_word' id='word_1_242' title='bbox 1299 2757 1617 2815; x_wconf 81' lang='lat' dir='ltr'><strong>CAPITULA</strong></span> <span class='ocrx_word' id='word_1_243' title='bbox 1649 2756 1824 2811; x_wconf 86' lang='lat' dir='ltr'><strong>LIBRI</strong></span> <span class='ocrx_word' id='word_1_244' title='bbox 1861 2754 2089 2811; x_wconf 75' lang='lat' dir='ltr'><strong>DECIMI</strong></span> <span class='ocrx_word' id='word_1_245' title='bbox 2118 2752 2360 2811; x_wconf 81' lang='lat' dir='ltr'><strong>TERTll.</strong></span> 
     </span>
    </p>
   </div>
   <div class='ocr_carea' id='block_1_37' title="bbox 513 2858 2249 2926">
    <p class='ocr_par' dir='ltr' id='par_1_37' title="bbox 513 2858 2249 2926">
     <span class='ocr_line' id='line_1_37' title="bbox 513 2858 2249 2926; baseline -0.007 -5"><span class='ocrx_word' id='word_1_246' title='bbox 513 2866 555 2922; x_wconf 91' lang='lat' dir='ltr'><strong>I.</strong></span> <span class='ocrx_word' id='word_1_247' title='bbox 597 2896 664 2906; x_wconf 94' lang='lat'><strong>—</strong></span> <span class='ocrx_word' id='word_1_248' title='bbox 695 2868 770 2920; x_wconf 88' lang='lat' dir='ltr'><strong>De</strong></span> <span class='ocrx_word' id='word_1_249' title='bbox 793 2865 996 2920; x_wconf 81' lang='lat' dir='ltr'><strong>sanctis</strong></span> <span class='ocrx_word' id='word_1_250' title='bbox 1030 2861 1323 2926; x_wconf 83' lang='lat' dir='ltr'><strong>Theodoro,</strong></span> <span class='ocrx_word' id='word_1_251' title='bbox 1356 2862 1607 2926; x_wconf 84' lang='lat' dir='ltr'><strong>Acontia,</strong></span> <span class='ocrx_word' id='word_1_252' title='bbox 1639 2860 1863 2916; x_wconf 75' lang='lat' dir='ltr'><strong>Servata</strong></span> <span class='ocrx_word' id='word_1_253' title='bbox 1888 2862 1937 2912; x_wconf 90' lang='lat' dir='ltr'><strong>et</strong></span> <span class='ocrx_word' id='word_1_254' title='bbox 1960 2858 2249 2913; x_wconf 84' lang='lat' dir='ltr'><strong>Januario.</strong></span> 
     </span>
    </p>
   </div>
   <div class='ocr_carea' id='block_1_38' title="bbox 511 2923 3180 2999">
    <p class='ocr_par' dir='ltr' id='par_1_38' title="bbox 511 2923 3180 2999">
     <span class='ocr_line' id='line_1_38' title="bbox 511 2923 3180 2999; baseline -0.006 -6"><span class='ocrx_word' id='word_1_255' title='bbox 511 2938 577 2994; x_wconf 92' lang='lat' dir='ltr'><strong>II.</strong></span> <span class='ocrx_word' id='word_1_256' title='bbox 607 2967 679 2978; x_wconf 97' lang='lat'><strong>—</strong></span> <span class='ocrx_word' id='word_1_257' title='bbox 703 2938 780 2992; x_wconf 87' lang='lat' dir='ltr'><strong>De</strong></span> <span class='ocrx_word' id='word_1_258' title='bbox 804 2937 1011 2991; x_wconf 87' lang='lat' dir='ltr'><strong>sanctis</strong></span> <span class='ocrx_word' id='word_1_259' title='bbox 1039 2923 1355 2999; x_wconf 78' lang='lat' dir='ltr'><strong>Deusdedit,</strong></span> <span class='ocrx_word' id='word_1_260' title='bbox 1393 2923 1725 2991; x_wconf 87' lang='lat' dir='ltr'><strong>Victoriano.</strong></span> <span class='ocrx_word' id='word_1_261' title='bbox 1761 2931 2081 2990; x_wconf 83' lang='lat' dir='ltr'><strong>Anastasio,</strong></span> <span class='ocrx_word' id='word_1_262' title='bbox 2106 2927 2421 2999; x_wconf 76' lang='lat' dir='ltr'><strong>Redempta,</strong></span> <span class='ocrx_word' id='word_1_263' title='bbox 2444 2924 2636 2999; x_wconf 85' lang='lat' dir='ltr'><strong>Galla,</strong></span> <span class='ocrx_word' id='word_1_264' title='bbox 2671 2923 2901 2999; x_wconf 82' lang='lat' dir='ltr'><strong>Romula</strong></span> <span class='ocrx_word' id='word_1_265' title='bbox 2929 2926 2980 2979; x_wconf 83' lang='lat' dir='ltr'><strong>et</strong></span> <span class='ocrx_word' id='word_1_266' title='bbox 3008 2924 3180 2978; x_wconf 76' lang='lat' dir='ltr'><strong>Mosa.</strong></span> 
     </span>
    </p>
   </div>
   <div class='ocr_carea' id='block_1_39' title="bbox 514 2998 2849 3067">
    <p class='ocr_par' dir='ltr' id='par_1_39' title="bbox 514 2998 2849 3067">
     <span class='ocr_line' id='line_1_39' title="bbox 514 2998 2849 3067; baseline -0.005 -3"><span class='ocrx_word' id='word_1_267' title='bbox 514 3009 605 3064; x_wconf 92' lang='lat' dir='ltr'><strong>Ill.</strong></span> <span class='ocrx_word' id='word_1_268' title='bbox 636 3038 708 3049; x_wconf 90' lang='lat'><strong>—</strong></span> <span class='ocrx_word' id='word_1_269' title='bbox 736 3008 1033 3063; x_wconf 85' lang='lat' dir='ltr'><strong>Desanctis</strong></span> <span class='ocrx_word' id='word_1_270' title='bbox 1063 2998 1399 3059; x_wconf 73' lang='lat' dir='ltr'><strong>diversomm</strong></span> <span class='ocrx_word' id='word_1_271' title='bbox 1425 3004 1658 3057; x_wconf 84' lang='lat' dir='ltr'><strong>locorum</strong></span> <span class='ocrx_word' id='word_1_272' title='bbox 1686 3003 1882 3067; x_wconf 66' lang='lat' dir='ltr'><strong>Italia,</strong></span> <span class='ocrx_word' id='word_1_273' title='bbox 1916 3003 2207 3065; x_wconf 85' lang='lat' dir='ltr'><strong>Honorato,</strong></span> <span class='ocrx_word' id='word_1_274' title='bbox 2251 2998 2521 3052; x_wconf 87' lang='lat' dir='ltr'><strong>Libertina</strong></span> <span class='ocrx_word' id='word_1_275' title='bbox 2545 3001 2594 3050; x_wconf 91' lang='lat' dir='ltr'><strong>et</strong></span> <span class='ocrx_word' id='word_1_276' title='bbox 2623 2998 2849 3052; x_wconf 70' lang='lat' dir='ltr'><strong>caeteris.</strong></span> 
     </span>
    </p>
   </div>
   <div class='ocr_carea' id='block_1_40' title="bbox 515 3069 2703 3147">
    <p class='ocr_par' dir='ltr' id='par_1_40' title="bbox 515 3069 2703 3147">
     <span class='ocr_line' id='line_1_40' title="bbox 515 3069 2703 3147; baseline -0.007 -11"><span class='ocrx_word' id='word_1_277' title='bbox 515 3080 599 3136; x_wconf 91' lang='lat' dir='ltr'><strong>IV.</strong></span> <span class='ocrx_word' id='word_1_278' title='bbox 631 3109 699 3120; x_wconf 97' lang='lat'><strong>—</strong></span> <span class='ocrx_word' id='word_1_279' title='bbox 722 3082 799 3135; x_wconf 89' lang='lat' dir='ltr'><strong>De</strong></span> <span class='ocrx_word' id='word_1_280' title='bbox 823 3081 1028 3133; x_wconf 88' lang='lat' dir='ltr'><strong>sanctis</strong></span> <span class='ocrx_word' id='word_1_281' title='bbox 1054 3078 1301 3147; x_wconf 87' lang='lat' dir='ltr'><strong>Equitio,</strong></span> <span class='ocrx_word' id='word_1_282' title='bbox 1334 3076 1669 3140; x_wconf 89' lang='lat' dir='ltr'><strong>Constantio,</strong></span> <span class='ocrx_word' id='word_1_283' title='bbox 1702 3072 2018 3129; x_wconf 76' lang='lat' dir='ltr'><strong>Marcellino</strong></span> <span class='ocrx_word' id='word_1_284' title='bbox 2044 3071 2296 3128; x_wconf 88' lang='lat' dir='ltr'><strong>Nonnosa</strong></span> <span class='ocrx_word' id='word_1_285' title='bbox 2319 3073 2368 3123; x_wconf 90' lang='lat' dir='ltr'><strong>et</strong></span> <span class='ocrx_word' id='word_1_286' title='bbox 2395 3069 2703 3134; x_wconf 83' lang='lat' dir='ltr'><strong>Bonifacia.</strong></span> 
     </span>
    </p>
   </div>
   <div class='ocr_carea' id='block_1_41' title="bbox 521 3149 1609 3216">
    <p class='ocr_par' dir='ltr' id='par_1_41' title="bbox 521 3149 1609 3216">
     <span class='ocr_line' id='line_1_41' title="bbox 521 3149 1609 3216; baseline -0.006 -11"><span class='ocrx_word' id='word_1_287' title='bbox 521 3151 582 3205; x_wconf 92' lang='lat' dir='ltr'><strong>V.</strong></span> <span class='ocrx_word' id='word_1_288' title='bbox 615 3181 682 3192; x_wconf 92' lang='lat'><strong><em>—</em></strong></span> <span class='ocrx_word' id='word_1_289' title='bbox 710 3153 786 3206; x_wconf 84' lang='lat' dir='ltr'><strong>De</strong></span> <span class='ocrx_word' id='word_1_290' title='bbox 808 3154 994 3205; x_wconf 86' lang='lat' dir='ltr'><strong>sancto</strong></span> <span class='ocrx_word' id='word_1_291' title='bbox 1022 3151 1315 3204; x_wconf 86' lang='lat' dir='ltr'><strong>Fortunato</strong></span> <span class='ocrx_word' id='word_1_292' title='bbox 1344 3149 1609 3216; x_wconf 75' lang='lat' dir='ltr'><strong>episcopo,</strong></span> 
     </span>
    </p>
   </div>
   <div class='ocr_carea' id='block_1_42' title="bbox 518 3219 1645 3287">
    <p class='ocr_par' dir='ltr' id='par_1_42' title="bbox 518 3219 1645 3287">
     <span class='ocr_line' id='line_1_42' title="bbox 518 3219 1645 3287; baseline -0.007 -10"><span class='ocrx_word' id='word_1_293' title='bbox 518 3222 604 3277; x_wconf 92' lang='lat' dir='ltr'><strong>VI.</strong></span> <span class='ocrx_word' id='word_1_294' title='bbox 630 3252 701 3263; x_wconf 90' lang='lat'>—</span> <span class='ocrx_word' id='word_1_295' title='bbox 724 3224 799 3276; x_wconf 89' lang='lat' dir='ltr'><strong>De</strong></span> <span class='ocrx_word' id='word_1_296' title='bbox 818 3223 1022 3276; x_wconf 88' lang='lat' dir='ltr'><strong>sanctis</strong></span> <span class='ocrx_word' id='word_1_297' title='bbox 1052 3220 1319 3287; x_wconf 83' lang='lat' dir='ltr'><strong>Martyria</strong></span> <span class='ocrx_word' id='word_1_298' title='bbox 1353 3223 1402 3272; x_wconf 90' lang='lat' dir='ltr'><strong>et</strong></span> <span class='ocrx_word' id='word_1_299' title='bbox 1436 3219 1645 3273; x_wconf 82' lang='lat' dir='ltr'><strong>Severo.</strong></span> 
     </span>
    </p>
   </div>
   <div class='ocr_carea' id='block_1_43' title="bbox 522 3282 2275 3361">
    <p class='ocr_par' dir='ltr' id='par_1_43' title="bbox 522 3282 2275 3361">
     <span class='ocr_line' id='line_1_43' title="bbox 522 3282 2275 3361; baseline -0.006 -14"><span class='ocrx_word' id='word_1_300' title='bbox 522 3293 635 3349; x_wconf 87' lang='lat' dir='ltr'><strong>VII.</strong></span> <span class='ocrx_word' id='word_1_301' title='bbox 664 3322 735 3333; x_wconf 90' lang='lat'><strong><em>—</em></strong></span> <span class='ocrx_word' id='word_1_302' title='bbox 758 3295 834 3348; x_wconf 91' lang='lat' dir='ltr'><strong>De</strong></span> <span class='ocrx_word' id='word_1_303' title='bbox 857 3291 1131 3348; x_wconf 88' lang='lat' dir='ltr'><strong>sacerdote</strong></span> <span class='ocrx_word' id='word_1_304' title='bbox 1153 3282 1252 3361; x_wconf 76' lang='lat' dir='ltr'><strong>qui</strong></span> <span class='ocrx_word' id='word_1_305' title='bbox 1276 3290 1563 3357; x_wconf 85' lang='lat' dir='ltr'><strong>defunctus</strong></span> <span class='ocrx_word' id='word_1_306' title='bbox 1587 3289 1766 3361; x_wconf 73' lang='lat' dir='ltr'><strong>furem</strong></span> <span class='ocrx_word' id='word_1_307' title='bbox 1789 3286 1975 3361; x_wconf 66' lang='lat' dir='ltr'><strong>vinxit</strong></span> <span class='ocrx_word' id='word_1_308' title='bbox 2012 3282 2275 3354; x_wconf 83' lang='lat' dir='ltr'><strong>sepulcra.</strong></span> 
     </span>
    </p>
   </div>
   <div class='ocr_carea' id='block_1_44' title="bbox 518 3357 1937 3427">
    <p class='ocr_par' dir='ltr' id='par_1_44' title="bbox 518 3357 1937 3427">
     <span class='ocr_line' id='line_1_44' title="bbox 518 3357 1937 3427; baseline -0.005 -9"><span class='ocrx_word' id='word_1_309' title='bbox 518 3365 656 3420; x_wconf 90' lang='lat' dir='ltr'><strong>VIII.</strong></span> <span class='ocrx_word' id='word_1_310' title='bbox 681 3393 751 3404; x_wconf 91' lang='lat'>—</span> <span class='ocrx_word' id='word_1_311' title='bbox 780 3366 854 3419; x_wconf 83' lang='lat' dir='ltr'><strong>De</strong></span> <span class='ocrx_word' id='word_1_312' title='bbox 878 3367 1065 3418; x_wconf 87' lang='lat' dir='ltr'><strong>sancta</strong></span> <span class='ocrx_word' id='word_1_313' title='bbox 1093 3357 1377 3418; x_wconf 77' lang='lat' dir='ltr'><strong>Benedicto</strong></span> <span class='ocrx_word' id='word_1_314' title='bbox 1404 3364 1455 3415; x_wconf 90' lang='lat' dir='ltr'><strong>et</strong></span> <span class='ocrx_word' id='word_1_315' title='bbox 1481 3359 1767 3415; x_wconf 81' lang='lat' dir='ltr'><strong>miraculis</strong></span> <span class='ocrx_word' id='word_1_316' title='bbox 1796 3357 1937 3427; x_wconf 87' lang='lat' dir='ltr'><strong>ejus.</strong></span> 
     </span>
    </p>
   </div>
   <div class='ocr_carea' id='block_1_45' title="bbox 525 3433 1298 3492">
    <p class='ocr_par' dir='ltr' id='par_1_45' title="bbox 525 3433 1298 3492">
     <span class='ocr_line' id='line_1_45' title="bbox 525 3433 1298 3492; baseline -0.006 -1"><span class='ocrx_word' id='word_1_317' title='bbox 525 3436 613 3492; x_wconf 91' lang='lat' dir='ltr'><strong>IX.</strong></span> <span class='ocrx_word' id='word_1_318' title='bbox 644 3465 713 3477; x_wconf 93' lang='lat'><strong>—</strong></span> <span class='ocrx_word' id='word_1_319' title='bbox 744 3437 818 3489; x_wconf 87' lang='lat' dir='ltr'><strong>De</strong></span> <span class='ocrx_word' id='word_1_320' title='bbox 836 3439 1021 3489; x_wconf 90' lang='lat' dir='ltr'><strong>sancto</strong></span> <span class='ocrx_word' id='word_1_321' title='bbox 1052 3433 1298 3489; x_wconf 89' lang='lat' dir='ltr'><strong>Paulino.</strong></span> 
     </span>
    </p>
   </div>
   <div class='ocr_carea' id='block_1_46' title="bbox 525 3505 1484 3573">
    <p class='ocr_par' dir='ltr' id='par_1_46' title="bbox 525 3505 1484 3573">
     <span class='ocr_line' id='line_1_46' title="bbox 525 3505 1484 3573; baseline -0.008 -9"><span class='ocrx_word' id='word_1_322' title='bbox 525 3507 584 3564; x_wconf 87' lang='lat' dir='ltr'><strong>X.</strong></span> <span class='ocrx_word' id='word_1_323' title='bbox 612 3510 785 3563; x_wconf 86' lang='lat' dir='ltr'><strong>---De</strong></span> <span class='ocrx_word' id='word_1_324' title='bbox 812 3510 999 3562; x_wconf 88' lang='lat' dir='ltr'><strong>sancta</strong></span> <span class='ocrx_word' id='word_1_325' title='bbox 1034 3506 1201 3560; x_wconf 87' lang='lat' dir='ltr'><strong>Dacia</strong></span> <span class='ocrx_word' id='word_1_326' title='bbox 1224 3505 1484 3573; x_wconf 82' lang='lat' dir='ltr'><strong>episcopo.</strong></span> 
     </span>
    </p>
   </div>
   <div class='ocr_carea' id='block_1_47' title="bbox 529 3575 1387 3644">
    <p class='ocr_par' dir='ltr' id='par_1_47' title="bbox 529 3575 1387 3644">
     <span class='ocr_line' id='line_1_47' title="bbox 529 3575 1387 3644; baseline -0.009 -9"><span class='ocrx_word' id='word_1_327' title='bbox 529 3578 617 3635; x_wconf 89' lang='lat' dir='ltr'><strong>XI.</strong></span> <span class='ocrx_word' id='word_1_328' title='bbox 650 3608 719 3619; x_wconf 87' lang='lat'><strong>-—</strong></span> <span class='ocrx_word' id='word_1_329' title='bbox 756 3581 832 3635; x_wconf 91' lang='lat' dir='ltr'><strong>De</strong></span> <span class='ocrx_word' id='word_1_330' title='bbox 860 3582 1046 3632; x_wconf 90' lang='lat' dir='ltr'><strong>sancto</strong></span> <span class='ocrx_word' id='word_1_331' title='bbox 1072 3575 1387 3644; x_wconf 84' lang='lat' dir='ltr'><strong>Frigdiano.</strong></span> 
     </span>
    </p>
   </div>
   <div class='ocr_carea' id='block_1_48' title="bbox 528 3646 1386 3716">
    <p class='ocr_par' dir='ltr' id='par_1_48' title="bbox 528 3646 1386 3716">
     <span class='ocr_line' id='line_1_48' title="bbox 528 3646 1386 3716; baseline -0.007 -11"><span class='ocrx_word' id='word_1_332' title='bbox 528 3649 642 3705; x_wconf 85' lang='lat' dir='ltr'><strong>XII.</strong></span> <span class='ocrx_word' id='word_1_333' title='bbox 667 3680 739 3691; x_wconf 90' lang='lat'><strong>—</strong></span> <span class='ocrx_word' id='word_1_334' title='bbox 774 3650 845 3704; x_wconf 89' lang='lat' dir='ltr'><strong>De</strong></span> <span class='ocrx_word' id='word_1_335' title='bbox 858 3652 1043 3704; x_wconf 85' lang='lat' dir='ltr'><strong>sancto</strong></span> <span class='ocrx_word' id='word_1_336' title='bbox 1066 3646 1386 3716; x_wconf 86' lang='lat' dir='ltr'><strong>Populonia.</strong></span> 
     </span>
    </p>
   </div>
   <div class='ocr_carea' id='block_1_49' title="bbox 526 3717 1440 3778">
    <p class='ocr_par' dir='ltr' id='par_1_49' title="bbox 526 3717 1440 3778">
     <span class='ocr_line' id='line_1_49' title="bbox 526 3717 1440 3778; baseline -0.005 0"><span class='ocrx_word' id='word_1_337' title='bbox 526 3722 667 3778; x_wconf 89' lang='lat' dir='ltr'><strong>XIII.</strong></span> <span class='ocrx_word' id='word_1_338' title='bbox 702 3750 764 3761; x_wconf 93' lang='lat'><strong><em>—</em></strong></span> <span class='ocrx_word' id='word_1_339' title='bbox 793 3723 870 3777; x_wconf 89' lang='lat' dir='ltr'><strong>De</strong></span> <span class='ocrx_word' id='word_1_340' title='bbox 896 3723 1082 3775; x_wconf 86' lang='lat' dir='ltr'><strong>sancto</strong></span> <span class='ocrx_word' id='word_1_341' title='bbox 1112 3717 1440 3773; x_wconf 86' lang='lat' dir='ltr'><strong>Herculano.</strong></span> 
     </span>
    </p>
   </div>
   <div class='ocr_carea' id='block_1_50' title="bbox 529 3785 1567 3849">
    <p class='ocr_par' dir='ltr' id='par_1_50' title="bbox 529 3785 1567 3849">
     <span class='ocr_line' id='line_1_50' title="bbox 529 3785 1567 3849; baseline -0.01 0"><span class='ocrx_word' id='word_1_342' title='bbox 529 3793 661 3849; x_wconf 87' lang='lat' dir='ltr'><strong>XIV.</strong></span> <span class='ocrx_word' id='word_1_343' title='bbox 702 3821 763 3833; x_wconf 91' lang='lat'>—</span> <span class='ocrx_word' id='word_1_344' title='bbox 790 3794 867 3847; x_wconf 87' lang='lat' dir='ltr'><strong>De</strong></span> <span class='ocrx_word' id='word_1_345' title='bbox 894 3795 1083 3847; x_wconf 89' lang='lat' dir='ltr'><strong>sancto</strong></span> <span class='ocrx_word' id='word_1_346' title='bbox 1110 3791 1268 3845; x_wconf 87' lang='lat' dir='ltr'><strong>Isaac</strong></span> <span class='ocrx_word' id='word_1_347' title='bbox 1290 3785 1567 3843; x_wconf 86' lang='lat' dir='ltr'><strong>monacho.</strong></span> 
     </span>
    </p>
   </div>
   <div class='ocr_carea' id='block_1_51' title="bbox 529 3855 1731 3921">
    <p class='ocr_par' dir='ltr' id='par_1_51' title="bbox 529 3855 1731 3921">
     <span class='ocr_line' id='line_1_51' title="bbox 529 3855 1731 3921; baseline -0.011 0"><span class='ocrx_word' id='word_1_348' title='bbox 529 3863 639 3921; x_wconf 89' lang='lat' dir='ltr'><strong>XV.</strong></span> <span class='ocrx_word' id='word_1_349' title='bbox 673 3893 737 3906; x_wconf 93' lang='lat'><strong>-</strong></span> <span class='ocrx_word' id='word_1_350' title='bbox 769 3866 846 3919; x_wconf 89' lang='lat' dir='ltr'><strong>De</strong></span> <span class='ocrx_word' id='word_1_351' title='bbox 870 3864 1075 3917; x_wconf 87' lang='lat' dir='ltr'><strong>sanctis</strong></span> <span class='ocrx_word' id='word_1_352' title='bbox 1099 3861 1363 3915; x_wconf 84' lang='lat' dir='ltr'><strong>Florentio</strong></span> <span class='ocrx_word' id='word_1_353' title='bbox 1386 3863 1436 3914; x_wconf 92' lang='lat' dir='ltr'><strong>et</strong></span> <span class='ocrx_word' id='word_1_354' title='bbox 1460 3855 1731 3914; x_wconf 87' lang='lat' dir='ltr'><strong>Eutichio.</strong></span> 
     </span>
    </p>
   </div>
   <div class='ocr_carea' id='block_1_52' title="bbox 532 3933 1357 3991">
    <p class='ocr_par' dir='ltr' id='par_1_52' title="bbox 532 3933 1357 3991">
     <span class='ocr_line' id='line_1_52' title="bbox 532 3933 1357 3991; baseline -0.007 0"><span class='ocrx_word' id='word_1_355' title='bbox 532 3935 661 3991; x_wconf 91' lang='lat' dir='ltr'><strong>XVI.</strong></span> <span class='ocrx_word' id='word_1_356' title='bbox 694 3965 764 3975; x_wconf 91' lang='lat'><strong>—</strong></span> <span class='ocrx_word' id='word_1_357' title='bbox 783 3937 860 3990; x_wconf 89' lang='lat' dir='ltr'><strong>De</strong></span> <span class='ocrx_word' id='word_1_358' title='bbox 883 3938 1070 3989; x_wconf 87' lang='lat' dir='ltr'><strong>sancto</strong></span> <span class='ocrx_word' id='word_1_359' title='bbox 1098 3933 1357 3987; x_wconf 84' lang='lat' dir='ltr'><strong>Martino.</strong></span> 
     </span>
    </p>
   </div>
   <div class='ocr_carea' id='block_1_53' title="bbox 529 3998 1893 4066">
    <p class='ocr_par' dir='ltr' id='par_1_53' title="bbox 529 3998 1893 4066">
     <span class='ocr_line' id='line_1_53' title="bbox 529 3998 1893 4066; baseline -0.01 -3"><span class='ocrx_word' id='word_1_360' title='bbox 529 4007 668 4062; x_wconf 86' lang='lat' dir='ltr'><strong>XVII</strong></span> <span class='ocrx_word' id='word_1_361' title='bbox 716 4037 787 4046; x_wconf 89' lang='lat'>—</span> <span class='ocrx_word' id='word_1_362' title='bbox 815 4009 891 4061; x_wconf 88' lang='lat' dir='ltr'><strong>De</strong></span> <span class='ocrx_word' id='word_1_363' title='bbox 916 4004 1177 4060; x_wconf 87' lang='lat' dir='ltr'><strong>monacho</strong></span> <span class='ocrx_word' id='word_1_364' title='bbox 1208 4004 1420 4057; x_wconf 87' lang='lat' dir='ltr'><strong>nomine</strong></span> <span class='ocrx_word' id='word_1_365' title='bbox 1449 3998 1893 4066; x_wconf 84' lang='lat' dir='ltr'><strong>Quadragesimo.</strong></span> 
     </span>
    </p>
   </div>
   <div class='ocr_carea' id='block_1_54' title="bbox 531 4071 1802 4133">
    <p class='ocr_par' dir='ltr' id='par_1_54' title="bbox 531 4071 1802 4133">
     <span class='ocr_line' id='line_1_54' title="bbox 531 4071 1802 4133; baseline -0.009 0"><span class='ocrx_word' id='word_1_366' title='bbox 531 4078 721 4133; x_wconf 89' lang='lat' dir='ltr'><strong>XVIII.</strong></span> <span class='ocrx_word' id='word_1_367' title='bbox 759 4107 820 4118; x_wconf 89' lang='lat'><strong>-</strong></span> <span class='ocrx_word' id='word_1_368' title='bbox 854 4080 930 4132; x_wconf 90' lang='lat' dir='ltr'><strong>De</strong></span> <span class='ocrx_word' id='word_1_369' title='bbox 956 4076 1243 4132; x_wconf 87' lang='lat' dir='ltr'><strong>Benedicta</strong></span> <span class='ocrx_word' id='word_1_370' title='bbox 1270 4072 1529 4129; x_wconf 85' lang='lat' dir='ltr'><strong>monacho</strong></span> <span class='ocrx_word' id='word_1_371' title='bbox 1556 4074 1607 4124; x_wconf 80' lang='lat' dir='ltr'><strong>et</strong></span> <span class='ocrx_word' id='word_1_372' title='bbox 1627 4071 1802 4124; x_wconf 83' lang='lat' dir='ltr'><strong>Mena.</strong></span> 
     </span>
    </p>
   </div>
   <div class='ocr_carea' id='block_1_55' title="bbox 533 4131 2800 4219">
    <p class='ocr_par' dir='ltr' id='par_1_55' title="bbox 533 4131 2800 4219">
     <span class='ocr_line' id='line_1_55' title="bbox 533 4131 2800 4219; baseline -0.01 -13"><span class='ocrx_word' id='word_1_373' title='bbox 533 4131 661 4205; x_wconf 9' lang='lat' dir='ltr'><strong>XIX,</strong></span> <span class='ocrx_word' id='word_1_374' title='bbox 684 4131 765 4189; x_wconf 20' lang='grc' dir='ltr'><strong>ί-</strong></span> <span class='ocrx_word' id='word_1_375' title='bbox 782 4131 1260 4219; x_wconf 30' lang='grc' dir='ltr'><strong>Βεηᾳυᾶάναρίπια</strong></span> <span class='ocrx_word' id='word_1_376' title='bbox 1277 4145 1498 4219; x_wconf 67' lang='lat' dir='ltr'><strong>rusticis</strong></span> <span class='ocrx_word' id='word_1_377' title='bbox 1527 4145 1592 4219; x_wconf 87' lang='lat' dir='ltr'><strong>et_</strong></span> <span class='ocrx_word' id='word_1_378' title='bbox 1613 4144 1688 4195; x_wconf 86' lang='lat' dir='ltr'><strong>eis</strong></span> <span class='ocrx_word' id='word_1_379' title='bbox 1718 4140 1816 4210; x_wconf 87' lang='lat' dir='ltr'><strong>qui</strong></span> <span class='ocrx_word' id='word_1_380' title='bbox 1842 4138 2007 4208; x_wconf 84' lang='lat' dir='ltr'><strong>caput</strong></span> <span class='ocrx_word' id='word_1_381' title='bbox 2039 4151 2217 4207; x_wconf 63' lang='lat' dir='ltr'><strong>capra</strong></span> <span class='ocrx_word' id='word_1_382' title='bbox 2234 4134 2521 4190; x_wconf 87' lang='lat' dir='ltr'><strong>noluerunt</strong></span> <span class='ocrx_word' id='word_1_383' title='bbox 2550 4131 2800 4187; x_wconf 87' lang='lat' dir='ltr'><strong>adorare.</strong></span> 
     </span>
    </p>
   </div>
   <div class='ocr_carea' id='block_1_56' title="bbox 536 4214 1641 4277">
    <p class='ocr_par' dir='ltr' id='par_1_56' title="bbox 536 4214 1641 4277">
     <span class='ocr_line' id='line_1_56' title="bbox 536 4214 1641 4277; baseline -0.009 0"><span class='ocrx_word' id='word_1_384' title='bbox 536 4220 643 4277; x_wconf 89' lang='lat' dir='ltr'><strong>XX.</strong></span> <span class='ocrx_word' id='word_1_385' title='bbox 674 4251 744 4261; x_wconf 98' lang='lat'>—</span> <span class='ocrx_word' id='word_1_386' title='bbox 774 4224 849 4276; x_wconf 88' lang='lat' dir='ltr'><strong>De</strong></span> <span class='ocrx_word' id='word_1_387' title='bbox 865 4214 1068 4274; x_wconf 74' lang='lat' dir='ltr'><strong>sanctis</strong></span> <span class='ocrx_word' id='word_1_388' title='bbox 1088 4214 1325 4273; x_wconf 83' lang='lat' dir='ltr'><strong>Acanica</strong></span> <span class='ocrx_word' id='word_1_389' title='bbox 1338 4220 1387 4270; x_wconf 86' lang='lat' dir='ltr'><strong>et</strong></span> <span class='ocrx_word' id='word_1_390' title='bbox 1406 4214 1641 4270; x_wconf 85' lang='lat' dir='ltr'><strong>Florida.</strong></span> 
     </span>
    </p>
   </div>
   <div class='ocr_carea' id='block_1_57' title="bbox 541 4290 1172 4348">
    <p class='ocr_par' dir='ltr' id='par_1_57' title="bbox 541 4290 1172 4348">
     <span class='ocr_line' id='line_1_57' title="bbox 541 4290 1172 4348; baseline -0.008 -1"><span class='ocrx_word' id='word_1_391' title='bbox 541 4292 668 4347; x_wconf 85' lang='lat' dir='ltr'><strong>XXI.</strong></span> <span class='ocrx_word' id='word_1_392' title='bbox 704 4321 767 4333; x_wconf 92' lang='lat'><strong>—</strong></span> <span class='ocrx_word' id='word_1_393' title='bbox 798 4294 871 4347; x_wconf 86' lang='lat' dir='ltr'><strong>De</strong></span> <span class='ocrx_word' id='word_1_394' title='bbox 898 4290 1172 4348; x_wconf 89' lang='lat' dir='ltr'><strong>Sanctula.</strong></span> 
     </span>
    </p>
   </div>
   <div class='ocr_carea' id='block_1_58' title="bbox 548 4346 2579 4430">
    <p class='ocr_par' dir='ltr' id='par_1_58' title="bbox 548 4346 2579 4430">
     <span class='ocr_line' id='line_1_58' title="bbox 548 4346 2579 4430; baseline -0.008 -12"><span class='ocrx_word' id='word_1_395' title='bbox 548 4346 707 4419; x_wconf 83' lang='lat' dir='ltr'><strong>XXII.</strong></span> <span class='ocrx_word' id='word_1_396' title='bbox 751 4346 819 4403; x_wconf 52' lang='grc' dir='ltr'><strong>-έ</strong></span> <span class='ocrx_word' id='word_1_397' title='bbox 849 4346 925 4419; x_wconf 81' lang='lat' dir='ltr'><strong>De</strong></span> <span class='ocrx_word' id='word_1_398' title='bbox 948 4363 1154 4416; x_wconf 88' lang='lat' dir='ltr'><strong>sanctis</strong></span> <span class='ocrx_word' id='word_1_399' title='bbox 1186 4361 1430 4430; x_wconf 85' lang='lat' dir='ltr'><strong>Speciosa</strong></span> <span class='ocrx_word' id='word_1_400' title='bbox 1461 4361 1511 4412; x_wconf 90' lang='lat' dir='ltr'><strong>et</strong></span> <span class='ocrx_word' id='word_1_401' title='bbox 1533 4355 1787 4430; x_wconf 69' lang='lat' dir='ltr'><strong>Gregorio</strong></span> <span class='ocrx_word' id='word_1_402' title='bbox 1806 4350 2109 4430; x_wconf 74' lang='lat' dir='ltr'><strong>fratribus,</strong></span> <span class='ocrx_word' id='word_1_403' title='bbox 2140 4353 2432 4430; x_wconf 64' lang='lat' dir='ltr'><strong>sanctoque</strong></span> <span class='ocrx_word' id='word_1_404' title='bbox 2454 4346 2579 4430; x_wconf 76' lang='lat' dir='ltr'><strong>Spe.</strong></span> 
     </span>
    </p>
   </div>
   <div class='ocr_carea' id='block_1_59' title="bbox 543 4413 3125 4500">
    <p class='ocr_par' dir='ltr' id='par_1_59' title="bbox 543 4413 3125 4500">
     <span class='ocr_line' id='line_1_59' title="bbox 543 4413 3125 4500; baseline -0.01 -10"><span class='ocrx_word' id='word_1_405' title='bbox 543 4413 729 4489; x_wconf 78' lang='lat' dir='ltr'><strong>XXIII.</strong></span> <span class='ocrx_word' id='word_1_406' title='bbox 764 4465 832 4475; x_wconf 95' lang='lat'><strong>—</strong></span> <span class='ocrx_word' id='word_1_407' title='bbox 849 4413 935 4490; x_wconf 50' lang='grc' dir='ltr'><strong>ἧς</strong></span> <span class='ocrx_word' id='word_1_408' title='bbox 951 4413 1214 4500; x_wconf 53' lang='lat' dir='ltr'><strong>quadam</strong></span> <span class='ocrx_word' id='word_1_409' title='bbox 1224 4413 1544 4500; x_wconf 51' lang='lat' dir='ltr'><strong>‘presbytera</strong></span> <span class='ocrx_word' id='word_1_410' title='bbox 1566 4413 1779 4483; x_wconf 59' lang='lat' dir='ltr'><strong>Nursiae</strong></span> <span class='ocrx_word' id='word_1_411' title='bbox 1799 4413 1853 4500; x_wconf 73' lang='lat' dir='ltr'><strong>et</strong></span> <span class='ocrx_word' id='word_1_412' title='bbox 1877 4423 2052 4500; x_wconf 72' lang='lat' dir='ltr'><strong>Proba</strong></span> <span class='ocrx_word' id='word_1_413' title='bbox 2073 4413 2643 4500; x_wconf 38' lang='lat' dir='ltr'><strong>episcopogstephano</strong></span> <span class='ocrx_word' id='word_1_414' title='bbox 2680 4430 2900 4500; x_wconf 63' lang='lat' dir='ltr'><strong>quoque</strong></span> <span class='ocrx_word' id='word_1_415' title='bbox 2913 4413 3125 4468; x_wconf 86' lang='lat' dir='ltr'><strong>abbate.</strong></span> 
     </span>
    </p>
   </div>
   <div class='ocr_carea' id='block_1_60' title="bbox 540 4483 3336 4562">
    <p class='ocr_par' dir='ltr' id='par_1_60' title="bbox 540 4483 3336 4562">
     <span class='ocr_line' id='line_1_60' title="bbox 540 4483 3336 4562; baseline -0.008 -2"><span class='ocrx_word' id='word_1_416' title='bbox 540 4483 728 4562; x_wconf 55' lang='lat' dir='ltr'><strong>XXIV.</strong></span> <span class='ocrx_word' id='word_1_417' title='bbox 761 4536 827 4546; x_wconf 90' lang='lat'><strong><em>—</em></strong></span> <span class='ocrx_word' id='word_1_418' title='bbox 953 4483 1465 4559; x_wconf 28' lang='lat' dir='ltr'><strong>duobus—moimh&#39;is</strong></span> <span class='ocrx_word' id='word_1_419' title='bbox 1497 4498 1834 4556; x_wconf 84' lang='lat' dir='ltr'><strong>Valentianis</strong></span> <span class='ocrx_word' id='word_1_420' title='bbox 1865 4483 2117 4559; x_wconf 52' lang='lat' dir='ltr'><strong>abbatis;</strong></span> <span class='ocrx_word' id='word_1_421' title='bbox 2128 4497 2178 4548; x_wconf 87' lang='lat' dir='ltr'><strong>et</strong></span> <span class='ocrx_word' id='word_1_422' title='bbox 2196 4483 2380 4547; x_wconf 22' lang='lat' dir='ltr'><strong>sa&#39;nc&#39;to</strong></span> <span class='ocrx_word' id='word_1_423' title='bbox 2407 4483 2622 4547; x_wconf 77' lang='lat' dir='ltr'><strong>Surana</strong></span> <span class='ocrx_word' id='word_1_424' title='bbox 2651 4483 2815 4559; x_wconf 71' lang='lat' dir='ltr'><strong>atque</strong></span> <span class='ocrx_word' id='word_1_425' title='bbox 2841 4487 3065 4541; x_wconf 83' lang='lat' dir='ltr'><strong>diacono</strong></span> <span class='ocrx_word' id='word_1_426' title='bbox 3084 4483 3336 4555; x_wconf 86' lang='lat' dir='ltr'><strong>quodam.</strong></span> 
     </span>
    </p>
   </div>
   <div class='ocr_carea' id='block_1_61' title="bbox 544 4568 2823 4640">
    <p class='ocr_par' dir='ltr' id='par_1_61' title="bbox 544 4568 2823 4640">
     <span class='ocr_line' id='line_1_61' title="bbox 544 4568 2823 4640; baseline -0.004 -8"><span class='ocrx_word' id='word_1_427' title='bbox 544 4578 692 4632; x_wconf 89' lang='lat' dir='ltr'><strong>XXV.</strong></span> <span class='ocrx_word' id='word_1_428' title='bbox 725 4608 795 4618; x_wconf 89' lang='lat'>—</span> <span class='ocrx_word' id='word_1_429' title='bbox 823 4581 899 4633; x_wconf 91' lang='lat' dir='ltr'><strong>De</strong></span> <span class='ocrx_word' id='word_1_430' title='bbox 924 4577 1130 4631; x_wconf 85' lang='lat' dir='ltr'><strong>sanctis</strong></span> <span class='ocrx_word' id='word_1_431' title='bbox 1158 4574 1381 4630; x_wconf 84' lang='lat' dir='ltr'><strong>Mellito.</strong></span> <span class='ocrx_word' id='word_1_432' title='bbox 1428 4570 1768 4640; x_wconf 87' lang='lat' dir='ltr'><strong>Theophanio</strong></span> <span class='ocrx_word' id='word_1_433' title='bbox 1805 4570 1854 4621; x_wconf 89' lang='lat' dir='ltr'><strong>et</strong></span> <span class='ocrx_word' id='word_1_434' title='bbox 1884 4568 2091 4640; x_wconf 88' lang='lat' dir='ltr'><strong>Petro._</strong></span> <span class='ocrx_word' id='word_1_435' title='bbox 2478 4636 2486 4640; x_wconf 92' lang='lat'><strong>_</strong></span> <span class='ocrx_word' id='word_1_436' title='bbox 2570 4632 2603 4640; x_wconf 88' lang='lat'>__</span> <span class='ocrx_word' id='word_1_437' title='bbox 2817 4598 2823 4604; x_wconf 89' lang='lat'><strong>-</strong></span> 
     </span>
    </p>
   </div>
   <div class='ocr_carea' id='block_1_62' title="bbox 544 4632 2697 4709">
    <p class='ocr_par' dir='ltr' id='par_1_62' title="bbox 544 4632 2697 4709">
     <span class='ocr_line' id='line_1_62' title="bbox 544 4632 2697 4709; baseline -0.008 -7"><span class='ocrx_word' id='word_1_438' title='bbox 544 4648 719 4704; x_wconf 85' lang='lat' dir='ltr'><strong>XXVI.</strong></span> <span class='ocrx_word' id='word_1_439' title='bbox 744 4680 808 4688; x_wconf 97' lang='lat'><strong>—</strong></span> <span class='ocrx_word' id='word_1_440' title='bbox 837 4632 913 4705; x_wconf 68' lang='lat' dir='ltr'><strong>be</strong></span> <span class='ocrx_word' id='word_1_441' title='bbox 940 4648 1145 4702; x_wconf 88' lang='lat' dir='ltr'><strong>sanctis</strong></span> <span class='ocrx_word' id='word_1_442' title='bbox 1175 4647 1364 4701; x_wconf 83' lang='lat' dir='ltr'><strong>Severo</strong></span> <span class='ocrx_word' id='word_1_443' title='bbox 1393 4648 1442 4698; x_wconf 90' lang='lat' dir='ltr'><strong>et</strong></span> <span class='ocrx_word' id='word_1_444' title='bbox 1464 4632 1691 4709; x_wconf 63' lang='lat' dir='ltr'><strong>Egistia,</strong></span> <span class='ocrx_word' id='word_1_445' title='bbox 1723 4640 2033 4706; x_wconf 67' lang='lat' dir='ltr'><strong>caeterisque</strong></span> <span class='ocrx_word' id='word_1_446' title='bbox 2056 4638 2323 4692; x_wconf 61' lang='lat' dir='ltr'><strong>Ravenna</strong></span> <span class='ocrx_word' id='word_1_447' title='bbox 2342 4632 2697 4702; x_wconf 77' lang='lat' dir='ltr'><strong>martyribus.</strong></span> 
     </span>
    </p>
   </div>
   <div class='ocr_carea' id='block_1_63' title="bbox 543 4711 2202 4778">
    <p class='ocr_par' dir='ltr' id='par_1_63' title="bbox 543 4711 2202 4778">
     <span class='ocr_line' id='line_1_63' title="bbox 543 4711 2202 4778; baseline -0.009 -4"><span class='ocrx_word' id='word_1_448' title='bbox 543 4719 743 4775; x_wconf 90' lang='lat' dir='ltr'><strong>XXVII.</strong></span> <span class='ocrx_word' id='word_1_449' title='bbox 774 4750 845 4761; x_wconf 88' lang='lat'><strong>--</strong></span> <span class='ocrx_word' id='word_1_450' title='bbox 870 4723 946 4775; x_wconf 85' lang='lat' dir='ltr'><strong>De</strong></span> <span class='ocrx_word' id='word_1_451' title='bbox 964 4721 1146 4773; x_wconf 87' lang='lat' dir='ltr'><strong>sancto</strong></span> <span class='ocrx_word' id='word_1_452' title='bbox 1176 4717 1441 4774; x_wconf 86' lang='lat' dir='ltr'><strong>Germano</strong></span> <span class='ocrx_word' id='word_1_453' title='bbox 1470 4711 1913 4769; x_wconf 86' lang='lat' dir='ltr'><strong>Antisiodorensi</strong></span> <span class='ocrx_word' id='word_1_454' title='bbox 1939 4711 2202 4778; x_wconf 83' lang='lat' dir='ltr'><strong>episcopo.</strong></span> 
     </span>
    </p>
   </div>
   <div class='ocr_carea' id='block_1_64' title="bbox 546 4776 2509 4851">
    <p class='ocr_par' dir='ltr' id='par_1_64' title="bbox 546 4776 2509 4851">
     <span class='ocr_line' id='line_1_64' title="bbox 546 4776 2509 4851; baseline -0.007 -7"><span class='ocrx_word' id='word_1_455' title='bbox 546 4790 769 4846; x_wconf 88' lang='lat' dir='ltr'><strong>XXVIII.</strong></span> <span class='ocrx_word' id='word_1_456' title='bbox 808 4821 857 4831; x_wconf 91' lang='lat'><strong>-—</strong></span> <span class='ocrx_word' id='word_1_457' title='bbox 897 4794 973 4846; x_wconf 90' lang='lat' dir='ltr'><strong>De</strong></span> <span class='ocrx_word' id='word_1_458' title='bbox 998 4790 1202 4845; x_wconf 87' lang='lat' dir='ltr'><strong>sanctis</strong></span> <span class='ocrx_word' id='word_1_459' title='bbox 1235 4786 1544 4851; x_wconf 84' lang='lat' dir='ltr'><strong>Theodosio,</strong></span> <span class='ocrx_word' id='word_1_460' title='bbox 1576 4786 1803 4844; x_wconf 86' lang='lat' dir='ltr'><strong>Donato,</strong></span> <span class='ocrx_word' id='word_1_461' title='bbox 1834 4776 2171 4836; x_wconf 76' lang='lat' dir='ltr'><strong>Secundiano</strong></span> <span class='ocrx_word' id='word_1_462' title='bbox 2191 4781 2240 4832; x_wconf 88' lang='lat' dir='ltr'><strong>et</strong></span> <span class='ocrx_word' id='word_1_463' title='bbox 2269 4776 2509 4834; x_wconf 82' lang='lat' dir='ltr'><strong>Romula.</strong></span> 
     </span>
    </p>
   </div>
   <div class='ocr_carea' id='block_1_65' title="bbox 552 4856 1933 4926">
    <p class='ocr_par' dir='ltr' id='par_1_65' title="bbox 552 4856 1933 4926">
     <span class='ocr_line' id='line_1_65' title="bbox 552 4856 1933 4926; baseline -0.009 -9"><span class='ocrx_word' id='word_1_464' title='bbox 552 4862 724 4917; x_wconf 83' lang='lat' dir='ltr'><strong>XXIX.</strong></span> <span class='ocrx_word' id='word_1_465' title='bbox 756 4891 829 4902; x_wconf 91' lang='lat'>—</span> <span class='ocrx_word' id='word_1_466' title='bbox 857 4865 932 4918; x_wconf 90' lang='lat' dir='ltr'><strong>De</strong></span> <span class='ocrx_word' id='word_1_467' title='bbox 959 4862 1165 4917; x_wconf 87' lang='lat' dir='ltr'><strong>sanctis</strong></span> <span class='ocrx_word' id='word_1_468' title='bbox 1193 4861 1527 4926; x_wconf 82' lang='lat' dir='ltr'><strong>Hermagora</strong></span> <span class='ocrx_word' id='word_1_469' title='bbox 1554 4860 1605 4911; x_wconf 87' lang='lat' dir='ltr'><strong>et</strong></span> <span class='ocrx_word' id='word_1_470' title='bbox 1622 4856 1933 4926; x_wconf 83' lang='lat' dir='ltr'><strong>Fortunato.</strong></span> 
     </span>
    </p>
   </div>
   <div class='ocr_carea' id='block_1_66' title="bbox 549 4920 2382 4996">
    <p class='ocr_par' dir='ltr' id='par_1_66' title="bbox 549 4920 2382 4996">
     <span class='ocr_line' id='line_1_66' title="bbox 549 4920 2382 4996; baseline -0.008 -8"><span class='ocrx_word' id='word_1_471' title='bbox 549 4933 699 4990; x_wconf 90' lang='lat' dir='ltr'><strong>XXX.</strong></span> <span class='ocrx_word' id='word_1_472' title='bbox 737 4964 802 4974; x_wconf 97' lang='lat'><strong>—</strong></span> <span class='ocrx_word' id='word_1_473' title='bbox 830 4936 907 4990; x_wconf 89' lang='lat' dir='ltr'><strong>De</strong></span> <span class='ocrx_word' id='word_1_474' title='bbox 941 4934 1146 4989; x_wconf 87' lang='lat' dir='ltr'><strong>sanctis</strong></span> <span class='ocrx_word' id='word_1_475' title='bbox 1176 4920 1710 4996; x_wconf 39' lang='lat' dir='ltr'><strong>CantiofCantiana,</strong></span> <span class='ocrx_word' id='word_1_476' title='bbox 1746 4921 2084 4981; x_wconf 84' lang='lat' dir='ltr'><strong>Cantianilla</strong></span> <span class='ocrx_word' id='word_1_477' title='bbox 2109 4924 2161 4978; x_wconf 83' lang='lat' dir='ltr'><strong>et</strong></span> <span class='ocrx_word' id='word_1_478' title='bbox 2188 4920 2382 4977; x_wconf 85' lang='lat' dir='ltr'><strong>Probo.</strong></span> 
     </span>
    </p>
   </div>
   <div class='ocr_carea' id='block_1_67' title="bbox 1326 5052 2384 5122">
    <p class='ocr_par' dir='ltr' id='par_1_67' title="bbox 1326 5052 2384 5122">
     <span class='ocr_line' id='line_1_67' title="bbox 1326 5052 2384 5122; baseline -0.009 -5"><span class='ocrx_word' id='word_1_479' title='bbox 1326 5059 1643 5117; x_wconf 79' lang='lat' dir='ltr'><strong>CAPITULA</strong></span> <span class='ocrx_word' id='word_1_480' title='bbox 1666 5057 1843 5113; x_wconf 88' lang='lat' dir='ltr'><strong>LIBRI</strong></span> <span class='ocrx_word' id='word_1_481' title='bbox 1874 5054 2099 5111; x_wconf 81' lang='lat' dir='ltr'><strong>DECIMI</strong></span> <span class='ocrx_word' id='word_1_482' title='bbox 2121 5052 2384 5122; x_wconf 79' lang='lat' dir='ltr'><strong>QUARTI.</strong></span> 
     </span>
    </p>
   </div>
   <div class='ocr_carea' id='block_1_68' title="bbox 546 5160 1673 5227">
    <p class='ocr_par' dir='ltr' id='par_1_68' title="bbox 546 5160 1673 5227">
     <span class='ocr_line' id='line_1_68' title="bbox 546 5160 1673 5227; baseline -0.007 -7"><span class='ocrx_word' id='word_1_483' title='bbox 546 5166 586 5220; x_wconf 90' lang='lat' dir='ltr'><strong>l.</strong></span> <span class='ocrx_word' id='word_1_484' title='bbox 616 5195 685 5208; x_wconf 95' lang='lat'><strong>—</strong></span> <span class='ocrx_word' id='word_1_485' title='bbox 715 5168 790 5221; x_wconf 92' lang='lat' dir='ltr'><strong>De</strong></span> <span class='ocrx_word' id='word_1_486' title='bbox 814 5166 1015 5220; x_wconf 85' lang='lat' dir='ltr'><strong>sanctis</strong></span> <span class='ocrx_word' id='word_1_487' title='bbox 1044 5162 1304 5219; x_wconf 82' lang='lat' dir='ltr'><strong>Michaele</strong></span> <span class='ocrx_word' id='word_1_488' title='bbox 1330 5160 1673 5227; x_wconf 86' lang='lat' dir='ltr'><strong>archangela.</strong></span> 
     </span>
    </p>
   </div>
   <div class='ocr_carea' id='block_1_69' title="bbox 551 5230 2076 5299">
    <p class='ocr_par' dir='ltr' id='par_1_69' title="bbox 551 5230 2076 5299">
     <span class='ocr_line' id='line_1_69' title="bbox 551 5230 2076 5299; baseline -0.007 -8"><span class='ocrx_word' id='word_1_489' title='bbox 551 5237 616 5292; x_wconf 91' lang='lat' dir='ltr'><strong>II.</strong></span> <span class='ocrx_word' id='word_1_490' title='bbox 648 5266 718 5278; x_wconf 90' lang='lat'><strong><em>—</em></strong></span> <span class='ocrx_word' id='word_1_491' title='bbox 746 5239 823 5293; x_wconf 88' lang='lat' dir='ltr'><strong>De</strong></span> <span class='ocrx_word' id='word_1_492' title='bbox 848 5237 1054 5291; x_wconf 88' lang='lat' dir='ltr'><strong>sanctis</strong></span> <span class='ocrx_word' id='word_1_493' title='bbox 1083 5236 1367 5299; x_wconf 82' lang='lat' dir='ltr'><strong>Aristono,</strong></span> <span class='ocrx_word' id='word_1_494' title='bbox 1392 5234 1568 5295; x_wconf 88' lang='lat' dir='ltr'><strong>Justa,</strong></span> <span class='ocrx_word' id='word_1_495' title='bbox 1601 5234 1649 5284; x_wconf 88' lang='lat' dir='ltr'><strong>et</strong></span> <span class='ocrx_word' id='word_1_496' title='bbox 1680 5230 1840 5284; x_wconf 86' lang='lat' dir='ltr'><strong>sociis</strong></span> <span class='ocrx_word' id='word_1_497' title='bbox 1870 5242 2076 5282; x_wconf 86' lang='lat' dir='ltr'><strong>eorum.</strong></span> 
     </span>
    </p>
   </div>
   <div class='ocr_carea' id='block_1_70' title="bbox 556 5295 2334 5371">
    <p class='ocr_par' dir='ltr' id='par_1_70' title="bbox 556 5295 2334 5371">
     <span class='ocr_line' id='line_1_70' title="bbox 556 5295 2334 5371; baseline -0.008 -8"><span class='ocrx_word' id='word_1_498' title='bbox 556 5308 626 5363; x_wconf 91' lang='lat' dir='ltr'><strong>III</strong></span> <span class='ocrx_word' id='word_1_499' title='bbox 679 5338 741 5347; x_wconf 93' lang='lat'><strong><em>—</em></strong></span> <span class='ocrx_word' id='word_1_500' title='bbox 771 5311 846 5363; x_wconf 88' lang='lat' dir='ltr'><strong>De</strong></span> <span class='ocrx_word' id='word_1_501' title='bbox 873 5312 1080 5364; x_wconf 71' lang='lat' dir='ltr'><strong>sanctas</strong></span> <span class='ocrx_word' id='word_1_502' title='bbox 1109 5307 1317 5371; x_wconf 88' lang='lat' dir='ltr'><strong>Prisco,</strong></span> <span class='ocrx_word' id='word_1_503' title='bbox 1350 5295 1648 5370; x_wconf 67' lang='lat' dir='ltr'><strong>Antonino,</strong></span> <span class='ocrx_word' id='word_1_504' title='bbox 1680 5303 1889 5356; x_wconf 77' lang='lat' dir='ltr'><strong>Aristea</strong></span> <span class='ocrx_word' id='word_1_505' title='bbox 1913 5304 2078 5370; x_wconf 86' lang='lat' dir='ltr'><strong>atque</strong></span> <span class='ocrx_word' id='word_1_506' title='bbox 2106 5295 2334 5354; x_wconf 82' lang='lat' dir='ltr'><strong>Paulino</strong></span> 
     </span>
    </p>
   </div>
   <div class='ocr_carea' id='block_1_71' title="bbox 553 5377 1343 5437">
    <p class='ocr_par' dir='ltr' id='par_1_71' title="bbox 553 5377 1343 5437">
     <span class='ocr_line' id='line_1_71' title="bbox 553 5377 1343 5437; baseline -0.008 -3"><span class='ocrx_word' id='word_1_507' title='bbox 553 5379 637 5437; x_wconf 88' lang='lat' dir='ltr'><strong>IV.</strong></span> <span class='ocrx_word' id='word_1_508' title='bbox 670 5409 738 5420; x_wconf 91' lang='lat'>—</span> <span class='ocrx_word' id='word_1_509' title='bbox 766 5382 840 5434; x_wconf 88' lang='lat' dir='ltr'><strong>De</strong></span> <span class='ocrx_word' id='word_1_510' title='bbox 876 5383 1067 5435; x_wconf 87' lang='lat' dir='ltr'><strong>sancta</strong></span> <span class='ocrx_word' id='word_1_511' title='bbox 1102 5377 1343 5431; x_wconf 74' lang='lat' dir='ltr'><strong>Iuliana.</strong></span> 
     </span>
    </p>
   </div>
   <div class='ocr_carea' id='block_1_72' title="bbox 551 5444 1782 5520">
    <p class='ocr_par' dir='ltr' id='par_1_72' title="bbox 551 5444 1782 5520">
     <span class='ocr_line' id='line_1_72' title="bbox 551 5444 1782 5520; baseline -0.005 -17"><span class='ocrx_word' id='word_1_512' title='bbox 551 5450 611 5505; x_wconf 79' lang='grc' dir='ltr'><strong>ν.</strong></span> <span class='ocrx_word' id='word_1_513' title='bbox 646 5480 712 5492; x_wconf 85' lang='lat'><strong>-—</strong></span> <span class='ocrx_word' id='word_1_514' title='bbox 749 5451 822 5504; x_wconf 90' lang='lat' dir='ltr'><strong>De</strong></span> <span class='ocrx_word' id='word_1_515' title='bbox 851 5451 1140 5520; x_wconf 78' lang='lat' dir='ltr'><strong>Spoletana</strong></span> <span class='ocrx_word' id='word_1_516' title='bbox 1165 5451 1339 5501; x_wconf 79' lang='lat' dir='ltr'><strong>sancti</strong></span> <span class='ocrx_word' id='word_1_517' title='bbox 1368 5445 1528 5501; x_wconf 84' lang='lat' dir='ltr'><strong>Pauli</strong></span> <span class='ocrx_word' id='word_1_518' title='bbox 1547 5444 1782 5498; x_wconf 77' lang='lat' dir='ltr'><strong>ecclesia.</strong></span> 
     </span>
    </p>
   </div>
   <div class='ocr_carea' id='block_1_73' title="bbox 551 5521 1475 5584">
    <p class='ocr_par' dir='ltr' id='par_1_73' title="bbox 551 5521 1475 5584">
     <span class='ocr_line' id='line_1_73' title="bbox 551 5521 1475 5584; baseline -0.008 -9"><span class='ocrx_word' id='word_1_519' title='bbox 551 5521 638 5577; x_wconf 88' lang='lat' dir='ltr'><strong>VI.</strong></span> <span class='ocrx_word' id='word_1_520' title='bbox 672 5550 739 5562; x_wconf 91' lang='lat'><strong>—</strong></span> <span class='ocrx_word' id='word_1_521' title='bbox 764 5523 838 5575; x_wconf 89' lang='lat' dir='ltr'><strong>De</strong></span> <span class='ocrx_word' id='word_1_522' title='bbox 875 5521 1190 5577; x_wconf 86' lang='lat' dir='ltr'><strong>Eleutheria</strong></span> <span class='ocrx_word' id='word_1_523' title='bbox 1214 5523 1475 5584; x_wconf 78' lang='lat' dir='ltr'><strong>martyre.</strong></span> 
     </span>
    </p>
   </div>
   <div class='ocr_carea' id='block_1_74' title="bbox 553 5590 1667 5655">
    <p class='ocr_par' dir='ltr' id='par_1_74' title="bbox 553 5590 1667 5655">
     <span class='ocr_line' id='line_1_74' title="bbox 553 5590 1667 5655; baseline -0.006 -9"><span class='ocrx_word' id='word_1_524' title='bbox 553 5592 663 5648; x_wconf 92' lang='lat' dir='ltr'><strong>VII.</strong></span> <span class='ocrx_word' id='word_1_525' title='bbox 697 5623 762 5633; x_wconf 89' lang='lat'><strong><em>—</em></strong></span> <span class='ocrx_word' id='word_1_526' title='bbox 795 5596 870 5646; x_wconf 83' lang='lat' dir='ltr'><strong>De</strong></span> <span class='ocrx_word' id='word_1_527' title='bbox 910 5596 1094 5647; x_wconf 89' lang='lat' dir='ltr'><strong>sancto</strong></span> <span class='ocrx_word' id='word_1_528' title='bbox 1116 5593 1323 5645; x_wconf 85' lang='lat' dir='ltr'><strong>Joanne</strong></span> <span class='ocrx_word' id='word_1_529' title='bbox 1351 5590 1667 5655; x_wconf 85' lang='lat' dir='ltr'><strong>con/‘essore.</strong></span> 
     </span>
    </p>
   </div>
   <div class='ocr_carea' id='block_1_75' title="bbox 557 5662 1691 5726">
    <p class='ocr_par' dir='ltr' id='par_1_75' title="bbox 557 5662 1691 5726">
     <span class='ocr_line' id='line_1_75' title="bbox 557 5662 1691 5726; baseline -0.005 -8"><span class='ocrx_word' id='word_1_530' title='bbox 557 5663 701 5720; x_wconf 90' lang='lat' dir='ltr'><strong>VIII.</strong></span> <span class='ocrx_word' id='word_1_531' title='bbox 725 5694 795 5705; x_wconf 88' lang='lat'><strong>-—</strong></span> <span class='ocrx_word' id='word_1_532' title='bbox 827 5666 898 5718; x_wconf 79' lang='lat' dir='ltr'><strong>De</strong></span> <span class='ocrx_word' id='word_1_533' title='bbox 926 5667 1112 5718; x_wconf 86' lang='lat' dir='ltr'><strong>sancto</strong></span> <span class='ocrx_word' id='word_1_534' title='bbox 1141 5663 1401 5719; x_wconf 86' lang='lat' dir='ltr'><strong>Cassiano</strong></span> <span class='ocrx_word' id='word_1_535' title='bbox 1427 5662 1691 5726; x_wconf 83' lang='lat' dir='ltr'><strong>martyre.</strong></span> 
     </span>
    </p>
   </div>
   <div class='ocr_carea' id='block_1_76' title="bbox 558 5727 1919 5800">
    <p class='ocr_par' dir='ltr' id='par_1_76' title="bbox 558 5727 1919 5800">
     <span class='ocr_line' id='line_1_76' title="bbox 558 5727 1919 5800; baseline -0.007 -10"><span class='ocrx_word' id='word_1_536' title='bbox 558 5734 625 5790; x_wconf 87' lang='lat' dir='ltr'><strong>IX</strong></span> <span class='ocrx_word' id='word_1_537' title='bbox 667 5765 740 5776; x_wconf 96' lang='lat'><strong>—</strong></span> <span class='ocrx_word' id='word_1_538' title='bbox 762 5738 839 5791; x_wconf 88' lang='lat' dir='ltr'><strong>De</strong></span> <span class='ocrx_word' id='word_1_539' title='bbox 867 5736 1070 5790; x_wconf 83' lang='lat' dir='ltr'><strong>sanctis</strong></span> <span class='ocrx_word' id='word_1_540' title='bbox 1109 5734 1250 5800; x_wconf 88' lang='lat' dir='ltr'><strong>Syro</strong></span> <span class='ocrx_word' id='word_1_541' title='bbox 1281 5732 1530 5787; x_wconf 77' lang='lat' dir='ltr'><strong>Hioentia</strong></span> <span class='ocrx_word' id='word_1_542' title='bbox 1566 5727 1919 5797; x_wconf 76' lang='lat' dir='ltr'><strong>martyribus.</strong></span> 
     </span>
    </p>
   </div>
   <div class='ocr_carea' id='block_1_77' title="bbox 557 5799 2043 5869">
    <p class='ocr_par' dir='ltr' id='par_1_77' title="bbox 557 5799 2043 5869">
     <span class='ocr_line' id='line_1_77' title="bbox 557 5799 2043 5869; baseline -0.007 -7"><span class='ocrx_word' id='word_1_543' title='bbox 557 5806 620 5862; x_wconf 85' lang='lat' dir='ltr'><strong>X.</strong></span> <span class='ocrx_word' id='word_1_544' title='bbox 649 5836 720 5849; x_wconf 87' lang='lat'>——</span> <span class='ocrx_word' id='word_1_545' title='bbox 744 5804 815 5861; x_wconf 88' lang='lat' dir='ltr'><strong>De</strong></span> <span class='ocrx_word' id='word_1_546' title='bbox 837 5807 1042 5862; x_wconf 81' lang='lat' dir='ltr'><strong>sanctis</strong></span> <span class='ocrx_word' id='word_1_547' title='bbox 1072 5799 1311 5860; x_wconf 62' lang='lat' dir='ltr'><strong>ﬂamina</strong></span> <span class='ocrx_word' id='word_1_548' title='bbox 1335 5806 1387 5856; x_wconf 89' lang='lat' dir='ltr'><strong>et</strong></span> <span class='ocrx_word' id='word_1_549' title='bbox 1414 5801 1721 5869; x_wconf 74' lang='lat' dir='ltr'><strong>Augustino</strong></span> <span class='ocrx_word' id='word_1_550' title='bbox 1758 5799 2043 5869; x_wconf 82' lang='lat' dir='ltr'><strong>episcopis.</strong></span> 
     </span>
    </p>
   </div>
   <div class='ocr_carea' id='block_1_78' title="bbox 558 5871 1863 5939">
    <p class='ocr_par' dir='ltr' id='par_1_78' title="bbox 558 5871 1863 5939">
     <span class='ocr_line' id='line_1_78' title="bbox 558 5871 1863 5939; baseline -0.007 -7"><span class='ocrx_word' id='word_1_551' title='bbox 558 5877 643 5934; x_wconf 87' lang='lat' dir='ltr'><strong>XI.</strong></span> <span class='ocrx_word' id='word_1_552' title='bbox 668 5909 739 5920; x_wconf 94' lang='lat'><strong>—</strong></span> <span class='ocrx_word' id='word_1_553' title='bbox 772 5881 842 5935; x_wconf 77' lang='lat' dir='ltr'><strong>De</strong></span> <span class='ocrx_word' id='word_1_554' title='bbox 865 5878 1085 5933; x_wconf 88' lang='lat' dir='ltr'><strong>ecclesia</strong></span> <span class='ocrx_word' id='word_1_555' title='bbox 1102 5876 1281 5930; x_wconf 87' lang='lat' dir='ltr'><strong>sancti</strong></span> <span class='ocrx_word' id='word_1_556' title='bbox 1301 5874 1525 5929; x_wconf 88' lang='lat' dir='ltr'><strong>Zenonis</strong></span> <span class='ocrx_word' id='word_1_557' title='bbox 1555 5871 1863 5939; x_wconf 84' lang='lat' dir='ltr'><strong>Veronensi.</strong></span> 
     </span>
    </p>
   </div>
   <div class='ocr_carea' id='block_1_79' title="bbox 3388 370 3497 427">
    <p class='ocr_par' dir='ltr' id='par_1_79' title="bbox 3388 370 3497 427">
     <span class='ocr_line' id='line_1_79' title="bbox 3388 370 3497 427; baseline 0.028 -3"><span class='ocrx_word' id='word_1_558' title='bbox 3388 370 3497 427; x_wconf 87' lang='lat'><strong>790</strong></span> 
     </span>
    </p>
   </div>
  </div>
