3902 6402
394 405 489 458 791
1148 400 1517 457 FLODOABDI
1560 401 1864 459 CANONICI
1906 406 2235 462 REMENSIS
2277 408 2613 465 OPUSCULA
2655 409 2967 465 METRICA.
3642 417 3748 471 792

755 540 868 593 XII.
896 571 964 579 —
991 544 1062 594 De
1090 545 1279 593 sancta
1301 541 1597 601 Christina.

756 611 899 665 XIII.
938 642 1001 650 —
1022 613 1096 664 De
1124 617 1308 665 sancto
1337 612 1640 665 Ambrosio.

747 682 856 735 XIV
908 712 972 721 -
1009 684 1082 735 De
1111 684 1315 735 sanctis
1347 683 1603 737 Gervasio
1633 687 1682 735 et
1711 685 2012 740 Prothasio.

750 752 854 807 XV.
884 785 946 792 —
978 756 1051 807 De
1078 754 1376 806 virtutibus
1420 756 1593 807 sancti
1621 755 1925 810 Ambrosii.

752 824 883 896 XVI.
904 854 971 863 -——
992 827 1066 878 De
1095 827 1298 877 sanctis
1328 827 1567 881 Nazario
1597 830 1643 877 et
1674 826 1838 892 Celso,
1876 828 2048 883 Vitali
2072 832 2120 882 et
2151 830 2429 896 Agricola,

752 895 912 949 XVII.
948 926 1009 935 —
1039 897 1113 949 De
1144 897 1385 948 transitu
1425 896 1479 950 S.
1515 897 1802 950 Ambrosii.

753 966 911 1021 XVIII
962 997 1033 1005 —
1062 969 1137 1020 De
1165 972 1346 1020 sancto
1380 966 1703 1021 Columbano

752 1037 883 1091 XIX.
909 1068 974 1077 —
1010 1041 1081 1091 De
1109 1042 1292 1091 sancto
1322 1040 1535 1093 Attala.

753 1109 859 1162 XX.
878 1141 948 1149 —
968 1112 1042 1163 De
1062 1113 1266 1162 sanctis
1298 1110 1541 1175 Bertulfo
1571 1114 1620 1161 et
1648 1110 1921 1164 Eustasio.

750 1181 879 1233 XXI.
907 1212 969 1219 —
1004 1183 1078 1234 De
1106 1182 1307 1234 sanctis
1338 1180 1627 1247 Blidulpho
1655 1184 1703 1233 et
1725 1182 1961 1235 Meroveo
1983 1184 2259 1237 monacho.

752 1251 906 1305 XXII.
939 1282 1005 1290 ——
1048 1254 1120 1305 De
1142 1253 1489 1319 Baudagario
1511 1257 1559 1305 et
1588 1254 1791 1307 czcteris
1821 1253 2148 1323 quibusdam
2168 1259 2370 1309 sanctis
2402 1259 2698 1312 monachis.

1257 1456 1703 1545 INCIPIT
1780 1458 2124 1543 LIBER
2174 1458 2335 1545 UN
2348 1461 2857 1548 DECIMUS

1799 1631 2006 1687 CAPUT
2053 1631 2338 1689 PRIMUM.

1170 1766 1247 1825 De
1297 1769 1524 1826 sanctis
1567 1765 1908 1841 Agathone,
1967 1762 2158 1825 Leone
2200 1774 2253 1824 et
2282 1764 2592 1826 Benedicto
2641 1765 2951 1846 episcopis.

390 1904 525 1958 Hinc
554 1902 665 1957 lteti
693 1899 1248 1976 surguntAgathonis
1281 1909 1527 1971 tempora
1561 1900 1751 1971 patris,
2038 1908 2080 1972 Α
2113 1900 2291 1955 Sexta:
2317 1900 2450 1955 scita
2479 1901 2675 1971 probat
2701 1902 2919 1971 synodi,
2951 1903 3288 1974 damnatque
3321 1903 3584 1974 rebelles,

388 1993 574 2055 Mmsta
617 1991 840 2063 quidem
883 1990 1119 2044 Phorbes
1151 1990 1358 2061 pallore
1394 1989 1661 2060 obituque
1718 1989 2005 2053 Quiritum.
2113 1988 2399 2057 Subjectos
2428 1988 2656 2053 refovet,
2690 1989 2839 2043 sedis
2872 1988 2962 2060 pia
2986 1990 3110 2057 jura
3141 1998 3405 2061 receptat,

390 2085 532 2139 Laeta
552 2084 650 2139 sed
680 2082 938 2138 Ecclesia:
969 2097 1105 2152 pace
1145 2081 1476 2152 abjectuque
1508 2080 1767 2137 ferorum.
2114 2081 2281 2136 Paulo
2321 2081 2525 2151 templa
2555 2081 2721 2147 dicat,
2755 2082 2918 2136 donis
2949 2091 3003 2136 et
3029 2082 3272 2136 cultibus
3312 2091 3493 2151 ornat,

390 2176 524 2229 Dum
561 2190 721 2247 reges
751 2180 1043 2244 patresque
1072 2172 1215 2226 Petri
1246 2171 1521 2227 consortia
1544 2172 1694 2227 sedis
2114 2174 2425 2246 Deliquium
2457 2175 2600 2229 lunae
2626 2175 2880 2247 sequitur
2917 2174 3168 2231 decessio
3202 2193 3381 2246 papze.

392 2269 724 2340 Exposcunt,
757 2266 1002 2321 hilarans
1030 2265 1227 2340 legatis
1259 2266 1428 2321 Roma
1448 2281 1694 2321 sororem
2117 2271 2420 2325 lnstructus
2449 2270 2621 2324 sacris
2664 2269 2996 2324 Benedictus
3022 2286 3177 2324 sacra
3199 2271 3478 2325 secundus

393 2360 613 2423 lmbuit,
644 2369 699 2414 et
728 2358 1177 2431 consanguineos
1200 2358 1303 2413 sibi
1339 2358 1509 2413 nectit
1538 2358 1793 2414 alumnos
2113 2360 2241 2414 Jura
2267 2360 2432 2430 capit,
2469 2360 2597 2414 divo
2628 2360 2837 2430 s0phize
2879 2360 2972 2431 qui
3007 2359 3159 2414 fonte
3190 2361 3528 2427 redundans,

389 2449 750 2504 Seductorem
780 2448 987 2517 abjicit,
1022 2447 1253 2518 primam
1287 2448 1491 2518 pietate
1530 2447 1847 2503 cathedram
2115 2449 2215 2503 Ore
2247 2465 2525 2520 manuque
2552 2448 2666 2503 dati
2691 2465 2892 2503 munus
2912 2448 3260 2521 cognominis
3300 2449 3514 2521 implet,

392 2540 628 2595 Illustrat
655 2540 816 2605 Petri,
846 2540 1083 2611 telisque
1113 2547 1383 2613 expurgat
1412 2545 1655 2610 apertam
1686 2556 1700 2604 ;
2115 2541 2397 2615 Regminis
2424 2548 2479 2596 ct
2499 2540 2699 2614 dignus
2730 2539 2882 2615 larga
2910 2540 3163 2595 bonitate
3195 2540 3412 2595 renidet
3440 2559 3453 2594 :

392 2630 569 2683 lmbre
599 2628 919 2684 venenifero
947 2635 1175 2699 turgens
1206 2644 1327 2700 quae
1349 2628 1499 2683 nevit
1523 2629 1795 2694 Arachne,
2112 2632 2444 2692 Mansuetus.
2481 2631 2720 2702 patiens,
2743 2647 2933 2702 prome
2965 2631 3189 2685 virtutis
3229 2638 3459 2687 amator.

389 2724 616 2777 Abradit
645 2723 934 2793 reprobos,
968 2731 1096 2794 apto
1117 2724 1250 2779 colit
1279 2723 1474 2778 ordine
1505 2723 1723 2795 dignos.
2114 2724 2464 2794 Templorum
2489 2729 2706 2793 reparat
2734 2723 2945 2792 lapsus,
2981 2721 3249 2791 dependit
3276 2723 3533 2789 amictus,

387 2817 583 2871 Junior
621 2815 751 2869 inde
778 2816 884 2870 Leo
914 2798 1073 2871 Graio
1106 2816 1369 2887 Latioque
1396 2816 1587 2886 lepore
2118 2815 2441 2886 Multiplicat
2463 2817 2665 2873 cultus.
2698 2814 2898 2869 attollit
2918 2829 3151 2867 munere
3180 2829 3401 2879 census,

391 2908 598 2972 Cultus,
632 2914 688 2961 et
718 2908 994 2979 organicis
1028 2914 1283 2962 assuetus
1313 2923 1449 2963 voce
1477 2908 1697 2964 choreis
2118 2905 2365 2960 Caesareo
2397 2903 2596 2959 ﬂorent
2628 2904 2835 2974 pariter
2867 2910 3022 2974 pater
3052 2902 3299 2974 urbsque
3330 2904 3517 2960 favore
3550 2922 3565 2968 ;

392 2999 615 3054 Plebem
648 2999 714 3053 ad
747 3000 893 3053 celsa
924 3008 1102 3067 vocat,
1136 3015 1401 3055 concessa
1439 2999 1506 3054 ad
1533 3000 1684 3055 lucra
1707 3001 1909 3055 talenta
2118 2999 2285 3071 Signa
2316 3002 2442 3070 polo
2466 3000 2694 3055 rutilant
2735 3000 3002 3071 Bebiique
3026 3000 3569 3073 inccndiaﬂagrant;

390 3088 630 3163 Spargit,
664 3088 847 3160 largus
886 3088 1069 3159 in0ps,
1101 3088 1446 3160 inopumque
1473 3088 1753 3160 piissimus
1782 3088 1939 3144 altor.
2120 3089 2327 3145 Mactus
2368 3090 2577 3146 honore
2617 3105 2775 3145 sacer
2802 3089 2957 3166 regni
2991 3090 3209 3166 fastigia
3237 3098 3441 3162 captat.

1906 3248 2114 3304 CAPUT
2166 3250 2231 3305 II.

1415 3374 1493 3432 De
1531 3372 1745 3450 quinto
1775 3374 2031 3449 Joanne,
2071 3374 2310 3435 Conone
2351 3393 2421 3435 ac
2461 3381 2706 3437 caeteris.

391 3509 575 3578 Stirpc
608 3508 740 3578 Syra
771 3507 1025 3575 veniens,
1059 3508 1285 3580 quintus
1316 3509 1560 3564 Romana
1596 3511 1839 3566 Joannes
2048 3518 2093 3582 ιζ
2120 3511 2375 3567 Clancula
2402 3529 2567 3584 quem
2600 3521 2723 3584 post
2751 3515 3000 3588 auguria,
3034 3523 3089 3570 et
3118 3514 3430 3570 cantamina
3460 3516 3679 3571 tollunt.

392 3600 643 3656 Culmina
667 3600 915 3668 sortitur,
940 3602 1219 3675 generalis
1248 3600 1459 3657 foedere
1490 3603 1601 3657 voti
2118 3603 2323 3660 Prtesul
2350 3603 2418 3657 ab
2450 3604 2669 3675 incepta
2707 3606 2906 3660 studiis
2944 3606 3037 3678 qui
3071 3615 3322 3661 creverat
3352 3607 3485 3661 altis

392 3691 663 3745 Strenuus
680 3691 965 3757 etdoctus,
1000 3692 1289 3747 moderata
1310 3698 1364 3746 et
1403 3702 1587 3746 mente
1620 3709 1868 3753 serenus,
2119 3688 2256 3745 Cleri
2296 3692 2511 3759 militia,
2543 3694 2918 3767 gradibusque
2948 3695 3017 3750 ad
3046 3712 3262 3750 summa
3286 3703 3513 3751 vocatus

392 3782 605 3853 Quique
634 3781 783 3837 vices
813 3782 982 3845 sedis,
1017 3781 1241 3847 Graecis,
1272 3780 1543 3836 libaverat
1582 3783 1764 3851 hujus,
2119 3781 2394 3848 Subierat,
2422 3785 2679 3856 votisque
2708 3786 2923 3857 piorum
2964 3786 3031 3842 ad
3060 3786 3277 3861 singula
3310 3786 3447 3842 fusis

392 3875 636 3931 Concilio
666 3884 880 3946 patrum
915 3875 1121 3945 pietate
1146 3876 1435 3949 jugaverat
1464 3876 1650 3941 urbes,
2118 3873 2354 3948 Pignora
2382 3874 2670 3943 ﬂoruerat,
2703 3878 2905 3934 virtute
2937 3886 2991 3933 et
3021 3878 3267 3933 culmine
3297 3878 3457 3934 ﬂoret
3486 3897 3500 3946 ;

392 3969 529 4023 Pace
557 3967 693 4023 nitet
724 3967 913 4038 patria
939 3985 952 4021 :
984 3967 1179 4039 priscis
1209 3968 1338 4023 dum
1364 3967 1567 4038 punica
1590 3984 1761 4043 regna
2119 3962 2227 4018 Nec
2253 3964 2399 4019 cedit
2419 3967 2669 4036 sceptris,
2704 3984 2807 4023 nec
2820 3968 2972 4037 jussa
3004 3966 3236 4038 profana
3262 3976 3506 4022 veretur.

392 4063 718 4118 Redduntur
756 4061 1040 4127 Dominus,
1066 4068 1260 4134 gentes
1289 4061 1393 4117 sub
1419 4078 1556 4134 pace
1580 4063 1854 4130 residunt,

1814 4072 1854 4130 ι,
2120 4053 2383 4108 Immotus
2411 4062 2680 4124 perstans,
2710 4056 2909 4110 abduci
2938 4056 3071 4111 sedc
3087 4057 3352 4124 iubetur;

392 4152 702 4208 Firmantur
731 4158 942 4206 sacrata
973 4157 1188 4221 patrum
1230 4151 1479 4206 consulta
1513 4153 1758 4221 priorum
1785 4170 1799 4218 ;
2117 4144 2179 4198 Αῐ
2211 4144 2352 4199 Petri
2377 4146 2583 4201 aUXiliO
2624 4147 2861 4217 POHBDS,
2891 4154 2947 4201 εἰ
2976 4161 3164 4201 amore
3195 4147 3487 4212 Ουίπίῑῑιῐη,

392 4245 715 4299 Sanctorum
745 4249 935 4297 turma;
964 4242 1210 4297 solamur
1230 4259 1459 4298 munere
1483 4243 1597 4298 dite
1626 4261 1641 4309 ς
2117 4234 2375 4289 Servatur
2403 4237 2699 4302 cathedrae,
2733 4245 3025 4309 servatque
3054 4238 3307 4292 satellitis
3338 4238 3514 4293 hostis

391 4336 673 4391 Scinditur
701 4335 953 4406 exemplo
982 4336 1087 4390 hoc
1107 4340 1282 4389 curtus
1297 4334 1515 4389 diversa
1542 4344 1848 4407 petentum.
2120 4326 2393 4396 ΡΓοΡίιίυδ
2420 4328 2610 4395 "Nam,
2645 4328 2866 4400 PPObI‘iS
2888 4328 2982 4401 qui
3017 4328 3240 4399 Pellitur
3269 4330 3403 4384 urbe
3426 4347 3438 4383 ε

393 4427 499 4480 Nec
530 4425 668 4496 parti
694 4441 818 4495 pars
846 4424 1195 4496 obsequitur,
1227 4440 1332 4479 nec
1362 4424 1509 4479 bella
1536 4424 1833 4490 facessunt,
2120 4414 2229 4468 “ex
2259 4415 2425 4470 cum"
2456 4433 2648 4491 regno,
2692 4418 2783 4488 Pia
2816 4418 2975 4488 PIEI’S
3005 4418 3082 4473 ita
3114 4434 3246 4488 Pace
3270 4418 3495 4495 Ροίίίυτο

395 4519 577 4572 υοηρο
602 4518 912 4591 angelicum
941 4517 1073 4573 cieri
1100 4517 1321 4573 decreta
1344 4516 1623 4573 Cononem
2118 4504 2340 4559 Munera
2368 4505 2491 4560 diva
2522 4506 2702 4560 crucis
2731 4508 2963 4562 secretis
2992 4508 3181 4562 abdita
3216 4509 3390 4563 thecis

393 4608 675 4672 Αιιοιιυηι,
709 4613 1015 4678 aptantque
1036 4607 1212 4661 virum
1242 4624 1342 4677 per
1370 4615 1566 4663 cuncta
1593 4610 1906 4680 probatum,
2120 4597 2253 4651 lIuie
2288 4597 2517 4653 Domino
2560 4607 2842 4671 retegente
2884 4607 3092 4672 patent,
3133 4608 3475 4656 venerantur
3517 4602 3757 4671 honore,

395 4696 720 4772 Relligionis
740 4712 880 4767 Opus
910 4694 1158 4766 perfecto
1190 4698 1358 4752 corde
1388 4709 1659 4753 secutum.
2116 4687 2325 4741 Deinde
2358 4688 2449 4758 Ρίο
2478 4688 2763 4760 sacrisque
2796 4689 3055 4744 0011mm“
3084 4696 3334 4760 ῑοτηροτο
3369 4689 3499 4744 ﬁxo-

396 4790 547 4845 Ilicet
580 4789 634 4843 in
662 4789 881 4844 laudem
914 4788 1074 4843 istius
1105 4805 1226 4843 cum
1259 4790 1425 4860 plebe
1455 4790 1692 4854 Quirites
2120 4776 2214 4830 Hic
2245 4784 2400 4846 Pater
2424 4778 2672 4851 ίηδίὲηοδ
2700 4786 2929 4835 renovat
2958 4778 3262 4850 conditque
3291 4778 3513 4834 decoris

396 4883 528 4936 Dum
562 4888 763 4937 coeunt
786 4881 973 4954 digne,
1007 4881 1222 4936 scandit
1246 4882 1503 4936 sublimia
1530 4883 1732 4957 dignus
2119 4873 2332 4949 Egregii
2359 4874 2616 4938 fabricas,
2647 4891 2927 4929 sacrorum
2963 4875 3196 4945 percolit
3229 4875 3395 4941 zedes,

395 4974 563 5045 Regia
593 4973 741 5028 dona
772 4973 897 5043 pius
923 4979 1088 5043 caput
1108 4973 1444 5047 Augustique
1467 4972 1732 5038 favorem,
2040 4985 2087 5049 ρ
2119 4966 2303 5020 Cultus
2328 4966 2581 5021 instituit.
2613 4967 2853 5037 pretiosa
2883 4965 3110 5021 monilia
3134 4966 3314 5031 cudit;
3371 4995 3379 5005 ι

396 5067 455 5119 Et
486 5066 615 5121 licet
631 5071 868 5140 tegrolus
894 5064 1143 5120 caelestia
1161 5064 1347 5119 munia
1372 5072 1581 5120 tractat.
2116 5057 2249 5111 Ossa
2280 5057 2450 5127 patris
2477 5058 2720 5113 monitus
2752 5058 2892 5112 levat
2922 5056 3236 5127 attollitque
3271 5057 3492 5123 Leonis,

396 5155 507 5209 Nee
537 5156 765 5230 longum
807 5155 1040 5209 emerito
1068 5155 1292 5225 requies
1319 5155 1516 5209 collata
1546 5154 1745 5217 labori,
1900 5204 1905 5207 _
2120 5152 2356 5221 Apparet
2386 5158 2610 5205 ornatus
2640 5151 2859 5224 dignos,
2903 5150 3015 5223 agit
3045 5149 3241 5205 ordine
3276 5148 3411 5203 ritus
3441 5167 3454 5213 ;

395 5246 557 5301 Plebs
584 5245 782 5300 iterum
813 5245 867 5298 in
895 5245 1006 5300 duo
1027 5243 1310 5306 dividitur,
1347 5244 1700 5316 necjungere
1729 5244 1947 5300 dextras
2120 5246 2552 5318 Multiplicatque
2568 5263 2762 5317 preces
2776 5245 3131 5315 cumulatque
3149 5250 3202 5297 et
3227 5243 3466 5298 destinat
3486 5244 3743 5315 hymnos.

394 5336 636 5391 Diversis
672 5335 816 5407 potis
843 5342 946 5400 est,
980 5336 1180 5401 donec,
1213 5336 1508 5391 miserante
1525 5353 1768 5408 superno
2122 5339 2340 5394 Erratus
2362 5340 2735 5411 Aquileiensis
2767 5338 3087 5394 discrimina
3119 5337 3301 5408 plebis

396 5424 651 5490 Numine,
685 5423 992 5499 praeligitur
1018 5423 1224 5478 sedatis
1254 5425 1478 5497 Sergius
1503 5426 1689 5491 armis,
2124 5431 2383 5501 Corrigit;
2409 5430 2665 5495 absolvit,
2705 5436 2881 5495 sanat,
2906 5426 3173 5499 disponit,
3203 5426 3432 5491 adunat,

398 5514 609 5589 Litigiis
637 5514 814 5569 divisa
845 5522 1026 5570 tamen
1058 5514 1147 5570 cui
1173 5522 1299 5570 vota
1327 5517 1554 5584 relictis,
2125 5520 2491 5591 Paciﬁcatque
2521 5534 2741 5595 greges,
2783 5518 2991 5587 unique
3032 5514 3247 5571 reducit
3275 5514 3430 5581 ovili,

396 5604 557 5660 Solus
585 5604 678 5675 qui
714 5603 908 5674 rigida,
949 5620 1013 5659 ac
1041 5612 1263 5659 versuta
1282 5612 1469 5661 mente
1491 5607 1735 5662 renitens
2120 5615 2388 5684 Supremo
2420 5613 2521 5669 fert
2544 5612 2747 5684 pastori
2777 5619 3077 5683 pastorque
3096 5609 3314 5664 renidet

396 5696 619 5753 Insidiis
644 5696 853 5760 nocuit,
885 5696 1067 5751 furtim
1101 5696 1389 5766 dispendia
1414 5698 1589 5767 tinxit,
2124 5700 2485 5773 Conspicuus,
2518 5702 2805 5773 doctisque
2832 5701 2999 5756 urbes
3030 5697 3344 5770 pastoribus
3374 5706 3555 5755 ornat.

396 5790 464 5845 Se
485 5788 653 5844 miser
683 5784 900 5853 evertit,
929 5783 1125 5857 quavis
1145 5799 1204 5839 se
1226 5785 1415 5842 fraude
1448 5791 1671 5865 subegit
