3902 6394
238 383 334 438 801

243 509 487 564 Culmine
518 513 786 567 sublimat
827 515 994 587 regali
1022 515 1148 583 jure
1176 518 1417 572 decorat.

240 601 404 655 Ornat
433 603 646 656 honore
681 604 884 668 locum,
911 606 1210 676 locupletat
1249 607 1490 662 cultibus
1519 624 1689 662 aram.

314 693 446 747 Tum
478 711 568 748 rex
592 711 716 748 cum
750 697 906 768 regni
937 699 1169 768 satrapis
1203 701 1461 771 claroque
1493 710 1684 756 senatu

243 783 426 837 Rebus
453 784 778 840 consultans
807 786 1036 856 trepidis
1063 805 1386 845 succurrere
1412 809 1587 862 papae,

243 872 538 928 Unanimes
560 876 760 930 Lhristi
795 877 1051 948 Petrique
1072 879 1140 932 ad
1171 881 1356 934 munia
1378 881 1579 946 reddit,

243 963 395 1016 Haud
429 963 556 1018 ullis
585 965 732 1020 valet
762 967 932 1021 averti
958 970 1234 1038 serpentis
1267 971 1442 1042 iniqui

243 1051 567 1116 Fraudibus,
602 1053 748 1108 haud
781 1054 962 1110 fratris
992 1057 1145 1112 vafro
1177 1060 1464 1114 molimine
1496 1061 1648 1116 missi

240 1142 498 1198 Consiliis
537 1145 710 1216 ;quin
739 1161 1006 1218 germano
1037 1149 1355 1204 discrimina
1397 1152 1616 1222 praefert

245 1233 522 1302 Ecclesize,
546 1235 767 1308 lixoque
798 1237 1031 1292 studens
1053 1241 1356 1295 certamine
1387 1241 1507 1308 niti,

239 1330 494 1384 Prtesulis
524 1330 578 1384 in
618 1331 760 1386 votis
790 1331 935 1406 legat
955 1334 1210 1388 mandata
1228 1342 1479 1406 tyranno,

241 1423 468 1478 Foedere
487 1423 590 1476 sub
623 1423 774 1494 pacis
800 1424 996 1495 Cepha:
1023 1426 1273 1482 sublecta
1303 1431 1571 1501 rependat
1602 1449 1612 1484 :

238 1514 456 1586 Terque
486 1516 681 1570 eadem
713 1519 930 1588 repetit.
967 1520 1153 1592 Neque
1180 1537 1277 1576 cor
1308 1524 1518 1577 mollire
1550 1523 1790 1598 gelatum

240 1609 562 1666 Muneribus
589 1613 876 1685 suasisque
904 1613 1068 1681 valet,
1100 1633 1203 1669 nec
1233 1617 1445 1687 prolicit
1467 1619 1580 1674 ullo

238 1699 319 1752 Ad
352 1716 542 1770 pacem
576 1701 812 1774 rigidum
845 1704 1222 1761 moderamine
1255 1709 1475 1763 flectere
1509 1718 1718 1779 pectus.

242 1791 400 1846 Unde
462 1807 698 1867 gregans
768 1802 976 1851 turmas
1043 1797 1376 1854 Francorum
1443 1802 1556 1876 agit
1621 1803 1862 1876 agmina.

1556 1891 1793 1946 [causam

242 1972 371 2041 Ipse
390 1978 614 2027 acturus
643 1973 1030 2043 apostolicam,
1065 1977 1418 2050 mediamque
1452 1943 1665 2036 terebat

243 2062 415 2117 Recto
447 2063 586 2118 calle
618 2063 761 2118 viam
792 2081 917 2120 cum
942 2083 1082 2138 papa
1116 2086 1130 2134 ;
1164 2071 1422 2140 procacia
1448 2072 1634 2127 nitens

243 2156 471 2212 Pectora
495 2158 806 2226 mitificare,
838 2162 975 2231 petit
1002 2162 1118 2216 fera
1152 2164 1317 2219 corda
1346 2167 1553 2221 moveri

241 2249 409 2322 Regis
447 2253 576 2307 item
607 2253 809 2318 missis,
835 2271 958 2310 cum
978 2257 1104 2329 quis
1131 2259 1389 2315 mandata
1421 2277 1726 2334 precesque

241 2341 456 2415 Dirigit,
479 2343 767 2399 obtestans
790 2344 1076 2404 fundendo
1103 2367 1133 2404 a
1159 2352 1430 2424 sanguine
1456 2364 1662 2423 parcat.

242 2429 340 2485 Ille
371 2432 550 2487 minas
587 2444 780 2489 contra
808 2435 953 2490 Patri
984 2439 1215 2510 regique
1247 2440 1455 2511 relegat

313 2523 405 2577 Ast
433 2524 486 2577 hi
507 2541 663 2596 spem
697 2526 928 2582 Domino
959 2534 1127 2584 totam
1153 2531 1499 2585 committere
1530 2533 1691 2597 certi,

241 2615 313 2669 Se
339 2615 557 2670 Christo
589 2623 767 2672 tutore
799 2620 932 2693 tegi,
958 2621 1048 2674 cui
1084 2620 1231 2676 bella
1263 2630 1553 2694 geruntur.

241 2702 408 2771 Cujus
427 2721 596 2776 opem
630 2707 890 2778 princeps
921 2725 1180 2779 poscens,
1215 2713 1485 2782 promissa
1512 2723 1768 2784 protervo

242 2794 470 2850 Munera
499 2797 607 2852 fert
635 2798 928 2853 tribuenda
959 2799 1152 2854 humili
1182 2802 1433 2874 Patrique
1456 2804 1745 2878 gregique.

240 2888 446 2960 Sicque
479 2889 606 2944 duci
627 2905 750 2945 sese
779 2892 1028 2962 allegans
1075 2893 1300 2965 ﬁdoque
1333 2904 1588 2965 patrono,
1655 2954 1668 2967 ,

239 2978 492 3050 C(eptum
514 2980 692 3051 carpit
721 2980 846 3046 iter,
879 2982 1104 3036 mittens
1133 2984 1450 3052 praecedere
1476 2986 1770 3056 quosdam,

239 3069 314 3124 Ac
341 3084 562 3124 servare
588 3069 792 3136 aditus,
819 3077 1080 3142 arctoque
1101 3079 1283 3126 astare
1322 3081 1526 3128 meatu.

242 3159 603 3233 Comperiens
623 3163 798 3218 hostis
825 3179 1010 3236 regem
1031 3179 1390 3235 praecurrere,
1415 3181 1624 3236 paucos

237 3250 264 3305 J
273 3251 454 3306 unctis
480 3252 580 3307 hos
599 3253 795 3308 cuneis
815 3254 999 3308 subito
1027 3253 1339 3324 insperatus
1369 3255 1602 3311 adorsus

239 3344 478 3399 Stratum
500 3359 562 3399 se
587 3345 670 3398 ire
693 3352 868 3415 putat,
895 3345 1094 3418 stragis
1123 3346 1221 3401 sed
1248 3346 1450 3400 damna
1481 3353 1743 3418 reportat,

242 3435 429 3490 Victus
457 3443 514 3490 et
538 3451 569 3490 a
599 3436 810 3506 paucis,
843 3453 968 3492 cum
992 3437 1241 3508 pluribus
1272 3438 1390 3509 ipse
1409 3439 1714 3509 peremptis

247 3524 312 3589 lt,
345 3523 578 3596 solaque
604 3524 750 3598 fuga:
782 3525 981 3596 positis
1007 3541 1106 3597 spe
1134 3525 1330 3580 nititur
1347 3525 1534 3594 armis,

245 3616 422 3685 Atque
444 3621 688 3668 tremens
716 3611 868 3668 urbis
889 3630 1014 3669 sese
1045 3613 1338 3669 vallamine
1369 3614 1596 3669 claudit.

314 3705 380 3757 At
403 3701 540 3770 justi
571 3717 963 3773 pervcrsorum
993 3702 1300 3757 munimine
1332 3718 1493 3758 verso

244 3794 525 3865 Diripiunt
552 3795 785 3866 praedas.
818 3794 945 3850 Post
969 3795 1181 3851 caedem
1211 3793 1449 3849 vindicis
1486 3795 1636 3849 ensis

246 3885 356 3940 Rex
388 3885 544 3941 Patre
561 3886 934 3957 prosequitur,
967 3885 1141 3941 fultus
1176 3886 1489 3941 celantibus
1514 3887 1732 3942 hostem

247 3979 524 4036 Incumbit
549 3979 744 4047 muris,
778 3996 969 4050 pacem
986 3980 1116 4034 dum
1141 3997 1284 4051 papa
1312 3980 1594 4051 precando

248 4072 480 4129 hedera
509 4072 736 4145 pellacis
765 4073 833 4107 ¹⁹⁶
859 4072 1145 4142 compellit
1174 4072 1316 4126 inire
1347 4071 1568 4127 fidelem
1605 4073 1694 4140 "7,

250 4165 504 4220 Reddere
522 4164 762 4233 jurantis
789 4180 914 4236 quae
953 4173 1106 4236 rapta
1133 4170 1369 4220 retentat
1396 4164 1606 4235 inique.

320 4258 414 4313 Sic
443 4275 546 4313 sua
577 4274 671 4313 rex
699 4265 961 4329 repetens
990 4258 1321 4314 Francorum
1354 4272 1546 4331 regna,
1579 4257 1741 4314 beato

248 4352 348 4406 Dat
377 4350 562 4406 socios
589 4349 731 4405 Patri
759 4350 1002 4405 Romana
1028 4351 1097 4405 ad
1129 4350 1333 4405 muenia
1360 4348 1524 4416 fidos,

242 4441 481 4512 Jamque
514 4439 811 4496 revertenti
847 4440 1179 4511 populorum
1220 4439 1477 4494 examina
1504 4446 1737 4494 currunt

246 4531 420 4586 Obvia
448 4529 679 4601 pastori,
709 4535 894 4603 grates
923 4529 1228 4600 laudesque
1261 4528 1505 4584 ferentes

249 4621 490 4677 Eximias
520 4621 752 4677 Christo.
787 4621 925 4676 Cleri
958 4621 1262 4692 populique
1291 4627 1525 4676 caterva:

247 4717 541 4790 Excipiunt
569 4717 783 4773 Patrem
807 4717 1072 4788 praeclara
1093 4723 1298 4788 tropaea
1325 4717 1645 4772 vehentem.

247 4811 347 4866 Ille
369 4810 604 4866 studens
629 4825 885 4864 recreare
913 4823 1158 4883 gregem,
1185 4809 1438 4884 neglecta
1461 4807 1667 4864 referre

245 4900 455 4965 Munia,
490 4897 777 4955 nocturnis
807 4906 1025 4968 reparat
1045 4898 1343 4970 psallentia
1362 4897 1558 4963 sacris,

245 4991 504 5047 Carmina
534 4985 703 5066 digna
732 4991 917 5047 choris
944 4999 1129 5066 auget,
1161 4991 1358 5047 solatia
1378 4990 1592 5062 praebet

245 5084 574 5150 Commoda,
608 5083 824 5139 devotis
849 5090 1062 5139 certent
1087 5089 1148 5138 ut
1183 5083 1386 5155 degere
1418 5083 1662 5153 psalmis.

321 5173 504 5230 Hostis
529 5181 586 5229 at
613 5179 860 5228 assuetas
887 5173 1118 5228 volvens
1146 5172 1252 5227 sub
1281 5179 1506 5244 pectore
1534 5171 1783 5237 fraudes,

247 5263 567 5339 lngeminat
594 5262 832 5330 facinus,
864 5263 1108 5334 perjuria
1136 5270 1268 5320 nota
1289 5263 1622 5335 frequentat.

722 387 805 440 DE
846 386 1103 440 CHRISTI
1143 387 1504 442 TRIUMPIIIS
1543 389 1716 443 APUD
1759 389 2024 446 ITALIAM
2065 393 2285 448 GESTIS
2330 396 2503 451 LIBRI
2546 397 2674 451 XIV.
2723 429 2778 438 —
2831 399 2932 454 LIB
2998 401 3082 455 XI.

3486 408 3591 461 802

1904 534 1947 599 Α
1978 522 2232 577 Crescere
2253 525 2447 578 temnit
2486 539 2625 578 onus
2650 525 2736 591 ηδ,
2767 525 2924 578 nihili
2962 527 3152 580 feralia
3177 528 3370 596 pendit
3401 547 3412 581 :

1979 613 2356 684 lnvadensque
2391 614 2601 676 relicta,
2634 614 2788 667 nefas
2818 617 3098 670 cumulare
3133 617 3365 681 laborat,

1973 706 2144 775 Atque
2174 707 2336 759 trahit
2357 707 2510 777 regni
2547 708 2612 740 “'9
2643 722 2829 760 secum
2858 708 2960 760 sub
2991 715 3190 762 tartara
3234 710 3379 763 vires

1971 798 2129 850 Arma
2152 798 2314 866 rapit,
2345 814 2554 852 cuneos
2578 799 2746 867 cogit,
2772 800 2974 854 misera
3004 802 3246 875 agmina,
3467 834 3490 860 ι

1971 891 2229 946 Ecclesiae
2258 902 2449 947 contra
2479 893 2756 956 columen,
2783 893 2884 948 fert
2914 896 3103 965 praelia
3138 895 3295 950 Petro

1971 977 2031 1035 Et
2070 998 2224 1036 sacra
2255 982 2525 1055 sacrilego
2555 983 2859 1037 circumdat
2876 986 3078 1039 mtenia
3107 985 3268 1040 ferro.

2043 1071 2242 1125 Pnesul
2266 1073 2496 1126 amatori
2525 1073 2724 1128 Christi
2755 1081 2905 1128 notat
2936 1075 3184 1144 improba
3209 1076 3324 1148 regi

1970 1162 2227 1233 Pippino,
2258 1174 2376 1218 acta
2404 1166 2570 1220 trucis
2591 1174 2782 1220 contra
2815 1167 2905 1237 pia
2935 1175 3110 1222 castra
3142 1168 3210 1201 ²⁰⁰
3242 1169 3516 1222 draconis.

1972 1251 2203 1321 Expedit
2235 1251 2324 1306 ille
2365 1270 2582 1320 manus,
2625 1254 2954 1327 ultriciaque
2987 1256 3352 1321 exeritarma,

1966 1342 2097 1397 Jure
2127 1343 2316 1397 calens
2339 1343 2392 1398 in
2421 1345 2676 1415 perjuros
2710 1346 3027 1400 certaminis
3068 1347 3233 1418 aequi.

1970 1431 2344 1504 Cazsareisque
2373 1441 2426 1488 et
2454 1434 2649 1508 legatis
2675 1442 2730 1488 et
2753 1436 2998 1502 jussibus
3023 1435 3270 1500 obstans,

1969 1524 2078 1578 Nec
2107 1526 2363 1595 precibus
2391 1527 2602 1580 ceditve
2632 1527 2819 1590 minis,
2847 1536 2939 1581 aut
2961 1543 3186 1582 munere
3219 1529 3395 1582 victus
3427 1547 3443 1586 :

1966 1615 2285 1671 Terribilem
2318 1634 2442 1671 sese
2476 1619 2658 1688 pravis
2689 1619 2798 1673 acri
2830 1619 3033 1690 impete
3065 1620 3336 1690 praebens.

1877 1733 1884 1739 -
1970 1705 2176 1760 Insistit
2199 1704 2594 1775 trepidis,dum
2629 1708 2690 1741 ²⁰¹
2727 1709 2914 1762 clauso
2946 1716 3236 1779 extorquet
3263 1709 3332 1763 ab
3366 1710 3520 1763 hoste

1969 1797 2098 1851 Iura
2128 1797 2412 1851 reformari
2457 1797 2650 1867 recipit
2682 1797 2976 1869 redditque
3011 1798 3175 1854 beato

1969 1887 2182 1957 Oppida
2209 1893 2359 1956 rapta
2396 1887 2575 1951 Petro,
2611 1887 2970 1958 reprimitque
2999 1890 3265 1943 tumentia
3292 1890 3450 1945 colla.

1974 1974 2247 2044 Hesperiae
2281 1974 2577 2029 moderans
2618 1976 2875 2048 regiones
2899 1993 3032 2047 pace
3073 1988 3320 2043 serenat,

1971 2065 2284 2120 Gaudentes
2311 2067 2412 2120 sub
2446 2067 2767 2138 apostolicis
2796 2084 2855 2122 se
2897 2068 3102 2123 dedere
3133 2069 3327 2125 frenis.

2042 2154 2186 2224 Papa
2207 2155 2318 2210 Deo
2349 2164 2531 2229 grates
2561 2155 2828 2222 referens,
2861 2157 3052 2211 turrim
3080 2158 3242 2232 erigit
3271 2160 3408 2214 aula:
3431 2161 3522 2226 ’0’,

1972 2245 2308 2316 Argentique
2340 2245 2531 2299 colens
2560 2244 2728 2298 radiis
2757 2245 2980 2300 investit
3009 2257 3064 2302 et
3094 2249 3235 2303 auri.

1971 2336 2092 2389 {Ere
2132 2337 2293 2391 tubas
2333 2338 2400 2371 ²⁰³
2428 2336 2549 2391 fuso
2575 2338 2792 2403 attollit,
2827 2337 3032 2410 quibus
3057 2342 3276 2413 agmina
3308 2341 3489 2412 plebis

1973 2429 2275 2484 Admoneat
2305 2429 2497 2486 laudes
2514 2439 2567 2483 et
2596 2439 2718 2484 vola
2747 2431 2952 2485 referre
2983 2434 3236 2488 Tonanti.

1974 2520 2238 2591 Prospera
2271 2522 2663 2594 Cunctipotens
2689 2534 2872 2600 auget,
2898 2535 3209 2581 removetur
3232 2533 3285 2580 et
3313 2528 3486 2582 hostis
3511 2545 3524 2587 ;

1973 2608 2228 2664 Praesulis
2250 2611 2317 2664 ad
2351 2620 2540 2667 nutum
2569 2631 2727 2688 reges
2748 2623 2802 2669 et
2831 2632 3000 2689 regna
3031 2622 3297 2686 reguntur
3328 2631 3340 2680 ;

1978 2698 2125 2753 Bella
2155 2710 2510 2770 soporantur,
2543 2712 2776 2775 surgunt
2805 2721 2960 2760 sacro
2986 2705 3184 2760 ordine
3213 2705 3386 2759 fastus

1977 2789 2198 2846 Publica
2218 2809 2302 2848 res
2332 2796 2549 2858 crescit,
2568 2796 2762 2850 dilatat
2787 2805 2970 2866 pastor
2999 2797 3166 2855 ovile.

1977 2878 2218 2935 Fallaces
2248 2893 2404 2938 cavet
2436 2883 2690 2950 insidias,
2720 2885 2898 2939 ablata
2929 2893 3190 2956 receptat.

1976 2967 2341 3042 Educensquc
2376 2989 2547 3027 novas
2570 2974 2768 3043 Ceplue
2798 2973 3096 3043 splendore
3127 2973 3432 3040 columnas,

1975 3059 2223 3118 Fabricat
2251 3063 2534 3130 ecclesias,
2562 3065 2744 3132 Petro,
2776 3064 2950 3131 fratri,
2977 3065 3288 3137 genitzeque
3324 3067 3389 3100 ξοδ
3412 3081 3426 3131 ;

1974 3154 2118 3219 Quas
2143 3155 2367 3212 fabricis
2394 3163 2572 3223 ornat,
2598 3158 2872 3229 donisque
2903 3158 3209 3212 nitentibus
3238 3166 3419 3228 auget.

1896 3224 1944 3291 Ο
1966 3251 2141 3322 Atque
2174 3252 2504 3317 Petronilhe,
2530 3252 2677 3324 regis
2708 3224 2944 3317 monitu,
2974 3267 3098 3306 ossa
3133 3224 3406 3307 venustat.

2043 3345 2266 3401 Actibus
2296 3346 2382 3400 his
2404 3347 2607 3411 clarus,
2642 3347 2948 3417 palmarum
2972 3354 3027 3402 et
3059 3347 3268 3401 lumine
3297 3355 3530 3414 mactus,

1973 3434 2201 3490 Praemia
2220 3435 2365 3489 celsa
2387 3435 2522 3506 petit
2546 3436 2702 3490 Petro
2729 3435 2957 3491 ductore
2987 3436 3210 3492 beatus.

2475 3532 2546 3584 De
2567 3533 2740 3585 Paulo
2768 3547 2919 3602 papa
2952 3531 3119 3601 (189).

2043 3621 2346 3676 Germanus
2375 3621 2658 3693 Stephano
2685 3622 2936 3677 succedit
2963 3623 3018 3677 in
3047 3623 3244 3678 ordine
3267 3623 3490 3683 Paulus,

1975 3708 2107 3764 Cum
2139 3727 2250 3782 quo
2281 3711 2514 3766 devotus
2544 3711 2748 3782 pietate
2778 3717 2833 3765 et
2858 3711 2982 3766 luce
3009 3713 3223 3782 SOphiae

1977 3803 2256 3858 Claruerat
2286 3803 2538 3871 rutilans,
2569 3801 2999 3873 individuusque
3033 3801 3243 3857 sodalis

1982 3894 2219 3949 Haeserat
2250 3896 2304 3948 in
2327 3894 2517 3960 finem,
2557 3895 2644 3950 cui
2679 3910 2803 3950 mox
2835 3894 3214 3950 moderamina
3247 3894 3477 3958 cedunt,

1979 3984 2516 4054 Dispersarenuente
2543 4000 2729 4047 manu,
2764 3999 2865 4039 ceu
2901 3983 3018 4039 sole
3050 3984 3318 4040 tenebris.

2052 4076 2147 4131 Hic
2176 4077 2303 4147 pius
2326 4093 2391 4131 ac
2422 4077 2568 4131 mitis
2593 4077 2866 4131 tribulatis
2892 4075 3036 4132 ferre
3069 4075 3322 4130 levamen

1985 4164 2254 4231 Certabat,
2275 4166 2540 4239 languore
2570 4183 2768 4241 graves
2792 4167 3132 4237 inopumque
3159 4165 3408 4236 grabatta

1984 4256 2171 4312 Visere
2192 4267 2510 4325 consuetus,
2540 4259 2720 4314 tacita!
2742 4257 2846 4313 sub
2875 4259 3114 4333 tegmine
3148 4259 3326 4313 noctis
3360 4275 3373 4322 ;

1985 4349 2306 4406 Carceribus
2337 4367 2506 4406 nexos
2536 4351 2807 4417 adimens,
2853 4351 3244 4422 redimensque
3271 4351 3530 4405 subactos

1983 4441 2307 4508 Fenoribus,
2342 4443 2676 4514 pupillorum
2707 4451 2861 4513 pater
2891 4459 2954 4497 ac
2985 4442 3276 4498 viduarum
3303 4460 3316 4508 ;

1906 4552 1958 4619 D
1986 4535 2276 4590 Catholicae
2300 4542 2446 4591 tutor
2477 4535 2605 4590 fidei
2635 4551 2650 4600 ;
2681 4551 2790 4605 quo
2825 4534 3043 4589 tramite
3080 4550 3241 4604 reges

1983 4627 2275 4693 Admonet,
2303 4627 2568 4692 hortatur,
2596 4627 2753 4696 petit,
2779 4626 3100 4698 insistitque
3132 4625 3330 4697 reponi

1981 4716 2273 4771 Schemata
2300 4715 2369 4750 ³0⁵
2398 4721 2713 4770 sanctorum
2741 4714 3071 4786 Dominique
3105 4713 3275 4785 polita
3306 4713 3504 4770 nitore.

1981 4807 2258 4862 Mausolea
2286 4806 2478 4863 colens
2500 4806 2773 4874 justorum
2809 4805 3066 4876 provehit
3096 4805 3292 4871 urnis;

1983 4899 2156 4970 Atque
2183 4897 2308 4953 urbi
2339 4896 2600 4963 reddens,
2621 4895 2838 4951 cineres
2869 4894 3133 4950 sublimat
3164 4894 3220 4948 in
3252 4893 3412 4948 aulis.

2055 4989 2104 5042 Is
2131 4987 2388 5058 proprios
2406 5003 2622 5042 sacrare
2654 4987 2796 5040 lares
2817 4985 2919 5040 sub
2953 4983 3199 5040 culmine
3233 4982 3434 5037 Christi

1979 5079 2312 5153 Pignoribus
2340 5079 2570 5145 studuit,
2596 5094 2822 5135 comens
2852 5088 2906 5132 et
2938 5075 3159 5132 nomine
3186 5073 3400 5128 Patrum

1977 5170 2223 5227 Silvestri
2253 5186 2318 5225 ac
2332 5169 2619 5241 Stephani,
2646 5169 2945 5222 multorum
2968 5165 3090 5220 luce
3111 5163 3181 5197 ὀε
3212 5163 3435 5235 piorum

1981 5261 2211 5331 Insuper
2234 5259 2533 5323 illustrans,
2565 5257 2832 5328 opulento
2867 5262 2923 5310 et
2951 5268 3182 5308 munere
3217 5253 3511 5325 suppleas,

1352 5420 1618 5477 GLOSS/E
1648 5419 2070 5475 MARGINALES
2097 5409 2506 5471 MABILLONII.

321 5529 390 5566 ¹⁹⁶
421 5527 602 5599 dolosi
625 5526 862 5582 Aistulfi.
920 5527 984 5561 "7
1038 5527 1357 5599 Pippinum.
1404 5527 1469 5562 ¹⁹⁸
1495 5535 1741 5597 peccata,
1778 5528 1843 5561 ¹⁹⁹

243 5604 317 5658 cti
352 5599 500 5658 Petri
557 5598 628 5635 ²⁰³
649 5615 966 5670 campanas.
1001 5599 1065 5633 ¹⁰⁸
1095 5598 1326 5654 Andrea:
1355 5607 1409 5653 et
1444 5599 1756 5654 Petronillze
1813 5598 1879 5632 ²⁰⁵

1901 5527 1986 5580 sui
2044 5523 2113 5578 ad
2148 5530 2401 5578 mortem.
2453 5520 2522 5552 ²⁰⁰
2583 5519 2857 5572 Romanos
2929 5518 2991 5550 ²⁰¹
3059 5516 3258 5580 donec,
3323 5517 3390 5549 "3
3447 5515 3587 5567 San-

1913 5596 2202 5670 imagines.
2249 5593 2317 5626 ²⁰⁶
2347 5593 2558 5646 honore
2585 5597 2925 5643 sanctorum.

1842 5724 1880 5778 N
1889 5723 2060 5779 ΟΤίΕ.

325 5830 469 5900 (189;
498 5831 663 5884 Deest
704 5829 896 5883 titulus
927 5826 980 5881 in
1003 5843 1108 5893 ms,
1137 5825 1260 5881 cod.
1297 5825 1357 5880 lu
1385 5807 1635 5899 margine
1669 5831 1850 5879 tamen
1886 5823 2085 5896 legitur
2114 5819 2334 5876 Paulus.
