3902 6398
1225 428 1591 485 FLODOARDI
1632 428 1936 485 CANONICI
1980 429 2314 488 REMENSIS
2352 433 2693 489 OPUSCULA
2731 430 3041 487 METRICA.

1955 582 2169 640 CAPUT
2216 585 2310 642 III.

846 681 923 740 De
948 680 1207 741 secundo
1236 681 1506 743 Adriano
1536 700 1720 761 papa,
1750 690 1801 741 et
1835 682 2164 743 Hincmaro
2188 683 2445 762 pra’sule
2474 692 2698 757 nostra,
2736 684 2950 743 Carolo
2980 702 3217 762 quoque
3244 704 3398 762 rege.

529 816 667 873 Hinc
694 831 850 873 sacra
864 816 1169 872 succedunt
1192 816 1417 872 Adriani
1448 817 1573 887 jura
1593 818 1845 874 secundi.

455 911 554 978 Qui
584 912 712 985 pius
731 928 795 969 ac
824 911 1071 983 placidus
1102 912 1376 979 laudatur,
1408 921 1463 968 et
1483 914 1679 969 ordine
1709 913 1910 981 clarus,

456 1004 803 1075 Pauperibus
841 1004 1046 1079 largus,
1084 1004 1459 1077 locupletibus
1487 1013 1650 1078 atque
1682 1007 2000 1079 benignus;

456 1094 727 1150 Omnibus
753 1101 808 1150 et
845 1096 1084 1162 medius,
1115 1097 1251 1151 nulli
1291 1097 1397 1152 nisi
1428 1099 1629 1153 charus
1658 1099 1965 1154 habendus.

456 1188 807 1259 Compatiens
834 1188 1032 1259 passis,
1067 1189 1343 1260 patientes
1371 1190 1625 1261 improba
1651 1207 1897 1257 servans,

457 1279 859 1350 Passorumque
889 1278 1076 1335 ferens
1104 1296 1288 1346 causa,
1322 1281 1625 1356 longinqua
1656 1290 1901 1354 pererrat

458 1367 688 1440 Scriptis
726 1383 917 1443 regna,
974 1385 1211 1425 monens
1260 1370 1490 1445 rigidos,
1546 1387 1810 1442 reparans
1856 1387 2080 1444 quoque

1790 1460 2009 1527 fractos,

1790 1461 1866 1515 fra

455 1548 798 1621 Justitizeque
826 1548 970 1606 viam
995 1549 1149 1619 justo
1183 1550 1563 1606 moderamine
1596 1461 1866 1621 pandelns,

461 1642 638 1714 thue
666 1642 853 1697 Patres
882 1642 1072 1714 superi
1102 1643 1171 1676 ’9‘
1203 1642 1367 1717 Regis
1397 1642 1679 1714 fastusque
1711 1654 1946 1699 coercet.

461 1736 535 1790 Ac
557 1734 792 1789 maculis
821 1750 1057 1809 purgare
1079 1734 1254 1807 nigris
1282 1735 1468 1808 regale
1499 1736 1564 1770 ³9⁷
1597 1735 1806 1791 laborat

462 1828 615 1883 Nune
645 1828 857 1883 monitu
884 1828 1110 1895 blando,
1154 1843 1304 1883 nunc
1331 1828 1629 1899 aSperitate
1660 1828 1865 1885 cubile.

534 1920 680 1992 (195)
716 1918 1034 1975 Pontilicem
1077 1920 1124 1975 is
1156 1927 1404 1975 nostrum
1444 1920 1613 1975 sumit
1668 1936 1967 1995 regemque
1997 1936 2090 1977 so-

1821 2008 2018 2080 [dales,

468 2101 819 2157 Ilincmarum
863 2107 921 2155 et
954 2099 1239 2167 Carolum;
1273 2100 1571 2173 sociosque
1603 2100 1812 2155 laboris
1842 2101 2087 2173 ad0ptat.

466 2192 805 2263 Sceptraque
832 2191 913 2247 sic
952 2192 1155 2264 pariter
1184 2193 1347 2247 tutari
1374 2208 1406 2247 a
1427 2192 1659 2247 crimine
1685 2199 1877 2248 certat.

470 2283 531 2338 In
558 2282 745 2339 multis
769 2281 937 2338 etiam
965 2282 1155 2338 divina
1184 2283 1305 2358 lege
1332 2283 1594 2356 regendis

2100 824 2150 891 Α
2182 818 2241 873 Et
2275 817 2569 873 rationales
2595 835 2695 889 per
2722 834 2885 893 agros
2916 818 3007 890 pia
3033 819 3249 874 semina
3277 836 3581 895 spargens:

2207 911 2403 982 Utpote
2432 912 2803 983 doctiloquus,
2836 913 3100 983 prudens,
3131 929 3407 986 sensuque
3448 915 3687 984 peritus,

2177 1002 2484 1059 Sollicitum
2515 1003 2607 1075 qui
2637 1020 2697 1059 se
2724 1004 2989 1077 gregibus
3016 1006 3297 1076 praebebat
3331 1005 3566 1061 alendis.

2251 1092 2366 1157 Quo
2406 1092 2659 1147 Patribus
2682 1093 2875 1161 juncto
2904 1095 3081 1148 solers
3105 1094 3253 1149 subit
3284 1096 3394 1149 alta
3414 1096 3655 1150 Marinus

2183 1180 2467 1255 Regmina,
2519 1182 2613 1253 qui
2665 1182 2898 1253 placitus
2929 1184 3159 1239 Domino
3206 1191 3261 1237 et
3299 1184 3470 1239 decus
3510 1183 3663 1238 orbis
3710 1184 3802 1237 ha-

3525 1276 3730 1347 (betur.

2183 1366 2441 1439 Augustis
2472 1367 2696 1433 charus,
2724 1368 3053 1437 pOpulorum
3083 1369 3284 1445 dignus
3314 1377 3557 1435 amator;

2184 1459 2458 1515 Doctrinis
2480 1459 2744 1525 renitens,
2767 1461 2938 1515 sacris
2964 1468 3017 1515 et
3045 1462 3261 1516 semina
3283 1462 3412 1518 diva

2185 1549 2455 1605 Cordibus
2485 1549 2786 1604 infundens
2808 1551 3093 1606 hominum
3123 1569 3222 1623 per
3239 1552 3458 1608 climata
3496 1552 3711 1608 mundi.

2185 1642 2315 1696 Nam
2342 1642 2532 1697 Graios
2552 1658 2844 1713 superans,
2878 1644 3053 1713 pulsis
3081 1645 3385 1711 erroribus,
3426 1661 3587 1700 unam

2186 1730 2445 1785 Reddidit
2479 1731 2798 1797 Ecclesiam,
2824 1733 3167 1805 scissumque
3196 1734 3381 1809 coegit
3403 1735 3566 1790 ovile.

2264 1826 2367 1896 (l3)
2410 1825 2732 1881 Pontiﬁeem
2788 1834 3036 1883 nostrum
3093 1829 3385 1886 Folconem
3440 1831 3532 1886 hic
3563 1832 3808 1887 fascibus

3494 1920 3740 1992 [ornans,

2196 2005 2422 2059 Instruit
2451 2022 2569 2074 ore,
2608 2023 2772 2063 manu
2803 2010 3037 2080 pastoris
3062 2026 3282 2067 comere
3306 2013 3452 2080 jura,

2192 2101 2540 2172 Justitimque
2580 2103 2701 2171 ejus
2741 2106 3053 2178 congaudet
3080 2115 3367 2179 promptus
3405 2110 3596 2166 amori.

2196 2192 2368 2262 Inque
2393 2190 2697 2247 refutandis
2726 2202 2994 2265 praestans
3013 2196 3275 2269 suﬂragia
3300 2197 3504 2268 pravis,

2196 2286 2320 2341 Fert
2360 2303 2419 2340 se
2452 2284 2779 2356 adjutorem,
2821 2290 3049 2345 multam
3081 2291 3388 2347 minitando
3420 2291 3680 2363 superbis

472 2381 611 2436 Hinc
644 2390 891 2439 nostrum
935 2382 1151 2438 Patrem
1184 2382 1293 2437 sibi
1333 2382 1554 2438 fratrem
1585 2382 1845 2438 adsciscit
1873 2382 2088 2455 agonis.
2118 2352 2169 2421 Β
2200 2379 2352 2435 Hunc
2405 2378 2626 2435 fratrem
2694 2382 2845 2437 velut
2907 2384 3268 2453 amplectens,
3335 2384 3689 2439 incommoda
3742 2398 3818 2437 re-

473 2542 547 2595 De
574 2539 780 2593 Joanne
797 2552 951 2609 papa
982 2539 1111 2594 VIII
1138 2542 1187 2593 et
1216 2539 1429 2594 Marino
1456 2540 1572 2608 ejus
1602 2553 1901 2593 successore
1932 2537 2093 2604 (196).

548 2671 658 2728 Hoc
682 2678 839 2743 rapto
870 2670 1018 2743 capit
1044 2677 1269 2727 octavus
1298 2679 1585 2745 segmenta
1612 2671 1856 2727 Joannes

477 2762 745 2819 Culminis
774 2762 986 2829 eximii,
1019 2761 1229 2833 quique
1255 2760 1531 2816 eﬂ'ulsisse
1558 2761 1738 2815 beatis

482 2854 724 2909 Moribus
749 2853 1071 2920 adstruitur,
1105 2852 1357 2908 doctrina
1387 2857 1612 2908 ornatus
1634 2852 1859 2906 etactis.

476 2942 681 2998 Judieii
713 2950 919 3009 custos,
948 2940 1082 2997 recti
1123 2940 1343 3012 pietatis
1372 2947 1599 2996 amator.

485 3035 558 3090 De
588 3033 782 3090 Christi
808 3040 1001 3110 segete
1030 3033 1227 3089 crebro
1255 3033 1465 3089 zizania
1492 3032 1726 3105 pellens,

3462 2473 3638 2544 {velet
3663 2474 3751 2539 επ,

2204 2560 2381 2631 thue
2406 2558 2570 2615 ﬁdem
2591 2568 2779 2616 monet
2801 2563 3077 2629 exhibeat,
3109 2564 3424 2635 scriptoque
3455 2564 3680 2620 revelet.

2203 2652 2375 2720 Hujus
2399 2658 2455 2706 et
2473 2653 2542 2705 ad
2563 2660 2756 2707 nutum
2776 2653 3028 2709 Patribus
3047 2655 3304 2709 mandata
3333 2656 3648 2728 resignans.

2202 2740 2596 2812 Contemptore
2625 2757 2794 2812 super
2818 2742 2977 2810 jubet
3001 2758 3256 2798 exercere
3287 2745 3559 2819 vigorem;

2204 2834 2264 2888 Et
2287 2833 2426 2905 parti
2450 2833 2610 2889 istius
2643 2834 2900 2905 precibus
2930 2851 2991 2890 se
3017 2836 3219 2891 dedere
3249 2851 3467 2903 curans,

2208 2923 2535 2977 Francorum
2566 2939 2753 2997 regem
2773 2922 3027 2979 affectum
3055 2926 3294 2980 retinere
3325 2933 3622 2997 paternum

2209 3014 2485 3079 Hortatur,
2504 3015 2691 3070 solans
2717 3016 2969 3088 votisque
2992 3017 3279 3086 juvamina
3309 3018 3567 3089 praebens

1975 3138 2186 3194 CAPUT
2236 3139 2321 3195 IV.

605 3244 683 3304 De
712 3245 884 3304 tertio
921 3242 1191 3303 Adriano
1226 3260 1408 3320 papa,
1441 3251 1493 3302 ει
1528 3242 1786 3302 Fulcone
1818 3249 2016 3301 nostra
2044 3241 2298 3319 praesule
2330 3239 2506 3301 Cario
2539 3258 2774 3318 quoque
2803 3244 3091 3318 Augusto,
3128 3252 3181 3304 et
3210 3244 3280 3303 de
3308 3245 3609 3322 Stephano
3653 3247 3707 3303 γ.

556 3381 668 3451 (14)
690 3378 909 3435 Tertius
934 3379 1169 3436 emissos
1188 3380 1459 3435 Adrianus
1487 3380 1696 3436 honore
1722 3386 1967 3447 secutus,

487 3472 725 3529 Praesule
746 3472 861 3541 jam
883 3471 1030 3526 dicto
1058 3472 1295 3528 Foleone
1315 3472 1575 3527 studente
1605 3478 1828 3542 paratur

490 3565 748 3621 Remensi
780 3565 940 3619 Pater
969 3565 1245 3633 Ecclesiae,
1277 3572 1481 3621 tutator
1508 3575 1563 3620 et
1592 3566 1752 3620 altor.

487 3656 617 3711 Jura
643 3655 752 3723 sibi
783 3655 1000 3710 decoris
1032 3654 1255 3710 firmans
1270 3662 1330 3710 ut
1360 3655 1557 3711 robore
1580 3655 1714 3726 apti,

489 3745 553 3802 Et
579 3752 772 3801 contra
798 3744 1060 3801 adversos
1095 3745 1290 3801 solatia
1328 3745 1514 3799 debita
1554 3750 1793 3815 prazstet,

490 3835 857 3906 Nostrumque
886 3833 1086 3889 affectu
1110 3850 1294 3909 regem
1323 3833 1590 3907 genitoris
1615 3834 1859 3904 adoptet.

492 3928 824 3984 Praesulibus
856 3935 1063 3999 patrem
1092 3928 1345 3999 pandens
1367 3942 1426 3981 se
1449 3927 1552 3981 rite
1584 3926 1913 3997 benignum.

565 4024 681 4090 Quo
709 4023 818 4079 cito
858 4030 1154 4095 praerepto,
1185 4023 1501 4094 Stephanus
1528 4023 1597 4077 de
1628 4022 1853 4077 nomine
1885 4020 2114 4093 quintus

494 4115 754 4172 Fascibus
772 4113 1027 4170 evehitur
1050 4112 1301 4180 summis,
1334 4110 1428 4184 qui
1452 4119 1933 4183 praememoratum

495 4208 816 4266 Pontificem
850 4213 1097 4263 nostrum
1124 4205 1343 4276 scriptis
1374 4205 1607 4260 solando
1634 4204 1901 4274 paternis,

497 4298 653 4355 IIune
677 4298 908 4371 dignum
940 4293 1139 4361 fratris,
1172 4294 1321 4348 hunc
1351 4292 1577 4349 nomine
1608 4300 1797 4348 censet
1827 4290 1989 4346 amici

498 4394 566 4450 Se
596 4399 912 4465 promptum
944 4388 1162 4445 ﬁrmare
1193 4389 1263 4444 ab
1291 4404 1359 4445 eo
1391 4404 1513 4461 quae
1546 4388 1648 4442 rite
1681 4394 1957 4458 petantur.

503 4484 597 4543 Ille
612 4495 799 4543 tamen
822 4500 1040 4539 servum
1071 4481 1255 4554 potius
1283 4497 1345 4536 se
1382 4481 1625 4536 destinat
1655 4480 1849 4547 imum,

500 4577 821 4649 Attollitque
858 4575 1097 4641 Patrem,
1138 4573 1469 4645 Dominique
1515 4572 1789 4643 impendit
1828 4572 2096 4628 honorem

503 4668 856 4739 Exoransque
876 4673 1162 4738 rogatores
1182 4679 1283 4736 pro
1312 4663 1571 4719 culminis
1599 4664 1719 4732 ejus

503 4761 844 4819 Redditluce
869 4761 1029 4829 alios,
1060 4776 1123 4815 ac
1152 4759 1345 4835 ﬂagrat
1376 4759 1529 4815 adire
1558 4759 1861 4815 videndum
1886 4778 1901 4814 ί

503 4850 811 4908 Barbariem
839 4849 1147 4921 impediant
1171 4850 1320 4905 acies
1351 4849 1455 4904 nisi
1482 4857 1608 4905 vota
1629 4850 1825 4920 parati.

505 4947 685 5018 Ipsius
711 4960 843 5021 ergo
864 4960 1089 5017 precum
1120 4942 1298 5015 poscit
1325 4942 1635 4997 munimine
1668 4959 1901 5017 regnum

502 5037 633 5093 Tam
660 5036 833 5092 crudo
854 5034 1050 5090 redimi
1077 5048 1235 5088 saevae
1257 5031 1579 5087 discrimine
1607 5032 1798 5103 pestis.

502 5128 572 5185 Se
596 5143 821 5201 quoque
848 5124 1037 5182 conari
1069 5129 1182 5180 tota
1209 5122 1411 5178 virtute
1442 5122 1602 5177 reniti

505 5218 633 5288 Ejus
656 5214 961 5288 apostolico
986 5212 1346 5270 tendentibus
1373 5218 1490 5267 atra
1520 5212 1704 5268 nitori.

506 5306 635 5371 Quae
661 5304 1078 5378 consanguineo
1100 5301 1343 5375 magnati
1381 5301 1695 5373 impendier
1721 5302 1876 5355 audit

505 5395 729 5452 Widoni
753 5412 768 5463 ;
796 5394 901 5450 sibi
941 5410 1045 5451 ceu
1073 5392 1280 5450 fuerint
1313 5393 1584 5465 impensa,
1624 5392 1886 5464 capessit.

2216 3378 2471 3433 Remensi
2508 3379 2767 3434 Ecclesiae
2800 3379 3044 3436 Romana
3075 3384 3317 3453 praestita
3343 3385 3481 3439 sede

2215 3472 2672 3547 Intemeratajugi
2705 3480 2995 3528 serventur
3025 3476 3252 3541 honore,
3279 3484 3558 3546 precatur:

2141 3582 2191 3652 Ο
2215 3563 2409 3634 Utpote
2430 3565 2571 3634 juris
2598 3565 2886 3635 apostolici
2914 3574 3112 3621 cuncta
3138 3567 3310 3634 fideli,

2214 3655 2382 3720 Quam
2423 3660 2633 3709 certare
2659 3654 2765 3708 sibi
2807 3662 2997 3710 contra
3023 3657 3213 3711 omnia
3251 3656 3415 3711 livida
3445 3659 3626 3725 norit;

2212 3745 2426 3799 Tradita
2459 3745 2820 3816 pauperibus,
2851 3748 3131 3819 sacrisque
3162 3748 3379 3803 addicta
3406 3749 3699 3815 ministris,

2215 3836 2322 3890 Sed
2365 3852 2627 3907 perversa
2665 3836 2798 3891 feris
2828 3838 3041 3909 direpta
3077 3838 3385 3894 furentibus
3416 3841 3582 3908 ursis,

2216 3929 2445 3996 Adjuvet
2473 3930 2643 3984 allisis
2669 3931 2907 3984 evellere
2941 3931 3195 3986 faucibus
3215 3932 3366 3987 atris.

2215 4021 2766 4094 Adgaudetsummus
2788 4024 3082 4095 redditque
3114 4025 3389 4080 levamiua
3409 4027 3634 4097 praesul,

2218 4115 2402 4187 Seque
2434 4116 2630 4186 probat
2663 4116 2845 4173 fratris
2885 4119 3141 4173 devotum
3176 4119 3232 4173 in
3257 4119 3381 4188 jure
3415 4136 3667 4177 manere:

2222 4204 2377 4259 IIune
2404 4204 2570 4259 etiam
2598 4212 2651 4259 et
2678 4214 2861 4261 natum
2884 4206 2988 4260 sub
3022 4206 3188 4278 patris
3214 4224 3400 4264 amore
3422 4208 3635 4277 fovere,

2223 4294 2389 4349 Noxia
2411 4312 2534 4366 quze
2568 4296 2771 4366 patitur
2795 4314 2896 4353 ceu
2926 4300 3149 4370 prOpria
3177 4300 3347 4372 ﬂagra
3376 4302 3589 4369 dolere,

2221 4389 2579 4460 Assiduisque
2610 4390 2729 4459 ejus
2761 4393 3025 4461 precibus
3057 4408 3154 4463 pro
3183 4409 3317 4465 pace
3343 4408 3557 4467 rcgare,

2221 4483 2395 4555 Atque
2426 4484 2598 4553 petita
2625 4485 2790 4540 modo
2822 4486 2908 4540 vel
2943 4496 3191 4558 tempore
3214 4487 3422 4542 cedere
3453 4488 3646 4561 digno,

2224 4570 2559 4625 Praesulihus
2589 4588 2818 4642 pervasa
2842 4574 3002 4642 jubet
3028 4590 3139 4646 quo
3174 4576 3407 4630 reddere
3435 4583 3638 4649 cogant

2227 4663 2552 4733 Raptorem;
2583 4664 2772 4731 sacris,
2806 4665 3007 4720 referat
3036 4666 3144 4721 nisi
3182 4673 3355 4737 rapta,
3391 4668 3682 4737 repellant.

2297 4751 2537 4822 Augusto
2566 4752 2818 4807 scribens
2842 4753 3057 4819 Carolo,
3092 4757 3368 4825 prmeonia
3399 4754 3611 4813 Christo

2232 4840 2646 4912 lnduperatoris
2667 4857 2766 4913 pro
2798 4851 2987 4899 sancto
3017 4844 3200 4898 reddit
3236 4860 3445 4900 amore.

2149 4910 2206 4980 D
2232 4932 2348 4997 Quo
2378 4910 2617 5007 ilagrans
2642 4910 2858 4989 sublata
2888 4935 2982 4989 diu
3018 4936 3347 5007 patrimonia
3368 4944 3573 4992 nostra

2228 5025 2564 5082 Reddiderat
2582 5035 2788 5083 sanetae
2817 5044 3032 5084 summo
3056 5031 3161 5085 sub
3190 5030 3415 5085 nomine
3444 5030 3564 5085 sedi
3589 5047 3606 5096 ;

2226 5114 2300 5169 Ac
2337 5123 2527 5170 monet
2554 5124 2615 5170 ut
2644 5123 2870 5190 peragat
2902 5117 3051 5189 quod
3099 5118 3282 5173 adhuc
3309 5118 3438 5173 hinc
3470 5114 3657 5177 [restat
3683 5130 3832 5186 agen-

3608 5210 3766 5283 (dum,

2228 5298 2457 5356 Sumere
2481 5300 2725 5373 perfecte
2758 5309 2925 5373 queat
2948 5311 3009 5357 ut
3040 5304 3315 5359 mercedis
3347 5304 3637 5361 honorem.

2233 5391 2453 5448 Folconi
2488 5409 2711 5467 quoque
2740 5395 2877 5468 grati
2890 5394 3081 5463 ticans,
3108 5394 3379 5451 solamina
3402 5394 3618 5451 confert

1601 5544 1870 5602 GLOSSIE
1898 5545 2322 5603 IARGINALES
2352 5544 2765 5601 MABILLONII.

579 5653 652 5690 ³⁸⁸
673 5659 1075 5709 antecessores.
1164 5651 1233 5689 ὀν
1260 5651 1523 5709 Lotbarii.
1601 5652 1672 5688 ²⁹⁶
1699 5654 1745 5719 f.
1779 5653 1964 5709 vellat.

2078 5754 2287 5812 ΝΟΤἉΕ.

582 5854 726 5921 (196)
766 5853 919 5908 Flod.
951 5853 1048 5908 lib.
1083 5870 1166 5921 tu,
1206 5871 1254 5918 c,
1283 5854 1371 5909 20.

582 5858 707 5921 (-195
766 5858 919 5908 Flod.
951 5858 1048 5908 lib.
1083 5870 1166 5921 tu,
1206 5871 1254 5918 c,
1283 5858 1371 5909 20.

582 5858 727 6000 (I963
768 5925 934 5983 Deest
956 5923 1148 5982 titulus
1172 5924 1229 5981 in
1266 5924 1485 5984 codice.

2303 5856 2417 5921 (13)
2457 5854 2741 5923 Flod.!lib.
2777 5873 2850 5923 tv,
2878 5874 2925 5912 c.
2962 5860 3009 5913 1.

2307 5926 2418 6000 (14)
2455 5928 2606 5983 Idem
2632 5925 2770 5983 ibid.
