3902 6410
218 426 329 483 825
842 424 924 479 DE
962 424 1224 481 CHRISTI
1263 425 1623 481 TRIUMPHIS
1666 427 1837 482 APUD
1878 425 2143 481 ITALIAM
2184 424 2361 480 LIBRI
2401 420 2524 475 XlV.
2565 449 2635 459 ——
2674 416 2799 471 LIB.
2841 413 2954 468 XII.
3466 401 3570 459 826

221 557 548 630 Aﬁ'ectnque
587 563 776 613 monet
802 557 1000 627 coeptis
1026 556 1278 612 insistere
1303 558 1448 612 votis
1878 561 1928 630 Α
1954 557 2157 613 Prsesul
2189 554 2522 628 apostolicus
2547 550 2709 619 hujus
2745 560 2969 618 quoque
2996 539 3247 615 regmina
3278 535 3506 591 ﬁrmans

222 648 362 720 Erga
387 647 690 702 Romanam
721 645 922 701 summi
964 646 1361 701 moderaminis
1387 662 1592 701 arcem.
1955 648 2195 703 Roborat
2226 643 2482 700 Ecclesiae
2503 656 2627 712 qua:
2658 643 2789 693 sunt
2809 636 2936 690 data
2961 645 3192 687 munera
3222 633 3450 689 nostrae,

225 735 569 809 ConqueleS
594 751 654 789 se
683 733 912 808 indigna
941 734 1075 804 Pali,
1107 732 1368 806 suffragia
1400 735 1573 807 legat:
1952 738 2078 792 Jura
2107 734 2458 806 antiquorum
2483 743 2770 801 procerum
2804 738 3069 781 concessa
3099 719 3300 774 nitore.

224 828 393 883 Istius
417 827 484 881 ad
526 827 703 882 Patris
730 827 1067 897 mandatque
1093 826 1380 893 juvamina
1410 825 1561 879 ferri.
1952 826 2121 880 Nemo
2154 804 2347 879 horum
2375 820 2678 893 quidquam
2700 815 2959 869 minuens
2987 814 3218 878 usurpet
3248 804 3462 874 inique,

223 918 315 973 Sic
342 919 765 991 peregrinantes
802 918 906 973 sub
936 932 1127 972 amore
1155 924 1210 971 et
1241 917 1463 971 nomine
1500 916 1637 971 Petri
1954 917 2064 971 Nec.
2089 917 2289 989 prtesul
2320 914 2500 978 detur,
2535 923 2809 965 canonum
2837 904 2943 958 nisi
2974 902 3097 973 lege
3130 904 3367 969 petatur.

223 1009 504 1080 δυεειρίδί
524 1010 684 1080 Poma
715 1026 779 1065 ³ο
806 1009 1008 1076 Γονείὶι,
1040 1016 1280 1074 tueatur,
1311 1010 1565 1063 honoret.
1956 1010 2081 1063 Hinc
2108 1008 2153 1062 si
2196 1007 2319 1078 quis
2343 1005 2529 1069 violet,
2572 1002 2726 1054 nisus
2766 1007 3035 1053 temerare
3064 996 3286 1046 statuta.

122 1169 141 1180 δ
224 1096 367 1151 Pace
395 1097 669 1151 laboranti
703 1097 872 1153 totius
900 1106 957 1151 et
991 1096 1187 1151 ordine
1218 1096 1375 1167 regni
1956 1097 2281 1157 SedePetri
2322 1095 2488 1167 digne
2519 1091 2688 1145 multa
2718 1088 2959 1141 dictante
2993 1087 3289 1153 prematur.

226 1192 419 1247 Grates
446 1189 575 1243 inde
608 1189 796 1256 refert,
836 1198 1159 1259 crescatque
1181 1189 1431 1243 hortatur
1462 1193 1520 1241 ut
1551 1187 1780 1241 instans.
1958 1188 2113 1241 Edita
2140 1198 2495 1246 conservans,
2529 1175 2784 1232 benedici
2819 1176 3217 1244 promereatur.

298 1281 463 1337 Urbis
492 1254 810 1355 Lingonicze
842 1254 1313 1353 questus-delegat
1343 1280 1545 1343 eidem,
2030 1279 2172 1347 (198)
2204 1273 2456 1332 Pontifici
2499 1272 2628 1326 huic
2668 1254 2852 1325 nostro
2893 1263 3165 1336 synodum
3225 1255 3445 1329 delegat
3476 1254 3578 1306 ha-

224 1374 430 1430 Contra
453 1383 577 1429 vota
594 1344 782 1444 premi
813 1344 1093 1442 pastorum
1125 1344 1367 1426 culmine
1396 1371 1639 1442 plebem,
2038 1344 2043 1347 ῆ
2156 1344 2165 1347 ⁷
2739 1422 2747 1427 ε
3248 1344 3505 1419 [hendam

224 1462 341 1518 Nec
364 1461 533 1536 digno
555 1461 855 1532 impetrare
876 1459 1090 1514 Patrem
1123 1460 1408 1514 molimine
1438 1460 1673 1514 lectum:
1960 1455 2093 1510 Cum
2125 1454 2513 1510 nonnullarum
2544 1450 2832 1523 regionum
2860 1443 3133 1510 l‘atribus,
3163 1444 3327 1508 atque

224 1552 483 1609 Pontiﬁci
520 1552 877 1626 Lugdunensi
906 1552 1164 1605 mandata
1194 1551 1416 1605 dedisse
1959 1557 2108 1609 [nter
2136 1551 2451 1625 Agrippina;
2484 1559 2634 1605 trans
2668 1547 3100 1610 Rhenensesque
3128 1541 3389 1606 patronos

223 1643 580 1720 Signiﬁcans,
612 1660 773 1715 atquo
794 1634 1038 1713 optatum
1067 1650 1309 1697 sacraret
1340 1643 1569 1697 honore.
1958 1646 2161 1700 Audire
2189 1644 2654 1716 aequandasjusto
2686 1632 3064 1692 moderamine
3099 1639 3311 1682 causas.

227 1738 349 1803 Quo
372 1744 640 1793 renuente
669 1737 880 1808 diuque
912 1737 1149 1792 instante
1182 1736 1371 1792 labore
1402 1735 1653 1790 vacantis
1962 1713 2324 1791 Postmodo‘si
2357 1733 2555 1797 valeat,
2590 1741 2831 1801 praisens
2853 1720 3096 1784 accedat,
3130 1723 3181 1770 et
3213 1713 3316 1767 ista

228 1829 513 1892 Ecclesiae,
542 1845 603 1883 se
631 1829 952 1899 przelectum
979 1844 1225 1883 sacrasse
1259 1827 1495 1899 petenti.
1882 1868 1930 1899 ι,
1962 1824 2091 1879 Cum
2124 1824 2308 1877 multis
2337 1822 2460 1875 aliis
2491 1818 2692 1890 pariter
2723 1816 3016 1885 pertractet
3043 1802 3292 1876 agendis.

228 1868 513 1892 νυν-υυιω,
542 1868 603 1883 ut.
632 1868 952 1899 ,.....w......
980 1868 1225 1883 sumus...
1259 1868 1495 1899 rem"...
2125 1868 2307 1877 μην..-
2491 1868 2628 1890 ρ---
2672 1868 2682 1870 -
2724 1868 2738 1885 ,
3078 1868 3109 1876 ..

228 1918 500 1984 Quocirca
531 1933 855 1989 properans,
889 1934 1010 1988 quae
1039 1915 1241 1970 desunt
1273 1916 1499 1987 impleat
1530 1914 1678 1979 urbi,
1882 1868 1933 1935 Β
1963 1914 2113 1968 Hunc
2144 1913 2388 1983 reliquos
2414 1924 2635 1982 quoque
2658 1904 2932 1960 Gallorum
2964 1895 3188 1969 vestigia
3220 1892 3438 1946 Patrum

230 2008 503 2081 Regmina
530 2004 795 2076 prmﬁciat
824 2005 1050 2060 rectoris
1075 2006 1178 2058 rite
1211 1977 1396 2069 dicati,
1667 1977 1673 1979 ν
1964 2003 2105 2057 Urbe
2140 1977 2450 2073 Biturgensi
2470 1977 2637 2068 super
2664 1993 2922 2048 admouet
2953 1985 3204 2057 improba
3225 1977 3356 2035 ferri

230 2099 679 2170 Prtesulibusquc
707 2098 828 2152 aliis
868 2114 1025 2169 papa:
1057 2098 1280 2152 decreta
1308 2098 1533 2151 revolet.
1959 2093 2088 2147 Jura
2120 2099 2389 2161 querente
2430 2088 2557 2151 sibi,
2591 2085 2675 2138 cui
2719 2080 3049 2137 condoleant
3077 2073 3434 2128 miserantes:

231 2194 332 2248 Ille
362 2200 585 2265 paratus
622 2193 690 2247 ad
734 2159 883 2257 haec;
904 2159 1155 2247 Patribus
1190 2199 1462 2263 praecepta
1491 2193 1710 2248 retexit.
1965 2159 2329 2252 lucrepitans,
2359 2194 2457 2232 cur
2487 2192 2594 2231 non
2626 2180 2871 2228 reserent
2895 2170 3227 2239 prwsumpta
3258 2159 3508 2216 silentes,

232 2282 370 2357 Regi
397 2284 553 2347 jussa
574 2288 747 2347 notat,
777 2298 886 2353 quo
917 2298 975 2335 se
1006 2282 1341 2351 prohibente
1372 2288 1613 2334 moratur
1963 2276 2062 2341 Qui
2096 2291 2154 2328 se
2189 2289 2284 2344 pro
2317 2285 2471 2325 muro
2504 2266 2720 2321 infestis
2749 2276 3029 2334 Oppouere
3070 2254 3297 2309 debent.

234 2372 371 2436 Rex,
403 2371 581 2426 donec
606 2371 830 2425 Romam
863 2371 1062 2435 mittat,
1096 2376 1413 2442 certamque
1445 2379 1685 2425 resumat
1961 2367 2195 2424 Iustitia:
2225 2367 2342 2420 zelo
2370 2362 2628 2435 quocirca
2655 2366 2959 2417 armentur,
2993 2362 3225 2424 agonem

233 2466 516 2531 Notitiam,
549 2473 670 2535 post
697 2481 757 2519 se
789 2465 938 2518 nulla
970 2466 1182 2520 ratione
1212 2464 1576 2535 premendum
1965 2460 2219 2535 Aggressi
2262 2431 2478 2512 Dom—ini
2508 2454 2575 2507 ad
2617 2449 3009 2523 prOpriamque
3056 2439 3238 2494 redire
3270 2431 3585 2489 cathedram

235 2558 361 2612 Fert
393 2557 563 2625 jussis
601 2557 671 2611 ab
702 2556 1041 2628 apostolicis,
1072 2573 1253 2628 neque
1278 2556 1512 2612 tormine
1544 2556 1754 2612 mortis.
1969 2532 2309 2623 compellant
2335 2551 2811 2619 praesumptorem,
2835 2532 3112 2590 miseratio
3146 2542 3301 2601 papa:

310 2649 580 2731 Ρηείθτθδ
610 2649 802 2720 patriis
829 2649 1006 2720 P05“il
1039 2665 1098 2703 5°
1122 2652 1247 2718 iure
1285 2650 1475 2705 doceri
1968 2647 2137 2711 Quam
2169 2644 2315 2699 cedit
2346 2641 2609 2695 duntaxat
2638 2635 2723 2689 ei:
2757 2633 2802 2686 si
2833 2625 3137 2699 tempserit,
3172 2619 3322 2676 omni

234 2741 616 2814 Dogmatibus,
649 2757 804 2812 papa:
840 2740 1005 2814 digne
1045 2748 1104 2795 ut
1129 2758 1285 2795 sacra
1322 2741 1563 2797 culmina
1592 2748 1791 2796 servet.
1969 2737 2258 2792 Sacrorum
2288 2718 2561 2789 exsortem
2585 2726 2806 2798 penitus
2829 2737 2891 2775 se
2917 2717 3064 2774 norit
3093 2715 3319 2768 honore.

1763 2888 1971 2945 CAPUT
2014 2888 2073 2941 V.

580 3020 657 3079 De
685 3019 987 3097 Stephano
1023 3028 1075 3079 et
1111 3020 1407 3091 Formoso,
1444 3020 1845 3079 translatione
1874 3033 2110 3094 quoque
2136 3012 2335 3073 sancti
2368 3010 2585 3071 Callisti
2617 3006 2695 3066 ad
2723 3013 2988 3064 nostram
3029 3000 3251 3057 urbem.

310 3175 455 3246 (I97:
491 3176 781 3231 Formosus
825 3175 1165 3247 Stephanum
1222 3174 1505 3246 sequitur;
1564 3172 1650 3227 cui
1685 3188 1868 3246 gram-
1891 3174 1941 3243 ρ
1968 3166 2246 3236 Subjectis
2282 3177 2505 3235 quoque
2537 3156 2866 3231 praesulibus
2895 3153 2989 3224 qui
3041 3147 3295 3247 indebita
3340 3151 3591 3216 poscant,

1417 3263 1581 3335 [mata
1611 3270 1797 3315 uoster
1970 3261 2044 3315 Ne
2073 3258 2300 3329 indigna
2323 3255 2518 3317 faveat,
2550 3250 2766 3312 suadet,
2798 3245 2901 3300 sub
2932 3241 3148 3298 tramite
3179 3237 3346 3310 pacis.

244 3358 441 3433 Dirigit
465 3357 753 3427 expositus
774 3372 939 3426 supra
970 3372 1135 3427 quam
1169 3371 1316 3426 sa‘pc
1346 3321 1624 3417 sacerdos,
1972 3352 2067 3404 Ille
2100 3321 2355 3419 rependit
2392 3344 2458 3398 ad
2503 3344 2639 3403 hzrc,
2683 3337 2943 3392 studeant
2980 3328 3359 3387 moderamina
3388 3321 3590 3379 summi

242 3450 612 3525 (Iongaudens
639 3448 877 3502 subiisse
899 3448 1047 3502 vices
1079 3448 1226 3502 hunc
1256 3447 1502 3518 regmine
1526 3444 1688 3499 Petri.
1976 3437 2218 3492 Rectoris
2248 3434 2452 3505 pariter
2479 3430 2661 3485 verbis
2687 3426 2937 3481 attollere
2968 3431 3022 3476 et
3051 3419 3210 3484 actis,

242 3512 633 3595 Has‘sermone
663 3538 823 3591 simul
858 3539 1118 3608 suppiere
1148 3512 1412 3590 decenter
1445 3546 1497 3588 et
1525 3542 1645 3587 artu
1972 3530 2130 3583 Juxta
2160 3525 2309 3599 quod
2339 3524 2536 3580 collata
2565 3519 2671 3574 sibi
2704 3518 2808 3572 fert
2827 3514 3001 3590 gratia
3022 3512 3221 3585 cuique
3255 3525 3269 3562 :

150 3640 153 3641 ⁷
242 3629 344 3693 Qui
388 3630 591 3691 valeat,
625 3626 811 3681 solans
842 3626 1003 3678 vehat
1032 3625 1099 3677 ad
1142 3624 1356 3695 potiora
1386 3622 1725 3676 cathedram.
1974 3625 2047 3678 Nc
2071 3622 2225 3677 vacui
2260 3618 2364 3674 sub
2405 3634 2467 3672 ea
2489 3616 2632 3671 servi
2670 3613 2964 3683 eulpentur
2994 3605 3207 3662 haberi.

242 3717 659 3790 Propitiumquc
691 3715 861 3769 Deum
890 3714 1147 3769 Ecclesiae
1180 3720 1411 3768 testatur
1441 3713 1496 3766 in
1528 3712 1693 3780 hujus
1974 3714 2113 3779 Quin
2144 3720 2302 3784 aptos
2320 3726 2419 3781 per
2451 3725 2569 3763 eam
2602 3705 2810 3760 fructus
2831 3700 3024 3756 aﬂ‘errc
3043 3699 3315 3752 laborent.

242 3812 496 3867 Culmine
529 3807 843 3873 monstrari,
870 3806 1018 3878 quod
1053 3814 1157 3859 tam
1186 3813 1446 3860 tractatur
1474 3806 1726 3859 honeste.
1975 3805 2166 3862 Illicita
2196 3802 2504 3863 inhibeant,
2537 3795 2870 3865 infandaque
2901 3786 3397 3864 germinavellant,

244 3904 383 3960 Huic
411 3919 472 3958 se
502 3901 823 3971 subjiciens,
857 3899 1149 3954 famulatus
1178 3898 1360 3952 omnis
1389 3899 1654 3952 honorem

1976 3902 2036 3955 Et
2062 3897 2276 3954 cunctis
2304 3893 2503 3950 Christi
2536 3888 2754 3945 famulis
2784 3884 3045 3958 suffragia
3065 3884 3342 3953 priestent.

242 3996 517 4070 Spondet,
558 4002 613 4049 et
639 3999 862 4049 excusat
886 3992 1031 4064 quod
1065 4006 1189 4045 eum
1224 4007 1333 4045 non
1365 3990 1544 4044 visere
1576 3994 1795 4043 currat:
1972 3988 2139 4057 Cujus
2168 3985 2289 4055 opis
2327 3998 2491 4037 causa
2512 3979 2664 4050 cupit
2701 3976 2866 4045 hujus
2884 3986 3114 4028 noscere
3146 3982 3355 4029 curam,

242 4091 421 4161 Atque
438 4088 605 4143 refert
624 4093 829 4161 grates,
852 4083 999 4156 quod
1023 4084 1077 4138 in
1113 4083 1397 4137 solaminis
1425 4097 1546 4136 orsa
1973 4055 2276 4147 Deplorans
2316 4072 2543 4126 miseras
2573 4068 2757 4124 clades
2788 4064 3184 4130 hominemque
3212 4055 3453 4120 labores,

240 4181 474 4247 Miserit,
504 4178 795 4233 insinuans
828 4177 979 4230 illum
1011 4191 1070 4229 se
1101 4181 1291 4246 optare
1332 4173 1658 4238 videndum,
1977 4167 2156 4223 Hostis
2184 4163 2467 4234 etantiqui
2497 4159 2776 4232 captantia
2806 4156 2948 4212 retia
2967 4151 3196 4215 fraudis,

245 4274 307 4328 Et
331 4288 392 4327 se
423 4270 598 4342 ipsius
628 4270 681 4323 in
724 4284 1012 4323 occursum
1046 4265 1195 4338 quod
1223 4266 1407 4340 signet
1440 4264 1663 4329 iturum,
1975 4260 2107 4323 Quis
2134 4274 2312 4332 genus
2338 4257 2637 4310 humanum
2662 4249 2871 4307 crudeli
2898 4245 3102 4319 pellicit
3129 4251 3271 4297 astu.

243 4358 594 4431 Proﬁcuique
623 4357 784 4414 oﬂ'ert
813 4357 1030 4411 decoris
1048 4364 1326 4411 crementa
1360 4355 1632 4414 daturum,
1978 4351 2115 4405 Hinc
2140 4330 2408 4414 haereses,
2451 4345 2579 4399 hinc
2610 4343 2777 4398 bella'
2805 4354 3058 4406 movens,
3112 4340 3167 4389 et
3200 4330 3434 4388 crimine
3462 4342 3597 4398 gau-

244 4450 375 4519 Ejus
413 4456 469 4503 et
498 4449 566 4502 ad
591 4455 778 4502 nutum
810 4443 1073 4516 Stephani
1104 4460 1226 4497 sese
1257 4443 1425 4497 edere
1452 4442 1520 4476 ²⁹⁹
1545 4442 1780 4510 iussum.

3063 4476 3067 4481 .
3346 4421 3524 4494 (deus,

245 4499 373 4519 —-.—-
420 4499 467 4503 -ν
500 4499 565 4502 π
825 4499 832 4500 κ
907 4499 919 4516 .
1545 4499 1566 4510 -

245 4544 536 4613 Respersaz
568 4539 824 4595 ECCIeSim
856 4538 1116 4609 quaesitas
1150 4535 1349 4591 robore
1379 4535 1556 4606 poscit
1894 4499 1950 4567 D
1976 4536 2253 4609 Sanguine
2287 4534 2622 4597 fervescens,
2657 4524 3115 4585 odiorumlitibus
3135 4520 3356 4582 ardens,

244 4631 469 4697 muniri,
501 4629 750 4699 BIUSdcm
786 4630 952 4682 V1115“?
995 4642 1061 4680 ne
1094 4625 1314 4697 quando
1352 4624 1563 4695 τθρὶηίε
1975 4630 2149 4699 Atque
2170 4626 2471 4680 Orientales
2503 4624 2809 4677 haereseum
2839 4617 3135 4673 schismate
3167 4625 3450 4682 rumpens.

243 4723 550 4776 Demantur
576 4718 768 4782 sacris,
802 4714 978 4770 avidis
1017 4713 1375 4787 praedonibus
1405 4720 1557 4767 actm.
1977 4720 2130 4773 unde
2159 4718 2478 4773 sacerdotes
2507 4713 2796 4770 suadendo
2823 4715 3160 4773 commonet,
3192 4719 3343 4760 arma

245 4812 428 4889 Magni
459 4809 737 4881 pontiﬁcis
767 4808 965 4864 Christi
1001 4807 1268 4877 testisque
1300 4804 1479 4859 Calisti

1977 4814 2304 4883 Corripiant,
2339 4824 2630 4880 areamque
2661 4807 2848 4862 levent
2877 4802 3197 4859 discrimine
3228 4813 3397 4853 smvo.

244 4907 495 4963 Membra
525 4905 633 4959 sibi
662 4903 836 4975 signis
862 4903 1059 4957 collata
1082 4901 1280 4955 abbate
1311 4899 1601 4970 Rodulpho
1978 4902 2319 4958 Couveniant
2344 4900 2513 4973 igitur
2531 4897 2775 4952 medium
2807 4894 2912 4949 sibi
2937 4907 3166 4965 poscere
3199 4888 3490 4952 Christum,

247 5001 382 5055 Cum
414 4997 581 5053 rebus
601 5003 791 5051 sancto
809 4994 1086 5067 appli'citis
1106 4994 1196 5061 30°,
1228 4993 1468 5049 avellere
1491 4992 1714 5064 quidam
1982 4994 2081 5059 Qui
2104 4993 2356 5050 consulta
2387 4993 2541 5057 ferat,
2571 4991 2664 5045 det
2689 5004 2875 5060 opem,
2908 4985 3181 5055 faciatque
3208 4978 3465 5034 salutem.

247 5092 396 5156 Quas
417 5086 716 5142 nitebatur-
750 5084 930 5156 Super
961 5084 1046 5139 his
1066 5083 1318 5138 consulta
1340 5082 1594 5154 requirit,
1982 5087 2059 5141 Ad
2079 5087 2227 5158 quod
2259 5083 2577 5157 pontificem
2609 5080 2809 5155 rogitat
2839 5076 3177 5134 contendere
3208 5078 3452 5127 nostrum

212 5181 217 5185 ’
248 5181 642 5251 Auxiliumque
672 5177 831 5249 petit,
866 5176 1017 5247 pravi
1051 5192 1159 5248 quo
1181 5177 1309 5244 jure
1339 5183 1679 5247 premantur.
1981 5174 2231 5249 Accingi,
2262 5188 2582 5245 preperare,
2612 5185 2797 5226 moras
2827 5168 3173 5236 disrumpere
3203 5167 3454 5225 cunctas,
3484 5230 3491 5231 γ

326 5272 389 5328 Et
418 5271 549 5343 quia
601 5275 966 5340 compererat,
1011 5268 1251 5340 quodam
1285 5267 1569 5322 molimine
1609 5283 1878 5322 summam
1983 5262 2367 5333 Auxiliumque
2388 5260 2549 5315 malis
2572 5258 2778 5314 mundo
2806 5254 3060 5311 conferre
3090 5251 3294 5307 ruenti.

246 5362 477 5420 Turbari
511 5360 733 5427 sedem;
765 5359 930 5431 capiti
962 5374 1062 5415 ceu
1091 5357 1353 5415 condolet
1381 5366 1550 5424 artus,
1984 5357 2230 5413 Christus
2262 5350 2337 5411 sit
2360 5356 2468 5424 via,
2502 5355 2613 5410 dux
2639 5352 2902 5417 Christus,
2929 5347 3153 5405 victoria
3185 5343 3453 5403 Christus.

1335 5514 1608 5572 CLOSSIE
1653 5514 2071 5571 MARGINALES
2108 5511 2513 5568 MARILLONII.

328 5607 399 5643 ³⁵³
426 5605 674 5677 exsequi.
758 5603 830 5640 ³⁰⁹
851 5606 1153 5661 concessis.

1827 5704 2036 5762 ΝΟΤᾸΞ.

328 5802 477 5875 (197)
521 5801 671 5860 Flod.
701 5802 801 5860 lib.
837 5820 912 5870 iv,
944 5820 993 5860 c.
1028 5804 1081 5859 1.

877 5820 912 5870 ν,
944 5820 993 5860 c.
1028 5804 1081 5859 1.
1895 5846 1903 5852 .
2087 5805 2234 5874 (198)
2277 5804 2418 5860 Ibid.
