3902 6404
309 413 414 469 δτι
1074 415 1440 472 FLODOARDI
1481 413 1786 470 CANONlCl
1829 415 2156 471 REMENSIS
2197 417 2534 473 OPllSCULA
2578 418 2885 494 METRICA.
3561 427 3670 482 828

311 543 422 598 Nec
452 543 586 597 satis
604 551 688 599 est
713 543 992 600 monuisse
1019 546 1212 610 semel,
1231 545 1585 618 monitusque
1616 554 1880 617 paternos
1965 558 2010 622 Α
2038 546 2149 602 Nec
2173 546 2371 602 vetitos
2402 547 2550 602 ineat
2581 546 2742 616 ﬁnes,
2773 548 3037 605 invadere
3069 550 3253 607 nitens

316 635 466 689 Haud
501 635 693 690 iterare
724 635 894 708 piget,
926 636 1109 691 Matris
1138 652 1462 692 succurrere
1491 637 1657 704 cladi,

315 722 539 794 Disponi
568 725 841 794 synodum
864 725 1108 797 generali
1133 726 1258 796 jure
1288 729 1498 802 gerend
1520 745 1612 794 sm,

315 812 394 864 Ad
415 827 579 884 quam
611 812 835 868 festinet
861 815 1014 869 nullo
1046 814 1387 886 impediente
1404 823 1650 874 retentus

315 902 566 958 Pondere
597 904 843 971 desidias,
875 905 1102 960 uberius
1129 907 1293 961 simul
1323 908 1510 964 omnia
1537 916 1792 977 tractent,

314 999 443 1062 Quae
473 1000 756 1053 tractanda
783 999 958 1054 sient:
992 1003 1213 1056 oracula
1237 1003 1440 1058 clarius
1479 1004 1647 1060 edant

318 1089 620 1144 Barbaricas
645 1089 827 1164 gentis
857 1091 982 1162 quis
1012 1092 1268 1149 Francica
1300 1110 1469 1167 regna
1500 1095 1760 1166 procellis

2039 638 2255 694 Externi
2287 656 2408 711 quas
2429 640 2740 709 suntjuris,
2773 641 3120 714 cupidusque
3149 645 3355 715 rapinis

2037 727 2340 795 Abstineat,
2372 729 2552 784 vitans
2567 740 2748 786 rectos
2768 732 3158 788 transcendere
3188 727 3356 789 calles

2037 818 2165 883 Quae
2207 819 2436 874 Domino
2458 821 2712 891 placeant
2741 820 2930 876 solerti
2952 829 3136 877 mente
3169 830 3448 891 retractet,

2037 915 2172 966 Ante
2203 914 2394 969 oculos
2421 922 2669 968 statuens
2694 916 2814 983 ejus
2829 915 2934 970 sub
2965 932 3154 972 amore
3181 917 3458 974 timorem.

2111 1004 2248 1059 Pace
2275 1005 2576 1061 laborantis
2603 1005 2965 1079 congaudens
2999 1009 3254 1079 praesulis
3281 1011 3423 1065 actis

2039 1097 2312 1153 Admonet
2341 1097 2427 1151 his
2445 1103 2604 1152 cauto
2636 1097 2928 1154 Folconem
2954 1099 3208 1156 insistere
3240 1103 3386 1168 nisu,

313 1181 645 1250 Turbantur,
679 1184 910 1240 nimium
940 1185 1130 1241 dolet:
1183 1194 1348 1260 atque
1380 1198 1438 1244 ut
1467 1189 1692 1245 dextera
1722 1207 1936 1246 summa
2039 1191 2145 1245 Pax
2171 1190 2316 1246 odiis
2354 1206 2422 1243 ne
2443 1189 2759 1245 inconsulte
2790 1191 3022 1262 quaesita
3052 1191 3307 1258 facessat,

315 1273 418 1328 Has
449 1275 734 1346 reprimat,
760 1291 1049 1346 procerum
1083 1276 1279 1334 Christi
1309 1279 1566 1354 suffragia
1595 1283 1791 1352 poscit.

388 1362 614 1418 Privata:
641 1363 779 1437 legis
809 1366 1116 1422 munimine
1141 1368 1266 1437 jura
1296 1371 1466 1440 petita

320 1454 573 1509 Remensi
606 1453 710 1509 fert
739 1455 998 1512 Ecclesia:
1030 1459 1322 1514 retinenda
1354 1461 1627 1528 docendo,

317 1551 387 1602 Ac
420 1547 765 1618 prohibendo
789 1549 966 1618 nefas,
988 1567 1056 1606 ne
1087 1553 1212 1624 quis
1229 1566 1526 1625 praesumat
1556 1557 1745 1630 inique

318 1642 616 1695 Attrectare
647 1641 817 1696 sacris
848 1658 1102 1712 possessa
1125 1655 1217 1700 aut
1246 1646 1470 1702 demere
1503 1665 1657 1704 cassa
1688 1650 1776 1705 ³⁰¹.

318 1729 585 1802 Nullaque
617 1730 965 1801 pontiﬁcum,
1000 1749 1213 1807 regum,
1255 1737 1588 1793 comitumve
1628 1747 1873 1810 potestas

318 1821 513 1876 lllicite
540 1838 832 1893 usurpans,
866 1825 1124 1895 proprios
1155 1827 1397 1884 inflectat
1421 1831 1472 1885 in
1506 1848 1638 1886 usus

321 1912 450 1976 Quae
472 1921 601 1968 sunt
621 1913 904 1982 Ecclesiae,
927 1932 1091 1987 quam
1121 1919 1357 1989 praesule
1385 1921 1524 1978 forte
1544 1933 1830 1980 vacantem

322 2007 509 2062 Nullus
537 2017 597 2064 ut
634 2010 878 2074 invadat,
905 2011 1208 2067 violentum
1241 2014 1446 2084 aspiret
1475 2015 1527 2070 in
1559 2033 1791 2073 ausum:

319 2099 426 2153 Nec
458 2099 563 2154 nisi
590 2101 870 2173 condigne
896 2103 1092 2173 praesul
1123 2110 1392 2160 statuatur
1423 2106 1654 2172 honore;

318 2189 632 2257 Pontifices,
665 2207 847 2264 reges,
879 2193 1081 2262 clerus,
1113 2195 1477 2269 subiectaque
1509 2199 1702 2269 plebes

321 2282 667 2346 Provideant,
695 2297 960 2356 operante
990 2288 1102 2344 Deo
1141 2296 1200 2344 ut
1230 2289 1372 2347 bene
1403 2293 1598 2349 tradita
1625 2303 1866 2364 servent,

319 2372 688 2444 Ampliﬁcent,
718 2375 1001 2444 decorent,
1037 2395 1238 2448 supera
1254 2383 1509 2437 mercede
1543 2394 1868 2462 propagent.

323 2463 654 2534 Dispositum
686 2465 854 2540 digne
878 2471 1164 2537 praemisso
1196 2473 1433 2541 prsesule
1457 2475 1746 2548 quisquam

320 2554 437 2609 Non
461 2557 713 2612 mutilare
743 2557 935 2626 decus,
968 2575 1078 2615 non
1103 2560 1396 2620 immutare
1425 2566 1701 2623 subintret
1725 2587 1738 2624 :

326 2645 526 2700 Usibus
555 2653 610 2700 at
638 2657 899 2705 maneant
928 2667 1210 2708 servorum
1243 2655 1430 2712 dedita
1461 2659 1658 2714 Christi

322 2733 540 2808 Integra
567 2738 836 2806 pontifici,
866 2740 1050 2811 dignis
1073 2745 1352 2800 tractanda
1382 2748 1670 2806 ministris.

331 2823 454 2877 Haec
483 2831 672 2880 contra
694 2827 948 2899 quisquis
979 2835 1388 2904 prwsumpserit
1417 2847 1537 2892 acta
1567 2839 1776 2907 venire,

327 2914 419 2968 His
449 2931 511 2970 se
541 2917 860 2973 mulctatum
895 2921 1048 2976 scitis
1075 2926 1425 2983 anathemate
1470 2931 1614 2985 norit
1645 2947 1659 2990 :

327 3010 586 3066 Servator
605 3013 769 3068 vitam
799 3027 1078 3074 mereatur
1100 3021 1306 3077 habere
1338 3040 1659 3094 perennem.

399 3100 583 3158 Rebus
621 3105 919 3174 Avennaci,
949 3125 1117 3182 super
1140 3113 1268 3168 almi
1302 3126 1355 3170 et
1372 3117 1497 3185 jure
1531 3117 1732 3186 Calisti,

324 3192 455 3248 Tum
485 3195 706 3253 decreta
738 3201 853 3269 pari
875 3204 1126 3273 provexit
1153 3207 1350 3263 robore
1383 3208 1532 3266 fulta.

399 3282 671 3340 Praeterea
688 3289 838 3358 quod
865 3302 1213 3363 compererat
1240 3312 1340 3366 per
1367 3298 1525 3354 devia
1553 3303 1820 3373 quosdam

329 3373 655 3432 Pontiﬁcum
687 3377 838 3448 ferri,
869 3384 1201 3458 populisque
1223 3390 1474 3461 exempla
1496 3392 1670 3449 ruinae

331 3462 560 3531 Dedere,
593 3473 648 3520 et
671 3466 970 3539 increpitos
995 3488 1104 3528 non
1133 3474 1299 3547 digna
1327 3481 1638 3550 rependere
1670 3483 1880 3550 suasis;

330 3551 472 3615 Quin
503 3559 557 3607 et
584 3554 858 3613 deteriora
888 3563 1069 3633 sequi,
1101 3580 1204 3620 nec
1234 3566 1352 3622 dira
1382 3585 1576 3626 cavere
1610 3589 1623 3626 :

328 3644 443 3698 Non
470 3645 592 3701 sine
623 3664 685 3702 se
717 3666 948 3708 maerore
973 3656 1127 3729 gravi
1167 3659 1404 3717 tolerare
1438 3661 1658 3720 fatetur.

330 3739 406 3833 ad
433 3756 622 3833 pacem
665 3743 904 3802 invitans
929 3751 1281 3827 exstinguere
1303 3757 1564 3813 scandala
1586 3764 1808 3833 querit,

331 3830 656 3890 Pontiﬁcum
687 3835 828 3893 fastu
858 3839 1104 3899 Christus
1131 3847 1263 3918 quia
1282 3851 1546 3908 temnitur
1569 3830 1705 3912 atro.

331 3923 528 4018 Noster
553 3935 608 3981 et
628 3929 858 3985 antistes
884 3933 1055 4002 dolet,
1073 3939 1276 4012 arguit,
1300 3942 1569 4014 increpat.
1600 3946 1772 4018 angit.

335 4017 488 4115 [inde
519 4035 752 4115 monens
781 4028 1004 4085 mandat
1020 4031 1244 4099 junctos
1275 4035 1421 4093 hunc
1449 4053 1648 4115 cegere
1673 4017 1880 4107 Patres,

333 4106 506 4204 ﬁtque
527 4110 667 4204 alios
695 4115 874 4204 accire
898 4118 1124 4187 probos,
1149 4122 1481 4198 decretaque
1512 4106 1652 4204 hagis

336 4194 580 4252 Pandere
606 4200 826 4268 divinae,
867 4207 1139 4276 synodum
1181 4194 1462 4270 celebrare
1489 4194 1676 4292 vigore

337 4285 499 4376 Cesso
530 4289 600 4323 ³⁶²
623 4291 767 4360 juris
787 4299 1075 4366 apostolici
1107 4304 1414 4362 munimine
1449 4285 1665 4376 fultam,

334 4373 502 4430 Noxia
534 4378 790 4436 vellendo
815 4387 1098 4459 gregibus,
1130 4391 1412 4460 profutura
1441 4373 1696 4455 serendo.

335 4467 398 4518 At
424 4466 468 4520 si
501 4469 635 4539 quid
667 4469 834 4529 fuerit
863 4494 1132 4547 perversae
1161 4483 1273 4539 litis
1302 4487 1558 4544 obortum
1591 4508 1606 4555 ;

338 4555 589 4613 Praesulis
609 4562 793 4618 eximii
823 4581 1112 4627 sertentur
1141 4577 1470 4650 cognitioni,

338 4649 510 4706 Dante
542 4654 653 4710 Deo
685 4658 914 4732 dignum
948 4665 1166 4722 valeant
1197 4649 1254 4725 ut
1280 4688 1499 4730 sumere
1527 4674 1716 4732 ﬁnem.

337 4741 432 4796 Cui
456 4759 514 4798 se
537 4749 771 4805 concilio
795 4759 970 4810 tentet
998 4758 1312 4818 subducere
1345 4781 1531 4834 nemo,

337 4832 593 4905 Quisquis
621 4843 910 4908 apostolici
941 4861 1168 4905 consors
1197 4855 1348 4924 cupit
1378 4832 1754 4914 esselfavoris.

416 4924 687 4983 Bellorum
718 4940 897 4989 motus
928 4953 1026 5007 per
1049 4940 1310 4999 Francica
1341 4963 1509 5019 regna
1529 4965 1813 5016 coercens,

341 5016 604 5108 Primates
625 5033 812 5080 monet
845 5027 1099 5086 Ecclesiae
1130 5045 1340 5092 certare
1373 5016 1584 5108 labore,

339 5106 526 5164 Totius
552 5128 696 5168 cura!
729 5119 985 5176 madeant
1012 5139 1080 5178 ne
1110 5143 1277 5201 regna
1302 5146 1520 5196 cruore.

341 5198 679 5296 Christicolae
712 5223 871 5282 reges
900 5212 1128 5270 bellisve
1159 5198 1440 5276 armentur
1467 5223 1692 5296 iniquis.

340 5291 641 5349 Attrectare
660 5299 814 5355 nefas
831 5303 1033 5370 aliena,
1067 5307 1330 5368 invadere
1359 5291 1597 5372 cessent.

345 5382 492 5476 bella
511 5401 870 5476 seperenlur.
905 5403 1202 5458 commotio
1231 5421 1373 5460 smva
1406 5416 1702 5476 prematur.

343 5467 476 5571 Du-r-n
511 5472 682 5571 Roma
714 5479 872 5536 Folco
899 5486 1108 5554 redeat,
1133 5507 1235 5560 pax
1266 5467 1481 5565 sceptra
1505 5497 1796 5571 gubernet.

413 5560 535 5654 Haec
553 5565 746 5622 eadem
777 5575 1072 5632 exhortans
1110 5583 1178 5636 ad
1211 5560 1400 5654 pacem
1433 5560 1626 5643 scribit
1653 5590 1850 5654 Odoni,

339 5645 416 5702 Ne
449 5651 700 5709 Carolum
731 5671 922 5718 contra
953 5667 1153 5725 bellum
1176 5645 1460 5735 moveatur
1487 5680 1760 5753 iniquum,

2042 1283 2212 1355 Regia
2242 1297 2350 1336 neu
2380 1281 2515 1336 celsi
2545 1283 2765 1356 generis
2793 1281 3032 1337 scintilla
3065 1290 3292 1338 teratur.

2042 1373 2283 1429 Crimina
2311 1373 2634 1446 sceptrigeri
2667 1375 2925 1445 prudenti
2954 1376 3195 1430 arcenda
3217 1375 3476 1440 medella,

2047 1464 2312 1536 chmine
2345 1478 2441 1533 pro
2470 1463 2624 1537 regni
2652 1479 2720 1517 ne
2751 1463 2990 1533 pessima
3019 1463 3277 1518 scandala
3305 1473 3534 1537 surgant

2115 1554 2336 1610 Hortatu
2354 1554 2605 1608 Carolum
2640 1554 2827 1608 solans
2857 1562 3135 1626 gratanter
3161 1557 3416 1618 honorat,

2043 1645 2299 1700 Gaudens
2329 1645 2474 1699 hunc
2513 1645 2701 1715 patriae
2744 1654 3061 1716 provectum
3089 1647 3330 1702 culmine
3359 1648 3511 1702 sedis
3555 1671 3558 1673 ·

2047 1735 2220 1806 Atque
2247 1742 2441 1806 petens
2473 1734 2683 1789 Christo
2711 1735 2971 1805 placitum
3009 1753 3109 1805 per
3137 1746 3384 1808 tempora
3411 1737 3578 1809 longa

2049 1823 2557 1894 Crescerejustitia,
2589 1823 2815 1894 pietate,
2837 1832 2893 1878 et
2921 1825 3040 1879 luce
3073 1825 3304 1896 sophiae.

1969 1889 2014 1955 Β
2043 1920 2118 1973 Ac
2149 1926 2337 1974 monet
2366 1929 2424 1973 ut
2446 1919 2736 1974 Dominum
2762 1920 2945 1975 cordis
2971 1937 3083 1990 prae
3107 1921 3314 1975 lumine
3345 1928 3538 1992 ponat,

2041 2009 2293 2064 Jussibus
2317 2009 2492 2080 ipsius
2521 2010 2650 2064 totis
2673 2010 2965 2064 conatibus
2997 2012 3226 2066 haerens.

2044 2098 2242 2170 Diligat
2262 2107 2316 2153 et
2341 2106 2660 2169 servetquaa
2685 2098 2833 2167 justa
2863 2115 2927 2154 ac
2958 2109 3106 2154 recta
3138 2098 3388 2169 probarit

2044 2194 2344 2249 Admoveat
2362 2193 2527 2262 justis
2551 2209 2760 2256 aurem,
2785 2193 3022 2248 divertat
3053 2193 3275 2266 iniquis.

2044 2284 2125 2339 Sit
2144 2285 2346 2340 virtute
2368 2285 2560 2351 animi,
2583 2284 2766 2340 carnis
2797 2286 3142 2357 praestantior
3163 2302 3288 2347 usu.

2047 2372 2301 2444 Corporis
2327 2389 2392 2429 ac
2421 2373 2624 2429 mentis
2645 2374 2835 2428 hostes
2865 2381 2921 2428 ut
2943 2382 3188 2429 sternere
3222 2375 3416 2445 possit,

2045 2464 2113 2518 Se
2145 2479 2367 2535 quoque
2397 2480 2520 2535 qua:
2549 2463 2725 2519 valeat
2755 2464 3040 2534 spondens
3063 2474 3358 2538 augmenta
3388 2464 3649 2520 daturum

2048 2559 2251 2614 Panem
2284 2575 2378 2629 pro
2409 2567 2565 2634 grato
2599 2559 2953 2614 benedictum
2987 2575 3214 2614 munere
3237 2560 3401 2631 legat,

2048 2650 2348 2714 Quaesierat
2375 2649 2611 2722 geminae
2636 2664 2802 2720 quem
2838 2664 2930 2702 rex
2961 2648 3063 2703 sub
3097 2649 3226 2703 dote
3256 2648 3468 2703 salutis.

2047 2740 2284 2796 Solertes
2309 2756 2430 2794 cum
2455 2740 2582 2812 quis
2598 2746 2902 2794 tractentur
2921 2739 3212 2794 commoda
3237 2740 3484 2806 mandat,

2048 2837 2221 2891 lmmo
2246 2837 2590 2891 sacerdotem
2619 2835 2911 2891 Folconem
2953 2835 3022 2890 ad
3047 2835 3175 2890 talia
3206 2836 3403 2901 mittat,

2049 2927 2215 2996 Cujus
2247 2928 2493 2983 consiliis
2524 2928 2760 2982 utillima
2785 2943 3020 2999 quinque
3040 2927 3227 2982 decori

2053 3023 2312 3085 Edantur,
2345 3023 2492 3095 regis
2523 3022 2912 3078 cumulandiet
2927 3022 3193 3078 culminis
3223 3029 3366 3092 apta.

2125 3111 2496 3176 Quorumdam
2529 3111 2763 3182 querulo
2807 3111 3038 3165 nimium
3079 3110 3318 3166 clamore
3346 3111 3573 3181 petitus.

2005 3261 2028 3280 Ἰ
2058 3203 2253 3259 Urbem
2287 3203 2512 3276 indigna
2539 3203 2648 3274 pati
2685 3202 2956 3274 queritur,
2988 3203 3274 3275 metuique
3299 3203 3536 3258 clientes
3561 3221 3574 3257 :

2016 3302 2030 3324 ‘
2053 3294 2326 3350 Sedandis
2357 3294 2561 3367 quibus
2582 3295 2842 3350 exhibeat
2871 3311 2932 3350 se
2965 3295 3123 3351 Folco
3157 3296 3418 3366 reposcit.

2051 3389 2342 3460 Comperto
2372 3388 2592 3443 tandem
2626 3389 2672 3443 is
2697 3389 2811 3443 veri
2842 3388 3222 3444 moderamine
3259 3389 3482 3458 praesul,

2051 3481 2219 3544 Quam
2252 3480 2322 3534 sit
2350 3479 2673 3550 apostolicis
2705 3477 2846 3533 ﬁdus
2898 3495 3058 3550 quam
3084 3479 3335 3550 jussibus
3365 3481 3609 3548 ardens;

2051 3569 2248 3623 Parere
2271 3567 2529 3623 eethereis
2557 3567 2784 3641 gaudet,
2816 3577 3113 3642 gratesque
3147 3567 3428 3638 rependit,

2054 3663 2350 3734 Spondens
2373 3680 2434 3718 se
2464 3663 2518 3717 in
2539 3663 2743 3735 quibus
2775 3662 3033 3733 expediat
3061 3663 3304 3733 praebere
3328 3661 3632 3734 benignum
3673 3684 3690 3719 :

2056 3753 2224 3822 Hujus
2253 3760 2308 3806 et
2335 3752 2402 3806 ad
2435 3761 2622 3808 votum
2647 3768 2837 3822 regum
2867 3752 3139 3822 pressisse
3160 3750 3426 3805 duellum.

2056 3843 2387 3899 Praesulibus
2414 3843 2642 3918 regique
2667 3843 2794 3898 ideo
2821 3841 3083 3897 mandata
3109 3841 3357 3908 dedisse,

2053 3931 2243 3987 Tutius
2268 3931 2391 4002 ipse
2421 3930 2566 3986 Petri
2594 3931 2772 3986 valeat
2801 3945 2912 4003 quo
2943 3931 3118 3985 visere
3140 3930 3350 3984 sedem.

2131 4025 2282 4079 Hunc
2308 4039 2530 4095 quoque
2558 4023 2740 4078 fratris
2767 4024 2976 4080 honore
3009 4024 3222 4090 colens,
3240 4022 3508 4094 specialia
3533 4023 3698 4099 legat

2057 4113 2238 4168 Munia
2268 4114 2580 4179 charorum,
2615 4113 2901 4166 tutandum
2935 4112 3112 4183 poscit
3137 4111 3428 4176 honorem,

2056 4205 2324 4262 Scandala
2355 4215 2656 4276 proterere,
2687 4213 2741 4261 et
2772 4206 2923 4276 pacis
2953 4212 3282 4260 connectere
3311 4202 3522 4257 vincla:

2059 4297 2290 4351 Frenare
2313 4295 2658 4366 implacidos,
2691 4304 2744 4350 et
2771 4296 2836 4350 ad
2865 4295 3063 4349 almam
3095 4310 3296 4368 cogere
3320 4309 3535 4365 pacem,

2057 4389 2228 4460 quue
2259 4388 2401 4442 Petri
2433 4391 2600 4444 latum
2632 4387 2766 4442 ﬁdat
2796 4388 2904 4442 sibi
2936 4404 3166 4442 munere
3199 4388 3426 4452 donum,

2058 4481 2407 4536 Lambertum
2440 4483 2764 4552 Augustum,
2799 4480 3051 4534 Folconis
3081 4495 3247 4533 carne
3279 4477 3690 4549 propinquum,

1974 4583 2031 4650 ι)
2062 4571 2126 4625 Ut
2154 4571 2435 4641 proprium
2467 4586 2525 4624 se
2556 4569 2716 4624 tutari
2747 4569 3015 4624 solamine
3049 4575 3232 4621 natum

2061 4664 2411 4738 Signiﬁcans,
2444 4666 2648 4720 nostris
2672 4663 2981 4735 gratissima
3012 4661 3264 4734 praesulis
3291 4660 3447 4715 effert

2063 4757 2218 4820 Vota,
2246 4755 2450 4827 quibus
2480 4754 2622 4809 Petri
2659 4760 2950 4808 veneratur
2982 4753 3191 4808 honore
3221 4750 3562 4804 cathedram.

2133 4853 2440 4923 Sacrilegos
2472 4850 2740 4922 quosdam
2775 4848 2971 4903 sacrati
3005 4847 3263 4902 culminis
3285 4852 3434 4899 atros

2064 4944 2371 5015 Carplores,
2397 4941 2595 4997 summi
2614 4941 2812 5011 capitis
2847 4940 3153 4995 clarissima
3180 4936 3430 4992 membra

2062 5039 2396 5091 Attemerare
2419 5050 2600 5097 ausos,
2632 5032 3000 5087 anathematis
3029 5047 3162 5085 ense
3197 5029 3402 5084 recisos

2063 5126 2381 5191 Notiﬁcans,
2431 5133 2621 5180 monet
2653 5125 2796 5178 hunc
2843 5125 3018 5177 nodos
3045 5122 3227 5194 dignae
3265 5119 3471 5174 addere
3505 5121 3692 5174 multa:

2061 5214 2393 5290 Sceptrigeri
2427 5230 2650 5286 quoque
2681 5212 2898 5284 cognati
2931 5228 3028 5281 pro
3059 5209 3302 5265 culmine
3331 5215 3505 5262 certet

2062 5313 2263 5384 Sicque
2296 5310 2568 5366 Parisiaco
2599 5309 2788 5382 legans
2826 5307 3082 5362 mandata
3108 5313 3338 5378 patrono
3368 5303 3437 5337 ³⁰³

2066 5403 2172 5457 Hos
2199 5399 2536 5454 Anscherico
2569 5405 2724 5453 notat
2749 5413 2870 5451 esse
2901 5395 3129 5451 omnino
3159 5391 3452 5457 cavendas,

2067 5495 2137 5548 Ac
2167 5491 2389 5547 vitanda
2411 5490 2553 5562 nigri
2587 5489 2862 5545 consortia
2885 5488 3003 5542 dira
3035 5487 3253 5541 furoris.

2137 5583 2432 5637 Ecclesiam
2455 5581 2640 5636 solans
2671 5583 2948 5635 Senonum
2983 5586 3197 5649 pastore
3230 5583 3542 5647 gementem

2066 5677 2292 5732 Addicto
2323 5675 2572 5741 latebris,
2604 5675 2918 5729 damnando
2948 5673 3017 5707 ³0⁸
3042 5671 3288 5727 criminis
3320 5686 3457 5724 ausu
3491 5687 3504 5724 :

1428 5805 1692 5861 GLOSS/E
1723 5804 2146 5862 MARGINALES
2187 5800 2592 5858 MABILLONII.

415 5889 482 5924 ³⁰¹
515 5904 798 5946 concessa.
888 5893 957 5928 ³⁰²
977 5909 1264 5955 concesso.
1349 5903 1418 5937 ³0³
1437 5907 1721 5977 episcopo.
1790 5907 1836 5941 ³⁰

2046 5905 2218 5962 labili.
