3902 6396
162 419 269 474 829
783 417 863 469 DE
904 414 1158 469 CHRISTI
1199 413 1561 470 TRIUMPHIS
1603 417 1773 471 APUD
1816 415 2082 470 ITALIAM
2125 414 2299 468 LIBRI
2341 413 2470 468 XIV.
2513 442 2580 452 —
2623 411 2746 466 LIB.
2790 411 2899 465 XII.
3408 407 3514 463 830

161 544 221 597 In
254 541 490 597 Domino
511 556 738 612 sperare
769 551 958 596 monet
1001 559 1014 595 :
1048 541 1324 612 patienter
1352 542 1551 597 acerba
1824 563 1863 614 ,κ
1895 542 2078 613 Ipsius
2103 549 2328 612 aspectu
2359 539 2523 596 solari
2549 555 2613 594 ac
2641 539 2847 594 famine
2886 539 3081 610 possit.

158 633 265 703 Spe
294 631 515 686 decoris
537 630 683 685 ferre
711 629 941 685 aetherei
959 629 1158 684 virtute
1185 630 1466 686 Tonantis.
1893 630 2108 685 Interea
2130 647 2330 702 panem
2363 629 2714 685 benedictum
2751 643 2979 682 munere
3001 627 3198 693 mittat,

158 723 355 780 Fidere
387 739 448 778 se
479 723 706 794 pr0prio
731 720 1018 776 solandam
1047 723 1281 791 prmsule
1308 722 1426 778 viso
1453 740 1466 775 :
1887 720 2091 776 Tutelae
2122 720 2370 791 nullique
2402 719 2590 774 favens
2619 718 2881 774 assentiat
2911 716 3073 773 hosti.

158 816 229 870 Se
258 817 552 870 damnasse
585 815 734 870 feros
765 813 1129 884 Patribusque
1168 821 1390 869 notasse
1421 815 1680 871 terendo:
1889 812 2030 876 Quin
2060 811 2292 866 adversa
2321 817 2534 882 premat
2553 826 2708 866 sacro
2739 809 3043 876 molimine,
3070 808 3195 877 jure

159 903 405 957 Flamine
427 902 642 972 divino,
675 918 744 956 ne
775 902 900 974 quis
920 902 1051 957 dein
1085 903 1214 957 talia
1247 910 1434 958 tentet.
1891 897 2106 954 Crescat
2126 906 2185 954 ut
2206 899 2380 970 ipsius
2408 908 2685 969 sumptum
2717 898 3025 954 munimine
3058 913 3312 972 regnum.

157 994 452 1049 Missurum
483 1010 544 1049 se
569 993 804 1067 legatos,
832 993 926 1048 Ubi
949 1000 1199 1065 ῐθηιροτει
1227 995 1396 1069 digna
1966 1007 2127 1064 Folco
2152 1009 2316 1063 etiam
2349 1008 2550 1079 praesul
2579 1017 2763 1081 grates
2791 1024 2823 1062 a
2849 1008 2983 1062 sede
3003 1013 3256 1062 vocatum

155 1086 227 1140 Se
258 1085 509 1152 tulerint,
544 1083 952 1156 quissedentur
968 1085 1197 1154 hujusce
1225 1085 1500 1156 procellae.
1893 1101 1962 1154 se
1990 1101 2240 1155 referens
2271 1101 2437 1167 Petri,
2473 1100 2650 1171 poscit
2670 1097 2929 1172 suffragia
2958 1099 3094 1172 regi.

234 1175 522 1250 Lingonici
555 1191 703 1230 saevo
737 1176 940 1246 raptori
967 1176 1216 1246 pmsulis
1245 1192 1369 1232 orsa

1915 1189 2218 1245 iratiticans
2240 1191 2388 1264 regis
2425 1192 2573 1262 quod
2601 1207 2688 1245 res
2709 1201 2963 1261 suscepta
2995 1190 3234 1263 benigne

157 1265 374 1340 Dirigit,
404 1273 465 1320 ut
493 1264 736 1318 tamdem
771 1265 942 1340 gestis
964 1265 1252 1336 resipiscat
1282 1269 1502 1332 amaris,

1915 1281 2192 1348 l‘ractetur,
2225 1283 2402 1353 patrio
2430 1283 2723 1338 foveantur
2747 1291 2963 1354 sceptra
2991 1282 3191 1344 nitore,

154 1354 487 1409 Pontiﬁcem
521 1353 734 1420 reddat,
761 1352 985 1408 damnet
1013 1371 1136 1426 quae
1178 1355 1296 1450 dira
1328 1357 1571 1428 patrarit.
1893 1372 2172 1428 sollicitus
2189 1352 2258 1408 so.
2288 1391 2385 1445 pro
2418 1375 2586 1450 regali
2617 1375 2764 1446 quod
2787 1352 3038 1449 germine
3059 1389 3221 1444 papa,

153 1449 255 1504 Sin
288 1465 474 1537 secus,
504 1457 726 1503 aeternae
758 1449 1030 1537 plectatur
1057 1449 1293 1504 tormine
1334 1450 1570 1506 mulctae.
1891 1462 2147 1537 Suggerit
2181 1479 2312 1534 ergo
2348 1449 2565 1535 petens,
2593 1463 2774 1519 faveat
2797 1479 2865 1518 ne
2894 1463 3142 1534 partibus
3173 1460 3364 1528 hostis,

226 1536 528 1611 Sacrilegis
556 1552 726 1607 super
756 1535 840 1590 his
872 1537 1079 1606 patrios
1107 1537 1327 1610 delegat
1357 1536 1531 1593 Odoni
1892 1535 2130 1605 Roboret
2158 1552 2210 1605 id
2240 1553 2437 1626 magis,
2472 1552 2737 1619 cxaltans,
2768 1568 2798 1608 e
2829 1551 3035 1606 viribus
3073 1565 3284 1623 augens
3317 1567 3330 1603 :

153 1630 513 1703 Sceptrigero
539 1630 800 1695 monitus,
831 1639 890 1684 ut
920 1630 1172 1685 seiathos
1200 1633 1550 1688 anathemate
1573 1633 1784 1704 plexos:
1888 1643 2208 1698 Accumulet
2234 1644 2515 1714 precibus,
2552 1645 2807 1716 votisque
2833 1644 2902 1698 ad
2930 1643 3114 1698 sidera
3147 1641 3345 1696 missis.

152 1722 307 1786 Quos
334 1737 437 1775 nec
465 1721 749 1790 suscipiat,
785 1737 887 1776 nec
917 1721 998 1776 eis
1035 1721 1293 1778 aﬂ'amina
1317 1723 1536 1799 jungat,
1889 1730 2099 1785 Pulsari
2129 1733 2400 1801 adjiciens
2430 1735 2534 1790 hoc
2563 1735 2632 1788 ab
2660 1735 2913 1789 hostibus
2939 1732 3186 1804 undique
3218 1729 3375 1786 fusis.

152 1816 413 1885 Ipsorum
431 1830 553 1868 sese
575 1815 838 1869 maculari
862 1813 1094 1870 crimine
1125 1816 1263 1870 vitet
1817 1856 1866 1922 Β
1890 1822 2036 1886 Quos
2074 1825 2434 1898 rogatarceri,
2470 1840 2903 1896 pervasoresque
2932 1822 3150 1894 repelli,

153 1907 302 1971 Quin
327 1907 495 1961 immo
525 1905 783 1960 Ecclesiae
807 1915 1076 1977 praestans
1106 1907 1377 1962 solamina
1404 1907 1568 1973 tritae,
1817 1905 1866 1922 "
1891 1912 2184 1970 Praedones
2212 1918 2438 1987 reprimi
2464 1918 2840 1973 moderamine
2868 1915 3133 1992 regminis
3160 1912 3290 1969 almi
3313 1930 3326 1966 :

157 1996 440 2083 Ρτοιεςθι,
471 1994 736 2083 ευξίιίυῐη
761 1994 1112 2064 impendens.
1144 1995 1240 2050 Ubi
1272 1995 1472 2050 Viderit
1501 2003 1689 2067 δριυῐη
1890 2005 1966 2059 Ne
1995 2006 2135 2061 inter
2157 2008 2508 2064 Christicolas
2534 2010 2740 2065 bellum
2769 2009 2930 2064 civile
2957 2014 3196 2083 geratur,

157 2083 294 2177 "33f",
316 2082 513 2177 ‘3“?"1
542 2082 734 2177 (λθ-τωο
766 2083 1024 2138 mandata
1055 2085 1298 2139 tenenda
1331 2086 1556 2177 Γθίθὲεξι-
1581 2175 1591 2177 _
1891 2097 2183 2172 Naufragio
2226 2102 2482 2157 Ecclesia
2509 2119 2577 2158 ne
2598 2104 2836 2177 gaudeat
2855 2082 3086 2157 aemulus
3116 2107 3290 2162 atrox,

227 2168 550 2224 wal‘al‘ium
585 2170 892 2239 Senonum,
940 2180 1300 2228 ῐθπιετθηῑθηι
1327 2174 1550 2228 οῖ’δοιιιθ
1579 2175 1786 2247 legum,
1892 2168 2122 2244 Illicitos
2149 2189 2224 2244 ibi
2265 2191 2528 2260 subjectis
2555 2168 2856 2248 nitentibus
2893 2208 3080 2247 ausus.

154 2262 398 2333 Corripit
417 2263 757 2334 increpitans
785 2265 1135 2330 ;Trecasinae
1170 2266 1358 2321 intulit
1382 2267 1503 2321 urbi

157 2353 448 2426 Regimina
477 2369 588 2408 non
618 2353 745 2408 lecti
773 2370 870 2409 cur
901 2356 1178 2425 praesulis,
1211 2366 1378 2428 atque
1418 2357 1626 2430 recepti

155 2444 229 2498 Ex
254 2444 364 2498 alia
391 2445 638 2499 Ecclesia
669 2453 861 2500 contra
890 2447 1114 2501 decreta
1147 2457 1394 2518 paterna.

152 2537 333 2601 Quem
364 2552 676 2603 removens,
709 2537 912 2594 lectum
943 2539 1012 2574 ³οδ
1043 2540 1253 2607 statuit,
1284 2542 1662 2597 moderamina
1680 2550 1791 2598 tra-

1597 2634 1717 2706 [dit,

152 2719 494 2790 Sacratoque
522 2734 739 2774 sacrum
773 2719 974 2776 Ricveo
1003 2721 1247 2792 impertit
1279 2723 1546 2778 honorem
1581 2741 1594 2778 :

155 2812 360 2866 Nullus
393 2819 453 2868 ut
473 2812 709 2868 obsistat
738 2813 912 2880 scitis,
938 2815 1231 2870 comitatur
1256 2824 1498 2871 euntem.

232 2907 368 2962 Huic
398 2908 540 2962 Patri
575 2908 802 2964 Carolus
827 2909 1087 2966 Formoso
1118 2919 1421 2985 grammata
1450 2913 1660 2984 legans.

153 2999 342 3071 Seque
372 2999 574 3071 suique
604 2999 780 3070 apicis
811 3001 1106 3056 committit
1123 3002 1246 3070 jura
1270 3004 1476 3058 tuenda
1510 3022 1522 3057 :

156 3089 401 3144 Eximias
427 3090 672 3144 referens
701 3099 886 3165 grates
918 3091 1020 3146 sub
1049 3093 1258 3148 honore
1280 3092 1500 3158 fav0ris,

154 3183 228 3235 Se
260 3198 444 3255 genus
473 3191 639 3254 atque
669 3199 829 3237 suum
865 3183 1093 3257 dignum
1126 3185 1257 3256 quia
1285 3185 1448 3242 laude
1473 3189 1698 3258 putarit,
1816 3216 1865 3283 Ο
1896 3183 2320 3258 ’⁹““’“¹““³,¹¹¹ξ“ξ⁹
2355 3183 2435 3207 ’7⁸⁸
2475 3183 2585 3257 Ψῗα
2615 3183 2920 3256 ¹¹υδ,’“¹⁹“⁵
2943 3183 2986 3206 "'

154 3273 602 3302 annnam-..“
626 3274 744 3302 ..:....
777 3282 986 3302 ............
1021 3276 1124 3302 -zm
1158 3277 1305 3302 ...ωτι
1330 3279 1641 3302 ιαμ-ιω
1897 3249 2150 3302 Exnromn
2174 3247 2280 3302 Sibi
2313 3247 2566 3302 deposcit
2593 3263 2800 3302 serv1re
2831 3253 2986 3302 parat

154 3273 602 3344 Provectumque
624 3274 748 3342 ejus
773 3282 988 3348 gratum
1021 3276 1127 3330 sibi
1155 3277 1310 3332 duxit
1330 3279 1626 3336 habendun

1915 3261 2150 3317 sxpromi
2174 3261 2280 3302 SIDI
2313 3261 2566 3318 αθροεοιι
2593 3263 2800 3303 serv1re
2831 3261 3042 3316 parato.

152 3361 384 3415 Noverit
408 3376 539 3435 ergo
570 3359 678 3415 sibi
708 3378 892 3436 regem
924 3379 1024 3434 pro
1052 3364 1194 3420 scire
1225 3364 1469 3434 fidelem,
1967 3361 2172 3418 Praasul
2202 3362 2291 3417 hic
2322 3363 2580 3436 egregius
2609 3361 2901 3415 Formosus
2930 3359 3187 3414 laudibus
3211 3358 3337 3413 altis

1961 2305 2100 2368 Quid
2133 2308 2521 2365 medicamenti
2553 2311 2859 2382 impendat,
2892 2310 3141 2365 consulta
3172 2308 3433 2379 reposcit,

1893 2396 2183 2456 Lamberto
2211 2401 2590 2473 induperatori
2617 2404 2721 2458 sibi
2749 2420 2914 2458 carne
2948 2405 3260 2476 pr0pinquo

1892 2487 2264 2547 Multimodam
2296 2511 2610 2568 agnoscens
2656 2513 2841 2551 curam
2901 2495 3222 2566 dependere
3258 2511 3453 2567 papam
3489 2513 3504 2559 ;

1892 2576 2121 2646 Gaudet,
2147 2597 2210 2636 ac
2249 2587 2498 2654 exposcit
2526 2593 2746 2641 maneat
2772 2587 2998 2640 dilectio
3028 2585 3167 2640 talis.

1894 2668 2064 2728 Quem
2094 2668 2222 2724 licet
2251 2672 2472 2727 aftinem
2508 2674 2659 2730 nullo
2690 2674 2938 2743 sihijure
2971 2673 3264 2728 colendum

1893 2755 2079 2814 Prodit
2108 2803 2123 2830 ,
2150 2765 2392 2819 amicitia
2423 2765 2594 2822 Patris
2635 2767 2740 2822 nisi
2770 2767 2988 2822 noverit
3017 2774 3257 2823 auctum.

1964 2869 2028 2923 At
2060 2870 2250 2929 Carolo
2282 2877 2396 2951 regi
2417 2879 2555 2947 petit
2585 2879 2731 2934 hunc
2759 2879 2862 2933 sub
2892 2878 3100 2934 foedere
3131 2876 3300 2943 necti,

1894 2957 2143 3032 Huicque
2166 2965 2359 3022 ambos
2387 2985 2580 3043 regum
2611 2971 2806 3027 solatia
2836 2971 3083 3042 pendere
3102 2968 3262 3040 proli.

1891 3049 2174 3110 Damnatis
2197 3077 2359 3131 quem
2391 3062 2438 3116 si
2468 3067 2606 3136 quid
2635 3063 3020 3120 medicaminis
3040 3061 3190 3123 addi.

1893 3138 2123 3213 Quoque
2156 3153 2320 3208 modo
2348 3153 2435 3207 vel
2475 3169 2585 3224 qua
2615 3155 2716 3208 hos
2741 3152 2920 3206 valeat
2943 3167 3132 3206 curare
3166 3149 3440 3211 medella;

153 3455 425 3509 Devotum
445 3463 501 3510 et
530 3453 798 3510 famulum
826 3457 998 3525 jussis
1019 3459 1226 3514 servire
1268 3467 1536 3531 paratum.
1895 3453 2173 3519 Evehitur,
2207 3462 2412 3514 castus,
2449 3465 2647 3522 parcus
2675 3449 2802 3516 sibi,
2837 3450 3021 3524 largus
3058 3447 3252 3524 egenis
3284 3465 3299 3511 ;

157 3546 290 3614 Ejus
323 3546 586 3616 praesidio
619 3547 828 3602 licitum
862 3549 932 3603 sit
960 3549 1132 3605 ﬁdere
1166 3561 1420 3618 ;tantum
1897 3546 2198 3620 Bulgaricaz
2230 3545 2379 3621 genti
2421 3543 2552 3599 fidei
2581 3543 2677 3616 qui
2705 3543 2919 3598 semina
2935 3542 3156 3614 sparsit.

156 3637 342 3694 Hostis
372 3638 736 3709 apostolicam
765 3649 1004 3712 nequeat
1035 3642 1311 3700 divertere
1342 3651 1610 3701 mentem.
1895 3639 2132 3694 Delubra
2162 3638 2454 3704 destruxit,
2487 3636 2752 3709 populum
2784 3635 3111 3691 ccnlestibus
3134 3635 3302 3689 armis

156 3731 469 3804 Augustum
497 3729 603 3784 sibi
634 3731 916 3799 conciliet,
949 3731 1336 3806 Christumque
1370 3747 1627 3807 precetur
1897 3733 2174 3801 Instruxit,
2201 3733 2440 3789 tolerans
2469 3731 2788 3788 discrimina
2808 3728 3066 3802 plurima,
3098 3731 3405 3798 promptus,

160 3821 266 3876 Pro
289 3836 374 3883 se,
408 3837 622 3894 proque
647 3822 754 3878 sibi
783 3824 1067 3880 commissi
1096 3827 1342 3898 regmine
1364 3829 1544 3904 regni,
1898 3828 2219 3898 Exemplum
2247 3828 2517 3894 tribuens,
2550 3833 2611 3881 ut
2639 3825 2748 3880 sint
2767 3824 2996 3878 adversa
3023 3820 3253 3875 ferenda

157 3909 334 3981 Cujus
355 3913 496 3968 utin
528 3921 714 3986 partes
741 3915 1007 3971 accedere
1037 3923 1284 3984 censeat,
1317 3927 1475 3975 orat:
1901 3919 1963 3974 Et
1987 3919 2134 3974 bene
2156 3918 2361 3976 viventi
2391 3915 2690 3973 metuenda
2720 3912 3071 3970 incommoda
3101 3909 3269 3966 nulla.

1643 4071 1854 4127 CAPUT
1904 4072 1990 4128 VI.

799 4177 876 4236 De
904 4178 1221 4256 Bonifacio
1247 4199 1430 4259 papa,
1463 4189 1519 4242 et
1543 4193 1708 4244 sexto
1747 4185 2069 4262 Stephano,
2110 4181 2405 4244 Theodoro
2439 4198 2674 4260 quoque
2700 4197 2879 4259 papa.

237 4311 377 4366 Hinc
399 4311 550 4366 subit
575 4311 646 4366 ad
677 4312 957 4368 modicum
978 4321 1132 4370 vates
1147 4315 1462 4373 Bonifacius
1481 4318 1679 4376 almus.
1813 4332 1871 4400 ι)
1899 4322 1959 4377 Et
1979 4321 2308 4378 suﬂocatum
2336 4319 2508 4376 crudo
2534 4318 2736 4391 premit
2760 4316 2898 4372 ultio
2928 4317 3098 4372 letho.

155 4403 265 4458 Ter
292 4402 495 4474 quinos
521 4403 614 4458 hic
637 4403 693 4457 in
718 4420 844 4459 arce
869 4404 990 4460 dies
1022 4407 1266 4476 explevit
1293 4409 1523 4466 honoris
1557 4429 1570 4466 :
1969 4414 2092 4468 Post
2117 4414 2266 4469 hunc
2294 4412 2418 4468 luce
2441 4411 2593 4467 brevi
2618 4410 2848 4465 Romani
2878 4408 3128 4481 regmina
3155 4415 3406 4481 surgunt.

157 4495 417 4550 Culmina
442 4511 567 4550 mox
596 4503 835 4563 mutans,
859 4509 1087 4568 superat
1115 4498 1330 4574 fastigia
1361 4503 1531 4572 celsa,
1891 4506 2155 4572 Quattuor
2185 4505 2330 4559 haud
2344 4505 2540 4575 plenos
2558 4511 2796 4558 tractans
2824 4501 2870 4556 is
2889 4500 3133 4556 culmina
3162 4515 3404 4566 menses,

160 4585 339 4655 Inque
369 4583 521 4638 brevi
552 4585 731 4654 spatio
759 4586 989 4656 quaesita
1027 4589 1317 4645 cacumina
1348 4593 1644 4662 scandens,
1891 4598 2113 4654 [Ethere
2151 4597 2454 4667 suscipitur
2485 4614 2500 4664 ;
2531 4595 2760 4650 meritos
2789 4593 3018 4649 sortitus
3045 4593 3287 4648 honores

157 4676 312 4729 Inter
340 4677 630 4746 apostolici
663 4692 920 4746 proceres
948 4680 1245 4736 ascribitur
1264 4682 1398 4737 albi.
1963 4690 2078 4754 Quo
2109 4696 2266 4760 rapto
2297 4688 2551 4744 breviore
2581 4686 2732 4742 subit
2751 4685 2972 4760 fastigia
3009 4691 3157 4740 sorte

229 4761 368 4815 Tum
421 4768 608 4816 sextus
665 4764 979 4835 Stephanus
1015 4783 1170 4822 sacra
1248 4771 1498 4844 regmina
1545 4772 1788 4828 culmine
1890 4787 2134 4843 Dilectus
2155 4787 2302 4841 clero
2339 4784 2679 4850 Theodorus,
2716 4783 2868 4854 pacis
2893 4781 3122 4837 amicus.

159 4857 340 4910 Durus
370 4855 465 4927 qui
490 4857 719 4926 nostris,
754 4860 995 4931 propriis
1034 4871 1090 4917 at
1115 4863 1306 4919 durior
1331 4865 1512 4922 instat.
1574 4868 1786 4940 [carpit,
1895 4879 2152 4934 Bissenos
2182 4878 2250 4912 ³0⁷
2274 4878 2517 4933 Romana
2548 4875 2670 4932 dies
2700 4875 2795 4946 qui
2819 4874 2945 4943 jura
2973 4872 3292 4945 gubernans

158 4946 320 5000 vaa
357 4947 584 5018 quidem
615 4949 761 5024 legat
787 4951 946 5018 vivis,
988 4954 1230 5009 truciora
1251 4957 1503 5027 sepultis.

1915 4971 2125 5027 Sobrius
2146 4978 2201 5026 et
2229 4978 2437 5037 castus,
2469 4968 2644 5040 patria
2672 4967 2919 5022 bonitate
2941 4964 3198 5031 refertus,

157 5037 574 5136 Ii‘olconemque
607 5041 798 5108 minis,
832 5043 1153 5101 Formosum
1177 5050 1422 5104 concutit
1451 5050 1611 5106 actis.
1896 5064 2038 5119 Vixit
2066 5064 2407 5136 pauperibus
2437 5037 2669 5117 diffusus
2691 5067 2904 5115 amator
2929 5053 2985 5114 et
3007 5057 3165 5112 altor.

159 5127 470 5184 Concilium
488 5141 682 5206 gregat
711 5133 1035 5203 infaustum,
1058 5139 1148 5193 cui
1172 5141 1608 5210 praesidetatrox

1915 5159 1996 5213 lic
2025 5159 2289 5230 populum
2319 5159 2508 5214 docuit
2533 5163 2866 5212 connectere
2896 5153 3116 5210 vincula
3146 5152 3318 5222 pacis.

160 5221 634 5278 Praedecessorem
664 5225 936 5295 abjiciens
967 5245 1294 5304 ponensque
1334 5240 1625 5305 patronum

1915 5221 2070 5323 Itque
2099 5221 2416 5306 sacerdotes
2449 5247 2712 5305 concordi
2753 5247 2849 5302 ubi
2871 5245 3053 5316 junxit
3081 5221 3313 5311 honore,

158 5308 325 5412 Yisus
362 5310 568 5410 abhinc
594 5313 807 5370 meritis
836 5316 1060 5391 dignam
1096 5318 1396 5377 incurrisse
1423 5322 1661 5391 ruinam,
1893 5308 2030 5395 Duin
2058 5339 2296 5412 propriis
2327 5348 2548 5394 revocat
2577 5336 2849 5392 dissectos
2870 5333 3120 5396 sedibus.
3151 5331 3271 5403 ἰρεθ

161 5396 396 5500 ξδτρῐυξ
435 5407 492 5500 (ξι
512 5399 643 5500 ,ἦρξε
671 5418 936 5500 θεοιξωῖξιβ
967 5405 1218 5500 abiectus
1245 5410 1401 5476 sede,
1438 5413 1686 5469 tenebris
1895 5396 2262 5500 Compiacitus
2284 5427 2495 5500 rapitur
2523 5427 2745 5482 decreta
2782 5423 2914 5480 sede
2945 5396 3236 5479 locandus.

159 5487 416 5546 Carceris
445 5491 712 5563 injicitur,
745 5495 1056 5571 vinclisque
1088 5498 1390 5558 innectitur
1417 5503 1570 5572 atris,

1267 5663 1531 5721 GLOSSIE
1571 5667 1997 5729 MARGINALES
2033 5671 2436 5729 MABILLONII.

232 5774 304 5811 ³0⁵
333 5776 598 5835 electum.
621 5777 692 5814 ³0⁸
721 5780 807 5836 sit.
842 5781 911 5817 ⁸0⁷
950 5801 1023 5840 an
1060 5785 1149 5842 bis
1173 5787 1365 5845 denos.
