3902 6404
359 404 457 462 831

1081 401 1450 457 FLODOABDI
1493 401 1794 456 CANONICI
1836 398 2171 458 REMENSIS
2212 395 2546 453 OPUSCULA
2589 393 2901 449 METRICA.

3611 385 3723 441 831

1870 549 2077 605 CAPUT
2116 550 2228 604 VII.

962 679 1038 735 De
1072 679 1295 737 sanctis
1321 676 1577 751 Joanne,
1616 676 1847 754 Sergio,
1886 676 2224 751 Benedicto,
2259 676 2439 735 Leone
2469 682 2647 751 atque
2681 672 3130 749 Christophoro.

436 828 682 882 Joannes
708 823 856 879 subit
883 822 1032 889 hinc,
1067 822 1160 894 qui
1192 821 1345 877 fulsit
1372 824 1424 878 in
1454 822 1648 877 ordine
1681 837 1881 889 nonus,

369 918 594 973 Pellitur
618 919 826 973 electus
848 917 1022 988 patria
1060 930 1170 986 quo
1202 915 1427 989 Sergius
1453 914 1615 982 urbe,

370 1012 836 1082 Romulidumque
864 1026 1093 1084 gregum
1123 1008 1348 1080 quidam
1382 1009 1671 1062 traduntur
1686 1007 1884 1062 abacti.

372 1100 634 1157 Conciliis
657 1107 842 1155 tamen
888 1099 934 1153 is
968 1097 1145 1153 ternis
1176 1097 1437 1152 docuisse
1470 1097 1708 1152 refertur

372 1195 579 1267 Dogma
605 1190 969 1255 salutiferum,
1005 1190 1333 1259 novitasque
1364 1189 1584 1244 aboleta
1612 1188 1905 1254 malorum,

374 1282 435 1336 Et
454 1280 664 1335 firmata
692 1278 829 1333 ﬁdes
857 1279 1127 1334 doctrinis
1151 1279 1353 1332 tradita
1397 1279 1635 1333 Patrum.

445 1370 577 1424 Tum
605 1385 758 1424 sacra
786 1374 1129 1441 consurgunt
1182 1366 1468 1421 Benedicti
1525 1366 1772 1438 regmina
1804 1366 2002 1437 quarti,

375 1460 657 1517 Pontilicis
683 1458 894 1531 magni,
926 1460 1126 1514 merito
1158 1460 1253 1530 qui
1286 1458 1512 1513 nomine
1542 1458 1635 1512 tali

375 1549 606 1618 Enituit,
637 1550 852 1605 cunctis
881 1558 945 1603 ut
968 1548 1201 1619 dapsilis
1220 1556 1389 1619 atque
1418 1547 1717 1621 benignus.

379 1643 515 1698 Huic
543 1641 767 1716 generis
800 1656 904 1695 nec
932 1655 1042 1694 non
1078 1638 1298 1710 pietatis
1328 1638 1594 1710 splendor
1618 1637 1839 1708 cpimus

380 1735 547 1790 Ornat
584 1749 725 1804 opus
749 1740 1032 1798 cunctum,
1063 1731 1358 1786 meditatur
1390 1732 1547 1801 jussa
1576 1730 1858 1785 Tonantis.

382 1825 626 1883 Praetulit
646 1824 735 1880 hic
761 1825 1021 1899 generale
1052 1824 1259 1878 bonum
1293 1822 1445 1878 lucro
1470 1822 1719 1892 speciali.

380 1920 680 1989 Despectas
718 1916 934 1983 viduas,
969 1916 1186 1985 inepes,
1218 1930 1536 1986 vacuosque
1579 1914 1853 1984 patronis,

384 2008 617 2064 Assidua
644 2013 705 2061 ut
734 2014 893 2060 natos
914 2005 1171 2076 pr0prios
1202 2004 1452 2059 bonitate
1488 2003 1706 2057 fovebat
1732 2020 1745 2055 :

386 2100 768 2170 Mercatusque
796 2099 1008 2168 polum,
1043 2096 1286 2167 indignis
1314 2112 1413 2149 sua
1442 2101 1639 2149 cuncta
1677 2094 1902 2148 refudit.

460 2192 589 2247 Post
618 2206 781 2263 quem
812 2190 957 2244 celsa
988 2188 1138 2242 subit
1166 2188 1273 2242 Leo
1300 2187 1736 2256 jura,notamine
1764 2186 2010 2257 quintus.

391 2283 632 2356 Emigrat
650 2291 778 2337 ante
809 2297 968 2336 suum
991 2296 1152 2351 quam
1172 2280 1303 2333 luna
1334 2279 1420 2332 his
1441 2279 1670 2349 impleat
1698 2279 1911 2333 orbem.

465 2375 889 2445 Christophorus
927 2388 1049 2427 mox
1078 2372 1305 2427 sortitus
1335 2372 1714 2426 moderamina
1744 2371 1915 2437 sedis,

390 2464 629 2522 Dimidio
659 2462 1003 2534 ulteriusque
1032 2478 1224 2531 parum
1254 2460 1542 2531 dispensat
1566 2460 1620 2514 in
1648 2476 1816 2515 anno.

487 2579 556 2631 De
584 2576 771 2642 Sergio
800 2578 849 2629 et
865 2574 1071 2628 caeteris
1099 2572 1173 2625 ad
1200 2573 1426 2626 Leonem
1450 2574 1738 2641 septimum
1767 2571 1904 2641 (199)

469 2684 691 2756 Sergius
715 2683 846 2737 inde
866 2681 1029 2744 redit,
1070 2681 1280 2734 dudum
1311 2681 1403 2752 qui
1440 2682 1617 2735 lectus
1643 2680 1711 2734 ad
1742 2696 1923 2735 arcem

400 2773 684 2838 Culminis,
712 2772 907 2827 exsilio
940 2772 1138 2826 tulerat
1169 2771 1419 2842 rapiente
1450 2772 1722 2842 repulsam
1760 2787 1774 2827 :

404 2868 522 2929 Quo
551 2863 814 2938 profugus
844 2862 999 2917 latuit
1022 2872 1234 2932 septem
1257 2864 1606 2919 volventibus
1636 2864 1822 2930 annis,

407 2957 545 3011 Hinc
576 2955 763 3030 pepuli
796 2970 1052 3008 remeans
1079 2954 1342 3024 precibus
1364 2962 1610 3011 sacrator
1641 2956 1855 3011 honore

409 3046 625 3101 Pridem
648 3045 950 3115 assignato,
979 3059 1090 3115 quo
1122 3045 1348 3099 nomine
1377 3044 1570 3099 tertius
1598 3045 1707 3098 exit

407 3137 649 3193 Antistes
680 3154 694 3191 :
734 3136 877 3190 Petri
906 3135 1107 3190 eximia
1138 3152 1247 3207 quo
1279 3136 1413 3190 sede
1447 3144 1668 3207 recepto

411 3234 652 3289 Pnesule
667 3231 873 3307 gaudet
899 3246 1071 3286 ovans
1101 3231 1265 3285 annis
1292 3241 1502 3301 septem
1528 3230 1768 3301 amplius
1787 3229 1954 3285 orbis.

413 3326 536 3395 Ipse
562 3324 753 3379 favens
773 3323 903 3378 cleri
936 3338 1169 3378 censura
1202 3322 1256 3377 in
1287 3323 1530 3378 culmine
1560 3330 1713 3393 rapto

411 3417 570 3471 Falce
600 3416 727 3469 ferit
758 3429 1101 3485 pervasores.
1127 3414 1241 3478 Quo
1275 3415 1442 3470 rebus
1464 3414 1722 3485 adempto

415 3508 678 3565 Humanis
705 3508 759 3561 in
789 3507 1138 3562 Anastasium
1172 3520 1327 3560 sacra
1354 3502 1600 3558 concinit
1622 3501 1768 3567 aula,

412 3600 630 3655 Tertius
660 3600 761 3655 hoc
793 3599 990 3670 praesul
1017 3598 1219 3653 renitet
1241 3596 1356 3668 qui,
1387 3595 1613 3649 nomine
1648 3594 1856 3661 Romae,

414 3695 575 3751 Sedis
603 3695 917 3766 apostolicae
948 3693 1152 3748 blando
1181 3690 1563 3746 moderamine
1592 3699 1794 3754 rector,

421 3784 631 3839 Sentiat
671 3792 729 3838 ut
757 3782 1030 3838 Christum
1062 3772 1238 3837 veniae
1267 3780 1373 3834 sibi
1406 3793 1639 3834 munere
1671 3777 1959 3845 blandum,

422 3874 650 3938 Quando
672 3874 801 3930 dein
840 3890 1112 3929 summam
1146 3873 1289 3928 Petri
1319 3872 1464 3926 subit
1494 3871 1690 3926 ordine
1717 3870 1929 3936 sedem,

422 3967 702 4022 Mensibus
731 3968 871 4022 hanc
900 3966 1071 4022 coluit
1098 3982 1191 4020 sex
1212 3971 1270 4019 ut
1300 3962 1571 4036 donisque
1594 3963 1795 4017 diebus

425 4059 697 4115 Emeritus
726 4059 943 4113 Patrum
970 4058 1225 4130 sequitur
1251 4072 1470 4128 quoque
1499 4056 1609 4110 fata
1640 4055 1906 4126 priorum.

497 4147 683 4222 Surgit
764 4147 967 4202 abhinc
1054 4146 1303 4202 decimus
1365 4145 1641 4200 scandens
1722 4160 1877 4199 sacra
1926 4143 2052 4213 jura

1698 4236 1977 4309 [Joanncs.

428 4336 660 4391 Rexerat
687 4336 780 4392 ille
810 4336 1187 4391 Ravennatem
1220 4334 1597 4389 moderamine
1624 4332 1871 4403 plebem.

430 4427 564 4481 lnde
593 4427 796 4499 petitus
816 4427 884 4482 ad
907 4428 1071 4493 hanc,
1106 4426 1406 4481 Romanam
1436 4424 1664 4495 percolit
1690 4439 1872 4478 arcem

432 4519 524 4574 His
547 4526 759 4591 septem
788 4537 895 4591 qua
925 4518 1206 4591 praenituit
1234 4517 1398 4588 paulo
1429 4516 1668 4587 amplius
1696 4514 1879 4570 annis.

504 4611 755 4668 Pontiﬁci
779 4613 868 4668 hic
886 4620 1073 4669 nostro
1102 4612 1249 4685 legat
1275 4617 1561 4685 segmenta
1599 4608 1806 4663 Seulfo.

433 4700 810 4774 Mumﬁcisque
831 4718 1041 4757 sacram
1082 4702 1357 4757 deeorans
1386 4698 1676 4754 ornatibus
1706 4696 1911 4761 aulam,

2014 826 2070 895 Α
2096 822 2235 877 Pace
2263 819 2399 875 nitet
2419 820 2548 874 dum
2580 816 2815 889 patricia
2839 816 3107 887 deceptus
3130 813 3341 886 iniqua,

2097 916 2325 971 Carcere
2344 914 2657 985 conjicitur,
2698 911 3066 982 claustrisque
3090 916 3332 964 arctatur
3361 908 3554 980 Opacis

2099 1008 2336 1080 Spiritus
2366 1012 2418 1060 at
2444 1005 2603 1060 saevis
2630 1003 2859 1059 retineri
2884 1018 2995 1057 non
3026 1002 3173 1057 valet
3200 1000 3378 1056 antris
3404 1018 3423 1055 :

2099 1100 2308 1155 Emicat
2338 1099 2509 1153 immo
2538 1097 2711 1151 aethra
2740 1096 2963 1150 decreta
2993 1093 3194 1149 sedilia
3224 1092 3523 1147 scandens.

2173 1200 2278 1254 Pro
2304 1214 2414 1270 quo
2441 1198 2588 1253 celsa
2615 1197 2760 1252 Petri
2775 1202 2964 1251 sextus
2992 1195 3102 1250 Leo
3131 1193 3380 1268 regmina
3408 1208 3667 1259 sumens,

2106 1290 2386 1345 Mensibus
2416 1289 2532 1343 hzec
2561 1295 2775 1358 septem
2810 1290 3009 1348 servat,
3053 1283 3354 1355 quinisque
3382 1282 3587 1337 diebus
3617 1298 3632 1334 :

2112 1379 2702 1447 Praedecessorumquc
2736 1375 2873 1446 petit
2898 1373 3177 1429 consortia
3208 1378 3416 1425 vatum.

2180 1467 2456 1539 Septimus
2488 1465 2616 1519 hinc
2646 1463 2963 1534 Stephanus
2995 1462 3158 1517 binos
3206 1458 3504 1533 praefulget
3552 1458 3615 1512 in
3640 1473 3745 1511 an-

3527 1547 3675 1619 [nos.

2109 1650 2277 1703 Aucto
2305 1661 2498 1701 mense
2529 1660 2728 1714 super,
2747 1645 2969 1698 bisseno
2999 1658 3063 1697 ac
3094 1642 3211 1696 sole
3240 1641 3452 1716 jugato.

2107 1738 2383 1809 Disposita
2413 1743 2536 1808 post
2559 1736 2706 1807 quod
2734 1734 2973 1806 spatium
3010 1732 3112 1788 sibi
3144 1732 3279 1787 sede
3300 1733 3526 1795 locatur,

2180 1837 2314 1893 Nato
2344 1837 2592 1908 patriciae.
2626 1825 2754 1890 hinc
2781 1834 2989 1889 cedunt
3021 1834 3111 1903 pia
3129 1831 3263 1901 'jura
3291 1830 3530 1895 Joanni;

2113 1932 2451 1988 Undecimus
2481 1930 2625 1985 Petri
2656 1931 2762 1985 hoc
2794 1929 2885 2000 qui
2916 1927 3142 1983 nomine
3166 1926 3297 1981 sede
3333 1925 3568 1980 levatur.

2116 2023 2173 2076 Vi
2202 2037 2429 2083 vacuus,
2456 2019 2761 2090 splendore
2789 2033 3006 2081 carens,
3033 2015 3197 2070 modo
3220 2029 3378 2068 sacra
3402 2011 3752 2067 ministrans.

2041 2139 2093 2207 Β
2122 2118 2307 2172 Fratre
2338 2132 2369 2170 a
2399 2114 2639 2169 Patricio
2670 2113 2739 2147 ³⁰⁸
2773 2113 2916 2181 juris
2945 2109 3325 2166 moderamine
3367 2115 3548 2178 rapto,

2123 2206 2221 2272 Qui
2251 2214 2481 2259 matrem
2506 2204 2771 2258 incestam
2805 2216 2989 2254 rerum
3020 2198 3089 2233 ³⁰⁹
3115 2196 3335 2269 fastigia
3369 2194 3590 2250 moecho
3615 2193 3689 2227 ³¹⁰

2120 2298 2356 2352 Tradere
2385 2305 2682 2350 conantem
2699 2294 2974 2347 decimum
3006 2289 3107 2344 sub
3137 2290 3377 2344 claustra
3402 2288 3682 2342 Joannem

2124 2388 2252 2453 Quae
2281 2386 2531 2451 dederat,
2575 2382 2800 2439 claustri
2830 2381 2982 2453 vigili
3017 2388 3071 2434 et
3101 2378 3332 2433 custode
3363 2376 3614 2449 subegit.

2124 2479 2383 2533 Artoldus
2414 2484 2602 2531 noster
2641 2474 2742 2529 sub
2775 2488 2885 2544 quo
2913 2487 3067 2526 sacra
3098 2469 3263 2542 pallia
3291 2467 3479 2533 sumit,

2131 2575 2390 2646 Papaque
2429 2572 2567 2639 obit,
2602 2585 2804 2626 nomen
2856 2567 3140 2641 geminum
3207 2565 3324 2620 fere
3354 2569 3548 2618 nactus
3576 2563 3634 2616 in
3667 2577 3760 2615 an-

3419 2651 3595 2725 [num.

2208 2754 2493 2827 Septimus
2525 2749 2770 2820 exsurgit
2800 2748 2930 2814 Leo,
2963 2762 3067 2801 nec
3105 2752 3289 2800 tamen
3324 2742 3426 2797 ista
3479 2741 3760 2803 volutans,

2136 2851 2247 2904 Nec
2277 2861 2499 2911 curans,
2524 2842 2698 2914 apicis
2721 2840 2934 2905 mundi,
2967 2853 3071 2894 nec
3102 2837 3251 2891 celsa
3279 2832 3573 2906 requirens
3609 2849 3623 2886 :

2127 2941 2253 2994 Sola
2280 2938 2376 2993 Dei
2408 2951 2530 3007 quae
2557 2940 2685 2989 sunt
2714 2932 2882 2988 alacri
2897 2930 3000 2985 sub
3030 2938 3253 3001 pectore
3272 2927 3520 2987 volvens,

2131 3027 2490 3096 Culminaque
2521 3023 2755 3086 evitans,
2780 3020 2964 3075 oblata
2989 3017 3181 3072 subire
3215 3019 3499 3070 renutans.

2134 3125 2337 3194 Raptus
2357 3130 2412 3177 at
2441 3120 2692 3194 erigitur,
2726 3119 3042 3193 dignusque
3075 3113 3253 3168 nitore
3278 3109 3569 3183 probatur.

2134 3214 2419 3291 Regminis
2448 3198 2663 3278 eximii,
2684 3209 2944 3281 Petrique
2978 3209 3032 3262 in
3075 3206 3208 3260 sede
3238 3204 3452 3259 locatur

2137 3307 2241 3361 Sed
2274 3304 2503 3358 minime
2534 3310 2806 3356 assuetam
2838 3297 3040 3369 linquit
3068 3294 3425 3350 decoramine
3455 3307 3672 3346 curam.

2137 3396 2365 3450 Deditus
2394 3391 2632 3447 assiduis
2664 3389 2943 3461 precibus,
2983 3384 3366 3458 speculamine
3398 3382 3608 3439 celsus.

2096 3546 2114 3564 η
2140 3484 2308 3539 Λίῖθῐυ
2340 3484 2520 3547 laetus,
2549 3481 2792 3551 sapiens,
2826 3486 2991 3550 atque
3030 3492 3124 3531 ore
3156 3489 3409 3529 serenus.

2068 3547 2118 3613 (ἶ
2140 3577 2240 3642 Qui
2267 3592 2356 3630 me
2383 3576 2653 3630 visentem
2683 3570 2906 3627 aetherei
2938 3569 3028 3642 pia
3046 3568 3240 3623 limina
3262 3565 3408 3620 Petri

2138 3666 2389 3723 Jocunde
2418 3663 2722 3734 excipiens,
2756 3661 2942 3715 animo
2971 3656 3203 3731 quaesita
3222 3654 3472 3727 benigno

2140 3761 2406 3828 Admisit,
2431 3759 2673 3830 favitque
2705 3758 2814 3829 pie,
2849 3754 3174 3826 studuitque
3205 3750 3458 3806 modeste
3487 3765 3501 3801 :

2143 3850 2367 3908 Famina
2397 3856 2549 3923 grata
2575 3862 2789 3911 serens,
2823 3844 3003 3917 epulis
3036 3840 3302 3897 recreavit
3330 3838 3611 3909 utrisque,

2153 3943 2410 4015 Corporis
2438 3950 2602 4012 atque
2644 3939 2841 3993 animae
2877 3955 2891 3998 ;
2924 3934 3232 3999 benedixit,
3264 3941 3321 3987 et
3368 3929 3561 3986 oscula
3596 3929 3772 3985 libans

2153 4034 2227 4088 Ac
2262 4030 2555 4106 geminans
2584 4029 2731 4083 dono
2762 4026 3100 4081 cumulatum
3137 4022 3388 4077 muneris
3418 4019 3575 4087 almi,

2154 4126 2389 4200 Pergere
2420 4124 2696 4177 laetantem
2719 4118 2975 4189 amplexu
3006 4115 3214 4171 dimisit
3253 4112 3483 4169 honore.

2154 4219 2325 4282 Quem
2356 4215 2517 4269 Pater
2545 4213 2897 4283 omnipotens
2924 4211 3160 4264 alacrem
3194 4207 3459 4277 cultuque
3480 4211 3769 4261 venustum

2102 4325 2110 4332 ’
2153 4307 2395 4371 Attollat,
2427 4311 2721 4373 servetque
2738 4301 2856 4366 diu,
2886 4300 3057 4372 digno
3078 4296 3295 4352 excolat
3317 4304 3463 4351 actu.

2156 4400 2217 4455 Et
2252 4414 2378 4453 cum
2411 4394 2740 4466 praesulibus
2767 4391 2994 4457 sanctis,
3016 4388 3298 4446 consortia
3327 4401 3567 4458 quorum

2154 4489 2485 4555 Promeruit,
2520 4488 2674 4543 sedis
2706 4492 2928 4558 priestet
2954 4500 3122 4554 super
3150 4482 3361 4536 aethera
3387 4479 3583 4535 sedem
3608 4496 3621 4533 :

2157 4582 2286 4635 Cum
2303 4579 2508 4652 quibus
2524 4586 2793 4633 aeternum
2818 4570 3348 4643 maneatpraaclarus
3365 4567 3423 4623 in
3438 4584 3620 4624 aevum
3640 4563 3774 4636 (200)

2076 4669 2135 4738 D
2588 4686 2728 4743 (Huc
2750 4699 2921 4755 usque
2938 4679 3336 4747 Μαδίιιωιίαε.)

1517 4855 1787 4911 GLOSSE
1809 4850 2259 4927 {MARGINALES
2306 4845 2710 4903 MABILLONII.

511 4998 580 5033 ³0⁸
594 4997 831 5053 Albrico.
863 4995 1203 5067 ““°,imperii.
1237 4993 1308 5029 ³¹⁰
1338 4992 1554 5068 Hugoni
1590 4991 1707 5066 regi
1736 4988 1978 5064 Langob.

2021 5133 2060 5186 N
2069 5131 2231 5187 ΟΤΑΞ.

517 5288 658 5357 (199)
686 5289 848 5342 Deest
874 5286 1065 5342 titulus
1099 5285 1152 5339 in
1178 5283 1387 5357 codice.

2165 5289 2330 5345 quem
2359 5272 2453 5345 alii
2491 5269 2813 5345 Dandonem
2844 5271 3062 5321 vocant.
3096 5294 3160 5344 -—.
3194 5263 3245 5345 tl:
3307 5257 3510 5341 .loanni
3537 5253 3775 5345 "decimo

544 5320 641 5343 ισῑ]
690 5320 848 5342 υῦεδι
876 5320 1065 5342 ιιιυιυδ
1099 5320 1152 5339 lu
1178 5320 1387 5339 ιυυιιέυ·
2209 5320 2330 5329 ...ι---
2365 5320 2453 5326 .---.
2495 5320 2747 5324 _.__-_-.-_,
2783 5320 2811 5321 η
2894 5320 2897 5321 ,

516 5320 663 5427 ἵει)οὸ
691 5364 740 5413 1.
786 5357 1049 5429 Baronius
1073 5363 1126 5410 et
1154 5352 1465 5429 alii_Sergio
1495 5352 1657 5407 tertio
1683 5352 1933 5429 tribuunt
1955 5354 2067 5429 tres
2166 5320 2397 5400 Emam
2427 5358 2541 5424 non
2569 5341 2812 5412 integros
2864 5352 3043 5391 annos
3069 5331 3411 5429 quindecim;
3440 5330 3591 5409 ——.5.
3626 5320 3775 5429 Le‘oll‘lci

450 5443 629 5483 annos
645 5414 916 5484 duntaxat
942 5425 1067 5483 eum
1097 5414 1645 5495 mensibué’qnatuor
1677 5440 1690 5477 :
1725 5419 2072 5495 Frodoa_rdus
2172 5432 2303 5471 vero
2336 5414 2576 5494 nominis
2605 5422 2760 5467 sexto
2783 5422 3030 5495 menses

450 5513 628 5553 annos
656 5509 889 5581 septem:
913 5500 1036 5581 -ἓ,
1079 5497 1362 5581 A'nastasio
1407 5491 1669 5549 Baronius
1707 5509 1882 5548 annos
1912 5491 2072 5581 duo§.

3082 5393 3300 5476 septem
3351 5411 3406 5457 et
3434 5400 3638 5471 quinos

2176 5466 2299 5543 cum
2333 5466 2679 5541 recentiores
2705 5490 2761 5537 et
2781 5481 3025 5536 tribuant
3071 5466 3251 5533 solum
3284 5466 3511 5529 menses
3524 5486 3642 5536 sex,
3669 5466 3776 5520 dies

450 5584 676 5642 menses
692 5557 885 5642 viginti
924 5568 1331 5642 :ﬂFrodoardus
1384 5582 1605 5642 menses
1632 5580 1882 5642 sexenni
1914 5559 2077 5616 denis
2178 5557 2515 5631 quindecim.

455 5639 672 5704 diebus,
703 5634 779 5681 -ῗ
826 5640 879 5700 3.
936 5638 1284 5696 Frodoardus
1321 5637 1686 5710 praetermittit
1737 5634 2075 5694 Landonem,
