3902 6428
178 421 272 475 833
769 412 850 467 DE
891 409 1146 465 CHRISTI
1188 405 1547 462 TRIUMPHIS
1588 406 1759 461 APUD
1805 404 2064 461 ITAIJAM
2109 402 2281 459 LIBRI
2324 403 2452 457 XIV.
2497 433 2564 443 -ρ
2606 401 2729 457 LIB.
2774 403 2909 458 XIII.
3408 404 3508 460 834

669 592 1164 680 INCIPIT
1254 591 1650 676 LIBER
1742 585 2330 676 DECIMUS
2411 584 3021 672 TERTIUS.

1577 744 1785 800 CAPUT
1835 742 2118 799 PRIMUM.

980 850 1059 909 De
1084 852 1309 909 sanctis
1353 849 1668 920 Theodoro,
1704 850 1974 919 Acontio,
2009 847 2262 906 Scruulo
2294 855 2341 904 et
2371 844 2694 904 Januario.

178 989 299 1057 Quis
317 1002 610 1044 numerare
641 990 809 1058 queat
827 982 1031 1055 quibus
1072 982 1340 1037 illustrata
1368 982 1664 1053 triumphis
1817 991 1873 1059 Α
1898 978 2197 1054 Languoris
2229 978 2385 1033 novit
2415 978 2731 1049 patienter?
2757 978 3022 1035 Servulus
3044 994 3189 1034 unus

181 1081 341 1135 Roma
370 1079 510 1132 nitet
540 1073 763 1140 Christi,
796 1073 927 1126 dum
960 1086 1066 1126 nec
1102 1071 1377 1144 magnalia
1403 1070 1546 1125 Petri
1902 1070 2099 1122 Rerum
2134 1067 2332 1137 opibus
2361 1083 2571 1137 pauper
2601 1066 2914 1121 meritorum
2944 1083 3173 1122 munere
3205 1067 3380 1136 dives,

179 1172 329 1225 Gesta
365 1171 531 1223 domo
564 1183 624 1221 se
656 1165 951 1237 complecti
986 1164 1227 1219 valuisse
1268 1164 1512 1237 resignet
1903 1157 2105 1232 Largus
2133 1168 2188 1213 et
2227 1159 2510 1232 indignus,
2539 1160 2657 1212 sola
2680 1160 2881 1230 pietate
2911 1159 3101 1215 virilis.

180 1259 488 1332 Gregorius,
520 1258 607 1313 vel
636 1257 920 1328 proposito
952 1255 1242 1311 discedere
1273 1264 1494 1321 cuncto,
1903 1249 1964 1303 Et
1992 1248 2188 1302 studiis
2220 1247 2393 1312 fortis,
2425 1248 2715 1302 Dominum
2749 1249 2971 1302 laudare
3004 1248 3196 1303 dolore

178 1354 301 1419 Quis
332 1352 599 1423 supplere
632 1356 787 1421 putet
819 1365 878 1402 se
916 1365 1077 1419 posse
1118 1350 1267 1419 quod
1301 1349 1392 1403 ille
1425 1345 1692 1419 negavit?
1903 1340 2122 1395 Obsitus
2147 1340 2459 1413 invigilans,
2494 1340 2653 1407 cujus
2682 1339 2946 1410 patientia
2976 1340 3145 1394 cmlos

180 1443 433 1514 Nunquid
458 1442 785 1496 Theodorus
824 1439 1159 1495 famulorum
1198 1456 1426 1494 cernere
1458 1439 1607 1493 solus
1902 1434 2181 1489 Exsultare
2210 1433 2357 1499 facit,
2385 1434 2543 1504 queis
2571 1434 2757 1488 dedita
2774 1435 2901 1488 dum
2935 1435 3067 1505 petit
3089 1441 3235 1489 astra

178 1538 407 1593 Visentis
436 1537 648 1591 vultum
682 1534 898 1592 Domini
928 1551 1233 1606 vocemque
1272 1534 1551 1607 loquentis
1903 1527 2055 1580 Mens
2086 1526 2175 1596 pia
2204 1526 2446 1579 caelestis
2468 1525 2674 1600 spargit
2705 1525 2997 1597 fragrantia
3028 1536 3168 1582 tecta

179 1633 311 1683 Aure
338 1627 501 1698 sequi
532 1626 757 1699 dignus,
790 1626 947 1693 cujus
976 1641 1034 1678 se
1066 1625 1257 1680 Petrus
1286 1624 1483 1679 adesse
1906 1621 2054 1676 llanc
2086 1620 2439 1692 paradysiaco
2464 1621 2799 1692 depromens
2826 1632 3044 1677 nectare
3076 1621 3314 1677 functam
3336 1620 3366 1675 ?

182 1715 426 1770 Servitiis
461 1716 649 1787 patula
680 1722 1005 1785 praesentem
1035 1714 1159 1768 luce
1186 1714 1450 1784 probaret
1907 1716 2135 1771 Solusve
2165 1724 2371 1788 martyr
2400 1716 2605 1786 templa
2633 1716 2930 1772 Ianuarius

183 1803 340 1858 Solus
367 1819 439 1857 an
473 1802 761 1874 obsequiis
792 1803 1023 1857 devotus
1051 1803 1309 1857 Acontius
1329 1802 1449 1871 ejus
1906 1806 2058 1860 Vetat
2088 1806 2364 1876 inquinari
2395 1806 2695 1862 criminoso
2730 1806 2944 1869 funere.

184 1891 394 1948 Vixerat
426 1891 685 1947 Ecclesiae
716 1908 883 1964 quem
915 1893 1141 1965 dignum
1173 1894 1413 1963 pandere
1454 1891 1628 1965 signis
1908 1894 2112 1948 Mutare
2142 1894 2341 1948 vellera
2366 1902 2556 1949 suetus
2581 1903 2639 1950 ut
2669 1895 2948 1952 coloribus

185 1982 411 2036 Duceret
445 1997 509 2035 ac
540 1998 638 2052 per
666 1998 792 2035 eum
818 1981 1119 2053 paralytica
1151 1982 1398 2035 membra
1430 1981 1608 2036 levare
1644 1981 1671 2034 ?
1915 1982 2121 2037 Ardere
2152 1998 2212 2036 se
2233 1982 2503 2037 clamante
2542 1984 2661 2038 dire
2700 1984 2894 2054 spiritu

186 2072 307 2127 Visa
331 2072 418 2128 vel
455 2073 573 2127 haec
601 2079 813 2127 tantum
858 2088 981 2144 quae
1009 2072 1176 2146 digna
1203 2073 1376 2127 salute
1418 2074 1604 2142 puella
1920 2078 2330 2149 Propelleretur
2356 2095 2385 2133 e
2411 2079 2580 2134 sacris
2610 2080 2913 2135 miserrime
2935 2079 2964 2134 τ

189 2164 458 2221 Mcenibus
488 2173 583 2221 aut
614 2165 668 2220 in
691 2166 1009 2237 apostolicis
1040 2166 1274 2221 tolerare
1302 2166 1542 2222 laborem

1709 2267 1916 2324 CAPUT
1966 2269 2032 2325 Il.

547 2371 628 2430 De
656 2373 881 2431 sanctis
921 2372 1255 2444 Deusdedit,
1302 2373 1620 2447 Victorino,
1657 2374 1994 2446 Anastasio,
2029 2374 2362 2451 Redempta,
2396 2374 2593 2449 Galla,
2632 2375 2885 2436 Romula
2915 2387 2966 2436 ct
3000 2377 3176 2438 Mosa.

192 2483 514 2560 Relligionis
558 2502 701 2557 opus
730 2485 952 2541 solusne
984 2487 1271 2557 probabile
1300 2488 1485 2542 Romae
1847 2496 1896 2562 Β
1924 2489 2055 2545 C(eli
2089 2489 2419 2559 discipulum
2450 2490 2758 2564 linguarum
2788 2493 2934 2548 dona
2966 2495 3289 2563 probarunt,

191 2575 435 2631 Patrarat
457 2577 852 2647 vatesjamjam
886 2594 1052 2648 quem
1086 2579 1265 2634 visere
1294 2579 1495 2633 iturum
1618 2636 1623 2643 ,
1926 2578 2292 2650 Praedictique
2323 2579 2510 2635 obitus
2537 2597 2663 2635 mox
2692 2580 2885 2635 funera
2917 2582 3084 2637 verba
3110 2594 3316 2642 secuta.

197 2667 446 2723 Ezechiel
478 2668 785 2740 Danielque
812 2669 1005 2742 legunt
1036 2671 1263 2741 notique
1287 2677 1594 2740 patescunt,
1924 2669 2198 2741 Numquid
2224 2669 2564 2735 Anastasius,
2593 2670 2783 2726 blandi
2812 2688 2899 2727 res
2932 2689 3137 2743 ponere
3169 2678 3362 2732 mundi

195 2757 289 2812 Ille
320 2756 648 2824 Deusdedit,
684 2764 778 2813 aut
808 2765 961 2813 sutor
991 2757 1078 2813 cui
1109 2759 1338 2813 sabbata
1370 2761 1547 2814 solum
1924 2763 2194 2816 Strenuus
2222 2761 2479 2816 inventus
2518 2763 2777 2817 Romanis
2804 2765 3025 2820 arcibus
3062 2783 3224 2836 unus,

196 2851 481 2907 [Ediﬁcare
504 2852 754 2918 domum,
787 2851 1166 2923 fabricamque
1188 2854 1485 2909 extendere
1506 2854 1649 2920 visu,
1924 2855 2139 2909 Scrinia
2169 2855 2474 2921 dimittens,
2507 2856 2601 2926 qui
2640 2864 2817 2911 castra
2838 2860 3141 2914 monastica
3172 2860 3325 2933 legit,

197 2938 432 2994 Ornatus
463 2940 653 3010 operis
683 2939 867 3012 dignis
893 2940 1174 3011 aequantia
1204 2941 1358 2995 factis
1388 2942 1416 2994 ?
1926 2948 2313 3018 Emeritusque
2344 2946 2489 3017 polis
2517 2946 2725 3003 accitur
2750 2964 2886 3018 rupe
2916 2957 3164 3016 vocatus,

197 3033 299 3087 Aut
328 3032 647 3090 Victorinus
674 3033 803 3089 lavit
834 3034 977 3088 bene
1008 3034 1242 3089 crimina
1272 3035 1424 3089 solus
1927 3037 2157 3107 Moxque
2187 3036 2429 3091 secuturi
2454 3038 2752 3091 recitantur
2779 3036 2838 3091 in
2878 3039 3075 3094 ordine
3097 3038 3311 3107 fratres,

200 3126 465 3191 Fletibus,
501 3135 562 3183 ut
590 3129 890 3184 commissa
908 3129 999 3200 pio
1029 3129 1301 3184 solamine
1325 3129 1542 3185 functus
1927 3127 2196 3180 Obtentus
2225 3124 2481 3195 precibus
2512 3141 2617 3179 nec
2632 3141 2766 3180 voce
2807 3134 3026 3181 notatus
3049 3128 3303 3183 amicus?

200 3218 477 3276 Gauderet
502 3220 677 3277 laxata
714 3222 845 3287 sibi,
886 3221 1099 3295 fulgore
1130 3222 1375 3277 vibratus
1927 3219 2030 3271 Aut
2059 3234 2181 3271 cum
2212 3217 2504 3286 discipulis
2532 3218 2697 3271 vitam
2721 3234 2973 3287 praecone
2996 3220 3160 3278 beato

203 3311 316 3376 Quo
347 3318 753 3367 monstraretur
778 3313 993 3367 meritis
1023 3313 1270 3368 caruisse
1293 3311 1579 3367 tenebris?
1928 3306 2155 3380 Dignam
2196 3305 2459 3377 Gregorio
2493 3306 2677 3361 Romae
2696 3306 2809 3379 egit
2837 3307 2954 3362 sola
2986 3308 3310 3381 Redempta,

201 3399 388 3455 Militis
414 3417 489 3455 an
522 3407 731 3456 tantum
755 3402 921 3457 unius
950 3402 1196 3457 Romana
1227 3402 1495 3471 probatur
1573 3401 1577 3405 ’
1933 3393 2128 3447 Mentis
2154 3394 2366 3448 honore
2395 3394 2601 3459 nitens,
2626 3403 2680 3449 et
2712 3395 3010 3452 hirundine
3041 3398 3210 3473 digna
3238 3400 3497 3474 magistra
3529 3401 3559 3456 ?

204 3491 352 3546 Intra
372 3499 556 3547 castra
586 3493 762 3560 labor,
797 3493 1041 3564 placidas
1071 3499 1129 3549 ιιι
1159 3493 1339 3547 visere
1362 3493 1525 3548 sedes
1943 3481 2173 3535 Romula
2202 3482 2521 3536 cmlicorum
2549 3483 2822 3539 solamine
2852 3486 2972 3541 sola
3001 3487 3169 3543 levari

204 3579 284 3635 Sit
314 3582 576 3649 meritus,
604 3584 755 3637 solus
772 3582 1063 3653 visumque
1093 3581 1299 3636 referre.
1332 3581 1570 3636 nitorem
1943 3572 2175 3627 Lumine
2205 3573 2446 3640 lustrari,
2479 3574 2688 3629 (scelesti
2719 3585 2942 3632 nectare
2975 3578 3147 3648 pasci,

207 3671 429 3727 Gallave
459 3673 690 3745 patricio
714 3673 961 3729 renitens
990 3673 1238 3746 genitore
1270 3682 1531 3738 venusta,
1942 3665 2214 3722 lEthereis
2232 3665 2387 3739 fungi
2409 3666 2678 3738 exequiis,
2705 3674 2760 3722 et
2781 3668 2901 3723 luce
2929 3685 3174 3740 superna

207 3759 475 3816 Praeduce
492 3761 591 3817 sed
618 3761 803 3828 Petro,
825 3776 1142 3832 sponsoque
1166 3760 1449 3815 venustior
1469 3761 1580 3815 alto
1598 3758 1626 3812 ‘P
1868 3799 1917 3868 Ο
1940 3760 2090 3815 Mosa
2129 3761 2290 3816 Probi
2319 3776 2475 3815 soror
2495 3766 2587 3813 aut
2613 3760 2830 3830 superis
2855 3761 2974 3816 sola
2998 3770 3126 3832 apta
3145 3763 3364 3819 choreis

207 3853 300 3907 Vel
331 3871 478 3925 puer
506 3855 770 3910 armentis
796 3855 1082 3910 studiosus
1115 3853 1509 3925 simplicitatis,
1871 3853 1917 3868 ν
1942 3856 2164 3921 Ascisci,
2197 3855 2464 3930 genitrice
2494 3854 2588 3910 Dei
2619 3855 2830 3911 visente
2868 3857 3053 3912 vocari

208 3947 379 4013 Quem
410 3948 498 4003 vis
524 3940 701 4019 prona
727 3946 881 4002 dedit
918 3946 1094 4012 caelis,
1126 3947 1402 4018 terrisque
1437 3946 1750 4015 remissum,
1946 3944 2164 4000 lnstitui
2200 3943 2443 4010 monitis,
2478 3943 2706 4016 ipsaque
2747 3951 2971 4016 petente
3001 3946 3201 4003 resolvi
3233 3948 3262 4002 7

1054 4097 1081 4125 κ
1738 4079 1947 4135 CAPUT
1994 4080 2085 4134 Ill.

594 4187 671 4246 De
697 4186 926 4247 sanctis
960 4185 1025 4244 di
1034 4199 1337 4244 versorum
1372 4182 1638 4242 locorum
1668 4178 1886 4253 Italia,
1923 4179 2223 4239 Honorato
2251 4180 2497 4250 scilicet,
2534 4177 2826 4239 Libertina
2860 4187 2913 4237 et
2944 4177 3189 4238 caeteris.

213 4327 279 4382 At
305 4326 443 4381 dum
474 4322 1068 4399 Gregorii'venerando
1100 4329 1339 4395 syrmate
1372 4329 1619 4394 prompta
1956 4319 2242 4390 Proposito
2261 4321 2464 4391 culpet,
2493 4322 2722 4376 strictim
2755 4321 2999 4375 libentur
3026 4322 3230 4391 opima.

217 4418 493 4474 Claudere
512 4419 852 4473 carminibus
890 4416 1129 4472 modulis
1151 4414 1347 4469 diffusa
1377 4414 1550 4487 ligare
1955 4408 2150 4462 Divino
2190 4409 2275 4463 vel
2309 4409 2645 4464 Honoratum
2668 4409 2971 4480 spiramine
3003 4410 3224 4466 doctum

219 4506 405 4562 Conor
446 4507 668 4562 adortus
699 4505 802 4561 iter
833 4512 941 4560 tam
982 4505 1213 4568 celsum,
1247 4510 1355 4558 tam
1381 4502 1514 4573 juga
1543 4509 1782 4571 tcntans,
1958 4497 2316 4569 Linquamus,
2347 4498 2590 4554 caelestis
2618 4515 2774 4554 amor
2798 4499 2887 4554 cui
2916 4499 3108 4555 coelica
3139 4502 3333 4570 suasit,

217 4599 406 4655 Ardua
437 4596 669 4654 convexi
699 4612 894 4653 vereor
920 4596 1248 4667 contingere
1278 4593 1422 4656 clivi,
1957 4588 2240 4660 Equoreae
2280 4588 2520 4642 samnite
2551 4588 2722 4658 dapes
2744 4588 2831 4643 cui
2862 4606 2999 4660 rupe
3029 4599 3324 4661 parantur:

220 4691 382 4746 Prata
398 4692 563 4746 beata
591 4690 863 4761 datosque
890 4704 989 4759 per
1014 4687 1214 4757 inclyta
1243 4685 1494 4761 gramina
1524 4684 1688 4740 ﬂores
1957 4680 2247 4735 Multorum
2278 4689 2436 4750 pater
2473 4680 2743 4736 almorum
2761 4684 2856 4753 qui
2886 4684 3091 4739 vertice
3123 4692 3338 4757 ruptam

222 4785 531 4857 Squalidus
560 4784 795 4856 impuris
826 4783 1109 4854 trepidans
1135 4781 1441 4851 irrumpere
1469 4779 1616 4834 rivis.
1959 4773 2162 4828 Saxoso
2192 4773 2360 4827 latere.
2378 4771 2576 4827 lubrici
2606 4789 2706 4844 per
2732 4788 2905 4845 prona
2933 4785 3183 4831 ruentem

220 4882 331 4937 Sed
358 4881 408 4936 si
439 4880 606 4936 ﬂante
636 4879 734 4935 Dei
767 4886 987 4935 currant
1011 4875 1309 4948 spiramine
1334 4874 1497 4945 lapsi,
1962 4863 2118 4929 Fixit,
2151 4873 2205 4918 et
2235 4862 2290 4917 in
2329 4862 2520 4917 Christi
2550 4865 2842 4935 suspendit
2872 4867 3100 4922 nomine
3128 4869 3353 4937 molem,

222 4976 450 5031 Ethere
479 4973 742 5029 dulciﬂuo
774 4972 994 5047 purgari
1021 4986 1220 5042 spurca
1248 4970 1536 5032 valebunt,
1958 4950 2210 5047 liripie‘ns
2230 4951 2447 5047 cellam,
2479 4951 2673 5007 fratres
2702 4955 2853 5008 necis
2884 4954 3087 5026 impete
3116 4974 3361 5013 servans.

223 5071 483 5142 Ipsaeque
513 5067 752 5123 aureolis
778 5067 939 5123 stillae
961 5070 1250 5122 comentur
1277 5064 1460 5119 arenis

1958 5043 2095 5098 Num
2129 5044 2471 5099 Libertiuum
2509 5054 2717 5101 taceam
2747 5047 2840 5118 qui
2872 5049 3081 5104 assecla
3109 5050 3362 5106 Honorati

224 5132 342 5225 duo
373 5132 563 5215 tamen
595 5159 712 5214 htec
738 5158 945 5213 aditum
979 5165 1089 5211 tam
1118 5156 1240 5210 laeta
1266 5156 1440 5210 vireta
1470 5154 1678 5225 petenti

1607 5154 1678 5210 ηιί
1958 5132 2208 5188 Doctoris
2229 5134 2439 5189 meritis
2462 5134 2666 5190 effulsit
2697 5142 2752 5190 et
2780 5137 2900 5207 ipse
2932 5138 3148 5205 beatus,

224 5221 564 5306 Ausoniaene
597 5264 791 5303 means
820 5263 921 5318 per
948 5262 1097 5312 rura,
1130 5262 1229 5316 per
1249 5244 1454 5315 oppida
1470 5221 1715 5316 quaeram
1959 5221 2343 5318 ξ’τοάίείίεειιξθ
2370 5222 2612 5318 πηίοῖξηεᾹ
2633 5224 2882 5318 ἀέλοθίυδ
2910 5243 3054 5298 equo
3090 5228 3261 5303 ﬂagra
3298 5230 3579 5303 quondam

226 5344 459 5418 Ignotos
488 5347 717 5396 nutante
743 5315 897 5395 sinus
922 5338 1196 5413 attingere
1226 5339 1393 5399 ﬂexu,
1495 5315 1510 5316 ί
2133 5316 2254 5418 ρίυεξ
2292 5315 2556 5418 impellit:
2588 5315 2805 5418 ξδοίίῖξῖη
2831 5319 2891 5418 νίῄ
2913 5320 3190 5418 Prw-suffit
3217 5336 3435 5378 amnem

226 5404 308 5489 An
335 5434 560 5489 sincera
599 5430 770 5502 patris
798 5429 1037 5485 lustrans
1056 5404 1286 5503 vestigia
1314 5426 1448 5481 tanti
1964 5408 2210 5503 §Idcf°av
2241 5404 2417 5461 ωηείε
2444 5405 2751 5477 lymphanti
2780 5407 2933 5503 οωάίξ
2961 5408 3192 5465 caballis

229 5524 566 5583 Summatim
596 5494 839 5579 rccolam
871 5522 1148 5597 tangendo
1178 5494 1349 5576 calata
1366 5519 1613 5591 profuse,
1964 5494 2319 5597 ξτεάοηῑξῐηλ
2337 5509 2665 5592 Ροηξειξείῖιιθ
2687 5511 2874 5597 funi“:
2902 5496 3232 5597 dill‘ttoncrc
3246 5510 3476 5558 cunctos

226 5618 368 5673 Nota
396 5615 576 5690 magis
618 5612 793 5668 menti
841 5628 1106 5669 revocans
1139 5626 1303 5682 quam
1348 5616 1489 5664 tecta
1519 5608 1767 5681 resignan

1799 5623 1807 5660 ι
1836 5605 1865 5660 9
1880 5631 1939 5700 D
1964 5586 2100 5639 Dum
2131 5583 2325 5652 recipit
2353 5583 2546 5653 recipi,
2588 5585 2845 5640 mulctata
2874 5586 3072 5641 sedilia
3100 5592 3340 5658 praestat.

232 5678 524 5764 Fluminis
544 5705 805 5762 immensi
835 5705 960 5779 quis
988 5678 1236 5760 derivare
1267 5707 1483 5757 meatus
1632 5678 1658 5681 Π
1880 5678 1937 5700 ν
1963 5678 2230 5779 ξ’ξιυβθξτίε
2259 5684 2314 5779 Et
2337 5687 2524 5733 "0mm
2554 5678 2706 5779 “Hal,
2728 5678 3076 5779 δΡεοίνίίίίξιθ
3102 5682 3439 5756 ΡῙῚδῙδηεθδτ

229 5802 365 5860 Tam
386 5799 570 5857 valeat
596 5808 780 5856 vastos
796 5798 825 5852 ἓ
854 5770 926 5855 Ac
965 5814 1035 5852 ne
1066 5813 1165 5868 per
1184 5793 1342 5868 plura
1363 5810 1592 5869 negasse
1964 5772 2056 5827 δίο
2083 5770 2249 5827 etiam
2271 5770 2506 5827 Francos
2531 5772 2732 5843 Ρηθάω
2753 5772 2967 5830 fervore
2995 5774 3246 5834 furentes
