3902 6414
417 377 524 433 835
1182 367 1549 424 FLODOARDI
1591 365 1900 421 CANONICI
1941 363 2278 422 REMENSIS
2317 363 2654 420 OPUSCULA
2691 361 3004 419 METRICA.
3667 366 3776 423 836

419 509 711 565 Involvens
742 501 986 560 tenebris
1025 504 1350 570 praesentem
1383 495 1595 550 visibus
1633 493 1830 550 abdit?
2072 501 2122 567 Α
2149 493 2461 564 Discipulos
2489 492 2738 547 celebres
2767 491 3017 546 miranda
3044 491 3099 545 in
3125 490 3262 546 facta
3283 493 3627 564 relinquens,

417 602 554 669 Quid
581 615 812 671 puerum
832 595 939 650 luci
957 593 1320 656 subtractum,
1339 597 1513 643 matre
1535 594 1826 658 querente,
2148 585 2387 649 Quorum
2418 584 2589 637 multa
2620 583 2791 637 latent
2813 599 3044 652 operum
3077 583 3391 638 veneranda
3419 585 3661 654 piorum,

415 692 646 762 Vimque
672 689 905 751 ferente,
940 683 1295 738 reformatum
1320 677 1555 748 vitaeque
1586 676 1898 739 reductum,
2145 680 2274 743 Quae
2313 677 2472 732 ducis
2501 677 2686 731 eximii
2720 693 2975 747 pressere
2995 678 3214 732 silentia
3245 677 3440 743 nobis;

415 785 628 838 Attactu
661 779 848 853 caligae
887 773 1130 830 doctoris
1160 776 1449 825 stemmate
1480 767 1602 822 lata:
1630 765 1658 819 ?

2144 771 2208 825 At
2238 786 2349 825 non
2383 769 2526 825 furta
2550 779 2747 825 vacant
2777 770 3012 836 olerum,
3040 771 3384 842 memorique
3414 771 3671 826 renident

418 881 584 948 Cujus
616 874 874 932 Honorati
901 868 1233 926 Libertinive
1263 868 1507 921 feremus

2146 863 2330 918 Laude
2360 870 2583 930 retecta,
2609 864 2703 918 Dei
2735 863 2840 919 sub
2882 865 3096 921 honore
3133 865 3431 920 celebriter
3454 874 3595 928 acta,

421 974 550 1039 Hoc,
572 969 786 1025 meritis
813 965 943 1020 ﬁdei
973 963 1202 1018 annisus
1229 959 1328 1014 sed
1351 956 1542 1012 matris
1570 963 1824 1026 uterque.
2147 955 2403 1010 Gramine
2424 955 2672 1022 Servato,
2701 971 2904 1026 prenso
2925 972 3126 1028 angue,
3156 963 3345 1012 tuente
3375 957 3612 1024 latrone,

417 1065 589 1133 Hujus
617 1061 765 1116 celsa
793 1057 893 1113 viri
926 1055 1101 1128 signis
1138 1049 1404 1124 patientia
1433 1046 1652 1122 magnis
2147 1043 2449 1115 Suppliciis
2475 1044 2644 1117 digno
2673 1044 3013 1100 cruciatibus
3047 1046 3204 1101 hoste
3234 1047 3436 1112 soluto,

419 1154 671 1220 Effertur,
703 1148 1148 1222 correptorisque
1173 1143 1435 1219 magistra
1461 1137 1730 1214 magistri,
2147 1134 2365 1205 Spebus
2393 1134 2571 1191 solato
2603 1135 2844 1202 blandis,
2875 1144 2930 1191 et
2954 1153 3184 1192 munere
3212 1136 3344 1194 foto.

1923 1284 2131 1339 CAPUT
2186 1284 2268 1338 IV.

979 1427 1056 1486 De
1083 1424 1310 1484 sanctis
1347 1420 1616 1496 Equitio,
1655 1415 2026 1486 Constantio,
2061 1413 2436 1488 Marcellino,
2469 1415 2748 1475 Nomtoso
2777 1426 2830 1476 et
2862 1418 3193 1492 Boni/“acia.

415 1593 552 1660 Quid
585 1590 819 1647 referam
865 1584 1140 1658 Equitium
1173 1578 1386 1635 caelesti
1427 1582 1693 1647 operante
1713 1571 2018 1644 spadonem
2140 1570 2400 1641 Temptor
2413 1578 2468 1626 et
2502 1572 2620 1643 ipse
2650 1573 2727 1628 tui
2751 1580 3081 1643 templorum
3117 1581 3173 1628 et
3195 1580 3380 1648 gratus
3410 1575 3624 1630 amicus

414 1688 697 1756 Chirurgo,
722 1682 998 1750 castisque
1016 1676 1150 1732 viris
1177 1674 1427 1744 ipsisque
1451 1670 1653 1741 puellis
2142 1665 2370 1738 Magnus
2401 1666 2645 1722 mirificis
2675 1675 2731 1721 et
2757 1668 3182 1722 mansuetudine
3215 1670 3407 1741 major,

412 1755 725 1838 Ductorem,
755 1778 1071 1838 sanctasque
1095 1766 1198 1818 viai
1229 1763 1350 1816 sine
1375 1777 1527 1816 more
1558 1758 1906 1833 magistrum,
2028 1835 2030 1838 ν
2143 1756 2271 1821 Quae
2303 1755 2402 1810 tibi
2429 1755 2763 1822 Marcelline,
2796 1756 2962 1811 feram
2997 1758 3293 1827 praeconia,
3329 1759 3551 1830 praesul,

411 1866 736 1936 Vergentem
775 1875 835 1913 se
867 1856 1018 1919 imis,
1050 1862 1266 1908 mentes
1303 1851 1372 1905 ad
1395 1850 1542 1905 celsa
1570 1848 1867 1913 levantem,
2068 1900 2114 1936 Π
2142 1845 2406 1936 Virtutem
2437 1845 2704 1916 languore
2734 1847 2936 1900 sedens
2963 1853 3190 1917 operate
3220 1847 3458 1914 vnrilem,

423 1900 503 1920 ,οι
553 1900 736 1917 ww...
775 1900 835 1913 υν
869 1900 1018 1919 ..μ-υ,
1052 1900 1264 1908 ..-ν---η-
1305 1900 1372 1905 π
1743 1900 1746 1901 7
1857 1900 1867 1913 ι
2532 1900 2566 1916 .,
2977 1900 3016 1917 7.
3235 1900 3239 1901 7
3309 1900 3318 1901 7
3359 1900 3368 1901 7
3444 1900 3458 1914 ι

411 1900 758 2017 ρυὶῆοετῐειηε
787 1947 918 2001 dum
948 1951 1127 1998 vectat
1165 1957 1298 1997 oves
1324 1940 1391 1994 ad
1426 1939 1569 1993 ovile
1601 1951 1929 2006 supernum,
2066 1900 2118 1968 B
2142 1936 2301 2003 Dum,
2336 1935 2541 1991 fractus
2562 1937 2824 2010 podagra,
2847 1936 3190 1992 flammarum
3223 1939 3419 1994 robora
3445 1937 3655 2012 frangis
3674 1939 3704 1992 Τ

411 2044 730 2115 Suscipiens
759 2040 968 2112 plures,
1000 2036 1167 2091 etiam
1191 2049 1355 2105 quem
1389 2032 1640 2086 daemone
1671 2030 1894 2100 plenum
2143 2027 2311 2091 Queis
2339 2027 2503 2081 etiam
2536 2029 2824 2099 expediam
2861 2029 3159 2100 tranquille
3189 2030 3326 2084 dura
3356 2030 3624 2085 ferentem

415 2137 588 2193 Corde
618 2135 773 2190 videt
791 2132 1046 2186 Satanam
1078 2127 1322 2182 vocitans
1345 2137 1626 2178 assumere
1656 2126 1810 2192 paret
1842 2137 1856 2182 ;
2143 2115 2463 2172 Nonnosum
2491 2116 2664 2171 titulis
2703 2124 3016 2189 aequantem
3047 2117 3188 2173 facta
3217 2119 3455 2189 priorum

408 2227 584 2298 thue
613 2223 881 2296 probetur
898 2234 1061 2289 opus,
1093 2215 1241 2286 capit
1272 2214 1414 2268 intra
1444 2220 1604 2282 septa
1633 2210 1925 2274 latronem,
2143 2211 2463 2284 Magnorum
2493 2211 2586 2266 ille
2610 2219 2824 2282 patrum
2858 2212 3051 2286 gestis,
3083 2213 3213 2268 dum
3247 2224 3517 2284 praeparat
3546 2215 3772 2270 hortum

410 2317 546 2371 Dum
578 2319 808 2369 vexatur
831 2309 952 2366 ovis
976 2313 1221 2362 tentante
1255 2304 1371 2375 lupi
1398 2303 1604 2372 impete
1632 2305 1907 2354 mentem:
2145 2305 2273 2359 Acta
2301 2305 2446 2361 mole
2476 2307 2666 2376 procul
2698 2307 2872 2378 rupis,
2901 2314 3143 2362 sectatur
3167 2308 3426 2364 Achivum

410 2407 525 2470 QUO
552 2401 716 2458 Sim!“
748 2400 928 2468 eiecto
957 2396 1174 2469 laqueis
1211 2393 1467 2449 ενθυίῐῑιι·
1489 2406 1649 2462 3808-
2144 2396 2470 2469 Gregorium
2501 2405 2750 2452 sanctum
2777 2416 2791 2462 ;
2833 2398 3065 2453 solidata
3094 2398 3347 2470 lampade
3375 2399 3524 2469 vitri,

413 2501 521 2555 Nec
546 2499 774 2572 longum
818 2494 946 2549 fidei
980 2492 1100 2547 zelo
1128 2490 1215 2545 fur
1238 2489 1482 2560 carpitur
1512 2487 1660 2559 igne,
2145 2487 2418 2542 Donatum
2447 2506 2460 2552 ;
2490 2488 2751 2560 repplens
2776 2489 2886 2544 olei
2909 2505 3076 2560 parvo
3105 2491 3351 2563 unguine
3381 2507 3507 2547 vasa

411 2591 510 2655 Qui
536 2587 765 2662 magicis
795 2585 990 2640 cellam
1011 2599 1072 2638 se
1097 2580 1458 2652 suspendisse
1488 2577 1809 2648 frequenter
2142 2578 2349 2635 Cuncta
2379 2581 2699 2636 monasterii
2719 2581 2880 2654 signo
2910 2581 3119 2637 helisea
3145 2583 3419 2653 rependit.

411 2678 636 2734 Rettulit
669 2675 890 2747 Equitii,
918 2672 1159 2728 valuisse
1177 2687 1242 2725 ac
1271 2669 1470 2724 laedere
1496 2667 1730 2722 nullum.
2139 2671 2246 2726 Sed
2278 2688 2459 2742 neque
2489 2672 2747 2728 dissimili
2776 2673 2974 2728 renitet
3005 2673 3324 2729 Bonifacius
3355 2682 3475 2730 actu

409 2769 520 2823 Nec
548 2767 730 2821 minus
757 2763 1074 2833 absorptam
1105 2761 1328 2815 lactucae
1355 2757 1586 2828 dapsilis
1614 2757 1778 2810 hamo
2140 2766 2234 2821 me
2264 2766 2584 2822 Ferentinas
2614 2767 2707 2838 qui
2742 2775 3065 2838 paupertate
3093 2768 3343 2823 feracem

413 2859 561 2915 Fruit
585 2858 646 2928 [Γ.
673 2853 889 2924 Eximit]
922 2851 1155 2908 aathneis
1184 2848 1430 2920 absorpti
1460 2845 1718 2902 faucibus
1744 2843 1962 2918 anguis.
2140 2855 2406 2910 Attollens
2438 2855 2684 2910 animum
2721 2872 3009 2925 pressuras
3035 2857 3178 2911 inter
3204 2865 3260 2912 et
3288 2865 3424 2911 acta.

410 2944 726 3018 lncrepanti
750 2944 812 3015 [f.
845 2939 1113 3010 Poscenti]
1139 2951 1444 3008 causasque
1474 2934 1674 2999 aditus,
1699 2933 1930 2988 horrore
1952 2930 2035 2984 fe-
2138 2942 2272 2996 Dum
2297 2943 2530 2998 Domino
2546 2950 2728 3017 grates
2755 2943 3046 3014 dispendia
3070 2943 3301 3000 reddere
3331 2945 3481 3000 novit

408 3039 508 3104 Qui
538 3035 726 3107 superi
769 3034 914 3088 ferro
946 3030 1147 3085 medici
1183 3029 1392 3100 plectro
1423 3025 1536 3080 oris
1566 3024 1763 3079 adacto
1843 3020 2034 3092 [rentis
2137 3034 2363 3108 Exiguis
2385 3035 2547 3090 smus
2573 3035 2898 3106 apothecam
2931 3043 2987 3090 ει
3017 3035 3163 3091 dona
3190 3036 3366 3106 replet

412 3126 587 3183 Verbo
613 3124 708 3180 Dei
738 3122 966 3193 capiens
988 3121 1177 3188 jussus
1203 3131 1500 3188 ΡΓοΡθΓδΓθ
1531 3115 1765 3188 rigatum
2140 3123 2376 3194 Ipsaque
2404 3123 2496 3179 vix
2535 3123 2718 3178 infusa
2747 3139 2899 3178 mero
2929 3125 3047 3180 sola
3084 3140 3314 3180 munere
3333 3132 3619 3197 spargunt.

409 3220 588 3276 lmbre
614 3213 838 3272 salutari
864 3212 1104 3268 sitientis
1120 3217 1347 3281 pectora
1376 3207 1556 3280 plebis
2065 3274 2107 3296 η
2138 3216 2265 3280 Quae
2295 3225 2481 3273 custos
2499 3217 2673 3272 animi
2698 3216 3022 3287 prohibens,
3050 3233 3108 3273 se
3131 3219 3187 3272 in
3220 3233 3472 3290 corpore,
3503 3220 3699 3289 pandi.

409 3314 542 3368 Dum
570 3309 770 3384 satagit
793 3306 966 3382 galeis
993 3305 1207 3359 animas
1244 3302 1464 3372 pietatis
1493 3306 1725 3355 onustuS
2061 3279 2109 3341 Ο
2142 3307 2448 3363 Barbaricis
2479 3279 2712 3379 quoque
2744 3306 2872 3362 vina
2901 3306 3033 3362 viris
3065 3307 3119 3362 in
3144 3323 3271 3362 vase
3295 3279 3496 3379 pusillo

410 3404 627 3460 Lucrari
648 3399 900 3465 Domin0,
932 3397 1086 3452 vicos
1115 3404 1170 3450 et
1194 3402 1374 3450 castra
1405 3407 1731 3466 ρθτθετεηε,
2141 3397 2402 3454 Crescere
2431 3398 2561 3454 dum
2584 3405 2826 3469 praestat,
2857 3398 3008 3453 nasci
3042 3398 3135 3453 dat
3163 3399 3219 3453 in
3248 3399 3440 3454 usibus
3467 3400 3733 3456 haustum
3759 3422 3774 3467 ;

410 3493 666 3565 Corporis
695 3491 948 3560 abjectus
979 3487 1168 3559 specie
1189 3486 1288 3541 sed
1316 3493 1499 3540 mente
1530 3490 1818 3550 venustus,
2140 3489 2398 3561 Cymbala
2425 3490 2752 3545 concutiens
2781 3490 3088 3561 laudesque
3117 3505 3186 3544 ex
3216 3506 3312 3545 ore
3343 3489 3488 3545 beati

410 3582 725 3654 ευὺτίρίιιιν
751 3595 909 3651 Pal)aa
942 3591 1250 3649 Praeconem
1286 3576 1408 3647 lege
1436 3571 1799 3645 Premendum
2141 3585 2512 3649 Prwveniens,
2554 3585 2750 3640 Christi
2782 3585 3109 3656 plectendas
3131 3585 3321 3654 judice
3341 3602 3582 3651 summo,

410 3678 673 3732 Censurae
703 3672 944 3746 subigat,
978 3669 1258 3741 tantisque
1296 3673 1548 3723 coerceat
1580 3665 1747 3729 δαεὶς,
2139 3673 2480 3736 Ρτωοίῐιὶιυῐυ.
2509 3675 2741 3746 quaesita
2769 3677 2967 3746 planus
2993 3675 3189 3730 solatia
3219 3683 3428 3732 nactus.
3633 3673 3638 3676 ’

406 3765 638 3821 Mittitur
666 3763 930 3826 ascitum;
973 3765 1256 3814 mutantur
1286 3757 1453 3814 corda
1485 3761 1768 3827 petentum
2024 3809 2028 3813 .
2137 3766 2313 3832 Aurea
2339 3781 2606 3836 perpesso
2637 3767 2884 3838 arguitur
2909 3766 3040 3821 dum
3074 3766 3275 3821 damna
3303 3775 3529 3839 nepote,

407 3855 635 3910 Pectora
665 3859 942 3908 tantorum
974 3848 1167 3904 inculti
1200 3846 1491 3918 praesentia
1519 3852 1721 3910 ίεῐτθιῖ
2135 3854 2313 3908 Aurea
2342 3854 2494 3910 lucra
2522 3853 2710 3920 refert,
2753 3855 2899 3910 canit
2926 3855 3096 3909 ardua
3119 3855 3321 3910 damna
3351 3857 3574 3927 nepoti:

407 3947 665 4021 Arguitur
695 3944 897 4016 praesul
926 3943 1185 4013 visusque
1213 3941 1441 3996 horrore
1467 3938 1713 3994 vibratur
2133 3942 2403 3999 Culminis
2427 3960 2561 4001 auro
2588 3944 2842 4000 aﬁ‘ectatu
2870 3953 3182 4001 removetur
3211 3946 3438 4002 honore.

405 4039 545 4105 Quid
576 4037 802 4093 Domini
832 4041 994 4091 vexet
1024 4033 1311 4097 famulum,
1337 4032 1644 4103 rapidoque
1673 4030 1857 4085 volatu
2133 4035 2272 4100 Quin
2313 4053 2510 4108 parere
2539 4037 2646 4092 sibi
2676 4037 2891 4107 ratiope
2913 4037 3157 4092 carentia
3181 4052 3406 4110 cogens,

406 4127 581 4184 Sceda
603 4134 748 4181 meat
777 4123 1082 4196 prohibens
1101 4123 1224 4185 iter,
1256 4122 1496 4193 implens
1516 4119 1722 4176 famina
1749 4118 1886 4174 vatis
2135 4125 2326 4181 Erucis
2354 4133 2556 4183 tectum
2583 4127 2784 4196 juratis
2814 4127 3014 4182 liberat
3039 4129 3280 4183 hortum,

405 4219 640 4275 Invitum
665 4228 832 4290 atque
859 4215 1203 4270 latiscentem
1244 4228 1541 4284 pr0perare
1572 4212 1866 4268 monentis.
2132 4217 2244 4272 Nec
2263 4217 2516 4273 miranda
2555 4219 2696 4274 adeo
2727 4235 2851 4290 quae
2881 4219 3082 4293 dignus
3111 4220 3322 4275 honore
3347 4222 3607 4278 sacerdos

403 4311 610 4366 Vixerit
640 4310 732 4365 hic
751 4307 933 4380 qualis
961 4313 1232 4362 testantur
1263 4306 1404 4360 mira
1433 4305 1694 4376 sepulcri.

2133 4314 2390 4381 Gesserit,
2424 4320 2546 4369 acta
2571 4313 2794 4385 quidem
2825 4329 2997 4384 puero
3027 4314 3073 4368 si
3101 4323 3283 4369 mente
3315 4314 3607 4382 librentur,

405 4401 677 4458 Ruricolae
697 4416 822 4456 arca
847 4397 1206 4470 supersidens
1234 4397 1286 4452 vi
1321 4397 1558 4453 turbinis
1585 4405 1706 4452 acta
2130 4405 2667 4479 Ornanteindignos,
2700 4420 2828 4459 sese
2859 4405 3104 4460 nudante
3134 4403 3476 4476 frequenter,

402 4493 578 4562 Atque
604 4491 826 4561 repulsa
867 4487 1092 4559 procul;
1135 4486 1367 4558 querula
1392 4485 1474 4540 sic
1503 4485 1630 4539 dum
1683 4484 1811 4539 terit
1842 4485 2027 4540 hostes
2045 4543 2102 4570 η
2131 4496 2333 4552 Hor-rea
2367 4495 2523 4570 fruge
2550 4495 2675 4550 data
2693 4495 2920 4563 sanctis,
2944 4497 3210 4551 exhausta
3239 4497 3479 4567 rapinis;

403 4580 546 4636 Voce
574 4579 882 4646 lacessitus,
915 4577 1055 4649 tegit
1086 4575 1508 4662 hostiliagmine
1538 4589 1755 4642 vernas,
2041 4575 2102 4611 υ
2127 4589 2316 4645 Man-is
2343 4605 2666 4661 compassus
2685 4590 2942 4662 lacrymis
2969 4606 3132 4662 prece
3163 4592 3338 4662 replet
3362 4592 3573 4663 opima,

403 4668 835 4738 Ρτεεείάίιιῐηίίυθ
865 4667 1046 4722 ferens
1075 4673 1254 4754 εθπνῗθι
1285 4664 1555 4754 ιιιιειτηίειθ
1586 4663 1805 4720 mum“.
2127 4680 2243 4746 Quo
2273 4688 2433 4751 raptu
2461 4695 2684 4752 quoque
2713 4680 2947 4754 gallinas
2971 4688 3137 4753 atque
3165 4682 3329 4753 eripit
3357 4683 3536 4751 hoste,

403 4757 636 4812 Narcissi
659 4755 863 4827 pariter
885 4755 1158 4811 constanti
1183 4753 1306 4808 luce
1336 4753 1574 4816 renidet,

2126 4773 2390 4830 Plectitur
2418 4781 2641 4845 etrapta
2672 4753 2876 4845 raptrix
2905 4775 3195 4846 vulpecula
3227 4775 3433 4846 praeda.

403 4845 688 4901 [nummus
707 4844 817 4901 ⁰¹θί
845 4843 964 4900 νίθθ
984 4843 1191 4914 ιθῖηβιδ
1228 4841 1591 4915 ﬂagrantibus
1627 4841 1810 4897 “ndis'
2125 4867 2244 4923 Non
2275 4841 2573 4938 spernente
2605 4866 2715 4922 Deo
2736 4841 2797 4921 in
2819 4841 3064 4922 minimis
3092 4841 3285 4923 audire
3313 4867 3572 4924 clientem

1918 5024 2127 5082 CAPUT
2175 5024 2236 5080 V.

1589 5155 1665 5214 De
1687 5161 1894 5216 sancto
1929 5154 2261 5217 Fortunato
2291 5154 2579 5232 episcopo.

398 5302 512 5359 Nec
532 5299 812 5359 Fortunati
841 5298 1152 5357 Tudertinae
1190 5306 1310 5356 acta
1335 5298 1550 5356 silenda
2126 5299 2336 5374 Degere
2365 5303 2631 5353 secretam
2659 5295 2921 5369 prohibet
2941 5297 3304 5370 thalamisque
3332 5303 3603 5354 remotam
3633 5316 3645 5352 :

399 5396 654 5452 Pmsulis
675 5397 876 5471 insigni
896 5397 1157 5453 virtutum
1190 5397 1311 5452 luce
1333 5395 1595 5461 cluentis,
2124 5391 2431 5446 Audentem
2463 5389 2692 5446 Domino
2713 5389 3040 5445 sacrandum
3073 5389 3378 5461 irrumpere
3407 5391 3681 5462 templum

397 5484 495 5549 Qui
526 5499 688 5554 prece
712 5485 983 5541 subnixus
1012 5485 1236 5542 hostilia
1264 5500 1412 5556 saepe
1440 5483 1667 5560 fugabat
2124 5478 2372 5550 Martyris
2391 5479 2630 5534 adventu
2658 5478 2900 5535 vindicta
2931 5494 3125 5535 severa
3155 5485 3398 5541 coercet;

395 5572 628 5647 Agmina
657 5573 975 5642 spirituum,
1004 5589 1214 5630 cuneos
1243 5575 1470 5630 horrore
1500 5571 1745 5629 subactis
2122 5572 2293 5637 Quam
2323 5573 2478 5628 nisus
2508 5581 2693 5647 tegere
2723 5572 3000 5644 abripitur
3037 5579 3242 5628 tutator
3267 5572 3336 5626 ab
3365 5587 3573 5647 angue,

396 5658 632 5714 Sedibus
651 5658 982 5727 exturbans;
1021 5661 1200 5718 sensit
1226 5659 1488 5736 suﬂragia
1515 5667 1690 5732 nupta
2118 5663 2448 5719 Thessalicis
2484 5664 2704 5721 addicta
2730 5663 2891 5718 malis
2918 5663 3168 5735 legiones
3197 5661 3451 5735 Chelydri

398 5745 608 5802 Carnea
627 5762 791 5817 quam
819 5763 1092 5818 superans
1115 5765 1227 5806 una
1248 5749 1380 5806 dum
1412 5757 1573 5808 nocte
1600 5750 1875 5822 voluptas,
2123 5751 2428 5823 lmpetitur,
2462 5750 2746 5825 nimioque
2777 5751 3020 5810 fremens
3049 5751 3367 5810 incenditur
3391 5761 3533 5808 aestu
3557 5771 3570 5806 :
