3902 6412
185 368 292 426 837
783 367 863 420 DE
903 366 1164 421 CHRISTI
1203 366 1568 422 TRIUMPIIIS
1609 367 1780 421 APUD
1823 367 2086 422 ITALIAM
2130 368 2306 424 LIBRI
2347 370 2456 425 XIV
2521 402 2587 412 —
2629 373 2753 428 LIB.
2795 374 2934 431 XIII.
3435 384 3539 440 838

187 484 438 540 Confessi
473 485 695 541 tandem
727 486 1010 558 genitores
1039 486 1271 540 crimina
1296 487 1494 556 culpaa,
1841 491 1892 558 Α
1921 488 2047 543 Post
2075 504 2225 544 coxae
2251 492 2495 547 attritum
2526 493 2687 569 rigidi
2713 498 2968 554 contritio
2998 501 3182 556 cordis
3215 521 3229 569 ;

187 573 442 629 Pontifici
464 575 690 640 sistunt,
730 574 1037 646 rabidoque
1068 575 1255 629 labore
1286 575 1515 630 levatam
1921 577 2174 649 Corporis
2213 591 2267 637 et
2298 583 2456 654 plexu
2499 585 2648 641 durae
2680 589 2912 645 mollitie
2944 593 3178 648 mentis:

186 663 302 718 Nec
339 663 564 737 longum
597 671 720 734 post
760 663 1093 718 incolumem
1124 663 1496 735 mundamque
1525 663 1810 718 reducunt.
1916 665 2074 721 Iussa
2114 671 2428 739 patrocinii,
2453 673 2608 728 velox
2631 677 2888 733 solidatio
2920 680 3178 748 membri,

189 750 442 822 Hospitio
468 751 680 820 ejectns
704 751 880 840 privat
901 751 1032 805 dum
1053 752 1206 840 prole
1237 759 1518 822 parentem
1919 757 2148 832 Moxque
2177 770 2366 818 secuta
2383 765 2552 832 salus,
2576 776 2811 840 actoqne
2836 770 3026 826 dolore
3049 774 3288 840 medela,

190 840 312 895 Non
344 840 488 894 bene
511 847 834 896 tractantem
867 839 1015 894 bona
1046 837 1292 910 perﬁdus
1325 841 1528 912 hospes
1558 848 1745 910 aperte
1919 845 2184 918 Expertus
2224 866 2446 924 quoque
2478 837 2764 911 Marcellus
2794 858 2861 912 de
2890 869 3071 915 ωσι-ιθ
3093 837 3357 918 reducjus

190 929 348 1024 Raud
369 930 773 1024 admittendum
980 930 1086 984 hoc
1102 945 1346 1024 censore
1379 929 1648 1024 fugatum.
1919 936 2048 1007 Ejus
2075 939 2130 994 in
2158 941 2400 998 adventu
2431 945 2652 1001 decreta
2682 948 3178 1024 sedilialinquens,

191 1019 427 1073 Lumina
464 1019 742 1074 damnatis
771 1017 1074 1073 redhibens
1102 1018 1192 1073 hic
1220 1035 1362 1090 papa
1393 1018 1671 1085 fenestris,
1831 1038 1849 1058 ο
1921 1027 2064 1082 Voce
2095 1029 2200 1083 levi
2233 1032 2458 1087 rediens
2492 1051 2504 1087 :
2535 1034 2697 1102 hujus
2727 1037 2862 1107 quid
2893 1017 3019 1093 vota
3049 1017 3337 1097 valerem!

189 1110 406 1180 Eripuit
437 1126 660 1182 quoque
688 1111 922 1181 depulso
941 1110 1194 1178 jumenta
1225 1109 1433 1174 furore,
1921 1117 1986 1169 At
2020 1116 2350 1174 Fortunatus
2377 1119 2553 1176 fuerat
2583 1138 2684 1178 ceu
2713 1139 2943 1195 corpore
2974 1127 3184 1202 degens

189 1202 253 1256 Et
285 1202 562 1274 quidquid
578 1202 737 1274 petiit
761 1203 1022 1258 comitata
1052 1210 1137 1256 est
1167 1203 1308 1258 actio
1349 1219 1580 1274 compos
1607 1222 1622 1270 ;
1923 1208 2175 1283 [Egrotos
2205 1211 2404 1267 solitus
2442 1230 2654 1285 curare,
2687 1215 2975 1273 absolvere
3007 1236 3201 1290 nexos,

188 1295 476 1366 Approbat
495 1311 620 1351 orsa
641 1295 822 1363 Gothi,
855 1302 1173 1366 contempto
1204 1304 1380 1366 patre,
1411 1295 1572 1350 ruina
1924 1299 2134 1355 Pellere
2160 1301 2485 1373 perniciem,
2508 1322 2611 1361 nec
2633 1306 2816 1364 adhuc
2837 1319 2960 1380 post
2977 1308 3172 1368 funera
3198 1324 3396 1371 cessat.

1718 1424 1929 1482 CAPUT
1967 1431 2031 1485 VI

1374 1527 1455 1587 De
1479 1531 1706 1588 sanctis
1736 1530 2028 1607 Martyrio
2059 1542 2111 1592 et
2139 1533 2376 1594 Severo.

192 1665 400 1721 Extulit
421 1673 476 1720 et
495 1670 744 1720 sanctum
766 1663 1085 1719 veneranda
1105 1663 1321 1718 Valeria
1361 1673 1571 1736 patrem
1927 1667 2190 1739 Repperit
2219 1677 2276 1724 nt
2299 1669 2572 1739 functum,
2604 1673 2815 1745 plangit
2847 1675 2998 1730 necis
3020 1687 3188 1752 utque
3222 1687 3431 1736 reatum

192 1756 536 1826 Martyrium,
567 1754 758 1826 prunis
788 1769 984 1824 panem
1007 1760 1233 1818 tectum,
1267 1759 1435 1824 atque
1460 1754 1643 1808 favilla
1924 1757 2124 1830 Sicque
2152 1760 2338 1815 datum
2381 1763 2636 1835 lacrymis
2669 1768 2864 1838 recipit
2894 1771 3160 1842 tetrisque
3189 1772 3538 1843 redemptum

191 1847 298 1912 Ωιιί
329 1847 489 1920 Signo
520 1844 651 1899 ﬁdei
694 1860 804 1899 non
833 1853 980 1899 iactu
1008 1844 1237 1916 insignit
1267 1845 1460 1899 adacto
1843 1903 1890 1925 ῃ
1923 1849 2245 1921 Suppliciis,
2285 1870 2450 1925 quem
2493 1857 2622 1911 dum
2655 1859 2870 1915 modica
2894 1861 3168 1917 tristarier
3197 1864 3329 1918 hora

198 1903 234 1912 _
379 1903 413 1920 υ
1120 1903 1153 1916 υ
1972 1903 2017 1921 κ,
2044 1903 2245 1921 μνη,
2290 1903 2450 1925 1"---
2497 1903 2621 1911 η...
2655 1903 2870 1915 ...-....,..
2896 1903 3155 1917 ....,.....-.
3199 1903 3329 1918 ..νη

193 1941 417 2012 Hacque
449 1938 795 1993 sacerdotem
830 1937 1131 2007 accipimus
1163 1936 1392 2009 regione
1425 1937 1686 1992 Severum
1843 1903 1894 1971 Β
1924 1945 2074 1999 llaud
2094 1946 2295 2016 patitur
2332 1947 2572 2005 Christus
2602 1971 2618 2017 ;
2649 1953 2893 2010 redivivo
2925 1956 2992 2010 ad
3026 1964 3152 2012 vota
3181 1958 3396 2028 patroni

196 2031 474 2086 Εῐιίῐιιίεεο
505 2028 698 2101 Ρΐοδίε
729 2028 880 2083 mira?
898 2028 1120 2099 Pietatis
1151 2034 1205 2082 et
1231 2027 1388 2095 θοῑίεν
1922 2035 2073 2090 Flere
2113 2037 2204 2092 dat
2233 2054 2542 2107 excessum,
2576 2043 2656 2098 sic
2679 2049 2859 2100 terrea’
2889 2047 3136 2118 linquere
3167 2027 3370 2115 laetum,

196 2125 418 2197 ﬂagrum
460 2123 569 2179 ﬁne
591 2124 778 2196 operis
803 2124 1005 2177 vetitus
1035 2122 1130 2194 qui
1153 2122 1334 2177 visere
1365 2121 1589 2177 tardans
1922 2123 2167 2180 Fletibus
2196 2134 2249 2181 et
2272 2129 2512 2200 prOpriis
2536 2131 2705 2187 lotum
2737 2141 2792 2188 et
2825 2135 3088 2208 plangore
3117 2137 3303 2193 Severi

1697 2247 1906 2303 CAPUT
1946 2249 2057 2306 VII.

1027 2353 1103 2412 Dc
1131 2351 1430 2411 sacerdote
1463 2353 1573 2428 qui
1601 2350 1922 2428 defunctus
1948 2352 2147 2429 furem
2180 2355 2386 2414 vinxit
2413 2359 2710 2433 sepulcro.

203 2492 374 2557 Quam
403 2491 582 2564 viguit
611 2489 836 2563 dignus,
863 2505 1027 2561 quam
1060 2489 1224 2544 claris
1261 2489 1476 2544 actibus
1506 2489 1650 2545 altus
1930 2487 1989 2542 Et
2019 2488 2114 2559 qui
2137 2495 2292 2559 rapta
2314 2489 2523 2544 vehens
2549 2490 2786 2548 vincitur
2820 2493 2944 2562 jure
2974 2495 3189 2563 latenti,

205 2583 485 2638 Laudibus
513 2583 616 2636 hac
645 2582 860 2637 Domini
888 2581 1103 2653 pollens
1137 2580 1368 2656 regione
1397 2583 1658 2638 sacerdos
1929 2577 2093 2634 Fasce
2125 2579 2305 2649 palam
2341 2581 2543 2650 posito,
2577 2590 2867 2652 praestatur
2891 2602 3122 2661 pergere
3164 2589 3325 2644 liber.

203 2675 303 2740 Qui
335 2673 555 2729 functus
583 2674 756 2728 furem
787 2673 958 2727 vinxit
984 2672 1287 2727 tumulatus
1317 2681 1542 2727 euntem
1927 2669 2014 2724 Sic
2042 2669 2208 2724 etiam
2239 2669 2599 2727 Praenestinis
2631 2673 2685 2727 in
2715 2677 2998 2732 montibus
3030 2679 3124 2734 ille

201 2765 386 2820 Mirari
416 2765 663 2839 gaudent
687 2764 820 2820 socii
850 2763 1145 2835 splendore
1175 2763 1448 2838 magistri,
1930 2761 1996 2816 Ut
2021 2762 2151 2816 vixit
2182 2770 2336 2833 pater
2363 2765 2622 2838 egregius
2646 2766 2738 2821 dat
2767 2784 2995 2824 cernere
3022 2771 3262 2827 functus.

203 2859 407 2914 Vivens
438 2859 532 2931 qui
564 2859 708 2913 alma
727 2859 909 2924 docet,
938 2856 1232 2912 defunctus
1290 2856 1431 2911 furta
1461 2864 1682 2913 coercet
1739 2857 1752 2911 l
1929 2853 2194 2910 Mirantur
2221 2857 2370 2928 gnati
2403 2857 2562 2926 cujus
2592 2859 2721 2914 data
2753 2870 2910 2931 pacta
2929 2863 3158 2934 sepulti,

206 2947 314 3003 Fur
344 2947 480 3002 vivis
509 2954 763 3001 metuens
793 2945 944 3001 cerni
985 2945 1208 3000 tabente
1241 2944 1440 3018 ligatur
1929 2944 2028 3009 Qui
2055 2946 2201 3016 quod
2218 2945 2392 3002 ﬂabra
2421 2949 2644 3005 trahens
2664 2952 2922 3021 spondet,
2936 2953 3240 3010 tumulatus
3261 2956 3548 3029 adimplet,

205 3037 421 3092 Ponere
455 3051 557 3091 nec
579 3037 724 3107 potis
748 3045 831 3090 est
857 3036 1119 3106 praedam,
1138 3051 1242 3090 nec
1273 3035 1415 3089 ferre
1449 3041 1719 3089 retentam
1930 3034 2226 3104 Depositus
2245 3035 2580 3106 deponendo
2614 3039 2733 3094 loca
2748 3041 3109 3109 ceditamico,

203 3127 356 3182 Vivis
384 3126 516 3181 dum
547 3125 782 3196 stupidis
809 3125 1104 3180 adhibetur
1130 3123 1328 3179 funere
1360 3139 1556 3191 nexus,
1932 3123 2240 3178 Admittens
2269 3123 2498 3179 charum
2527 3135 2679 3195 parta
2708 3127 2839 3182 olim
2868 3129 3005 3182 cede
3045 3130 3314 3198 sodalem,

204 3215 431 3282 Aﬁ'erat,
458 3232 528 3270 an
550 3216 726 3287 rapiat
756 3215 1059 3282 dubitatur,
1090 3215 1339 3288 pondere
1370 3221 1604 3271 onustus
1636 3232 1651 3280 ;
1875 3284 1907 3289 _
1934 3215 2012 3269 Ad
2041 3230 2230 3270 vocem
2259 3215 2496 3286 queruli,
2528 3217 2657 3272 dum
2687 3233 2747 3272 se
2785 3224 2978 3289 aptant
3007 3222 3254 3278 membra
3285 3224 3476 3279 soluti.

204 3312 346 3366 Dum
378 3310 590 3365 crimen
621 3308 802 3365 fassus
831 3307 1093 3381 precibus
1122 3308 1284 3363 datur
1313 3307 1394 3362 ire
1414 3306 1654 3374 solutus,
1861 3284 1911 3352 Ο

1689 3433 1899 3491 CAPUT
1946 3433 2084 3489 VIII.

1129 3542 1210 3602 De
1235 3549 1440 3602 sancto
1469 3540 1784 3601 Benedicto
1815 3548 1868 3600 et
1891 3541 2106 3601 multis
2136 3541 2266 3616 ejus
2293 3542 2635 3603 miraculis.

282 3681 466 3737 Laude
498 3679 612 3752 poli
643 3679 873 3752 dignum
929 3675 1144 3731 meritis
1169 3690 1338 3745 super
1380 3675 1586 3729 aethera
1617 3678 1830 3738 notum,
1935 3672 2301 3745 Pastoresque
2322 3673 2376 3727 in
2408 3689 2541 3730 oves
2556 3674 2747 3730 mutati
2778 3676 2946 3732 corda
2968 3676 3168 3744 ferina,

203 3777 462 3847 Syrmate
493 3770 742 3846 Gregorii
784 3768 1087 3840 lepidoque
1110 3766 1392 3822 volumine
1420 3766 1654 3832 cultum,
2007 3765 2118 3820 Nec
2149 3774 2330 3821 tamen
2391 3767 2493 3824 hac
2538 3774 2779 3824 tentator
2834 3769 3008 3837 abest,
3051 3771 3412 3844 refugamque
3470 3773 3553 3829 la-

207 3868 328 3932 Qua
356 3865 634 3920 celebrem
665 3861 851 3918 stolidi
883 3859 1241 3915 Benedictum
1275 3857 1439 3912 laude
1469 3855 1712 3912 feremus
1737 3856 1765 3910 τ
3300 3863 3486 3935 [cessit

206 3962 439 4017 Climata
465 3975 566 4031 per
595 3957 787 4014 mundi
813 3962 1010 4011 cuncto
1041 3952 1375 4009 venerabilis
1395 3951 1514 4008 orbi
1943 3947 2178 4020 Flagitii,
2203 3946 2528 4021 facibusque
2552 3949 2804 4005 libidinis
2825 3967 2987 4007 usere
3020 3951 3273 4007 membra

211 4050 317 4117 Qui
349 4049 572 4104 radians
598 4045 795 4101 Christi
826 4059 1036 4100 cuneos
1061 4042 1127 4076 ⁸²¹
1161 4043 1228 4096 ad
1259 4042 1444 4096 sidera
1467 4041 1656 4097 mittit.
1940 4034 2262 4092 Mortiﬁcala
2292 4045 2469 4108 parat,
2502 4039 2713 4094 viscum
2743 4040 3086 4112 laqueosque
3116 4041 3385 4096 columbae

211 4139 316 4205 Qui
349 4154 486 4209 puer
511 4136 618 4191 alta
647 4135 861 4207 legens,
899 4132 1028 4187 vicit
1053 4130 1252 4201 probra
1275 4129 1441 4185 corde
1473 4129 1636 4184 senili
1662 4146 1676 4194 ;
1941 4123 2193 4181 Culmina
2223 4135 2581 4201 transgressae
2609 4130 3004 4202 mundanaque
3034 4146 3158 4186 arce
3189 4131 3420 4202 relapsa;

212 4233 356 4286 Dum
378 4228 570 4284 mundi
596 4227 764 4282 ﬂores
792 4233 854 4279 ut
880 4222 1122 4295 pulveris
1151 4222 1305 4277 arida
1336 4221 1574 4280 calcans.
1941 4213 2066 4270 Ales
2092 4232 2248 4271 avem
2277 4218 2435 4292 nigra
2479 4218 2752 4275 candente
2779 4219 2847 4254 3“
2882 4220 3024 4291 petit
3067 4220 3317 4290 improba
3345 4221 3559 4288 mitem,

212 4319 584 4391 Splendorem
614 4314 839 4388 generis
871 4311 1064 4366 tumidi
1099 4326 1224 4365 cum
1255 4309 1376 4364 luce
1401 4308 1608 4379 leporis
1939 4305 2096 4359 Tetra
2122 4323 2339 4363 venena
2365 4309 2561 4363 animm
2575 4309 2925 4384 nigrantibus
2952 4309 3146 4363 incutit
3174 4308 3278 4363 alis
3311 4326 3324 4362 ε

153 4385 172 4404 ⁸
212 4412 460 4484 Spernit,
490 4416 546 4465 et
571 4408 812 4463 incultus
835 4402 1277 4476 sapienterculta
1308 4401 1631 4474 relinquens
1942 4403 2046 4458 Sed
2080 4403 2258 4458 erucis
2290 4404 2356 4458 ad
2397 4404 2615 4478 signum
2642 4420 2844 4459 vacuas
2875 4403 3112 4458 discedit
3144 4404 3198 4457 in
3222 4419 3402 4458 auras.

213 4503 408 4559 Rebus
432 4518 556 4558 cum
574 4499 773 4555 studiis
788 4496 912 4553 coeli
935 4493 1072 4566 petit
1100 4494 1272 4548 ardua
1297 4493 1499 4547 missis.
1949 4493 2150 4549 Pectus
2181 4495 2528 4565 inexpertum
2554 4494 2897 4549 ﬂammarum
2925 4493 3073 4561 jacta
3099 4492 3331 4566 fatigant

211 4596 366 4667 (201)
399 4595 627 4666 Quoque
658 4591 1046 4661 animo,quam
1079 4593 1265 4640 mente
1289 4585 1380 4656 pia
1396 4585 1464 4618 ³¹²
1487 4583 1685 4655 prohat
1702 4585 1844 4638 actio
1946 4583 2188 4655 Spicula,
2215 4593 2270 4638 et
2307 4584 2594 4639 obsessam
2630 4583 2793 4637 vallat
2820 4581 2904 4636 vis
2929 4582 3090 4652 ignea
3119 4589 3382 4642 mentem,

1577 4672 1770 4745 [gesta,
1858 4712 1917 4780 D
1948 4679 2311 4750 lrrepensque
2342 4676 2540 4747 adytis,
2571 4676 2776 4747 patitur
2801 4675 2890 4730 vix
2921 4682 3146 4745 pectore
3176 4675 3363 4730 claudi

214 4776 454 4845 Ipsaque
485 4787 612 4826 mox
640 4778 796 4824 actus
825 4766 989 4822 etiam
1020 4763 1324 4836 Ρτωθῑιηῐὶα
1340 4763 1517 4837 signa.
1858 4763 1914 4780 υ
1946 4773 2374 4840 lncrescensque
2403 4769 2594 4833 altum,
2627 4773 3049 4838 consumpserat
3076 4766 3268 4821 intima
3295 4781 3443 4839 gaza;
3472 4765 3563 4832 δίε,

214 4861 534 4917 Etsolidata
561 4856 842 4930 capisterii
869 4858 1106 4910 fractura
1120 4851 1307 4918 soluti,
1942 4863 2004 4918 Ni
2045 4867 2294 4918 servator
2331 4876 2500 4932 opum
2522 4859 2592 4894 δια
2622 4858 2746 4914 εαξη
2779 4865 2991 4914 εδει-θυι
3018 4857 3316 4929 petendum

214 4952 444 5008 Ventosi
474 4950 602 5023 fuga
628 4948 885 5014 rumoris,
913 4945 1209 5015 nutrixque
1226 4942 1436 5008 relicta,

1943 4953 2146 5008 Indens
2177 4950 2495 5015 consilium,
2520 4949 2765 5004 dextram
2798 4949 2902 5003 sub
2932 4962 3110 5022 agone
3137 4946 3378 5002 tulisset.

214 5046 484 5100 380888119
509 5041 705 5108 eremi,
725 5040 956 5111 soloque
977 5035 1224 5092 habi‘ata
1257 5050 1357 5106 Per
1377 5048 1554 5090 annos
1943 5043 2078 5098 Dum
2105 5041 2360 5114 veprium
2386 5039 2626 5095 stimulis
2653 5037 2986 5094 cohibentur
3017 5037 3127 5092 tela
3155 5035 3377 5101 furoris,

208 5139 347 5195 Tres
375 5152 596 5210 specus,
625 5136 914 5207 impensus
944 5130 1176 5187 Romani
1208 5129 1370 5202 panis
1400 5127 1618 5184 habena
1648 5127 1718 5163 ³¹³
1751 5145 1764 5182 :
1941 5131 2074 5205 Igne
2104 5129 2406 5186 urticarum
2437 5127 2669 5183 Veneris
2697 5125 2994 5197 depellitur
3018 5124 3189 5199 ignis,

212 5232 508 5304 Presbyter
522 5227 838 5286 admonitus
863 5225 1141 5299 paschalia
1163 5223 1396 5296 prandia
1420 5221 1588 5291 ferre,
1941 5222 2002 5277 Et
2023 5219 2170 5276 cedit
2198 5217 2419 5294 fugiens
2438 5221 2646 5272 mutata
2676 5215 2868 5272 dolore
2893 5213 3166 5285 voluptas.

1297 5384 1565 5440 GLOSSE
1609 5383 2028 5439 MARGINALES
2070 5378 2478 5436 MARILLONII.

285 5501 351 5536 3“
413 5499 636 5574 agmina
690 5494 1102 5552 monachorum.
1163 5492 1231 5525 3”
1286 5491 1404 5555 scil,
1461 5490 1601 5560 petit
1653 5489 1846 5545 ardua.
1879 5489 1949 5524 ³ι³
1997 5488 2147 5544 fune.
2203 5487 2348 5552 3“1’.
2383 5483 2560 5539 cauda
2615 5484 2685 5519 ³³⁵
2738 5482 2960 5537 divitias
3018 5483 3226 5556 gratiae.
3286 5483 3355 5518 ³¹⁶
3387 5483 3552 5539 virtu-

215 5581 333 5628 tum
346 5614 359 5626 .

1775 5660 1982 5717 ΝΟΤᾸΕι

290 5772 436 5845 (201)
469 5769 606 5826 Vide
637 5769 689 5824 S.
724 5767 1071 5840 Gregorium,
1101 5761 1312 5834 Dialog.
1355 5763 1456 5819 lib.
1485 5779 1544 5830 ιι,
1577 5778 1699 5833 cap.
1739 5762 1766 5815 1
1791 5777 1951 5834 seqq.
