3902 6404
363 376 472 436 843
1129 368 1497 426 FLODOARDI
1538 366 1841 423 CANONICI
1887 367 2213 425 REMENSIS
2252 366 2592 423 OPUSCULA
2633 365 2949 421 METRICA.
3614 366 3728 419 844

362 505 640 560 Scandere
677 506 1017 559 monstratur
1042 514 1152 570 qua
1168 496 1364 553 cmiica
1389 495 1630 552 culmina
1657 494 1842 563 justus
2013 502 2065 569 Α
2088 499 2303 571 Quique
2334 500 2466 570 tegit
2505 497 2758 563 famulos,
2791 497 3038 552 obcaecat
3063 511 3248 551 amara
3280 495 3609 561 frementes,

365 596 571 651 Emicat
598 594 755 650 elatis
783 591 1060 655 manibus,
1088 590 1373 661 sacrisque
1405 588 1638 650 cibatus,
2092 589 2168 643 Ne
2196 604 2377 642 coram
2411 587 2618 658 positos
2648 588 2865 640 valeant
2884 592 3136 655 spectare
3173 585 3374 655 petitos
3404 586 3495 637 3".

364 690 607 743 Trallens
637 695 943 742 extremum
969 700 1066 754 per
1088 682 1253 738 verba
1282 681 1565 752 precantia
1597 679 1807 745 flatum,
2095 679 2308 749 Raptim
2340 678 2478 731 ferre
2501 677 2660 745 jubet
2689 693 2854 751 gazas
2884 692 3004 730 sese
3034 677 3259 746 auSpice
3294 684 3568 746 sumptas,

368 780 611 851 lnclytus
640 777 760 833 aede
794 791 1019 848 precum
1049 774 1285 828 tendens
1312 773 1380 827 ad
1410 772 1614 843 templa
1643 770 1917 842 polorum.
2096 768 2304 838 Datque
2324 766 2512 821 videre
2543 767 2779 831 hostem,
2809 780 2911 819 nec
2943 780 3108 835 posse
3137 765 3379 819 viderier
3413 766 3592 819 hoste.

443 869 676 943 Pignera
703 865 936 921 delubro
968 863 1095 918 data
1124 876 1235 934 quo
1263 860 1529 932 depulsus
1557 858 1771 930 Apollo,
2099 861 2333 915 Numine
2362 861 2442 915 sic
2483 860 2604 925 tuti,
2635 859 2833 915 tollunt
2858 860 2984 914 data
3013 859 3238 929 pnemia
3267 858 3397 923 laeti,

373 958 666 1035 Egregium
696 955 899 1013 celebri
928 960 1191 1026 promunt
1219 953 1427 1008 victore
1455 950 1817 1021 triumphum.
2097 950 2379 1004 Praedictis
2406 966 2529 1020 quae
2557 957 2711 1020 rapta
2743 950 2850 1003 Deo
2867 955 3133 1003 censente
3157 947 3333 1001 ruinis

373 1051 502 1114 Qua:
524 1046 766 1102 monitus
793 1042 1055 1099 transfert
1080 1040 1276 1116 Aigulﬁ
1303 1039 1636 1095 Mummolus
1663 1046 1787 1093 actu
2099 1040 2318 1095 Prodita
2345 1040 2701 1111 resplendent
2722 1039 2962 1104 Francis,
2984 1038 3145 1093 simul
3174 1055 3298 1093 ossa
3329 1038 3560 1102 sororis,

377 1141 485 1195 llac
510 1140 580 1194 de
607 1155 666 1194 re
693 1137 872 1203 missi,
904 1150 1121 1207 superae
1152 1133 1247 1205 qui
1280 1131 1419 1187 lucis
1437 1132 1708 1187 honorem
2096 1132 2373 1186 Gallorum
2404 1130 2613 1184 crebris
2643 1129 2810 1184 urbes
2835 1128 3155 1183 decoranti-I
3176 1129 3368 1202 signis.

376 1231 511 1286 Dum
528 1243 749 1283 servare
777 1226 940 1292 calet,
975 1240 1078 1296 per
1107 1237 1282 1293 opaca
1307 1219 1529 1276 silentia
1569 1217 1748 1273 noctis
2175 1225 2238 1278 At
2264 1225 2383 1279 loca
2411 1222 2556 1277 culta
2578 1219 2897 1275 Paterhaud
2924 1218 3236 1273 deseruisse
3269 1218 3512 1282 videtur,

379 1326 603 1381 Munera
629 1322 995 1395 consequitur
1023 1321 1189 1393 longo
1220 1317 1456 1391 quaesita
1483 1316 1698 1371 labore.
2105 1316 2276 1370 Immo
2301 1319 2521 1384 rogatus
2550 1310 2726 1375 adest,
2757 1308 2898 1363 ultro
2928 1324 3149 1379 quoque
3170 1307 3395 1378 praemia
3428 1306 3661 1361 confert.

381 1414 571 1486 Eripit,
604 1412 825 1480 attollit,
856 1423 1232 1485 germanaque
1259 1408 1325 1442 3“
1357 1405 1589 1480 pignera
1613 1403 1823 1476 junctis
2106 1404 2234 1468 Qua:
2265 1401 2546 1473 lymphata
2574 1399 2711 1453 3‘3...
2753 1397 3035 1467 saltusque
3061 1407 3116 1451 et
3155 1397 3317 1450 devia
3348 1395 3590 1449 lustrans

380 1483 754 1580 Complicibus
783 1483 1016 1570 confert,
1044 1502 1213 1559 simul
1248 1506 1364 1557 nec
1383 1500 1453 1555 ad
1480 1499 1671 1555 munia
1701 1500 1830 1554 divo
2112 1493 2343 1563 Experta
2373 1499 2457 1545 est
2492 1486 2710 1553 mulier,
2743 1484 2933 1556 spelaai
2966 1485 3216 1558 ingressa
3244 1483 3436 1539 cubile

381 1600 567 1675 Legati
589 1603 748 1672 jussu
779 1605 1096 1671 properant.
1132 1605 1188 1653 et
1216 1597 1287 1652 ad
1308 1595 1512 1651 extima
1543 1593 1779 1649 tendunt
2113 1588 2291 1642 Prima
2325 1585 2445 1640 viro
2479 1582 2720 1638 tirocinii
2751 1595 2861 1651 quo
2889 1580 3132 1634 exercita
3165 1581 3310 1633 lucta
3344 1596 3357 1632 :

380 1669 637 1750 Augonig,
653 1669 795 1760 3013;
824 1669 957 1747 άιίηι
998 1706 1156 1763 papa;
1178 1704 1441 1745 revocare
1457 1687 1608 1742 suasi
2114 1676 2252 1729 Dum
2282 1674 2426 1746 sapit
2447 1670 2763 1746 egrediens,
2797 1669 2966 1723 animi
2996 1677 3050 1724 et
3076 1670 3204 1723 data
3261 1669 3459 1723 robora
3492 1682 3749 1731 servans,

381 1786 673 1842 Sectantur
708 1783 873 1841 cunei
897 1761 1112 1838 Christo
1143 1781 1286 1837 duce
1311 1788 1467 1852 rapta
1498 1779 1725 1834 talenta.
2118 1767 2355 1822 Pristina
2393 1782 2497 1821 nec
2528 1766 2670 1821 laasm
2699 1763 2895 1837 retegit
2925 1762 3246 1817 discrimina
3278 1761 3501 1815 mentis.

1902 1906 2112 1963 CAPUT
2155 1904 2220 1959 1X

1656 2016 1734 2075 De
1757 2021 1963 2074 sancto
1994 2007 2259 2070 Paulino
2298 2001 2490 2083 1204).

393 2169 683 2223 Immensae
713 2163 942 2237 pietatis
970 2178 1110 2234 opus
1139 2176 1249 2234 qua
1276 2160 1441 2217 laude
1458 2157 1701 2215 feremus
2049 2157 2099 2225 Β
2129 2149 2401 2205 Graminis
2428 2147 2682 2216 injuncti,
2716 2160 3034 2217 saevumque
3052 2144 3306 2199 amittere
3335 2142 3535 2198 verber

389 2257 602 2314 Paulini
635 2235 738 2329 per
757 2270 933 2328 prona
957 2254 1055 2310 Dei
1082 2253 1315 2328 vestigia
1344 2249 1568 2315 Christi,
2124 2241 2342 2297 Judicio
2372 2240 2515 2295 servi
2559 2239 2912 2295 dominorum
2949 2243 3165 2306 sceptra
3199 2235 3463 2308 regentis.

387 2352 628 2408 Tramite
657 2350 746 2406 vix
773 2349 922 2415 trito,
950 2355 1006 2403 at
1030 2346 1171 2401 mira
1192 2345 1396 2401 virtute
1428 2342 1628 2405 secuti,
2128 2337 2366 2411 Erigitur
2397 2336 2607 2400 rastris,
2635 2333 2801 2391 cultis
2833 2332 3126 2387 abducitur
3155 2330 3348 2393 hortis,

391 2442 658 2516 Dogmate
692 2437 970 2511 fulgentis,
993 2443 1186 2492 contra
1212 2434 1426 2491 hostica
1452 2433 1560 2487 tela
1589 2430 1832 2503 vigentis
1850 2428 1879 2483 ‘P
2125 2425 2368 2499 Regibus
2386 2424 2671 2486 excolitur,
2710 2421 2947 2477 famulus
2975 2421 3108 2474 dare
3140 2427 3262 2474 vota
3298 2423 3534 2491 rogatur.

390 2533 655 2603 Princeps
686 2530 942 2587 Ecclesiae
971 2528 1153 2583 viduae
1181 2544 1243 2583 se
1282 2526 1492 2582 addicit
1530 2540 1722 2598 egente
1754 2540 1767 2578 :
2124 2517 2220 2572 lllc
2259 2516 2621 2571 animasauro
2649 2529 3001 2586 praeponens,
3035 2528 3132 2583 pro
3163 2527 3333 2585 grege
3361 2520 3525 2581 capto

390 2602 817 2692 Servussponte
847 2619 1030 2683 datus,
1064 2625 1235 2689 ponat
1261 2608 1373 2687 q‘uo
1418 2614 1639 2669 vincula
1670 2626 1863 2666 servus
1893 2628 1910 2675 ;
2125 2610 2305 2666 Poscit
2332 2628 2347 2677 ;
2391 2610 2706 2665 adunantur
2733 2606 2990 2677 dispersi,
3030 2619 3371 2674 munereque
3394 2602 3540 2657 aucti

393 2710 540 2766 Colla
569 2710 699 2784 iugo
730 2716 965 2780 pressat,
998 2705 1147 2761 servi
1179 2720 1291 2777 quo
1320 2704 1459 2759 calla
1501 2701 1776 2764 resolvat;
2124 2700 2409 2755 Mittuntur
2435 2699 2597 2770 patri,
2628 2712 2906 2768 navesque
2937 2695 3219 2766 dapesque
3252 2692 3507 2748 feruntur
3541 2709 3557 2755 ;

394 2799 680 2871 Captivum
712 2798 955 2871 legatse,
985 2800 1045 2849 ut
1073 2801 1294 2863 captum
1315 2791 1503 2862 prxedo
1535 2789 1775 2844 remittat
1805 2806 1821 2852 ;

2126 2797 2482 2868 Stipatusque
2514 2796 2699 2851 ovium
2728 2795 2888 2849 laetus
2917 2793 3060 2847 redit
3086 2792 3306 2865 agmine
3332 2797 3519 2862 pastor

396 2890 649 2945 Serviliis
677 2889 844 2942 instat
867 2902 1082 2960 regum,
1113 2883 1213 2939 sed
1240 2882 1489 2956 regmina
1512 2880 1675 2935 librat
1704 2897 1719 2945 ;
2129 2886 2191 2940 Et
2219 2885 2313 2957 qui
2349 2901 2445 2956 pro
2474 2884 2681 2939 famulo
2708 2899 2831 2938 sese
2853 2881 3168 2950 subjeccrat
3190 2895 3325 2946 uno,

396 2981 695 3052 Subjicitur
724 2980 980 3047 Domino,
1008 2978 1108 3034 sed
1137 2983 1358 3048 praestat
1374 2976 1584 3031 honore
1604 2982 1838 3046 tyranno
1871 2992 1886 3042 ;
2129 2976 2386 3033 Pluribus
2424 2976 2652 3048 ereptis,
2685 2975 2826 3030 liber
2853 2991 2977 3029 cum
3009 2973 3176 3045 plebe
3206 2972 3467 3043 remigret
3492 2987 3507 3024 :

399 3074 650 3129 Culmina
680 3072 951 3144 disponit,
982 3070 1293 3134 famulatur,
1321 3074 1376 3123 et
1400 3067 1634 3139 imperat
1662 3067 1808 3122 idem
1845 3085 1859 3134 ;
2126 3069 2360 3125 Servitio
2392 3070 2596 3125 multos
2616 3069 2899 3124 redimens
2925 3066 3073 3140 quod
3115 3066 3326 3139 legerat
3354 3079 3521 3119 unus.

398 3165 686 3220 llortorum
724 3162 924 3227 cultor,
955 3175 1144 3233 regum
1178 3158 1341 3213 datur
1378 3156 1574 3212 ordine
1606 3163 1805 3220 rector,
2127 3157 2293 3227 Cujus
2324 3157 2612 3213 mirificam
2647 3158 2837 3214 divino
2869 3157 3077 3213 lumine
3108 3156 3271 3211 vitam

399 3255 749 3326 Nutritorque
782 3252 995 3309 olerum
1027 3255 1218 3307 censet
1251 3247 1631 3304 moderamina
1661 3263 1875 3323 regum,
2126 3253 2267 3308 Mors
2296 3254 2536 3325 pretiosa
2555 3252 2772 3325 probat,
2804 3252 3145 3324 trepidaeque
3174 3250 3407 3306 vibratio
3434 3249 3613 3314 cellae,

400 3350 730 3423 lmperitans
764 3347 990 3421 populis
1018 3346 1166 3402 flecti
1192 3360 1252 3401 se
1278 3345 1451 3401 altore
1483 3350 1666 3399 tuetur
2124 3342 2283 3398 Mella
2312 3342 2585 3399 recessuri
2624 3342 2788 3398 labiis
2815 3342 3035 3398 admota
3059 3338 3308 3396 Joannis.

1912 3460 2124 3516 CAPUT
2172 3460 2232 3516 X.

1656 3561 1733 3623 De.
1768 3571 1975 3623 sancto
2002 3562 2174 3623 Datio
2211 3564 2502 3641 episcOpo.

404 3701 833 3758 Mediolanensis
851 3701 1036 3757 Datius
1064 3715 1175 3773 quo
1204 3700 1401 3755 robore
1432 3698 1603 3754 fultus
1888 3758 1891 3759 ν
2055 3715 2103 3779 C
2135 3699 2323 3756 Hostia
2347 3702 2470 3757 viva
2500 3702 2609 3758 Deo
2637 3718 2847 3758 sacram
2877 3708 3189 3757 mactantur
3215 3701 3282 3756 ad
3314 3716 3465 3756 aram
3498 3719 3514 3765 ;

404 3792 610 3849 Enituit
638 3791 766 3848 fidei
797 3793 970 3849 sensit
993 3792 1182 3867 gavisa
1213 3791 1528 3857 Corinthus,
2131 3794 2241 3848 Nec
2268 3809 2457 3849 cassus
2488 3794 2644 3849 labor
2671 3794 2944 3849 almicolm
2971 3794 3190 3850 seniore
3221 3794 3489 3865 probatur

405 3883 666 3938 Flaminis
686 3883 918 3954 expulsu
947 3880 1164 3953 queruli
1212 3880 1530 3951 laribusque
1559 3878 1797 3949 receptis
2129 3882 2323 3938 Attrito
2350 3883 2548 3938 moniti
2580 3884 2830 3956 requiem
2861 3882 3083 3938 differre
3113 3883 3394 3959 gerendis,

405 3971 682 4027 Daemonis
713 3969 939 4025 immani
969 3969 1174 4023 dudum
1208 3968 1431 4047 feritate
1457 3967 1686 4022 retentis
2132 3974 2266 4029 Dum
2298 3975 2403 4029 sibi
2432 3975 2740 4046 apostolico
2769 3976 2927 4031 reddi
2957 3992 3055 4030 sua
3087 3975 3311 4047 praemia
3342 3974 3486 4030 festo

408 4059 649 4132 Hospitis
678 4059 749 4114 ad
779 4065 975 4114 nutum
1015 4057 1135 4112 dira
1166 4056 1519 4129 improbitate
1537 4057 1774 4128 repulsa.
2132 4066 2423 4137 Accipiens
2445 4074 2655 4137 septem
2699 4068 2882 4138 palma
2912 4068 3115 4123 dilatus
3138 4068 3191 4121 in
3223 4083 3421 4132 annos,

411 4152 639 4207 Lumine
667 4166 778 4224 quo
814 4150 1018 4206 mentis
1047 4150 1241 4225 viguit,
1272 4166 1382 4220 qua
1405 4150 1527 4204 luce
1564 4148 1775 4203 refulsit
2133 4154 2427 4211 Sacrificus
2457 4157 2680 4211 tandem
2710 4155 2875 4211 celsis
2900 4156 3061 4210 datus
3090 4156 3291 4210 emicat
3318 4155 3499 4209 astris.

392 4244 633 4315 .Canitiae
664 4242 953 4298 Canusina
974 4242 1087 4311 jam
1112 4241 1323 4296 lacteus
1348 4240 1492 4306 urbi,

2133 4246 2393 4303 Andraeas
2414 4249 2537 4304 vita:
2561 4249 2858 4304 Fundanus
2879 4248 3179 4321 episcopus
3200 4249 3355 4303 alma:

406 4338 607 4393 Fronte
638 4338 865 4410 quidem
897 4352 1095 4404 caecus,
1131 4335 1329 4391 rutilus
1356 4335 1453 4390 sed
1476 4334 1645 4390 corde
1675 4334 1936 4401 Sabinus,
2138 4338 2371 4395 Lubrica
2392 4340 2657 4395 correctis
2671 4349 3040 4396 correctorem
3058 4347 3171 4395 atra
3202 4348 3475 4405 secutum,

407 4429 700 4485 Barbarico
723 4429 891 4484 claret
909 4428 1078 4484 Totila
1094 4434 1340 4483 tentante
1364 4425 1633 4481 ministro.
2131 4428 2420 4501 Tetrisque
2439 4429 2764 4485 instructum
2784 4428 3154 4485 monitoribus
3171 4428 3336 4500 eripit
3364 4429 3501 4483 atris

407 4523 541 4577 Dum
571 4522 725 4577 necis
742 4523 998 4597 gerulum
1031 4522 1178 4576 letho
1199 4536 1517 4594 cogensquc
1551 4519 1924 4591 inhibensque
2133 4524 2386 4578 Amotum
2400 4524 2663 4592 dominis,
2696 4525 3036 4596 laqueosque
3052 4542 3248 4581 cavere
3274 4533 3603 4580 monentem

408 4615 629 4670 Prodita
658 4614 895 4670 lethiferi
924 4614 1194 4669 damnans
1220 4614 1439 4669 aconita
1469 4613 1674 4668 decore
2133 4612 2327 4668 Evellit
2348 4613 2560 4685 laqueis
2589 4632 2605 4680 ;
2641 4614 2994 4686 paradisique
3035 4615 3237 4686 inclyta
3266 4615 3471 4670 cedrus

410 4710 601 4766 Pressa
629 4711 806 4766 crucis
827 4717 999 4782 potat,
1031 4716 1317 4781 stratoque
1342 4709 1531 4764 datore
1563 4708 1881 4779 triumphat.
2130 4704 2399 4759 Tartareis
2428 4705 2687 4761 conculsa
2717 4706 2880 4772 dolis,
2913 4707 3043 4761 dum
3076 4714 3269 4773 mutat,
3300 4715 3354 4761 et
3380 4708 3556 4763 haeret
3581 4727 3597 4774 ;

412 4799 583 4864 Quam
614 4800 800 4854 rutilet
822 4799 1015 4854 Narnis
1042 4797 1361 4853 venerando
1394 4796 1616 4852 Cassius
1644 4812 1763 4863 ore,
2133 4792 2339 4848 κλειθιηί
2372 4794 2617 4849 nemoris
2632 4793 2893 4851 frondosa
2912 4796 3199 4851 cacumina
3226 4795 3425 4850 ﬁrmat.

410 4889 735 4945 Praemissus
759 4890 908 4945 videt
932 4890 1228 4961 experiens
1256 4905 1349 4943 rex
1381 4888 1608 4956 crudus,
1649 4888 1854 4943 omisso
2134 4885 2265 4949 Quae
2295 4893 2449 4941 vates
2478 4886 2725 4941 moriens
2755 4885 3106 4942 Constantius
3136 4902 3294 4942 orsus
3324 4887 3543 4958 Aquina

407 4983 714 5059 Armigero,
744 4984 1056 5057 meritoque
1070 4983 1174 5037 viri
1206 4988 1504 5054 praestante
1543 4990 1769 5053 recepto
1800 4999 1814 5036 :
2054 5024 2113 5093 D
2136 4977 2401 5033 inclamat
2422 4978 2729 5047 toleranda,
2758 4985 2953 5035 notant
2982 4988 3105 5050 post
3135 4979 3305 5035 mulio
3338 4978 3496 5045 fullo,

407 5075 461 5093 ο-
488 5091 499 5093 _
547 5090 633 5093 ,κη
658 5091 687 5093 __
734 5091 745 5093 _
804 5092 839 5093 η
897 5075 931 5093 ογ
978 5074 1162 5093 _-I-.,,-
1210 5080 1327 5093 κη--.
1375 5090 1391 5093 _
1416 5073 1556 5093 1----
1604 5074 1792 5093 j!_l__-_
2139 5066 2420 5093 οΑι-...ζαιῖη
2452 5075 2615 5093 ..ιιι-..Α
2647 5068 2784 5093 ...ιι-...2
2805 5067 3098 5093 ..ελ-...ηι-..ιι
3130 5067 3340 5093 -..ιιιηιέη
3368 5068 3496 5093 ..λιιι

405 5075 695 5131 Sacrorum
727 5075 944 5131 arcanis
971 5074 1166 5132 solitus
1199 5080 1333 5147 quot
1369 5073 1564 5130 adesse
1594 5074 1815 5141 diebus,
2054 5066 2113 5093 ν
2136 5066 2423 5141 Regminis
2450 5075 2616 5140 atque
2646 5068 2788 5124 sacri
2805 5067 3101 5139 viduaeque
3130 5067 3342 5124 vacatio
3366 5068 3541 5123 sedis.

408 5163 591 5236 Seque
616 5163 762 5219 inter
790 5164 1045 5238 lacrymis
1074 5171 1286 5221 secreta
1307 5162 1464 5221 litare
1485 5162 1752 5237 profusis,

1482 5304 1753 5363 CLOSSE
1811 5305 2233 5363 MARGINAIJES
2274 5308 2679 5368 MABlLl.0Nll.

482 5432 551 5469 ⁸⁴¹
592 5434 820 5492 sororis.
855 5435 925 5473 3"
956 5438 1256 5513 appetitos,
1285 5436 1355 5474 ⁸³³
1380 5440 1427 5506 f.
1458 5439 1573 5495 diu.
1876 5512 1883 5515 _

1989 5535 2196 5594 NOTAE.

409 5653 725 5796 “exalia
753 5654 856 5712 hoc
886 5667 941 5714 et
991 5662 1115 5717 aliis
1144 5663 1199 5717 in
1244 5678 1407 5734 capp.
1444 5666 1509 5720 10
1535 5665 1608 5721 25
1635 5682 1666 5720 a
1710 5666 2017 5722 Flodoardo
2066 5667 2363 5725 celebratis
2417 5670 2488 5739 cf,
2548 5671 2606 5726 S.
2663 5668 2823 5744 Greg.
2881 5668 3060 5746 Magn.
3089 5672 3296 5746 Dialog.
3331 5672 3409 5729 lib
3462 5691 3544 5746 ιιι,
3580 5690 3686 5751 cap
3733 5676 3763 5735 5
