3902 6400
181 402 286 455 845
788 403 871 458 DE
909 403 1167 459 CHRISTI
1208 405 1574 461 TRIUMPIIIS
1615 409 1786 464 APUD
1829 409 2096 466 ITALIAM
2139 413 2311 468 LIBRI
2355 415 2483 470 XIV.
2528 448 2595 457 —
2637 417 2759 472 LIB.
2805 420 2944 475 XIII.
3427 429 3533 482 846

1695 573 1904 628 CAPUT
1950 574 2040 631 XI.

1509 665 1590 726 De
1632 679 1836 729 sancto
1887 671 2232 747 l’rigdz’ano.

329 806 497 875 Cujus
527 807 738 883 vigoris
761 809 1034 884 Frigdiani
1063 810 1322 865 sanctitas
1842 821 1890 883 Α
2062 817 2168 871 Sed
2187 834 2290 872 nec
2312 817 2524 874 minore
2551 819 2789 875 comitur
2817 821 3096 877 Placentia

331 897 548 953 Lucana
580 916 819 955 vernans
840 901 1056 957 fulserit
1084 903 1188 956 sub
1219 901 1463 976 regmina
2061 909 2267 975 Nitore,
2297 911 2694 981 comprimente
2726 913 2974 985 turgidas
2999 914 3146 970 Pado

329 985 584 1075 Plumen,
617 996 836 1043 meatus
876 990 1142 1044 derelicto
1174 990 1411 1053 tramite,
2065 996 2360 1067 Lymphas,
2389 999 2577 1054 Sabini
2620 1001 2868 1075 mitigato
2900 1002 3096 1058 litteris

331 1073 587 1130 Rastrum
612 1076 863 1144 jubentis
894 1086 1246 1148 prosecutum
1276 1081 1556 1150 praedicat,
2062 1086 2296 1159 Parento
2321 1089 2477 1157 jusso
2511 1073 2795 1162 przesulari
2828 1093 3074 1150 ﬂumine.

328 1167 501 1223 Sueta
523 1186 759 1240 parcens
781 1171 1051 1244 dissipare
1092 1174 1316 1244 praedia.

1683 1270 1895 1325 CAPUT
1938 1272 2051 1326 XII.

1427 1379 1501 1436 De
1528 1388 1732 1438 sancto
1771 1381 2101 1456 Populonia
2145 1381 2336 1465 (205).

183 1501 351 1596 (gnam
384 1501 523 1556 vixit
552 1504 793 1560 celebris
811 1507 1088 1578 quondam
1121 1509 1462 1579 P0pulonius
1486 1510 1709 1582 hospes,
1924 1518 2165 1592 Insignis
2196 1519 2411 1590 trepido
2444 1521 2698 1579 instantis
2725 1524 3044 1582 discrimine
3063 1527 3219 1596 lethi,

185 1591 355 1655 Quam
389 1602 662 1663 praestans
701 1598 912 1653 meritis
941 1601 1138 1670 praesul
1163 1599 1466 1656 Cerbonius
1497 1604 1622 1659 altis
1923 1591 2093 1677 Inque
2125 1607 2246 1661 eicli
2276 1608 2452 1678 spatio
2484 1611 2726 1679 clausus,
2761 1613 3008 1671 fervente
3035 1591 3218 1672 calore

187 1680 296 1774 Ilex
337 1682 552 1740 Gothus
580 1695 872 1755 attentans,
906 1705 1038 1745 urso
1079 1699 1437 1760 monstrante,
1473 1702 1672 1761 tuetur,
1921 1696 2167 1761 Sidereo,
2204 1705 2380 1753 tectus
2410 1699 2508 1755 sed
2540 1701 2687 1756 nube
2721 1711 2949 1774 repente
2989 1721 3220 1762 corusca

185 1773 664 1865 Coucelebratque
693 1781 869 1836 virum
900 1782 994 1836 tali
1026 1783 1253 1838 doctore
1286 1784 1530 1852 beatum,
1919 1787 2283 1859 Terribiliquc
2315 1788 2442 1844 feris
2471 1773 2990 1865 mitemqueituente
3031 1795 3290 1851 clientem

185 1863 357 1926 Quem
383 1872 507 1918 trux
521 1877 815 1924 censuerat
841 1870 1065 1925 beluina
1095 1871 1248 1926 fauce
1274 1875 1600 1928 vorandum.
1920 1875 2284 1943 Fulminibus,
2314 1895 2436 1949 quae
2467 1880 2644 1934 vincla
2676 1863 2827 1953 fugat
2855 1883 3116 1957 pellitque
3157 1901 3416 1940 coronam
3450 1905 3466 1947 ;

187 1954 432 2009 Flamine
463 1973 626 2027 quem
658 1969 849 2016 sancto
872 1961 1038 2016 funus
1064 1962 1301 2034 viguisse
1335 1965 1577 2039 resignat
1846 2011 1891 2045 ι)
1920 1969 2282 2042 Depulsisque
2315 1971 2460 2043 lupis
2498 1973 2641 2027 aries
2679 1981 2782 2028 stat
2809 1954 3217 2045 vellere—sicco,

182 2051 317 2104 Ante
349 2049 537 2126 fugam
572 2055 970 2124 partzejussum
1007 2059 1314 2114 revocarier
1341 2075 1490 2113 umze
1515 2077 1528 2112 :
1849 2049 1894 2078 υ
1921 2063 2254 2116 Turbinibus
2285 2063 2414 2118 dum
2443 2072 2640 2120 cuncta
2667 2067 2910 2133 madent,
2940 2069 3068 2122 dum
3101 2085 3246 2124 saeva
3270 2069 3470 2124 fatiscit

185 2141 466 2198 Imbribus
497 2146 801 2200 accinctum
834 2149 981 2204 sicco
1014 2150 1109 2202 sed
1151 2151 1394 2225 tegmine
1428 2151 1616 2220 latum,
1921 2154 2139 2209 Ethcre
2158 2156 2298 2210 victa
2327 2157 2496 2219 acies,
2533 2165 2718 2228 pastor
2747 2175 2858 2230 quo
2901 2161 3147 2232 regmine
3178 2169 3328 2216 tutus

185 2233 452 2289 llostibus
481 2237 745 2303 advectis,
771 2240 982 2314 gerulis
1003 2242 1067 2294 ad
1086 2242 1243 2310 jussa
1277 2243 1530 2298 revectis.
1923 2245 2114 2300 IIostcs
2137 2247 2466 2322 prosubigit,
2496 2248 2760 2304 victorum
2795 2251 2996 2306 robora
3025 2252 3217 2318 vincit,

181 2327 288 2382 Nec
320 2331 512 2386 minus
540 2331 744 2387 effulsit
773 2334 1094 2409 Fulgentius
1127 2337 1506 2405 Utriculensis,
1922 2335 2167 2389 Culmina
2197 2337 2514 2405 prosternit,
2548 2337 3074 2411 frangitsubicitquc
3117 2348 3406 2411 tyrannum

181 2419 440 2493 Prodigio
471 2423 663 2492 simili,
695 2426 791 2481 sed
826 2427 1007 2483 adhuc
1039 2429 1291 2484 mortalia
1320 2439 1560 2504 gestans.
1917 2429 2203 2485 Mitificans
2229 2447 2410 2486 acrem
2441 2432 2581 2488 ccclo
2620 2434 2908 2490 minitante
2940 2435 3180 2491 leonem.

1679 2558 1886 2614 CAPUT
1929 2560 2065 2616 XIII.

1506 2662 1581 2720 De
1621 2673 1825 2724 sancto
1871 2665 2229 2724 Herculano.

326 2785 496 2854 Cujus
521 2788 734 2860 rugitus
765 2791 1126 2847 Hcrculanum
1162 2810 1444 2850 murmure
2063 2801 2322 2872 Cutisquc
2363 2801 2557 2857 abacta
2589 2802 2830 2858 reclivite
2860 2811 3012 2879 grata
3053 2811 3302 2881 tergora;

329 2877 595 2934 Perusina
617 2896 822 2936 czesum
855 2886 1226 2940 contremiscit
1248 2888 1564 2957 praesulem,
2062 2894 2234 2948 Simul
2263 2894 2444 2950 soluto
2467 2895 2675 2951 conditi
2704 2877 2970 2952 cadavere

329 2966 521 3022 Mirata
551 2969 724 3026 functi
757 2973 900 3028 colla
930 2984 1080 3030 secta
1113 2977 1368 3047 martyris
2063 2983 2224 3040 Pueri
2252 2993 2497 3043 scatente
2521 2990 2788 3044 vermium
2820 2991 3150 3060 putredine;

325 3057 575 3115 Solidata
607 3077 792 3116 rursus
821 3079 885 3120 ac
914 3072 1102 3121 coacta
1131 3067 1373 3138 corpori,
2062 3073 2223 3127 Sedis
2252 3073 2458 3130 micare
2487 3077 2734 3130 membra
2761 3057 2885 3147 post
2914 3085 3110 3148 quater
3134 3079 3256 3134 dies

329 3149 486 3206 Loris
514 3161 725 3210 resecta
757 3156 1076 3215 reﬂoruisse
1098 3159 1330 3228 viscera,
2064 3161 2258 3217 Decem
2288 3162 2546 3218 reductos
2585 3179 2686 3219 ceu
2717 3164 2808 3219 die
2839 3165 3014 3234 prima
3036 3165 3235 3225 exitus.

1677 3288 1881 3344 CAPUT
1929 3287 2059 3343 XIV.

1442 3395 1520 3453 De
1545 3404 1752 3454 sancto
1789 3395 1958 3452 Isaac
1994 3395 2306 3452 monac/i0.

191 3525 480 3597 Spoletum
511 3543 540 3581 e
581 3526 741 3597 Syria
771 3528 953 3599 qualis
977 3529 1301 3599 perducitur
1336 3534 1540 3603 hospes
1847 3538 1896 3606 (ζ
1923 3532 2151 3603 Quoque
2179 3531 2388 3586 caduca
2419 3530 2594 3605 magis
2611 3530 2814 3598 renuit,
2848 3547 3107 3588 mansura
3136 3533 3398 3605 capessit.

191 3620 538 3692 Almipotens
568 3623 716 3678 Isaac
747 3623 954 3694 reperit
984 3624 1244 3697 Gregoria
1274 3627 1427 3700 virgo
1923 3625 2054 3678 Mira
2086 3630 2261 3695 patrat
2299 3624 2538 3695 divoque
2567 3624 2764 3698 vigens
2800 3625 3106 3695 spiramine
3138 3625 3328 3682 claret.

191 3717 393 3772 Tutore
415 3718 523 3772 hoc
551 3717 810 3772 thalamis
834 3717 1052 3792 fugiens
1073 3719 1301 3774 defensa
1328 3721 1584 3791 petulcis,
1926 3717 2045 3771 Hzec
2072 3716 2284 3771 olerum
2317 3715 2469 3771 fures
2498 3715 2778 3788 quondam
2804 3715 3018 3772 fervore
3049 3718 3364 3788 probantes,

186 3807 488 3877 Terrigena
528 3817 742 3879 tempto
772 3810 889 3883 regi
929 3827 1052 3881 quae
1087 3811 1340 3886 jungitur
1363 3813 1568 3868 aethrae.
1923 3807 2124 3863 Mutato
2156 3808 2344 3862 rastris
2371 3808 2594 3874 instant,
2629 3806 2722 3879 qui
2753 3805 2895 3862 furta
2926 3806 3230 3877 patebant:

188 3894 367 3950 Sentit
398 3905 454 3952 et
483 3897 720 3951 mdituus
745 3898 888 3952 votis
920 3897 1170 3952 infensus
1202 3900 1424 3970 Opimis,
1914 3897 2082 3952 'Parto
2105 3914 2163 3952 se
2190 3896 2450 3970 subigunt
2479 3897 2633 3967 operi
2657 3897 2711 3951 in
2740 3898 3014 3952 contraria
3043 3898 3206 3965 versi,

191 3983 450 4053 Improba
471 4001 596 4039 mox
629 3987 824 4055 palmae
854 3985 941 4041 cui
972 3985 1142 4060 ﬂagra
1181 3989 1424 4043 coercuit
1465 3988 1608 4043 ultor
1921 3985 2053 4041 Vota
2083 3985 2167 4040 sui
2198 3985 2355 4039 obliti
2388 3994 2712 4057 secretaque
2731 3985 2884 4054 jussa
2913 3986 3110 4051 secuti,

193 4076 396 4140 Hostis,
429 4077 694 4150 agonistae
715 4077 929 4132 virtutis
962 4079 1213 4148 proditor
1236 4081 1383 4145 alue,
1923 4075 2161 4130 Crimina
2193 4082 2526 4142 tcmnentes,
2571 4076 2790 4146 pietatis
2817 4076 3004 4131 munia
3043 4076 3258 4142 dantes,

193 4164 347 4219 Illico
380 4164 724 4236 pellendum,
757 4173 983 4236 experto
1010 4183 1070 4221 se
1096 4166 1290 4233 milite,
1326 4183 1602 4237 promens.
1925 4167 2190 4238 Quodque
2216 4166 2417 4237 probro
2440 4168 2649 4238 petiere
2676 4168 2849 4239 proba
2878 4168 3136 4223 mercede
3167 4174 3473 4239 reportant,

197 4260 456 4316 Certatim
492 4261 622 4315 dum
645 4261 818 4316 fertur
845 4263 1044 4328 honos,
1075 4264 1204 4318 dum
1240 4280 1466 4318 munera
1487 4281 1610 4318 rura
1926 4260 2237 4314 Gaudentes
2267 4260 2455 4330 operis
2487 4260 2716 4332 in0pino
2747 4277 2974 4316 munere
2996 4259 3188 4315 functi.

196 4351 404 4406 (iuncta
426 4351 611 4406 oblata
635 4350 798 4426 fugit,
831 4352 914 4407 vir
943 4354 1278 4424 paupertatis
1306 4354 1537 4415 amicus,
1925 4349 2015 4402 Sic
2030 4349 2194 4402 etiam
2225 4348 2499 4403 simulatis
2531 4349 2725 4420 inopes
2755 4349 2934 4403 aliena
2957 4354 3209 4419 petentes

199 4441 416 4496 Deserit
437 4441 736 4509 urbicolas,
769 4443 905 4517 legit
940 4443 1124 4498 abdita
1157 4444 1324 4498 lustra
1351 4443 1607 4497 ferarum.
1926 4441 2152 4512 PrOpria
2171 4442 2408 4497 contecti
2429 4450 2717 4515 segmenta
2754 4442 2965 4512 pudore
2989 4447 3306 4512 capessunt.

198 4533 292 4587 Hic
324 4547 554 4604 quoque
586 4532 872 4604 discipulis
910 4533 1106 4590 callem
1136 4534 1480 4590 sectantibus
1509 4540 1714 4589 arctum
1925 4530 2160 4587 Portitor
2186 4529 2390 4585 inﬁdus
2418 4531 2500 4585 sic
2528 4548 2623 4586 ora
2652 4531 2857 4588 rubore
2886 4532 3094 4588 salubri

194 4625 427 4680 Sumere
459 4625 740 4696 depensos
765 4625 832 4680 ad
864 4626 1064 4682 victum
1095 4643 1291 4682 suasus
1321 4627 1548 4701 agellos,
1925 4622 2164 4694 Eripitur
2191 4622 2655 4693 plexus,horrore
2683 4641 2714 4678 a
2746 4624 2940 4680 funere
2967 4632 3137 4680 tutus.

195 4713 341 4769 Vitat
367 4714 726 4786 pauperiem:
759 4721 1016 4770 metuens
1040 4732 1109 4771 ne
1140 4716 1370 4787 perdere
1402 4717 1599 4770 almam
1625 4734 1636 4777 ;
1846 4784 1887 4790 _
1925 4715 2065 4780 Quas
2095 4715 2310 4770 virtutis
2330 4731 2467 4786 opes
2493 4730 2892 4788 nonnunquam
2928 4716 3129 4772 invicta
3157 4716 3422 4790 tegebant

197 4784 494 4858 leestem
519 4818 630 4860 non
652 4819 776 4859 esse
807 4804 985 4859 fatens
1015 4806 1108 4877 qui
1141 4784 1317 4861 terrea
1337 4806 1550 4877 quierit.
1846 4784 1899 4850 D
1925 4805 2156 4874 Gaudia,
2187 4784 2494 4880 pugnacem
2535 4784 2774 4864 stimulis
2793 4807 3067 4893 servantia
3096 4814 3335 4862 mentem

1701 4926 1907 4982 CAPUT
1957 4926 2062 4984 XV.

1339 5032 1416 5092 De
1444 5033 1670 5091 sanctis
1702 5029 2000 5092 Florentio
2031 5042 2083 5090 et
2121 5031 2436 5107 Eutychio.

201 5167 370 5235 Queis
396 5166 576 5242 viguit
603 5167 819 5224 meritis
847 5166 1014 5223 frater
1051 5167 1355 5225 Florentius
1384 5169 1494 5222 ursi
1935 5169 2184 5230 lnnocui,
2218 5168 2432 5224 Domini
2472 5168 2714 5224 vindicta
2743 5173 2930 5223 secuta
2959 5166 3230 5232 dolorem,

201 5257 539 5329 Obsequium
567 5257 769 5328 probat
793 5256 1079 5314 indomita:
1108 5263 1164 5312 et
1191 5256 1386 5312 solatia
1412 5255 1605 5322 belvaa,
1930 5258 2198 5313 Vindicta:
2225 5267 2281 5314 et
2304 5259 2567 5330 gemitus,
2600 5259 2785 5313 multae
2824 5257 2950 5312 data
2991 5256 3218 5312 flumina
3247 5256 3376 5312 fletu

205 5351 393 5405 Pastor
424 5351 747 5422 inexpertus
776 5348 1043 5425 gregibus
1071 5349 1276 5405 servire
1305 5347 1618 5414 bidentum,
1932 5349 2116 5406 Cernit
2146 5358 2201 5405 et
2227 5351 2433 5405 invisor
2469 5349 2633 5405 levita
2662 5357 2907 5405 servatus
2928 5357 3141 5405 amator

201 5442 398 5497 Parere
426 5444 723 5498 addiscens
755 5441 1006 5507 monitis,
1028 5440 1244 5511 jejunia
1274 5439 1436 5504 ferre,
1931 5441 2160 5513 Agmine
2189 5441 2373 5496 viroso
2403 5439 2695 5495 inveniens
2726 5438 3040 5494 habitacula
3069 5438 3216 5514 cingi

205 5534 535 5589 Prmsentem
565 5551 786 5589 servare
815 5536 1021 5601 cibum,
1057 5551 1230 5590 coenae
1255 5534 1461 5589 addere
1492 5533 1668 5608 leges,
1935 5529 2173 5599 Hospitis
2204 5528 2464 5599 impavidi
2495 5529 2652 5596 cujus
2680 5527 2784 5583 sub
2805 5542 2943 5582 voce
2982 5527 3232 5598 polorum

204 5625 395 5681 Livida
425 5627 550 5682 luce
573 5644 770 5681 manus
800 5627 945 5699 signi
972 5627 1228 5698 servique
1257 5624 1598 5697 peremptrix
1933 5623 2184 5679 Culmina
2213 5624 2581 5693 conclamant,
2612 5623 2850 5680 roboans
2870 5623 2957 5680 cui
2979 5623 3183 5679 militat
3211 5623 3386 5679 aether

280 5798 422 5866 (205)
470 5799 558 5853 Sic
615 5799 763 5861 eod,
794 5799 888 5852 sed
924 5798 1217 5869 legendum
1262 5798 1330 5850 de
1372 5797 1622 5852 Cerbom'o
1664 5799 1944 5865 Populonii
1973 5799 2216 5867 episcolm
2237 5802 2282 5851 cf
2316 5797 2593 5860 Fulgentio
2625 5796 2979 5851 Utricule—nsi.
