3902 6416
358 355 461 408 817
1114 352 1482 410 FLODOARDI
1524 351 1827 407 CANONICI
1870 350 2196 406 REMENSIS
2238 350 2577 407 OPUSCULA
2618 351 2930 407 METRICA.
3612 356 3717 410 848

359 484 538 555 Atque
566 481 966 544 veneniferam,
998 481 1195 537 sternit
1215 480 1552 552 perimitque
1583 495 1865 536 coronam.
2013 485 2060 552 Α
2085 478 2351 534 Panditur
2388 479 2609 551 expleto
2639 480 2801 535 claris
2831 481 3134 537 certamine
3164 483 3339 553 signis

362 572 567 625 Caetera
596 570 864 642 quaerenti
888 568 1145 642 suffragia
1175 576 1324 624 certa
1356 576 1618 640 parantur
2088 571 2210 640 Ipsa
2241 572 2404 626 etiam
2437 572 2606 626 vestis
2634 572 2823 627 divino
2853 589 3084 628 munere
3127 575 3282 629 testis

364 666 684 740 Plumigerze
705 664 891 720 subito
914 664 1087 719 series
1109 664 1319 736 perlata
1348 665 1591 720 cohortis
2085 659 2331 720 Accedit,
2365 661 2577 715 meritis
2600 669 2845 716 avertere
2875 662 3111 718 vindicis
3134 663 3265 717 iram

362 756 574 811 Funera
603 756 724 810 dira
753 756 943 810 levans
972 762 1028 809 et
1049 752 1297 811 tristibus
1326 753 1466 809 atria
1488 769 1731 829 purgans
2084 747 2272 813 sueta.
2300 748 2483 803 calore
2515 749 2841 820 hyperionio
2872 749 3235 825 ﬂagrantibus
3261 752 3423 807 arvis.

361 847 681 918 Eutychius,
712 861 941 903 consors
969 845 1025 899 in
1062 843 1203 901 calle
1239 860 1480 916 superna
1509 852 1735 916 petente
2088 835 2245 900 Dum,
2276 836 2487 906 prolata
2509 836 2732 907 replens
2753 836 2999 893 sitientia
3022 855 3149 893 rura
3180 840 3428 906 madure,

364 941 553 1011 Hujus,
585 951 884 997 turmarum
907 941 1019 997 dux
1048 940 1457 1012 instructorque
1483 939 1724 1013 piarum,
2093 926 2321 983 Νυτδίοδ
2352 926 2607 983 fecundis
2628 927 2927 1000 locupletat
2958 932 3163 1003 Praua
3193 932 3411 987 nimbis

362 1034 475 1097 Qua
506 1031 779 1104 probitate
801 1046 1002 1104 regens
1028 1030 1241 1085 animas
1267 1030 1336 1084 ad
1367 1029 1516 1085 celsa
1546 1029 1753 1087 vocarit

1845 1133 2052 1189 CAPUT
2100 1134 2233 1189 XVI.

1736 1236 1814 1294 De
1841 1244 2045 1296 sancto
2077 1236 2359 1296 Martino.

362 1380 586 1435 Marsica
624 1378 839 1432 Martini
870 1378 998 1452 iuga
1030 1392 1387 1448 promeruere
1425 1377 1738 1448 triumphos
2091 1375 2184 1430 Sic
2225 1378 2351 1432 victi
2384 1377 2544 1433 furiis
2574 1379 2799 1434 victoris
2828 1379 3004 1455 gloria
3030 1381 3219 1434 claret.

360 1470 517 1540 Saepe
557 1468 745 1523 videre
775 1467 918 1542 geri,
948 1466 1125 1521 subici
1154 1466 1257 1521 atri
1291 1466 1433 1522 colla
1454 1466 1713 1521 draconis
2091 1464 2187 1519 Cui
2219 1466 2287 1520 de
2327 1483 2463 1537 rupe
2487 1467 2672 1523 ferens
2692 1469 2876 1540 prisco
2904 1470 3110 1524 undam
3136 1486 3366 1525 munere
3399 1470 3655 1526 Christus

360 1562 568 1616 Pellere
596 1559 884 1631 praestanti
922 1558 1153 1614 nitentis
1182 1557 1318 1614 sede
1349 1559 1661 1614 columnam
2089 1559 2259 1620 Quam
2292 1559 2458 1613 charo
2491 1557 2755 1614 famulum
2791 1561 2954 1615 docet
2990 1562 3356 1630 amplectatur
3393 1579 3584 1618 amore

359 1652 608 1709 Caelestis
639 1653 804 1711 rutilo
830 1652 957 1708 vita
988 1651 1291 1723 splendore
1331 1652 1624 1707 nitentem.
2088 1645 2262 1715 quue
2296 1646 2587 1716 repentina
2615 1647 2908 1702 muliebria
2929 1645 3039 1702 fata
3070 1648 3228 1702 ruina

357 1747 546 1802 Securi
577 1746 851 1818 siquidem
885 1751 1183 1815 penetrans
1209 1760 1310 1815 per
1330 1743 1526 1799 crebro
1548 1743 1839 1805 latebram,
2096 1736 2390 1791 Notificant
2421 1738 2628 1794 laesisse
2658 1741 2825 1793 Deum
2859 1756 2981 1811 quae
3004 1740 3143 1794 laesit
3171 1743 3494 1795 alumnum:

358 1839 542 1895 Innuit
581 1855 641 1894 se
671 1848 841 1894 strato
874 1838 1151 1910 precibus,
1189 1837 1537 1908 tendensque
1565 1843 1854 1892 tremorem
2098 1828 2206 1883 Nec
2224 1830 2406 1884 minus
2438 1841 2492 1885 et
2519 1832 2675 1902 pueri
2708 1833 2843 1904 proh
2884 1832 3024 1887 mira
3054 1833 3245 1887 relatio
3274 1833 3412 1904 lapsi

358 1931 611 1987 Incutere
650 1929 832 1985 oranti
850 1927 1085 1984 vinceda
1121 1928 1308 1982 thema
1336 1926 1610 1981 ministret
1641 1925 1856 1997 (205*);
2016 1971 2067 2039 Β
2097 1925 2197 1978 Per
2221 1925 2445 1981 scabros
2477 1932 2589 1981 tute
2618 1929 2897 1998 sc0pulos,
2922 1944 3020 1999 per
3043 1944 3216 1999 prona
3247 1929 3456 1983 ruentis

360 2021 426 2039 ιν-
447 2036 463 2039 -
498 2018 637 2039 ,--1-ι
666 2019 918 2039 2..ι--ι-...
957 2014 1256 2039 .-μ--..ιζη
1289 2021 1330 2039 ,ιι
1354 2014 1557 2039 -ε..,.,....,.
1594 2030 1810 2039 ..η-..-ω
1833 2033 1846 2039 -
2098 2016 2266 2039 n--_-:_
2300 2025 2346 2039 ,ι
2390 2020 2588 2039 ---ηπ-Α-
2628 2019 2792 2039 --1.μ-
2819 2036 2910 2039 ,μμ
2931 2036 2981 2039 ,ψ
3019 2020 3071 2039 Δὶ
3092 2020 3165 2039 ηε-
3202 2028 3245 2039 .,
3270 2028 3333 2039 ~.A

358 2021 468 2075 Nec
497 2018 641 2075 valet
664 2019 922 2073 intectam
957 2014 1258 2071 temnentis
1288 2014 1561 2086 stringere
1590 2030 1846 2080 carnem;
2016 2014 2067 2039 υ
2096 2016 2269 2087 Rupis
2295 2025 2346 2072 et
2387 2020 2592 2073 avulsae
2624 2019 2796 2075 saltus
2816 2036 2984 2090 super
3012 2020 3174 2075 obvia
3202 2028 3365 2086 tecta,

355 2110 672 2182 Titanisque
694 2109 791 2165 ubi
824 2116 904 2164 ter
926 2115 1100 2163 metas
1130 2115 1409 2163 consumit
1442 2106 1632 2173 inane,
2095 2106 2425 2178 Speluncam
2470 2109 2643 2179 patris
2675 2110 2912 2181 impulsu
2946 2127 3013 2165 ne
3045 2111 3271 2166 lzederet
3297 2118 3472 2174 actae;

358 2205 633 2257 Aecensus
663 2200 1062 2275 Phlegetontazi
1097 2198 1308 2255 fervore
1340 2197 1539 2254 furoris
2095 2202 2220 2273 Ipsa
2253 2210 2452 2259 catena
2486 2204 2710 2274 pedem,
2753 2205 3037 2260 Benedicti
3074 2206 3142 2259 ad
3168 2207 3317 2274 jussa
3353 2208 3661 2273 resolvens,

356 2290 569 2346 Evomit
606 2287 896 2344 horrificas
926 2288 1137 2344 devexa
1172 2303 1271 2358 per
1301 2286 1450 2341 invia
1474 2286 1745 2354 ﬂammas,
2092 2291 2252 2362 Szepc
2285 2292 2557 2347 fatiscenti
2591 2293 2783 2348 tribuit
2812 2310 2935 2365 quae
2970 2295 3167 2350 robora
3191 2296 3321 2349 recti

356 2382 500 2438 Dans
519 2398 644 2438 sese
675 2382 727 2437 in
758 2398 1005 2453 praeceps
1025 2380 1232 2453 sparsis
1261 2395 1489 2436 nemora
1522 2379 1744 2454 ignibus
1770 2395 1939 2435 urens
1972 2398 1984 2434 :
2091 2380 2469 2454 Funicoloque
2492 2383 2648 2438 dedit
2666 2382 2796 2438 ferri
2830 2384 3059 2439 traxisse
3088 2384 3351 2459 vigorem.

1834 2506 2043 2563 CAPUT
2088 2507 2247 2564 XVII.

1446 2610 1523 2668 De
1551 2608 1845 2668 monacho
1875 2607 2119 2667 nomine
2153 2608 2647 2684 Quadragesimo.

357 2746 487 2813 Quis
512 2745 702 2817 quanti
733 2744 915 2799 meriti
938 2743 1026 2799 cui
1059 2742 1524 2816 Quadragesimus
1548 2742 1751 2813 hospes
2089 2743 2319 2800 Pulvere
2347 2743 2563 2800 vivifico
2591 2760 2825 2821 surgens
2854 2745 3051 2817 probat
3081 2762 3175 2803 ora
3206 2746 3430 2803 fricatus

360 2839 604 2895 Extiterit
642 2836 969 2902 monachus,
992 2834 1211 2910 fugiens
1238 2832 1589 2889 venerandus
1611 2832 1872 2900 honores,
2085 2835 2180 2890 Vix
2205 2836 2355 2892 letho
2387 2837 2648 2908 precibus
2678 2845 2865 2908 raptus
2895 2837 3117 2911 lucique
3139 2839 3418 2894 reductus.

1801 2964 2009 3020 CAPUT
2057 2965 2242 3021 XVIII.

1499 3066 1579 3126 De
1607 3065 1918 3126 Benedicto
1946 3069 2239 3127 monacho
2271 3077 2324 3127 et
2355 3068 2545 3129 Mena.

353 3191 664 3261 Campanus
693 3202 914 3260 quoque
946 3201 1111 3258 quam
1141 3184 1306 3240 nituit
1326 3183 1655 3238 Benedictus
1676 3183 1745 3238 ab
1780 3184 1906 3257 igne
2080 3183 2332 3239 Defensa;
2355 3184 2687 3256 profitentur
2713 3202 2866 3249 apes,
2905 3202 3226 3258 pressazque
3254 3187 3484 3258 rapinae,

350 3280 605 3336 Criminis
630 3277 912 3344 immunis,
954 3275 1139 3331 hostili
1168 3273 1430 3345 panditur
1458 3272 1589 3347 igne
2077 3276 2287 3346 Spretis
2304 3277 2582 3347 supplicio
2613 3277 2800 3332 verbis
2832 3279 3059 3335 invasor
3087 3278 3336 3344 adactus,

351 3374 554 3430 tlzetcra
576 3378 856 3427 vastantes
886 3371 1107 3425 ﬂamma
1146 3375 1442 3439 superante
1473 3384 1706 3439 vapores
1739 3385 1754 3433 ;
1999 3384 2048 3451 Ο
2074 3367 2355 3423 Mansueto
2384 3368 2499 3424 fera
2525 3385 2699 3441 prona
2720 3387 2936 3436 manus,
2970 3378 3087 3426 trux
3104 3370 3360 3426 subditus
3390 3354 3600 3429 hostis.

348 3464 615 3519 Indicium
647 3461 865 3518 accedit
894 3461 1081 3532 potius
1111 3458 1354 3514 fervante
1387 3457 1574 3513 furore
2076 3456 2318 3527 Subjccti
2352 3455 2541 3513 ferulae
2572 3456 2923 3515 fremebundi
2955 3459 3203 3515 caedibus
3233 3461 3346 3514 ursi

347 3558 567 3612 Invictze
608 3554 902 3626 probitatis
933 3568 1073 3624 opus
1089 3551 1309 3607 fornace
1342 3551 1633 3621 probante,
2077 3549 2307 3605 Caesoris
2340 3549 2563 3605 lenibus
2602 3550 2882 3627 fugientes
2908 3554 3073 3608 mella
3104 3552 3359 3627 ﬂagellis.

344 3648 574 3718 Quoque
604 3645 778 3717 magis
802 3644 1002 3714 petitur
1023 3640 1285 3697 furiarum
1318 3639 1547 3695 ardente
1577 3640 1781 3708 calore,
2079 3642 2311 3725 Incestis
2341 3643 2593 3714 trepidus
2624 3644 2859 3701 latitanti
2894 3662 3126 3701 munere
3155 3646 3322 3700 credis

350 3736 460 3791 Hoc
475 3735 653 3808 magis
678 3730 950 3806 effulgens
978 3729 1098 3785 auri
1138 3728 1458 3799 resplendet
1485 3728 1718 3792 honore.
2077 3735 2396 3806 Deprensus
2422 3737 2648 3792 sceleris
2665 3754 2915 3794 censurae
2944 3740 3066 3795 luce
3096 3746 3377 3810 stuprator

347 3828 464 3882 Non
491 3827 732 3882 audente
763 3840 898 3896 rogo
926 3822 1011 3878 vel
1042 3837 1256 3877 summa
1287 3821 1500 3876 fervere
1534 3830 1707 3876 veste.
2078 3823 2299 3896 Hocque
2330 3826 2626 3901 redarguto
2651 3827 2852 3883 servati
2880 3828 3111 3883 crimine
3145 3828 3349 3899 plures.

347 3921 517 3985 Quam
547 3917 719 3976 coluit
746 3925 940 3972 sancte
971 3913 1240 3970 Samnitia
1278 3914 1523 3969 culmina
1550 3912 1757 3980 Menas,

1828 4020 2036 4078 CAPUT
2083 4021 2215 4076 XIX.

888 4123 967 4182 De
1003 4140 1127 4199 qua
1152 4122 1417 4197 lraginta
1446 4124 1693 4181 rusticis
1723 4129 1775 4181 et
1804 4121 1890 4181 eis
1918 4123 2027 4199 qui
2056 4132 2235 4200 caput
2274 4142 2466 4202 caprae
2498 4126 2824 4187 noluerunt
2854 4126 3129 4187 adorare.

338 4257 677 4314 Ausonidum
708 4269 820 4328 quo
849 4252 1200 4310 constiterint
1231 4252 1321 4323 pia
1343 4252 1509 4307 corda
1532 4252 1771 4307 virorum
2061 4252 2163 4305 Aut
2193 4251 2346 4307 necis
2363 4252 2636 4323 asperitas
2662 4252 3113 4309 valuitdivellere
3145 4253 3377 4310 Christo.

338 4353 551 4409 Robore
589 4350 841 4406 ruricolae
872 4354 1144 4404 testantur
1181 4347 1393 4403 viscere
1422 4354 1630 4418 tempto
2064 4346 2159 4403 llic
2187 4363 2410 4420 quoque
2441 4348 2535 4419 qui
2575 4364 2729 4403 caesae
2762 4348 3009 4404 ridentes
3036 4365 3189 4404 sacra
3221 4349 3449 4419 capella:

338 4445 544 4512 Fortes,
585 4443 858 4517 sacrilego
878 4457 1020 4514 quos
1046 4439 1412 4515 quadraginta
1441 4440 1747 4511 prehensos
1976 4508 2023 4517 _
2066 4436 2204 4491 Dum
2234 4437 2435 4508 capitis
2461 4436 2689 4493 horrent
2712 4452 2871 4493 orare
2894 4437 3089 4493 insana
3119 4438 3331 4509 caprini

337 4536 574 4591 Barbara
599 4552 701 4590 nec
738 4550 939 4589 manus
978 4547 1114 4588 ense
1144 4533 1331 4587 minax
1366 4547 1471 4587 nec
1509 4530 1727 4587 funeris
1765 4508 2034 4588 horrorD
2061 4528 2426 4599 Splendorem
2458 4527 2612 4602 regni
2633 4527 2879 4599 capitum
2909 4528 3166 4584 mercede
3188 4534 3472 4599 pararunt.

1816 4656 2028 4713 CAPUT
2076 4655 2184 4710 XX.

1482 4761 1562 4820 De
1589 4765 1816 4822 sanctis
1845 4762 2128 4821 Amantio
2159 4768 2212 4818 et
2244 4757 2509 4818 Florida.

328 4894 498 4959 Quam
529 4890 723 4945 validae
752 4890 939 4945 senior
980 4888 1191 4945 virtutis
1228 4885 1513 4942 Amantius
1541 4893 1666 4943 actu
2056 4887 2329 4955 Floridus,
2358 4891 2578 4941 enarrat
2607 4884 2834 4956 dapium
2864 4884 3222 4939 decoramine
3254 4892 3444 4955 pastus

323 4983 683 5055 Simplicitate
715 4982 897 5036 nitens
928 4978 1199 5035 effulserit
1226 4994 1373 5053 aegra
1401 4978 1639 5033 levando
2054 4982 2339 5055 Multiplici
2361 4982 2562 5055 praesul
2593 4980 2786 5037 crebro
2815 4986 2872 5035 et
2902 4979 3241 5034 saturamine
3282 4980 3505 5050 plenus,

322 5075 490 5129 'I‘actu
519 5071 767 5127 membra
787 5088 987 5127 manus
1012 5077 1067 5127 et
1095 5069 1401 5142 apostolico
1430 5069 1574 5124 altus
1603 5068 1839 5135 honore,
2052 5073 2459 5148 Gregoriusque
2484 5079 2660 5139 pater,
2688 5069 2917 5142 verique
2941 5067 3135 5124 nitoris
3151 5075 3363 5123 amator

323 5168 516 5233 Quam,
549 5163 731 5219 crucis
758 5162 826 5217 ad
853 5161 1095 5234 signum,
1119 5160 1304 5217 virosa
1332 5160 1657 5234 extinguere
1687 5159 1843 5217 fortis
2050 5161 2311 5232 Apposito
2343 5161 2538 5232 prohat
2567 5160 2764 5216 insano
2788 5157 3051 5230 salvoque
3085 5164 3330 5228 recepto.

1805 5299 2018 5356 CAPUT
2058 5300 2192 5355 XXI.

1787 5412 1867 5470 De
1909 5412 2219 5472 Sanctulo.

317 5534 432 5594 Qua
461 5530 739 5602 probitate
755 5533 951 5608 vigens
977 5535 1199 5605 pietatis
1225 5537 1438 5592 lumine
1466 5537 1646 5593 clarus
2047 5538 2172 5607 Ipse
2201 5537 2288 5593 vel
2325 5544 2551 5593 exactus
2574 5537 2716 5593 votis
2754 5543 2999 5593 extrema
3027 5534 3248 5591 fatetur.

316 5621 613 5677 Sanctnlus
651 5620 849 5676 enituit
878 5636 1061 5682 narrat
1086 5627 1285 5683 vicinis
1319 5628 1475 5682 testis
2048 5627 2281 5699 Namqui
2314 5635 2511 5698 petens
2538 5625 2646 5683 olei
2667 5626 2840 5698 praalo
2871 5632 3141 5682 renuente
3168 5624 3444 5697 liquorem

385 5738 568 5809 (205')
611 5735 787 5789 Verba
817 5750 1071 5813 corrupta
