3902 6402
204 436 308 491 819
817 440 901 495 DE
938 440 1196 496 CHRISTI
1234 442 1593 499 TRIUllPHIS
1632 444 1803 500 APUD
1846 446 2110 501 ITALIAM
2151 448 2327 503 LIBRI
2367 448 2496 502 XIV.
2541 479 2598 488 ——
2649 449 2752 505 LIB
2815 453 2953 510 XIII.
3458 458 3565 516 850

206 561 381 629 Atque
410 559 770 630 importunus
800 562 991 618 Bardis
1021 564 1376 639 cingentibus
1396 565 1610 621 instans
1868 575 1920 640 Α
1944 570 2067 641 Ipse
2088 569 2378 624 occidendi
2401 577 2660 641 preperat
2691 571 2808 625 vice
2840 572 3066 628 tendere
3094 573 3256 640 colla,

208 654 365 718 Quod
400 661 556 726 rogat
585 654 855 727 impertit,
875 657 1093 713 confert
1119 659 1267 730 quod
1296 675 1543 731 quaerere
1570 660 1742 729 visus,
1943 658 2348 730 Subjectusque
2386 659 2509 713 ensi
2544 656 2789 713 ferientis
2809 661 3057 717 continet
3084 664 3291 731 ulnam,

205 741 421 811 Mitigat
449 742 703 799 infensos
733 744 1007 815 placidus,
1041 745 1311 819 laetusque
1352 746 1597 803 furentes
1942 748 2259 819 Elatamque
2287 748 2479 822 gelans
2512 748 2725 803 emollit
2745 750 2910 805 corda
2942 750 3247 820 furentum,

206 834 485 890 Exhilarat
512 834 911 910 lymphamque
936 854 1128 892 serens
1155 838 1292 913 legit
1321 841 1568 914 unguina
1597 841 1761 907 laeta;
1937 841 2112 911 Atque
2142 856 2288 914 genu
2319 839 2459 894 ﬂexo
2488 840 2734 896 dirorum
2778 851 3003 911 pectora
3039 841 3229 912 ﬂectit,

207 921 479 995 Pluraque
518 923 617 995 qui
648 925 842 995 paucis
873 941 973 997 per
991 942 1050 981 se
1082 925 1213 981 olim
1234 926 1407 981 millia
1448 928 1597 999 pavit
1937 927 2175 983 Mitiﬂcal
2201 929 2422 995 crudos,
2453 938 2668 983 atroces
2708 929 2966 1003 subjugat
2997 932 3183 987 hostes

205 1011 405 1067 Multos
435 1028 579 1084 pane
608 1014 801 1067 cibans
833 1030 932 1085 per
951 1030 1170 1068 servum
1199 1023 1411 1070 recreat
1435 1030 1544 1070 uno
1931 1021 2343 1092 Absolvensque
2373 1037 2547 1087 reum,
2577 1028 2845 1076 temerare
2877 1023 3007 1077 hinc
3037 1031 3229 1080 sancta
3250 1033 3557 1097 vacantem,

202 1106 400 1161 Divina
425 1107 672 1161 bonitate
698 1107 828 1163 dato
855 1107 1128 1180 fessisque
1151 1117 1367 1179 reperto
1931 1109 2137 1164 Dimitti
2168 1109 2328 1177 jubet
2356 1109 2643 1171 innocuos,
2679 1109 2771 1164 dat
2798 1109 2953 1165 abire
2983 1111 3195 1167 solutos
3226 1131 3240 1179 ;

200 1198 466 1253 Aidicolis
496 1198 605 1253 usti
641 1199 796 1255 testis
827 1200 1214 1271 reparantibus
1240 1201 1443 1266 aulam,
1931 1202 2178 1273 Dumque
2201 1202 2323 1256 neci
2360 1201 2525 1256 unius
2552 1218 2612 1257 se
2646 1219 2745 1273 pro
2778 1203 3084 1259 cervicibus
3105 1204 3263 1261 oﬂ'ert

197 1287 421 1358 Quique
442 1287 531 1342 die
562 1288 753 1359 paucis
785 1294 974 1358 posset
1006 1288 1138 1343 satis
1165 1304 1285 1343 esse
1316 1290 1400 1342 vel
1431 1304 1541 1343 una
1935 1292 2155 1347 Jactura
2183 1293 2389 1347 multos
2410 1292 2551 1347 liber
2568 1294 2719 1349 necis
2748 1294 2864 1365 ipse
2895 1296 3138 1351 resolvit.

198 1380 261 1434 In
292 1379 381 1433 bis
403 1379 650 1452 quinque
670 1395 801 1434 esus
824 1380 1136 1436 numerosis
1157 1379 1360 1435 sufficit
1382 1396 1549 1446 unus,
1940 1385 2049 1439 Hoc
2089 1384 2292 1439 lethale
2324 1384 2525 1439 malum
2559 1385 2737 1457 rapidi
2771 1386 2827 1441 in
2854 1402 3009 1443 sacra
3037 1403 3166 1443 vasa
3188 1388 3390 1445 furoris

193 1471 538 1525 Accrescens
561 1469 772 1525 mensis
801 1469 1081 1525 cumulato
1113 1469 1385 1544 fragmine
1418 1468 1595 1541 panis.
1938 1473 2236 1545 Sanguinis
2262 1476 2401 1528 hanc
2417 1473 2549 1542 justi
2583 1473 2795 1530 foveam
2822 1491 3133 1548 saevamque
3163 1477 3484 1548 charybdim

197 1562 330 1628 Iste,
358 1562 453 1617 Dei
476 1569 746 1633 praestans
774 1562 926 1617 celso
949 1561 1207 1617 sublimis
1234 1577 1442 1627 amore,
1942 1565 2143 1636 Martyr
2165 1564 2414 1619 Pontiﬁci
2440 1565 2545 1621 fert
2576 1565 2854 1637 Eutychus
2881 1576 3008 1622 ante
3040 1568 3345 1639 Redempto

194 1652 321 1707 Non
351 1651 861 1723 dubitatpropriam
883 1650 1037 1705 fratri
1067 1652 1387 1722 dependere
1422 1652 1593 1706 vitam
1938 1654 2295 1725 Addiscitque
2338 1653 2659 1709 Ferentinas
2684 1655 2756 1710 ita
2781 1653 2891 1710 fine
2920 1656 3237 1728 prepinquo

200 1742 647 1815 Subjectumque
683 1741 827 1815 fugae
856 1740 1115 1817 suffragia
1145 1759 1368 1798 sumere
1399 1758 1627 1814 cogens,
1940 1743 2241 1796 Humanam
2274 1742 2400 1797 ferri
2431 1751 2676 1799 sacrator
2699 1744 2768 1798 ad
2796 1744 2991 1800 ultima
3028 1761 3270 1810 carnem,

1794 1880 2001 1935 CAPI‘T
2039 1881 2197 1936 XXII.

941 1984 1019 2042 De
1045 1986 1272 2044 sanctis
1300 1984 1570 2062 Specioso
1601 1994 1653 2044 et
1684 1984 1964 2061 Gregorio
1998 1986 2293 2064 fratribus
2322 1996 2645 2065 sanctoque
2676 1984 2810 2066 Spe.

190 2116 367 2182 Quam
398 2120 590 2170 sancte
630 2121 797 2185 atque
827 2114 914 2184 pie
948 2113 1231 2169 Benedicti
1264 2115 1523 2189 dogmate
1552 2114 1722 2185 patris
1856 2118 1903 2187 Β
1931 2112 2254 2168 Notifieatur
2282 2114 2429 2178 huic,
2455 2113 2687 2169 Domino
2719 2121 3025 2189 retegente,
3058 2116 3265 2172 laboris

191 2204 428 2259 Lustrati
463 2204 656 2263 fratres
673 2202 972 2273 Speciosus
1002 2211 1303 2274 menteque
1335 2219 1511 2258 nexus
1927 2204 2240 2269 Terminus,
2271 2209 2327 2257 et
2355 2203 2605 2258 claustris
2634 2204 2944 2271 mandatur,
2978 2205 3189 2262 lumine
3219 2216 3441 2279 sumpto

189 2296 491 2370 Gregorius
517 2311 681 2369 gazas
719 2294 841 2350 coali
866 2297 920 2349 in
952 2303 1167 2350 secreta
1197 2295 1373 2351 tulere
1926 2293 2202 2364 Corporis,
2236 2292 2461 2365 attiguis
2492 2292 2676 2346 lumen
2707 2309 3030 2367 respergere
3059 2297 3260 2363 cordis,

195 2388 350 2442 Illius
378 2387 681 2463 ingressus,
715 2387 879 2457 hujus
905 2386 1217 2457 speculatio
1244 2395 1530 2442 monstrat.
1923 2385 2199 2457 Obsequio
2231 2385 2451 2455 expleto
2481 2400 2739 2441 remeans
2768 2386 3005 2441 statione
3038 2388 3239 2453 revisa,

194 2479 264 2534 Ut
290 2479 508 2550 patiens
546 2478 742 2535 Christi
781 2477 884 2534 sub
924 2480 1157 2534 verbere
1181 2479 1515 2552 longanimis
1540 2478 1681 2550 Spes
1921 2478 2086 2531 Sacra
2108 2476 2245 2547 petit
2270 2475 2594 2546 mediusque
2616 2474 2807 2530 accitis
2833 2476 3093 2531 fratribus
3121 2485 3326 2544 astans,

190 2571 539 2637 Constiterit,
570 2587 749 2627 caecus
780 2570 917 2629 facie
947 2571 1043 2627 sed
1073 2572 1242 2627 corde
1278 2572 1563 2637 renidens,
1922 2566 2142 2621 Cantica
2168 2565 2295 2619 diva
2324 2571 2483 2618 sonat
2511 2572 2816 2637 cantusque
2836 2566 3062 2620 exordia
3099 2583 3370 2642 pangens.

189 2664 474 2720 Εχιθτίοτθ
505 2680 703 2719 οδε-ρης
732 2663 877 2719 haud
899 2663 1160 2719 interiore
1194 2663 1385 2727 nitela,
1925 2655 2172 2708 Intentus
2201 2653 2462 2724 precibus
2490 2670 2613 2707 cum
2646 2654 2790 2710 votis
2819 2655 3003 2710 sidera
3031 2658 3269 2724 scandit,

188 2758 461 2814 Redditus
491 2758 766 2829 expromit
795 2766 920 2829 post
941 2758 1107 2831 longa
1121 2754 1406 2812 volumina
1438 2755 1611 2810 visus.
1922 2747 2099 2818 Atque
2130 2745 2449 2801 columbino
2479 2748 2627 2801 visus
2658 2757 2851 2818 petere
2881 2756 3026 2804 astra
3055 2750 3240 2806 volatu

187 2850 473 2903 Annorum
506 2846 669 2904 denis
699 2847 919 2904 tandem
951 2852 1149 2919 quater
1179 2844 1410 2901 orbibus
1442 2844 1581 2898 actis
1927 2841 2180 2896 Proditur
2209 2841 2312 2897 hac
2341 2850 2487 2896 meta
2514 2858 2680 2913 quam
2707 2843 2939 2914 simplex
2966 2851 3083 2900 acta
3111 2848 3381 2917 paltestra.

1661 2970 1871 3027 CAPUT
1909 2971 2093 3027 XXIII.

674 3083 751 3142 De
779 3084 1041 3160 quodam
1068 3083 1406 3163 presbytero
1437 3080 1672 3142 Nursiae
1700 3090 1753 3140 et
1784 3080 1973 3140 Probo
2003 3077 2269 3156 episcopo
2300 3086 2480 3156 atque
2508 3077 2810 3155 Stephano
2840 3080 3062 3139 abbate.

188 3224 453 3280 Nursicus
482 3224 572 3279 ille
601 3240 771 3280 senex
800 3224 1005 3279 sociam
1032 3223 1127 3296 qui
1153 3222 1349 3278 limine
1382 3222 1537 3294 pellit
1923 3218 2072 3274 Hanc
2101 3233 2263 3274 secus
2284 3215 2520 3272 internis
2542 3216 2775 3271 rutilans
2812 3216 3108 3273 virtutibus
3139 3221 3328 3276 urbem

186 3314 362 3369 Morte
391 3329 615 3385 quoque
646 3313 937 3369 adstrictus
968 3314 1181 3384 paleam
1195 3313 1483 3388 velutigne
1515 3330 1818 3385 pavescens
1919 3312 2283 3382 Contemptor
2314 3310 2629 3380 Stephanus
2659 3308 2851 3365 mundi
2873 3328 3044 3383 quam
3086 3314 3284 3371 robore
3314 3314 3471 3374 firmo

182 3408 427 3464 Accendi
457 3406 721 3462 membris
740 3406 998 3478 prohibet
1024 3408 1281 3479 pr0piare
1311 3406 1528 3471 solutis,
1920 3402 2204 3458 Excellens
2233 3402 2403 3456 animi
2439 3403 2696 3473 patientis
2716 3402 2909 3459 cadica
2942 3404 3082 3460 rexit

183 3498 357 3561 Quam
399 3497 752 3567 bene,quam
782 3503 933 3551 caste
966 3495 1276 3565 injunctum
1304 3496 1539 3551 servavit
1560 3496 1706 3552 ovile
1836 3522 1883 3588 Ο
1916 3492 2101 3548 Castra
2141 3492 2335 3548 cluens
2360 3491 2487 3547 finis
2513 3492 2645 3548 clari
2666 3494 2943 3565 depromit
2966 3496 3180 3570 agonis.

180 3591 467 3645 Adventus
498 3588 644 3644 Petri
674 3587 937 3660 Paulique
963 3595 1017 3644 et
1045 3589 1221 3663 gratia
1250 3590 1451 3644 clamat
1848 3584 1873 3588 ’ί
1913 3584 2162 3640 Cernitur
2191 3592 2244 3640 et
2272 3586 2445 3660 gestis
2486 3585 2761 3657 dictisque
2791 3594 2846 3641 et
2875 3604 3064 3643 amore
3097 3596 3393 3646 nocentum

183 3682 398 3738 Laetitia
428 3682 664 3753 repetita
688 3681 839 3737 senis
865 3698 1125 3752 suprema
1155 3681 1425 3737 trahentis
1908 3675 2101 3731 Messis
2129 3686 2189 3732 ut
2221 3677 2459 3732 incensae
2489 3676 2784 3748 tranquilla
2813 3686 2999 3734 mente
3022 3679 3271 3735 levamen

182 3771 453 3837 Flamina,
482 3770 855 3841 decessusque
888 3770 1043 3844 nigra
1074 3769 1369 3825 formidine
1397 3770 1554 3825 liber.
1907 3771 2178 3826 Amittens
2207 3770 2358 3825 dolet
2388 3769 2628 3838 authori,
2657 3786 2758 3825 sua
2785 3770 2989 3827 damna
3031 3772 3276 3829 refutans

176 3861 286 3914 Sed
316 3875 500 3930 neque
526 3856 806 3928 pontificis
836 3857 1086 3913 ﬂorentis
1125 3858 1368 3913 culmine
1396 3859 1521 3913 vita:
1909 3865 2310 3940 Flagitiumque
2331 3880 2562 3938 gemens
2589 3864 2747 3933 cujus
2776 3864 3066 3921 decoratur
3086 3867 3318 3936 honore,

180 3950 324 4004 Urbe
356 3949 589 4003 Reatina
618 3947 806 4015 Probi,
833 3947 933 4003 etsi
964 3948 1212 4019 pondere
1246 3965 1517 4018 pressum,
1911 3952 2095 4008 Exitus
2124 3952 2375 4027 angelico
2406 3968 2530 4024 quae
2559 3968 2670 4008 non
2703 3954 2997 4024 przesentia
3026 3955 3174 4010 visus

174 4040 487 4113 Languoris
516 4054 720 4110 supero
760 4037 1052 4094 frustratur
1080 4040 1287 4095 lumine
1309 4039 1491 4103 funus,
1912 4041 2154 4097 Mortalis
2184 4040 2427 4112 perferre
2468 4041 2633 4109 valet,
2665 4056 2772 4097 nec
2800 4042 2994 4098 coelica
3007 4042 3219 4111 suffert,

183 4131 321 4185 Dum
351 4129 640 4187 Iuvenalis
668 4129 1080 4202 Eleutheriique
1108 4130 1287 4186 nitore
1316 4130 1642 4186 tremiscens
1912 4130 2047 4183 Dum
2077 4138 2231 4200 pater
2257 4128 2521 4184 emeritus
2550 4131 2953 4202 comprendere
2984 4132 3201 4188 scandit
3233 4134 3371 4205 (2206)

178 4224 297 4279 Non
330 4222 480 4278 valet
509 4238 754 4278 assessor
780 4223 1055 4278 visentum
1087 4222 1228 4278 ferre
1260 4225 1516 4279 decorem
1550 4244 1566 4289 ;
1913 4224 2142 4280 Praemia
2170 4232 2455 4297 perpetuae
2480 4226 2744 4282 ccelorum
2774 4227 2827 4283 in
2857 4243 3029 4303 regna
3055 4242 3295 4285 coronae.

182 4313 351 4378 Queis
380 4313 677 4369 comitatus
706 4312 821 4368 adit
848 4313 1100 4388 gaudens
1129 4312 1377 4369 caelestia
1406 4316 1625 4385 praesul.

1642 4445 1857 4500 CAPUT
1897 4445 2075 4501 XXIV.

451 4549 528 4608 De
556 4549 783 4609 duobus
812 4553 1126 4610 monachis
1168 4549 1537 4610 Valentionis
1574 4547 1805 4609 abbatis
1832 4558 1885 4609 et
1912 4558 2118 4609 sancto
2146 4550 2436 4610 Suranno
2460 4560 2642 4628 atque
2670 4552 2923 4612 diacono
2953 4554 3236 4630 quodam.

176 4686 488 4741 Barbaricte
522 4684 739 4741 feritate
771 4702 970 4742 manus
990 4688 1060 4743 de
1092 4687 1293 4744 robore
1325 4689 1481 4759 pensi
1822 4697 1883 4766 D
1907 4687 2247 4758 Pectoraque
2289 4687 2575 4757 excipiens
2602 4688 2840 4746 tremulo
2871 4690 3181 4747 vibramine
3209 4702 3391 4749 motus

174 4779 325 4842 Quos
352 4777 498 4831 alma
525 4776 805 4833 imbuerat
834 4779 1110 4850 probitate
1138 4779 1387 4835 Valentio
1421 4780 1635 4843 fratres,
1912 4780 2023 4837 Hoc
2050 4781 2295 4853 loquitur
2324 4781 2551 4837 sceleris
2577 4783 2813 4839 horrens
2843 4785 3166 4841 discrimina
3196 4787 3327 4842 saevi

173 4870 310 4924 Dum
346 4868 524 4924 functi
557 4869 770 4925 alterno
801 4871 1096 4927 reboantes
1124 4872 1368 4927 carmina
1401 4872 1661 4943 psallunt.
1910 4874 1984 4927 Ac
2008 4871 2235 4928 sufferre
2267 4880 2511 4928 tremens
2541 4874 2764 4945 pietatis
2786 4878 3037 4947 pondera
3066 4886 3246 4934 tantas.

171 4958 440 5015 Attonitis
459 4958 608 5013 clara
636 4957 800 5014 laniis
825 4975 1046 5032 quoque
1077 4975 1213 5015 voce
1245 4960 1485 5016 fatentur
1909 4962 2031 5033 Ipse
2061 4978 2284 5035 quoque
2312 4964 2367 5018 id
2398 4980 2571 5021 caesor
2592 4965 2751 5021 Marsi
2784 4967 2885 5022 sub
2925 4984 3079 5024 sacra
3110 4969 3344 5024 ministri

171 5050 347 5115 Quam
367 5063 498 5103 vere
529 5047 746 5103 Domini
766 5049 955 5105 vivant
979 5058 1105 5120 post
1135 5050 1329 5106 funera
1360 5052 1524 5119 servi,
1908 5056 2113 5114 Eventu
2145 5060 2369 5132 pandit:
2398 5061 2595 5118 merito
2627 5078 2866 5135 caroque
2893 5064 3095 5120 cliente

172 5138 330 5194 Mons
361 5136 529 5192 etiam
555 5136 779 5193 absecto
817 5138 1012 5195 Surani
1030 5140 1234 5196 vertice
1268 5150 1459 5196 tonsus
1903 5145 2180 5216 Abscisso,
2204 5148 2420 5205 Domini
2460 5149 2673 5205 crudeli
2700 5151 2974 5207 addicitur
2999 5152 3167 5209 hosti.

1644 5277 1855 5335 CAPUT
1889 5279 2039 5335 XXV.

1199 5377 1275 5436 De
1302 5381 1532 5439 sanctis
1565 5380 1808 5457 .llcitito,
1845 5382 2223 5461 Theopham'o
2260 5394 2313 5446 et
2340 5387 2535 5448 Petro.

169 5516 344 5580 Quam
376 5514 616 5585 simplex
654 5532 939 5589 purusque
967 5518 1076 5589 piis
1098 5519 1336 5576 Mellitus
1369 5522 1423 5576 iu
1453 5525 1590 5580 actis
1904 5528 2169 5585 Humanis
2194 5538 2468 5587 memorat
2479 5531 2705 5601 jamiam
2736 5549 2796 5588 se
2826 5533 3025 5591 cedere
3054 5535 3239 5592 laetum

167 5609 732 5706 Splenduerit,.visus
757 5618 924 5684 atque
949 5629 1117 5669 aurea
1146 5625 1449 5685 grammata
1477 5618 1729 5693 signant;
1905 5621 2136 5693 Moxque
2168 5631 2457 5681 secuturos
2479 5628 2795 5683 venerando
2822 5627 3030 5686 famine
3062 5631 3275 5707 pangit.

172 5697 343 5762 Queis
370 5695 698 5767 insignitum
730 5714 841 5771 quo
880 5716 941 5755 se
962 5701 1232 5759 solamine
1253 5703 1449 5762 fretum
1908 5711 2112 5785 Sicque
2133 5715 2160 5770 'I
2176 5714 2525 5787 heOphanius
2552 5695 3328 5780 Centumcellensishabvenas

241 5823 393 5892 (206)
416 5824 699 5883 Claudicat
725 5843 937 5885 versus.
