3902 6400
355 376 455 433 851
1120 373 1487 430 FLODOARDI
1531 374 1841 430 CANONICI
1885 375 2211 430 REMENSIS
2251 376 2587 432 OPUSCULA
2627 378 2936 435 METRICA.
3598 390 3704 443 852

355 503 591 560 Strenus
615 511 674 560 ut
701 502 859 570 rexit,
892 503 1138 558 clemens
1175 509 1231 557 et
1262 501 1498 556 idoneus
1515 501 1686 568 urbis,
2003 507 2052 573 Α
2079 501 2332 557 Perditus
2358 503 2613 568 intereat,
2647 504 2732 558 cui
2757 503 3011 560 flammea
3043 507 3159 561 visa
3178 508 3434 582 gehenna

357 595 489 651 Fine
507 600 676 667 patet,
706 593 835 647 dum
867 592 1116 648 discussa
1145 592 1236 663 pia
1278 591 1386 646 fata
1409 599 1659 646 secutum
2086 593 2331 665 lgneque
2363 593 2718 668 mergendus,
2752 596 2876 650 coeli
2910 605 3200 653 revocante
3230 601 3450 666 colono,

356 685 699 757 Tempestate
729 685 905 756 liquet
943 684 1224 754 praemissa
1254 683 1376 738 luce
1395 699 1690 752 serenum;
2085 683 2416 756 Regreditur
2444 685 2802 756 monitusque
2827 687 3016 756 probis
3055 703 3114 742 se
3145 688 3218 742 ita
3250 692 3547 761 supprimit
3571 695 3708 749 actis

360 777 729 833 Membrorum
763 776 1016 831 columen
1049 777 1242 831 morbo
1274 776 1542 848 sanieque
1574 776 1836 832 fluentem
2084 774 2299 828 Tartara
2329 774 2688 844 conspexisse
2720 775 2904 830 nitens
2932 784 2993 831 ut
3018 777 3127 832 vita
3155 778 3408 850 loquatur
3437 799 3452 847 ;

357 869 730 939 Tabentisque
770 867 966 939 probat
997 867 1256 923 redoleas
1281 867 1566 940 flagrantia
1595 859 1796 923 carnis.
2086 865 2201 928 Quo
2234 865 2441 930 tendat,
2477 881 2640 936 Quam
2682 874 2831 920 certa
2858 874 3027 938 petat,
3061 885 3225 940 quam
3255 880 3384 924 nota
3427 874 3713 929 tremiscat

367 960 558 1014 Petrus
584 965 760 1014 morte
787 956 936 1028 capit
963 957 1288 1025 monachus,
1314 973 1385 1012 ne
1415 963 1590 1013 morte
1629 957 1874 1012 secunda
2088 955 2294 1029 Lingua
2324 954 2487 1010 simul
2521 962 2728 1010 testans
2754 963 2808 1011 et
2829 957 3067 1012 candida
3098 957 3240 1014 facta
3271 960 3599 1031 probantur.

1809 1086 2017 1141 CAPUT
2064 1085 2244 1139 XXVI.

1007 1211 1086 1270 De
1111 1211 1338 1270 sanctis
1365 1209 1580 1270 Severo
1609 1217 1662 1269 et
1689 1207 1918 1286 Egistto
1947 1208 2291 1284 caeterisque
2332 1208 2629 1268 Ravennae
2668 1212 3060 1288 martyribus.

367 1351 564 1408 Christi
593 1351 911 1405 Ravennam
938 1347 1246 1403 dedicatam
1268 1345 1488 1420 legibus
2086 1343 2402 1414 Tentusque
2421 1344 2626 1414 equino
2649 1343 2959 1402 lancinatur
2988 1329 3243 1418 tormine,

367 1445 564 1517 Cephaz
594 1443 796 1498 cliente
820 1442 975 1513 jussa
993 1440 1160 1496 dante
1191 1440 1434 1494 diximus
2089 1434 2251 1488 Ducis
2279 1436 2554 1489 resultans
2585 1434 2727 1491 ferre
2758 1437 3125 1494 contubernia

368 1537 485 1601 Quo
516 1533 684 1607 digna
704 1531 828 1587 cmli
853 1530 997 1586 ferre
1024 1537 1197 1586 certat
1224 1530 1458 1602 pignora
2090 1523 2268 1578 Fovea
2296 1524 2529 1594 supinus
2559 1523 2688 1580 hinc
2729 1526 3003 1596 profunda
3035 1531 3299 1606 mergitur

369 1629 604 1683 Severus
642 1626 839 1680 horum
871 1629 1075 1698 martyr
1102 1631 1264 1694 atque
1297 1620 1567 1694 pontifex.
2091 1612 2360 1684 SaXiSque
2392 1630 2613 1685 Pressus
2639 1626 2780 1671 terra
2809 1626 3037 1688 οΡθΓῐυδ
3066 1621 3287 1678 abditur

370 1721 572 1776 Cruore
612 1719 806 1773 lustrat
826 1717 970 1771 hanc
988 1730 1290 1786 comesque
1323 1714 1559 1788 Egistius
2092 1707 2337 1778 Aulaquc
2370 1707 2510 1761 lucis
2533 1708 2782 1765 Ursicino
2803 1711 3078 1784 jungitur.

371 1815 555 1869 Victor
582 1811 795 1867 solutor
832 1826 897 1864 ac
925 1808 1248 1864 Valentinus
1271 1807 1457 1863 simul.
2097 1796 2303 1865 Coniux
2337 1797 2527 1851 relicta
2555 1799 2812 1869 martyris
2838 1799 3052 1856 Valeria

373 1905 468 1960 llic
497 1903 826 1969 Ursicinum,
857 1901 985 1955 dum
1021 1899 1271 1971 palestrae
1296 1899 1542 1970 pondere
2100 1891 2370 1967 Regressa
2401 1893 2708 1949 Mediolana
2730 1894 2858 1950 dum
2880 1897 3076 1952 solatia

369 1998 601 2068 Jamjam
621 1995 842 2048 labante
857 1990 1005 2046 bella
1035 1996 1158 2062 post
1193 1989 1460 2045 acerrima
2099 1985 2336 2055 Repetit,
2363 1984 2585 2040 litantes
2609 1986 2813 2043 rustico
2842 1988 3076 2044 incurrit
3096 1991 3207 2047 Deo

375 2089 574 2144 Palma:
601 2086 704 2140 sub
733 2085 928 2139 umbra
949 2083 1178 2138 horrore
1198 2081 1331 2135 lethi
1352 2079 1657 2150 pendulum
2027 2125 2073 2151 η
2101 2075 2322 2132 Silvano
2356 2085 2582 2151 agentes
2612 2078 2779 2134 stulta
2806 2080 3028 2135 stultius
3055 2097 3211 2137 sacra
3235 2101 3252 2150 ;

377 2125 392 2143 .
415 2125 574 2144 ωηηυ
602 2125 704 2140 σω,
736 2125 928 2139 ..........
951 2125 1178 2138 ...,...,.-
1354 2125 1657 2150 ,κων-η.
2102 2125 2318 2132 _--.__--
2357 2125 2581 2151 Ἕω---
2612 2125 2779 2134 --____
2806 2125 3028 2135 ,ηψπ
3056 2125 3166 2137 ων,

376 2176 584 2243 Vitalis,
616 2174 773 2230 almae
804 2173 977 2245 prolis
1005 2171 1183 2226 almus
1222 2171 1422 2236 editor,
2027 2125 2076 2193 Β
2100 2167 2344 2222 Demissa
2376 2168 2480 2224 fixo
2511 2170 2671 2241 queis
2691 2172 2892 2226 veredo
2925 2174 3167 2244 poscitur

378 2267 697 2325 Gervasium
726 2283 848 2321 cum
881 2265 1046 2320 fratre
1076 2264 1168 2336 qui
1202 2263 1396 2339 genuit
1424 2261 1553 2334 polo
2104 2262 2486 2334 Coinquinatis
2515 2263 2784 2318 accubare
2815 2263 3036 2320 ferculis
3063 2284 3078 2332 ;

379 2361 564 2416 Suasis
584 2361 760 2414 beatae
791 2358 1015 2414 roborat
1035 2355 1360 2412 constantia:
2107 2354 2323 2410 Refutat
2347 2355 2460 2421 illa,
2496 2355 2722 2410 infanda
2752 2356 2931 2411 vitans
2971 2359 3225 2428 prandia,

380 2452 652 2507 Medicum
684 2450 902 2504 medela
925 2448 1224 2504 recreando
1253 2453 1482 2518 perpete
2109 2449 2172 2503 Et
2201 2448 2565 2503 Christianam
2599 2465 2733 2504 voce
2754 2447 2896 2504 fatur
2926 2451 3148 2521 publica
3179 2471 3194 2517 ;

383 2544 552 2606 Quem
582 2540 724 2596 colla
745 2540 900 2613 regni
923 2538 1064 2594 ferre
1097 2537 1276 2592 ﬁrmat
1305 2551 1533 2591 munere
2112 2540 2370 2610 Correpta
2401 2555 2570 2610 quare
2603 2539 2754 2593 carde
2785 2541 2954 2594 multa
2989 2541 3261 2607 tunditur,

385 2632 600 2686 Honore
631 2629 798 2685 funus
824 2645 888 2684 ac
909 2629 1132 2683 decorat
1157 2625 1391 2690 extimo,
2114 2628 2455 2700 Spiransque
2487 2628 2760 2683 destinata
2781 2637 2937 2684 vecta
2969 2629 3036 2682 ad
3063 2630 3270 2684 mmnia

386 2723 402 2776 l
413 2739 508 2793 pse
530 2732 584 2777 et
613 2721 807 2776 salutis
829 2727 1020 2776 nactus
1059 2716 1543 2788 bauritpoculum,
2113 2719 2209 2773 Vix
2240 2718 2502 2774 semiviva
2540 2717 2766 2772 sedibus
2793 2718 3076 2773 reducitur

383 2811 513 2866 Jesu
546 2816 802 2881 patenter
825 2809 1082 2863 invocato
1101 2805 1349 2872 nomine,
2118 2814 2401 2884 Biduoque
2435 2819 2645 2867 restans
2676 2815 2830 2883 parta
2857 2811 3072 2867 scandit
3090 2812 3350 2868 culmina.

1835 2952 2041 3009 CAPUT
2084 2948 2286 3004 XXVII.

1305 3088 1384 3147 De
1410 3093 1616 3146 sancto
1656 3082 1950 3143 Germano
1976 3070 2490 3136 Antissiodorensi
2513 3069 2800 3148 episcopo.

387 3245 691 3300 Germanus
721 3242 840 3312 ipse
870 3237 1070 3312 praesul
1101 3236 1260 3292 urbis
1289 3235 1519 3309 gallicas,
2122 3219 2642 3293 Depromptaletho,
2677 3218 2904 3272 suscitat
2918 3216 3276 3285 juvenculum

389 3339 585 3392 Doctor
605 3311 814 3405 SOphiaa
845 3331 1131 3406 fulgurans
1159 3328 1488 3394 vibramine,
2118 3313 2397 3370 Volusiani
2430 3312 2635 3366 nobilis
2655 3311 3002 3375 clientulum,

389 3431 518 3485 Post
538 3428 712 3482 multa
741 3424 872 3480 clari
895 3423 1112 3478 roboris
1142 3419 1440 3495 magnalia,
2117 3407 2460 3477 Dominoque
2478 3422 2536 3458 SC
2570 3403 2799 3468 νίεοηῐθν
2833 3402 3094 3473 linquens
3122 3409 3320 3468 lcm’a.

388 3520 712 3589 Animaeque
742 3523 931 3586 raptos
950 3513 1038 3568 bis
1069 3491 1360 3568 Britannos
1391 3511 1586 3566 funere
2047 3560 2091 3589 ρ
2119 3496 2368 3566 Superna
2394 3494 2604 3549 scandii
2632 3493 2751 3546 luce
2786 3498 2995 3545 mactus
3025 3491 3267 3545 culmina
3295 3511 3310 3552 :

390 3613 506 3668 nuc
532 3560 684 3682 pag},
712 3560 868 3664 actas
894 3605 1215 3662 obtinenda;
1233 3604 1429 3679 gratia,
2046 3560 2093 3626 (ἶ
2118 3588 2283 3651 Queis
2313 3587 2460 3642 clara
2492 3584 2747 3656 splendet
2768 3584 2949 3638 celsus
2971 3581 3116 3638 inter
3143 3583 3325 3638 sidera

391 3674 662 3771 Exceptus
685 3699 810 3753 aula
837 3696 1078 3770 gloriose
1103 3674 1371 3770 fungitur,
2124 3680 2270 3734 Plebi
2317 3678 2465 3734 ﬁdeli
2500 3677 2760 3734 comitate
2783 3674 2955 3749 regia,

392 3791 623 3863 Hicque,
646 3790 792 3845 inter
811 3787 920 3844 alta
947 3785 1256 3843 sanctitatis
1281 3783 1493 3840 lumina

1827 3881 2035 3937 CAPUT
2076 3880 2306 3936 XXVIII.

1159 4010 1238 4070 De
1265 4011 1492 4070 sanctis
1527 4007 1867 4081 Theodosio,
1913 4009 2162 4078 Donato,
2192 4005 2577 4065 Secundiano
2604 4013 2655 4063 et
2699 4003 2969 4063 Romulo.

394 4151 485 4207 Sic
510 4151 601 4205 illa
632 4147 912 4221 quondam
939 4145 1230 4202 marmoris
1258 4143 1409 4200 rubri
1433 4143 1523 4199 via
2126 4144 2319 4197 Presso
2362 4147 2595 4211 tyranno
2614 4139 2750 4194 calle
2770 4135 3166 4200 inaestimabili,

395 4243 642 4300 Rectoris
668 4243 778 4297 alta
796 4244 1136 4312 praeparatur
1161 4237 1337 4312 gloria
2123 4234 2323 4287 Ductor
2345 4230 2528 4284 fidelis
2555 4231 2676 4284 larta
2705 4229 2807 4283 fert
2822 4229 3129 4283 celeumata

394 4339 566 4392 Ductu
597 4333 803 4388 viantis
835 4347 932 4403 per
956 4329 1208 4402 pavenda
1231 4327 1411 4383 cmlici
2120 4324 2321 4379 Palmm
2347 4323 2523 4378 datori
2553 4322 2719 4394 digna
2745 4321 2883 4375 dans
2915 4318 3192 4390 praeconia

396 4425 634 4480 Pastoris
662 4438 757 4478 ore
777 4419 1174 4476 ﬂuctuantibus
1203 4417 1337 4484 dati,
2039 4443 2089 4508 ι)
2122 4415 2448 4484 Mittensque
2481 4411 2618 4466 festa
2645 4409 2926 4465 saecularis
2959 4407 3172 4481 gloriae,

395 4516 594 4571 Arente
618 4513 748 4568 dum
775 4511 968 4566 tellure
989 4507 1286 4564 Theodosii
2041 4498 2080 4508 ”
2124 4507 2314 4560 Grates
2337 4503 2455 4576 jugi
2480 4502 2712 4557 ferendo
2737 4499 2981 4572 persistit
3010 4498 3121 4552 die.

398 4607 638 4663 Pedibus
667 4605 928 4677 paludem
952 4602 1156 4658 milites
1184 4599 1348 4656 siccis
1369 4603 1572 4662 terunt,
2125 4596 2363 4651 Donatus
2387 4593 2844 4648 etSecundianus
2879 4589 3144 4644 Romulus

399 4675 688 4771 Nunquam
721 4697 916 4752 datura
947 4711 1072 4766 quas
1097 4699 1289 4765 putata
1317 4696 1400 4746 est
1422 4689 1671 4745 semitam
2123 4684 2380 4756 Sociique
2408 4698 2586 4758 agone
2615 4681 2886 4736 luminant
2907 4675 3280 4734 concordiam.

1841 4811 2049 4866 CAPUT
2105 4810 2283 4864 XXIX.

1453 4919 1533 4978 De
1553 4919 1780 4978 sanctis
1824 4917 2193 4989 Hermagoro
2220 4923 2270 4973 et
2306 4915 2656 4972 Fortunato.

403 5061 564 5117 Marci
604 5060 878 5132 discipulo
904 5059 1113 5114 radiata
1147 5057 1402 5130 Aquileia
1423 5056 1668 5120 nitescit,
2130 5053 2387 5108 Eductam
2411 5049 2540 5105 fidei
2573 5049 2906 5121 p0pulorum
2948 5045 3135 5102 fomite
3168 5057 3428 5106 messem,

404 5152 736 5226 HermagOrO
759 5150 1028 5214 tradente.
1050 5148 1248 5203 bibens
1274 5147 1345 5202 de
1384 5147 1611 5201 ﬂumine
1658 5145 1827 5212 Petri,
2129 5148 2368 5204 Plurima
2401 5161 2685 5217 poenarum
2719 5148 3039 5198 constanter
3069 5136 3305 5193 tormina
3335 5135 3502 5199 vieta,

405 5245 558 5299 Clara
583 5244 879 5299 salutifera:
910 5243 1003 5314 qui
1031 5249 1151 5314 post
1176 5241 1438 5297 miracula
1469 5240 1632 5305 lucis,

2131 5241 2261 5297 Cum
2296 5241 2593 5295 Fortunato
2617 5236 2793 5307 primo
2826 5234 2891 5288 ad
2926 5233 3015 5303 pia
3041 5246 3196 5285 sacra
3217 5227 3475 5282 ministro

407 5336 684 5408 Dogmatis
713 5337 1008 5392 instantem
1038 5334 1222 5392 studio
1246 5334 1493 5390 fervente
1521 5333 1790 5402 laborem,
2129 5334 2404 5389 Iacturam
2423 5331 2619 5402 capitis
2657 5328 2778 5385 ’δαειί
2811 5329 3134 5396 compensat
3161 5322 3370 5376 honore

1854 5465 2065 5519 CAPUT
2114 5465 2268 5519 XXX.

1203 5570 1277 5628 De
1311 5569 1534 5628 sanctis
1566 5567 1808 5641 Cantia,
1845 5567 2169 5640 Cantiano,
2207 5566 2589 5626 Cantianilla
2629 5572 2682 5624 et
2715 5560 2927 5622 Probo.

408 5702 558 5756 Hanc
584 5714 748 5754 carne
788 5699 984 5754 fratres
1016 5699 1344 5772 nobilesque
1372 5699 1643 5773 sanguine
2133 5695 2331 5750 Urbem
2355 5698 2648 5748 venustant
2679 5687 2998 5751 Cantianus,
3023 5680 3267 5745 Cautius,

408 5785 720 5843 Aniciorum
744 5787 867 5842 luce
891 5787 1021 5841 clari
1034 5787 1219 5844 cmlite
1483 5772 1498 5773 ᾧ
2131 5784 2330 5840 Sorore
2351 5781 2541 5850 juncta
2561 5776 2889 5834 Cantianilla
2907 5772 3124 5834 ordine,
