3902 6408
222 401 327 456 853

226 526 372 581 Istuc
398 528 468 582 ab
511 528 658 584 Urbe
685 544 875 585 amore
901 528 1049 584 ducti
1082 528 1269 599 gloria:

226 623 356 676 Cum
388 624 698 699 pwdagogo
740 639 852 697 quo
892 622 1145 678 nitebant
1185 622 1462 694 przeduce,

227 716 457 771 Doctore
489 717 667 775 Probo
702 717 906 791 [Proto]
937 732 1048 790 quo
1077 715 1341 791 vigebant
1371 717 1424 772 in
1456 717 1587 784 tide,

816 398 900 452 DE
941 397 1198 453 CHRISTI
1238 398 1599 453 TRIUMPHIS
1640 398 1811 454 APUD
1854 399 2121 454 ITALIAM
2164 399 2339 453 LIBRI
2380 398 2510 454 XIV.
2554 430 2621 439 —
2664 399 2783 453 LIB.
2831 400 2961 454 XIV.

1884 549 1935 612 Α
1963 525 2153 581 Gladio
2184 525 2343 580 recisi
2365 525 2505 581 colla
2524 523 2799 580 scandunt
2826 504 3009 580 sidera

3472 397 3579 453 εδι

1963 620 2141 676 Roseo
2168 620 2369 677 decore
2398 620 2663 677 luculenti
2680 628 2735 676 et
2763 620 2959 677 lacteo.

852 941 1298 1031 INCIPIT
1374 942 1719 1029 LIBER
1799 943 2308 1033 DECIMUS
2386 942 2982 1057 QUARTUS.

1647 1152 1855 1208 CAPUT
1901 1152 2184 1209 PRIMUM.

1385 1284 1460 1344 De
1502 1293 1709 1344 sancto
1743 1284 2025 1347 .lh'chaele
2052 1287 2439 1362 archangeto.

224 1442 425 1496 Limite
453 1442 764 1516 Garganum
795 1442 992 1497 attollit
1022 1442 1315 1513 Campania
1338 1442 1535 1498 collem

224 1531 464 1585 Lumine
502 1546 667 1601 quem
691 1546 895 1601 supero
924 1531 1229 1603 crebroque
1252 1530 1429 1587 nitore
1455 1538 1755 1587 venustans

224 1627 293 1681 Et
324 1625 516 1695 templi
549 1624 756 1680 fabrica
788 1626 1016 1681 Michael
1038 1627 1403 1701 archangelus
1429 1636 1616 1694 ornat;

226 1722 479 1776 lncolere
510 1721 612 1775 hoc
642 1735 702 1775 se
724 1719 1060 1790 depromens
1087 1721 1384 1792 splendore
1416 1722 1693 1793 frequenti

224 1813 508 1866 Virtutum
544 1810 767 1865 humani
798 1808 1019 1885 generis
1052 1826 1150 1883 pro
1190 1812 1311 1866 luce
1342 1812 1630 1880 datarum;

225 1900 389 1965 Quod
422 1899 620 1972 prohat
664 1898 756 1954 ille
794 1915 1036 1971 sequens
1081 1908 1296 1955 taurum
1340 1917 1567 1957 nemora
1611 1903 1718 1957 alta
1766 1917 1858 1958 co-

1566 1995 1788 2066 [lentem

224 2083 509 2138 Armentis
536 2083 809 2156 retugam,
840 2081 952 2137 telo
981 2082 1036 2137 in
1077 2082 1353 2137 contraria
1381 2099 1541 2139 verso

225 2174 387 2238 Quod
421 2173 654 2227 dederat
684 2172 823 2226 fixus
851 2171 904 2225 vi
934 2171 1155 2226 saucius
1183 2171 1421 2243 agminis
1452 2172 1572 2227 alti:

230 2268 405 2337 quue
436 2265 674 2337 probant
711 2264 860 2319 cives
891 2264 1366 2336 facerentjejunia
1392 2266 1663 2320 mandans

226 2356 623 2428 AuSpiciisque
654 2356 861 2411 docens
888 2355 1133 2411 divinum
1167 2356 1254 2411 his
1283 2373 1534 2428 quaerere
1564 2367 1779 2425 nutum,

227 2452 327 2507 Cui
358 2464 611 2506 summus
642 2465 704 2504 se
735 2448 1023 2505 notificans
1054 2448 1157 2503 fert
1184 2450 1421 2503 nuncius
1450 2465 1575 2504 orsa

228 2544 384 2598 Velle
406 2557 506 2597 suo
550 2542 802 2612 pandens
842 2557 955 2596 rem
980 2548 1189 2615 gestam
1214 2542 1306 2613 qui
1333 2542 1464 2613 juga
1496 2550 1699 2609 servet,

228 2635 332 2700 Qui
366 2633 509 2689 colat
541 2634 772 2689 electum
801 2633 1029 2705 reliquis
1062 2649 1175 2703 pra:
1206 2634 1489 2689 montibus
1519 2651 1712 2689 unum.

227 2728 569 2781 Assuescunt
592 2724 760 2799 igitur
796 2723 939 2778 votis
977 2725 1153 2778 accire
1186 2724 1496 2779 ministrum

230 2817 483 2873 Luminis
512 2816 763 2878 aetherei,
790 2815 1055 2887 templum
1091 2824 1383 2886 penetrare
1411 2834 1514 2873 nec
1544 2821 1662 2875 ausi

232 2912 354 2966 Prm
374 2910 592 2965 foribus
621 2909 822 2964 devota
851 2915 1051 2981 gerunt
1088 2925 1152 2965 ac
1191 2909 1450 2965 laudibus
1476 2911 1716 2978 instant;

228 3000 493 3055 Hostibus
514 2998 644 3052 inde
665 2997 901 3053 lacessiti
932 2995 1192 3072 suffragia
1232 3006 1469 3068 poscunt

228 3090 480 3145 Pra‘sidii
502 3088 762 3163 angelici,
786 3088 1017 3144 Domino
1038 3088 1252 3157 jejunia
1290 3088 1466 3143 libant
1490 3107 1504 3154 ;

229 3182 345 3236 Nox
380 3180 765 3235 interveniens
794 3178 1089 3233 dirimebat
1126 3178 1242 3232 sola
1270 3178 1535 3234 duellum.

230 3269 486 3325 Pontiﬁci
520 3270 783 3323 assistens
814 3268 1001 3323 dubiis
1040 3268 1403 3342 archangelus
1429 3285 1576 3339 aegro

232 3362 369 3415 Dum
403 3359 572 3414 rebus
601 3360 799 3433 retegit
824 3367 1080 3429 suscepta
1111 3358 1427 3430 precamina
1457 3360 1623 3425 cuilo,

228 3454 504 3524 Tempora
533 3451 769 3525 praeﬁgit
798 3451 945 3506 bello
977 3467 1145 3522 seque
1178 3449 1344 3506 affore
1376 3453 1683 3522 spondens,

234 3543 501 3599 Laetificat
531 3561 728 3615 papam
751 3543 1033 3615 promissae
1073 3559 1298 3597 munere
1330 3543 1545 3614 palmae,

237 3634 334 3688 llis
373 3632 500 3688 freti
523 3633 864 3704 jamjamque
895 3632 1019 3686 sinu
1043 3632 1200 3703 quasi
1231 3639 1356 3687 vota
1384 3641 1641 3704 gerentes

231 3722 429 3797 Signis
455 3720 623 3778 obvia
653 3721 810 3793 signa
832 3720 1039 3784 ferunt,
1068 3721 1369 3775 certamine
1398 3721 1625 3777 fervent.

234 3817 474 3869 Cernere
500 3820 619 3868 erat
639 3812 840 3868 clivum
870 3828 1070 3885 magno
1093 3813 1308 3867 vibrare
1339 3820 1578 3869 tremore

232 3909 474 3983 Fulgura
505 3908 699 3963 crebra
729 3906 937 3973 volare,
967 3906 1183 3978 apicem
1214 3906 1453 3982 caligine
1491 3908 1639 3982 cingi

232 4002 297 4056 Et
325 4015 560 4071 superos
581 3999 728 4074 ignis
747 3998 967 4053 flamma
1007 4000 1230 4054 rutilare
1258 4000 1543 4055 ministros

227 4092 530 4147 Terrentur
558 4098 774 4162 gentes,
815 4088 1171 4158 crelestiaque
1202 4104 1351 4141 arma
1383 4096 1647 4158 paventes

232 4180 539 4255 Diffugiunt
570 4180 771 4252 passim
798 4179 1034 4251 telisque
1060 4186 1321 4251 petuntur
1350 4180 1418 4233 ab
1445 4180 1574 4245 alto,

232 4272 520 4344 Neapolim
551 4272 692 4343 lapsi
724 4271 967 4326 subeunt
987 4270 1433 4342 trepidantiaque
1464 4270 1669 4326 intrant

231 4361 459 4427 Maenia,
492 4376 605 4415 rem
627 4360 918 4431 replicant,
943 4367 1279 4432 expcrtaque
1302 4359 1532 4414 fulmina
1560 4367 1810 4416 tractant.

231 4453 545 4507 Prostratos
574 4450 828 4515 recitant,
852 4447 1049 4503 Christi
1074 4450 1351 4521 praeconia
1390 4455 1657 4523 pangunt,

232 4543 450 4597 Numen
482 4538 862 4615 magniﬁcam,
904 4539 1148 4594 cervices
1178 4540 1418 4594 subdere
1446 4538 1712 4613 gaudent,

232 4638 375 4693 llinc
399 4633 678 4708 Sipontini
700 4640 886 4707 grates
913 4640 967 4687 et
992 4639 1119 4687 vota
1147 4632 1348 4699 daturi,

232 4728 490 4785 Culmina
518 4728 667 4783 celsa
694 4732 889 4798 petunt
927 4726 1263 4795 inventaque
1293 4724 1497 4779 muenia
1528 4722 1721 4793 templi

236 4824 563 4878 Lustrantes
584 4820 852 4892 impressa
886 4819 1078 4874 vident
1106 4816 1342 4890 vestigia
1373 4815 1519 4870 saxis

233 4910 549 4968 Clariﬁcant
576 4909 700 4965 cali
729 4924 1012 4980 procerem
1046 4905 1341 4977 prtesentia
1371 4905 1525 4973 cujus

232 5002 347 5058 Hoc
372 5006 525 5072 patet
554 4996 786 5064 indicio,
810 4996 1074 5052 decorant
1102 4993 1385 5049 testudine
1415 5007 1655 5047 marmor

1883 4968 1940 5036 D

1965 1441 2267 1497 Nobilitant
2284 1457 2376 1497 ara
2397 1449 2560 1514 atque
2588 1442 2716 1498 dato
2746 1441 3076 1515 cognomine
3099 1451 3344 1513 comunt,

1964 1536 2157 1590 Sacras
2194 1535 2464 1605 adjiciunt
2492 1535 2661 1601 aedes,
2692 1535 2993 1607 penetralia
3032 1536 3157 1590 diva

1964 1628 2241 1681 Attentare
2272 1627 2468 1681 timent
2507 1626 2671 1697 pede,
2700 1625 2870 1680 limen
2899 1624 3038 1679 inire
3076 1630 3351 1680 verentur.

1962 1719 2155 1775 Scitari
2178 1719 2325 1773 unde
2355 1734 2512 1773 sacer
2540 1732 2930 1789 summumque
2960 1716 3242 1788 requirere
3276 1731 3473 1788 papam

1964 1811 2163 1885 Deligit
2201 1827 2269 1865 an
2294 1810 2464 1864 sacris
2496 1817 2655 1884 egeat
2686 1810 2839 1865 locus
2866 1808 2984 1880 ipse
3017 1808 3209 1863 dicari.

1963 1904 2107 1958 Scita
2148 1910 2301 1973 pater
2326 1902 2508 1956 reddit
2527 1900 2896 1972 mandataque
2919 1900 3087 1975 digna
3123 1900 3396 1971 rependit,

1962 1999 2051 2054 Sic
2075 1998 2324 2052 sananda
2351 1995 2562 2051 homini
2590 2002 2698 2051 tam
2729 1993 2867 2050 sacri
2900 1992 3104 2048 moenia
3127 1993 3315 2064 templi

1961 2090 2089 2145 Tam
2122 2090 2254 2145 celsi
2287 2086 2589 2160 provisoris
2618 2086 2903 2160 rogitanda
2943 2084 3218 2149 voluntas,

1964 2184 2189 2253 Quaque
2220 2181 2309 2236 die
2338 2180 2463 2235 data
2503 2178 2781 2250 praecipue
2807 2175 3037 2232 victoria
3064 2175 3231 2237 fulsit.

1965 2272 2073 2325 llac
2105 2270 2346 2324 instante
2380 2285 2574 2339 preces
2607 2266 2796 2322 humili
2831 2266 3035 2337 pietate
3069 2264 3331 2331 ferantur,

1960 2359 2196 2428 Jejuniis
2217 2358 2479 2429 utrinque
2510 2359 2620 2412 Deo
2652 2356 3192 2427 perducerefccrtum

1963 2451 2041 2505 Ad
2080 2449 2244 2505 tinem
2271 2455 2497 2520 accepto
2520 2447 2658 2502 ferat
2684 2456 2743 2502 ut
2767 2463 2865 2501 sua
2895 2461 3125 2500 munera
3146 2443 3411 2499 Christus.

1964 2544 2075 2599 Nox
2110 2544 2359 2598 umbram
2391 2542 2553 2597 terris
2580 2546 2860 2596 revocaret
2888 2539 3074 2594 sidera
3100 2537 3277 2605 cmlis,

1886 2656 1936 2723 Β
1966 2635 2098 2690 Cum
2122 2635 2372 2699 veniens,
2404 2633 2637 2687 summis
2665 2631 2868 2686 dubios
2897 2630 3207 2685 moniturus
3231 2627 3301 2683 ab
3326 2626 3512 2691 astris,

1967 2723 2167 2778 Militia:
2196 2722 2453 2794 princeps
2479 2736 2695 2792 supera:
2727 2719 2955 2791 quiesita
2974 2717 3180 2772 revelat

1964 2816 2096 2871 Orsa
2114 2814 2387 2870 sacerdoti
2411 2812 2740 2883 jamdudum
2765 2812 2918 2883 jussa
2952 2810 3163 2882 petenti
3194 2826 3208 2863 :

1971 2931 1996 2961 α
2036 2910 2152 2965 Non
2184 2925 2325 2980 opus
2368 2916 2452 2964 est
2481 2915 2722 2963 vestrum
2763 2912 2973 2974 nostra,
3025 2904 3224 2978 inquit,
3264 2902 3471 2974 templa
3500 2902 3591 2957 di-

3342 2996 3485 3069 [care
3501 3013 3519 3062 ;

1967 3098 2159 3153 Editor
2186 3097 2304 3167 ipse
2325 3093 2552 3165 quidem
2580 3093 2878 3168 dignoscar
2904 3100 2959 3146 et
2977 3092 3096 3162 ipse
3124 3090 3353 3146 dicator.

1965 3191 2094 3257 Vos,
2124 3196 2333 3245 tantum
2366 3186 2621 3258 ingressi,
2653 3185 2871 3256 populis
2901 3183 3224 3251 astantibus,
3252 3189 3379 3254 apta

1963 3280 2143 3336 Sacris
2162 3288 2288 3335 vota
2318 3278 2665 3348 frequentate
2691 3284 2746 3330 et
2784 3274 3092 3346 depromite
3123 3273 3337 3339 laudes,

1963 3369 2393 3439 Muneribusque
2425 3366 2568 3420 datis
2596 3363 2835 3436 populus
2875 3362 3247 3418 communicet
3272 3360 3403 3427 aris,

1967 3462 2352 3531 Pandeturque
2384 3459 2564 3514 locum
2595 3462 2800 3512 memet
2828 3471 3071 3511 sacrasse
3092 3463 3364 3527 paratum.

1966 3550 2270 3622 Responsis
2290 3548 2501 3604 alacres
2524 3554 2825 3619 properant
2853 3561 2994 3600 nova
3032 3544 3235 3620 gaudia
3263 3543 3414 3599 cives

1968 3642 2165 3707 Edere,
2208 3637 2491 3693 basilicam
2518 3636 2780 3701 subeunt,
2810 3633 3000 3688 divina
3027 3633 3379 3705 frequentant

1969 3736 2159 3791 Munia
2189 3735 2567 3804 miranturque
2605 3730 2831 3785 domum
2859 3727 3059 3784 virtute
3086 3727 3383 3783 micantem

1965 3826 2244 3902 Angelica,
2278 3823 2556 3895 rubroque
2586 3821 2723 3876 altar
2748 3818 3027 3875 velamine
3056 3824 3336 3890 comptum

1965 3916 2083 3971 Non
2114 3930 2256 3986 Opus
2294 3914 2596 3968 humanum
2630 3916 2905 3965 textumve
2936 3921 3231 3961 manumve
3253 3910 3500 3972 notante,

1886 4031 1935 4096 ο
1966 4008 2139 4064 Corda
2174 4007 2391 4077 replent
2416 4003 2597 4076 plebis
2623 4003 2713 4075 pia
2737 4000 2962 4077 gaudia,
2996 3997 3222 4096 deditur
3245 3998 3423 4053 almus

1964 4100 2107 4156 Ordo
2146 4097 2526 4153 ministrorum
2559 4094 2753 4149 laudes
2791 4098 2845 4148 et
2864 4091 3106 4147 carmina
3137 4089 3263 4145 diva

1963 4190 2299 4247 (lontiuuare
2332 4188 2443 4253 die,
2478 4192 2642 4242 noctu
2673 4202 2800 4240 nam
2841 4198 3003 4239 nemo
3035 4198 3140 4237 nec
3169 4196 3337 4236 ausus

1965 4282 2256 4355 lnvigilare
2281 4295 2387 4335 nec
2414 4279 2557 4333 intro
2583 4276 2765 4349 adytis
2788 4275 3021 4351 vestigia
3042 4274 3203 4329 ferre.

1962 4374 2120 4429 Stilla
2145 4372 2265 4427 ﬂuit
2285 4387 2414 4427 saxo
2437 4385 2547 4442 quo
2570 4369 2817 4443 tegmine
2843 4366 3080 4438 protegit
3099 4364 3299 4431 aedem,

1965 4464 2170 4520 Lucida
2196 4478 2319 4535 qua:
2338 4463 2526 4518 vitrea:
2551 4460 2807 4536 guttatim
2839 4458 3083 4514 illabitur
3113 4471 3301 4511 urnae:

1887 4590 1893 4597 ι
1965 4551 2148 4607 Dulcis
2179 4559 2235 4606 et
2265 4550 2333 4604 ad
2362 4548 2586 4604 morbos
2626 4554 2759 4620 potu
2781 4544 3130 4601 medicabilis
3160 4544 3372 4610 hausta,

1965 4646 2159 4711 Quam,
2202 4651 2327 4715 post
2357 4658 2511 4697 sacra
2538 4641 2658 4707 Dei,
2681 4639 2830 4695 soliti
2854 4646 3077 4713 gustare
3097 4636 3315 4702 fideles,

1965 4736 2311 4809 Depellitque
2343 4733 2529 4790 febres
2558 4732 2834 4807 aegrisque
2863 4730 3115 4785 medetur
3139 4726 3387 4792 anhelis;

1967 4832 2412 4901 Praastanturque
2439 4826 2547 4900 piis
2576 4827 2668 4883 hic
2699 4825 2935 4899 plurima
2950 4825 3097 4880 dona
3125 4822 3318 4878 salutis

1966 4921 2246 4996 Angelieis
2278 4921 2406 4976 data
2433 4918 2697 4975 subsidiis
2726 4916 2976 4975 bonitate
2999 4914 3284 4972 Tonantis.
3393 4907 3399 4915 ’

1756 5137 1964 5193 CAPUT
2016 5136 2083 5190 ll.

1142 5259 1146 5263 ἑ
1199 5280 1274 5339 De
1306 5286 1512 5339 sancto
1561 5275 1857 5346 Aristone,
1886 5269 2056 5329 Justo
2087 5273 2140 5326 et
2172 5262 2352 5325 sociis
2388 5279 2617 5323 eorum.

232 5431 421 5489 Multis
442 5433 676 5485 venuste
707 5431 975 5497 martyres
996 5420 1348 5493 Campaniam

237 5529 476 5583 Comunt
507 5521 804 5592 triumphis
829 5520 1173 5595 fulgurantes
1202 5516 1426 5587 inclytis

237 5617 309 5671 Ex
339 5613 506 5688 queis
533 5610 755 5665 Ariston
792 5607 979 5663 Justus
1004 5613 1171 5678 atque
1210 5604 1513 5677 complices

238 5702 668 5764 Crescentianus
695 5714 935 5772 cumque
966 5694 1312 5752 Felicissimo

237 5798 498 5855 Urbanus
526 5809 593 5849 ac
617 5790 808 5847 Vitalis
836 5799 893 5845 et
924 5787 1074 5845 Felix
1107 5785 1270 5842 simul

1974 5409 2105 5465 Cum
2127 5406 2392 5462 Martiana
2416 5419 2483 5460 ac
2526 5402 2897 5475 Symphorosa
2925 5396 3222 5472 prmnitent

1972 5500 2175 5556 Cruore
2206 5497 2400 5565 tincta,
2427 5501 2621 5551 vernat
2654 5495 2756 5549 hac
2784 5493 3052 5549 Antonius

1973 5594 2030 5647 ln
2059 5591 2231 5646 frusta
2262 5588 2469 5644 fractus
2504 5586 2704 5658 hisque
2741 5584 2949 5641 flumen
2975 5597 3310 5639 consecrans

1968 5681 2084 5746 Quo
2116 5678 2430 5745 diluuntur,
2462 5675 2612 5749 quod
2644 5672 2886 5746 sepulcri
2917 5671 3013 5728 dat
3040 5670 3218 5728 vicem
