3902 6408
376 342 482 400 855
1152 344 1520 399 FLODOAllDl
1565 344 1865 398 CANONICI
1910 345 2240 401 HEMENSIS
2283 348 2616 405 OPUSCULA
2661 349 2962 406 METRICA.
3627 358 3739 410 856

1872 503 2080 558 CAPUT
2119 505 2211 560 lll.

1181 629 1258 686 De
1287 632 1513 688 Sanctis
1542 629 1768 694 Prisco,
1811 630 2135 703 Antonino,
2177 632 2407 690 Aristco
2436 641 2618 710 atque
2653 634 2935 693 Paulino.

378 759 587 815 Attollit
610 758 849 830 Capuam
875 757 1098 812 tradens
1120 773 1261 814 nova
1284 759 1537 833 degmata
1571 760 1790 815 Priscus
2034 771 2076 833 Α
2110 762 2398 838 Mulctatus
2427 764 2687 820 mulctata
2719 764 2849 835 piat,
2891 767 3192 838 pulsusque
3215 769 3426 824 reducit

378 851 628 923 Antiquae
661 849 891 904 rutilans
922 849 1123 904 Christi
1158 849 1380 920 pietatis
1403 850 1686 916 alumnus,
2106 855 2184 908 Ad
2216 834 2431 925 portum
2455 857 2622 910 maris
2649 834 2828 910 insani
2860 834 3151 928 dispendia
3184 876 3374 930 passos

379 943 507 997 Cum
537 957 648 1014 quo
677 941 974 1009 Antonino,
1007 941 1238 1012 puerilia
1263 941 1510 997 membra
1541 951 1813 998 sacrantc.
2107 946 2516 1021 Naufragioque
2549 950 2690 1019 rapit
2716 949 2949 1004 Probum
2984 952 3192 1020 prolem
3223 959 3388 1023 atque
3406 956 3657 1010 maritam

380 1035 616 1105 lllartyrii
638 1034 818 1104 palma
848 1033 981 1088 colit
1021 1034 1164 1088 hanc
1203 1033 1434 1088 antistes
1462 1035 1724 1090 Aristeus.
2110 1040 2427 1095 Daemonica
2442 1041 2690 1096 sobolem
2732 1041 3035 1112 lymphanti
3069 1051 3218 1112 peste
3243 1045 3512 1117 jugalem,

383 1125 579 1180 Felicis
619 1125 829 1179 calamo
861 1124 1083 1179 decorat
1107 1123 1368 1179 Paulinus
1387 1140 1612 1198 agones,
2111 1128 2173 1181 Et
2201 1129 2364 1183 simul
2396 1137 2616 1200 ereptos
2641 1129 2852 1185 Christo
2885 1147 3009 1184 cum
3043 1132 3293 1201 pluribus
3309 1133 3486 1188 offert.

376 1224 520 1287 Quos
546 1219 743 1291 raptim
779 1220 1024 1293 tetigisse
1039 1221 1196 1290 juvat
1238 1220 1496 1277 Nolensis
1522 1221 1613 1276 hic
1639 1221 1834 1276 almus.
2107 1221 2411 1292 Regressus
2434 1220 2641 1273 laribus
2671 1221 2798 1274 dum
2842 1228 3037 1276 tractat
3067 1222 3234 1292 digna
3265 1225 3549 1288 decenter,

378 1313 670 1384 Presbyter
697 1312 952 1366 astrictus
973 1312 1242 1384 Dravique
1269 1311 1555 1368 obtutibus
1585 1318 1736 1368 actus
2106 1314 2312 1386 Anguis
2343 1314 2472 1368 item
2504 1315 2712 1385 petitur
2743 1314 2932 1369 rabido
2966 1315 3134 1370 livore
3165 1316 3418 1372 furentis.

379 1402 650 1457 Fictorum
684 1400 824 1454 nihil
856 1416 980 1455 esse
1009 1401 1173 1457 docet
1204 1410 1458 1472 portenta
1489 1401 1752 1467 deorum;
2108 1402 2439 1458 Ohscuratur
2477 1409 2648 1468 atrox,
2693 1403 2880 1474 praedo
2911 1413 3146 1460 caecatur
3186 1405 3410 1477 iniquus

379 1493 652 1564 lmpulsus
691 1507 914 1564 quoque
943 1491 1234 1567 sacrilegis
1261 1493 1432 1548 libare
1460 1492 1683 1567 figuris:
2109 1490 2390 1546 Scrutator
2411 1490 2627 1565 rogitat,
2657 1491 2896 1563 caligine
2923 1508 3167 1562 pressus,
3201 1500 3478 1563 apertum,

380 1608 404 1635 ιι
452 1586 646 1640 Hostes
679 1585 833 1651 estis,
862 1583 960 1650 ait,
987 1590 1293 1639 vestrorum
1322 1585 1425 1639 hoc
1453 1600 1681 1639 munere
1712 1585 1900 1640 divum
2109 1584 2311 1649 Quaerit
2339 1591 2394 1646 et
2414 1584 2732 1656 alloquitur,
2759 1585 2908 1640 videt
2938 1602 3001 1640 ac
3025 1587 3131 1640 sibi
3160 1589 3381 1658 prodier
3407 1599 3549 1655 orat,

376 1677 541 1743 Queis
571 1692 660 1731 me
693 1675 964 1748 producto
993 1675 1214 1731 eveniet
1244 1678 1394 1748 quod
1426 1677 1659 1752 contigit
1687 1677 1794 1732 illis
2110 1678 2557 1749 Praesentemque
2588 1684 2748 1732 tuens
2777 1678 2991 1733 absenti
3025 1687 3208 1734 mente
3240 1681 3489 1752 requirit,

378 1774 615 1829 Felicem
650 1771 871 1826 fratrem
895 1771 1102 1844 quibus
1131 1772 1452 1828 exhibuisse
1484 1773 1718 1840 doletis;
2109 1770 2299 1840 Palpat
2326 1776 2385 1824 ut
2419 1769 2475 1823 in
2508 1770 2753 1824 tenebris
2784 1786 2921 1841 puro
2953 1770 3168 1827 fervore
3206 1773 3337 1828 diei.

377 1862 438 1914 At
475 1861 694 1915 Domini
725 1859 987 1933 indagare
1014 1861 1120 1915 mei
1153 1861 1199 1916 si
1228 1863 1458 1916 numina
1487 1863 1639 1918 cordi
1679 1870 1786 1930 est,
2109 1863 2371 1917 Demente
2395 1863 2572 1928 eluso,
2601 1862 2824 1918 latebrae
2856 1863 2991 1934 petit
3018 1863 3210 1918 intima
3243 1864 3389 1919 Felix

375 1952 625 2022 luppiter
657 1967 690 2006 ο
722 1952 824 2023 [ut]
878 1967 1137 2023 princeps
1171 1959 1312 2019 ruat,
1351 1953 1419 2007 ad
1449 1953 1714 2026 Capitolia
1747 1955 1932 2011 ducar.
1976 1976 1999 2006 »
2110 1951 2220 2005 Nec
2248 1966 2400 2005 mora
2433 1951 2761 2022 regreditur,
2793 1951 2977 2006 vultus
3005 1951 3108 2005 sub
3139 1953 3306 2007 corde
3337 1953 3595 2008 volutans

378 2045 615 2102 Auribus
643 2047 926 2119 oppressis
951 2047 1122 2117 judex
1152 2048 1296 2103 hunc
1329 2049 1528 2105 robore
1557 2049 1783 2104 mandat
2039 2090 2084 2155 Β
2110 2039 2364 2155 ξλερηξιοῐ·
2392 2040 2655 2155 “Nidus;
2689 2040 2967 2142 Sef’l'jussa
2993 2040 3223 2155 Obttﬂ‘al‘
3243 2042 3480 2098 81⁸³611οε

376 2135 638 2197 Obtundi,
669 2136 990 2207 celsumque
1017 2136 1134 2190 dari
1164 2137 1453 2208 aptarique
1478 2143 1731 2200 catastae;
2039 2122 2084 2155 ”
2114 2132 2399 2186 lntroitum
2440 2132 2564 2186 telis
2596 2132 2896 2202 perniciter
2924 2149 3047 2188 acre
3077 2133 3278 2196 ductis,

374 2226 632 2282 Truditur
658 2227 786 2282 hinc
815 2229 977 2284 caecis
1005 2227 1249 2283 barathri
1281 2229 1556 2300 siccisque
1601 2230 1850 2285 tenebris
2110 2221 2448 2293 Tutaturque
2480 2222 2653 2292 Pium,
2687 2221 2827 2276 111dit
2855 2223 3129 2278 velamine
3160 2240 3386 2290 δεενυῐην

377 2320 619 2375 Nexibus
651 2320 925 2386 astrictus,
960 2327 1280 2376 sternuntur
1309 2321 1565 2377 acumina
1604 2329 1758 2396 {ergo
2112 2311 2546 2383 Praedonemque
2569 2311 2673 2366 lCVl
2708 2328 2772 2367 ac
2803 2312 3013 2368 dirimit
3044 2313 3360 2368 discrimine
3397 2315 3668 2384 praedam.

377 2412 581 2481 Aspera
611 2417 873 2464 testarum
905 2410 1222 2466 recubantis
1252 2412 1458 2466 vellere
1494 2428 1774 2478 somnum,
2113 2398 2387 2453 Frustra“)
2412 2399 2644 2453 οοάθηιο
2668 2399 2821 2470 ιυροι
2853 2400 2989 2471 Pem
3019 2417 3193 2474 agnus
3218 2401 3381 2469 ονίίθ,

377 2500 453 2556 Ae
479 2497 662 2554 fracta)
693 2499 894 2554 lectum
929 2500 1129 2555 cocleae
1171 2501 1530 2555 mucronibus
1560 2507 1789 2556 armant.

2114 2487 2391 2542 Fomentis
2423 2488 2628 2543 altricis
2657 2489 2773 2544 ovis
2804 2489 2925 2544 sine
2959 2505 3113 2544 more
3149 2491 3391 2561 potitus:

377 2585 578 2640 Visitur
614 2587 704 2642 his
743 2587 960 2658 superis
989 2587 1228 2659 divoque
1257 2588 1439 2643 nitore
1467 2588 1700 2656 levatur,
2112 2576 2277 2644 Cujus
2315 2577 2579 2632 SUbSidiiS
2611 2578 2774 2632 alii“?
2796 2578 3024 2632 minime
3052 2593 3148 2633 οΓίι
3176 2586 3389 2645 metu";

377 2681 656 2752 Nocteque
683 2682 785 2736 sub
810 2682 994 2736 media
1022 2682 1193 2736 scissa
1223 2684 1376 2737 trahe
1407 2682 1610 2738 dissilit
1638 2684 1792 2738 orbis
2113 2666 2216 2720 L30
2251 2666 2465 2737 Puerile
2499 2667 2648 2738 ‘33Pil
2677 2675 2970 2738 δεῖναιίιυθ
2998 2667 3154 2722 νίτίιθ
3185 2667 3479 2722 libramen-

378 2771 544 2826 Crura
567 2772 767 2843 duplex
800 2772 942 2828 tensi
974 2773 1068 2844 qui
1099 2783 1374 2844 presserat
1399 2791 1498 2828 axe
1519 2775 1722 2842 soluto,
2111 2762 2199 2816 Sic
2241 2771 2428 2816 ιθῐἭοδ
2455 2762 2671 2837 agitans
2701 2779 2897 2818 011F505
2924 2763 3181 2834 lunasque
3215 2762 3453 2830 labores:

377 2865 568 2935 Adque
591 2865 934 2919 sacerdotem
967 2864 1143 2934 ruptis
1164 2865 1459 2921 mandatur
1489 2866 1703 2932 ahenis,
2111 2855 2433 2912 Pontificem
2464 2866 2588 2928 post
2618 2858 2934 2913 larvicolam
2978 2858 3071 2912 dat
3101 2858 3328 2912 credere
3357 2858 3658 2924 Christum,

377 2951 816 3024 Pontiﬁcemque
845 2969 1004 3007 suum
1031 2953 1325 3028 egrediens
1348 2953 1670 3026 perquirere
1703 2955 1860 3022 liber,
2112 2946 2262 3000 ΕΓυίι
2294 2953 2347 3000 οι
2369 2947 2632 3018 templum
2664 2948 2853 3003 (Ῐίνίηο
2886 2947 3112 3002 numine
3142 2963 3383 3014 Versum,

378 3047 787 3116 lnventumque
812 3045 935 3100 urbi
967 3045 1287 3117 laribusque
1309 3047 1547 3102 educere
1579 3057 1736 3102 caute
2111 3037 2210 3104 QUi
2243 3053 2509 3108 responsa
2539 3039 2726 3106 dabat,
2770 3039 2987 3113 fugiens
3007 3039 3104 3092 ubi
3133 3039 3280 3094 cedit
3307 3039 3522 3110 Αροιιο.

379 3139 440 3193 Et
470 3143 670 3193 tectum
696 3136 968 3203 refoverc,
999 3137 1150 3192 domi
1177 3138 1307 3191 dum
1333 3137 1494 3194 turbo
1514 3139 1737 3195 residat,
2111 3133 2332 3187 Actibus
2350 3133 2434 3186 his
2465 3134 2663 3192 clarus.
2699 3133 2912 3187 virtutis
2951 3133 3160 3189 honore
3193 3132 3449 3199 decorus,

377 3226 478 3291 Qui
505 3225 696 3281 senior
721 3241 825 3280 nec
853 3224 997 3280 ferre
1021 3225 1213 3281 valens
1241 3235 1529 3294 tormenta,
1555 3227 1792 3284 ferarum
2113 3225 2246 3276 Uum
2270 3223 2476 3293 petitur
2501 3230 2698 3278 cuncta
2730 3222 2930 3294 praesul
2959 3221 3207 3277 fervente
3237 3229 3474 3285 caterva.

378 3318 569 3373 Lustra
600 3318 844 3385 fovebat,
874 3334 1044 3390 agens
1059 3319 1226 3373 vitam
1244 3336 1502 3390 suprema
1533 3320 1866 3389 trahentem,
2029 3349 2076 3415 Ο
2108 3314 2412 3370 Pontificali
2444 3316 2613 3371 alium
2651 3331 2894 3371 renuens
2924 3315 3057 3388 legit
3086 3331 3209 3371 arce
3238 3316 3556 3372 levandum.

375 3407 594 3482 Frigore
625 3406 959 3473 confectum,
991 3406 1150 3461 famis
1178 3417 1234 3462 et
1261 3408 1582 3464 discrimina
1609 3426 1853 3481 passum.
2029 3390 2076 3415 υ
2104 3402 2334 3459 PaCiﬁCC
2366 3405 2495 3459 inde
2523 3412 2668 3459 meat
2696 3405 2955 3460 duodena
2985 3404 3266 3460 V0|umina
3289 3405 3483 3461 Ρὶιωὺί

377 3498 672 3553 lnveniens
696 3497 845 3553 Felix
876 3505 997 3568 post
1035 3499 1231 3553 crebra
1270 3500 1551 3554 volumina
1578 3501 1752 3556 saltus
2107 3496 2241 3551 Hinc
2262 3497 2545 3551 hominem
2577 3497 2790 3572 magnis
2823 3496 3070 3567 locuples
3097 3495 3410 3564 virtutibus,
3435 3497 3574 3565 exit,

372 3587 489 3641 Jam
512 3585 749 3657 rigidum
776 3585 1060 3641 immotum
1081 3586 1642 3661 gelidumquejacere
1671 3589 1927 3657 cadaver,
2106 3587 2175 3640 Se
2206 3587 2353 3641 velut
2385 3594 2538 3642 oratu
2559 3599 2814 3642 sternens
2844 3587 3109 3641 altaribus
3139 3587 3320 3653 almis,

374 3676 580 3732 (Estuat
607 3677 756 3732 unde
788 3686 996 3749 patrem
1032 3678 1256 3746 relevet,
1283 3678 1508 3734 flantem
1527 3680 1722 3734 ultima
1751 3689 1926 3748 curet,
2105 3678 2232 3734 Post
2266 3679 2543 3734 celebrata
2569 3679 2657 3733 die
2690 3678 2888 3734 Christi
2929 3679 3186 3750 mysteria
3217 3695 3376 3734 sacro

377 3768 455 3832 Et,
491 3768 626 3838 proh
659 3769 798 3821 mira
823 3767 960 3822 fides
995 3765 1006 3821 l
1043 3769 1286 3840 pendere
1317 3755 1375 3822 in
1401 3768 1659 3824 sentibus
1691 3786 1850 3824 uvam
2104 3773 2240 3826 Pace
2270 3771 2398 3826 data
2419 3773 2635 3826 cunctis
2655 3772 2882 3826 subiens
2912 3771 3157 3826 caelestia
3192 3771 3360 3834 Felix,

375 3860 511 3915 Ecce
540 3860 693 3915 videt
729 3861 986 3932 stupidus
1025 3878 1148 3934 quae
1179 3877 1351 3936 grana
1375 3862 1614 3930 jacentis
1642 3861 1698 3916 in
1724 3879 1819 3918 ore
2104 3865 2228 3919 Post
2259 3864 2439 3919 crucis
2461 3873 2686 3919 exactus
2717 3865 2889 3918 multo
2929 3863 3030 3918 sub
3054 3879 3232 3934 agone
3264 3865 3577 3936 triumphos

373 3952 566 4006 Pressa
603 3952 754 4007 senis
793 3962 1044 4008 recreant
1075 3954 1317 4009 animum
1362 3955 1730 4028 attolluntque
1763 3955 1994 4010 refotum
2101 3957 2300 4011 Felicis
2332 3956 2526 4026 palma:
2549 3956 2721 4010 titulis
2754 3955 2988 4011 feliciter
3019 3973 3172 4010 usus.

373 4040 601 4096 lnsolito
631 4040 851 4096 dulcem
887 4041 989 4096 fert
1019 4059 1219 4113 aspera
1249 4044 1399 4114 sylva
1431 4060 1686 4116 saporem
2099 4050 2426 4120 Presbytero
2451 4049 2611 4103 datur
2643 4049 2898 4120 Helpidio
2925 4056 3152 4103 curante
3179 4049 3437 4118 sepulcro

371 4133 748 4206 Laetitiamque
787 4137 923 4191 meri
955 4136 1263 4191 tribuerunt
1294 4139 1526 4208 cuspide
1552 4138 1724 4193 dumi.
2098 4138 2465 4208 Pincensique
2485 4138 2603 4192 solo
2634 4137 2834 4191 renitet
2864 4137 3080 4191 virtutis
3101 4136 3309 4206 Opimo.

371 4227 699 4300 Aggreditur
718 4227 867 4282 Felix
899 4229 1044 4283 ulnis
1074 4229 1435 4301 humerisque
1469 4238 1710 4300 reportat
2099 4229 2210 4284 lloc
2239 4243 2459 4299 quoque
2493 4226 2808 4297 pontiﬁcem
2833 4226 3047 4280 felicem
3078 4225 3196 4281 luce
3230 4225 3460 4296 potitum

373 4318 513 4373 Rure
542 4327 749 4390 patrem
774 4322 976 4393 tugurii
1006 4331 1059 4376 et
1085 4321 1321 4377 vidualis
1352 4323 1594 4378 culmine
1623 4323 1830 4387 condit,
2097 4318 2355 4372 Mirorum
2379 4333 2408 4370 a
2437 4332 2610 4386 puero
2632 4315 2964 4386 culmenque
2992 4315 3256 4369 decenter
3287 4315 3578 4384 adeptum,

371 4410 761 4485 Occultumque
794 4412 964 4481 fovet,
996 4425 1300 4487 cautusque
1333 4415 1595 4469 alimenta
1628 4415 1919 4471 ministrat.
2097 4413 2336 4484 Martyrii
2368 4413 2533 4468 sociis
2565 4422 2647 4465 ter
2667 4411 2812 4466 deno
2843 4417 3134 4465 stemmate
3167 4410 3341 4475 nexis,

372 4498 567 4570 Captus
596 4501 723 4557 item
757 4509 960 4575 martyr
990 4503 1199 4559 Circeio
1241 4503 1463 4558 deditur
1495 4504 1620 4557 exul
2100 4506 2390 4576 Presbyter
2421 4503 2707 4574 Helpidius
2736 4502 2959 4558 Nolensi
2991 4501 3223 4558 collocat
3254 4500 3396 4556 aula.

370 4593 508 4650 Saxa
527 4611 716 4652 secare
752 4597 931 4669 apici;
963 4598 1238 4654 damnatis
1277 4598 1461 4655 vivere
1491 4614 1742 4663 consors,
2018 4576 2072 4642 D

1879 4756 2088 4811 CAPUT
2128 4757 2212 4811 ιν.

1733 4885 1811 4944 De
1849 4893 2060 4944 sancta
2101 4885 2378 4945 Juliana.

372 5011 600 5068 lrradiat
629 5013 826 5069 Cumas
853 5015 1010 5071 fortis
1032 5015 1252 5072 Iuliana
1281 5016 1494 5091 virago,
2098 5015 2317 5072 Invenit
2340 5015 2429 5070 hic
2458 5014 2668 5069 cunctis
2697 5012 2991 5069 truciorem
3015 5008 3332 5066 horroribus
3359 5008 3581 5063 hostem

373 5104 523 5170 Qum,
559 5114 683 5176 post
704 5106 969 5163 obtritum
1004 5108 1164 5164 bellis
1193 5119 1357 5179 caput
1386 5109 1563 5164 hostis
1588 5110 1786 5182 iniqui,
2099 5113 2321 5167 interna
2350 5107 2623 5179 oppositis
2654 5114 2990 5176 externaque
3008 5102 3152 5157 bella
3182 5107 3516 5156 moventem.

371 5195 616 5252 Membra
646 5199 809 5254 beata
827 5201 950 5256 tulit
979 5201 1146 5255 variis
1165 5201 1402 5257 exercita
1433 5203 1652 5277 pugnis,
2099 5200 2442 5271 lnternisque
2474 5197 2656 5252 sciens
2683 5196 2937 5250 invictam
2971 5192 3155 5264 prodit
3184 5200 3374 5261 aperte

370 5291 538 5357 Quam
575 5300 728 5363 pater
765 5295 1013 5365 auspicio
1045 5296 1205 5350 luctze
1237 5296 1570 5351 cruciatibus
1600 5297 1730 5368 egit,
2095 5288 2382 5346 Terriﬁcos
2413 5287 2595 5344 vultus
2624 5285 2926 5355 miserique
2959 5280 3239 5336 notamina
3268 5279 3467 5346 cultus,

369 5381 703 5437 Verberibus
731 5383 907 5438 tritam
935 5386 1054 5439 zelo
1072 5385 1332 5440 laceravit
1361 5402 1567 5441 amaro.
2098 5383 2214 5436 Stat
2243 5389 2426 5436 tamen
2456 5377 2750 5448 intrepide,
2792 5382 2977 5429 manet
3000 5369 3367 5442 imperterrita
3395 5370 3580 5444 virgo,

372 5471 617 5527 Praefecti
643 5474 946 5546 sponsique
975 5477 1106 5530 dein
1147 5484 1421 5532 tormenta
1450 5477 1706 5549 fatigans,
2096 5473 2208 5528 Nec
2238 5488 2504 5527 concussa
2531 5470 2734 5533 tremit,
2769 5483 2870 5522 nec
2901 5464 3145 5519 desolata
3175 5461 3438 5534 pavescit,

369 5563 622 5618 Sulcatur
647 5567 838 5638 virgis,
870 5569 1116 5637 quatitur
1144 5585 1413 5639 suSpensa
1445 5570 1682 5639 capillis,
2097 5562 2526 5636 Conﬂigensque
2555 5561 2732 5632 palam
2775 5558 2969 5630 palma
3009 5551 3309 5624 splendore
3334 5550 3560 5605 nitescit

370 5654 583 5711 Vertice
615 5656 683 5711 de
714 5673 926 5714 summo
960 5659 1188 5729 plumbo
1224 5659 1445 5730 perfusa
1473 5661 1722 5732 liquato;
2097 5657 2405 5710 (Iertantem
2437 5668 2603 5723 quam
2625 5650 2768 5705 bella
2800 5655 3026 5719 stupens
3045 5641 3364 5701 Nicomedia
3393 5643 3555 5710 vidit,

369 5739 610 5798 Carceris
632 5743 760 5799 huic
787 5753 944 5801 antro
973 5763 1234 5818 caecoque
1267 5755 1487 5817 recepta
1515 5749 1771 5802 barathro
2096 5747 2281 5820 Regna
2312 5745 2741 5815 triumphantem
2783 5740 3032 5814 gaudens
3063 5734 3358 5808 Campania
3388 5737 3652 5807 sumpsit.
