3902 6444
157 408 259 461 857
738 409 821 464 DE
862 409 1123 466 CHRISTI
1163 410 1527 467 TRIUMPHIS
1565 413 1739 469 APUD
1779 413 2050 469 lTALlAM
2088 412 2267 468 LIBRI
2308 412 2439 467 XIV.
2479 442 2550 453 —
2588 411 2714 467 LlB.
2757 411 2889 466 XIV.
3402 408 3508 463 858

1680 592 1892 649 CAPUT
1940 593 2000 648 V.

1252 723 1329 781 De
1358 722 1680 800 Spoletana
1710 724 1910 782 sancti
1944 724 2123 783 Pauli
2151 724 2418 782 ecclesia.

154 865 442 935 Spoletum
475 865 640 921 rutilo
671 866 890 921 Patrum
914 867 1211 937 splendore
1250 868 1508 924 decoram
1812 874 1863 942 Α
1891 870 2173 925 Obcaacata
2200 869 2369 924 minis
2391 877 2474 924 ast
2504 868 2773 923 illustrata
2801 866 3081 938 trophaeis.

154 956 503 1010 Praetulimus
522 956 835 1029 claramque
869 957 976 1028 piis
1005 958 1322 1030 celsamque
1350 959 1635 1030 palaestris.
1890 962 2160 1036 Frangere
2179 963 2420 1016 clausam
2450 960 2647 1015 adiens
2675 957 2997 1029 prohibetur
3028 954 3169 1015 inire
3202 962 3503 1026 patentem,

156 1047 303 1101 Hanc
332 1046 497 1101 etiam
531 1047 682 1102 Pauli
707 1049 922 1119 pollens
956 1048 1200 1103 Ecclesia
1232 1050 1429 1104 lustrat
1888 1054 2058 1116 Quam
2086 1050 2418 1104 dumlumcn
2437 1048 2569 1109 adit,
2606 1045 2878 1101 tumidum
2904 1044 3081 1117 caligo
3104 1043 3346 1117 subegit,

153 1140 219 1192 Dt
245 1139 429 1208 palma
467 1138 618 1205 fidei,
652 1141 890 1212 caligine
923 1140 1156 1197 luminat
1178 1142 1372 1209 hostis,
1888 1145 2137 1215 Fureque
2154 1150 2378 1208 caecato,
2403 1140 2530 1195 fidei
2563 1138 2778 1214 fulgore
2820 1136 3082 1211 ﬂagrante

157 1229 350 1285 Clausa
380 1230 496 1301 lupi
530 1230 709 1298 furiis,
739 1232 866 1307 agni
899 1231 996 1287 sed
1027 1241 1219 1305 aperta
1251 1233 1566 1306 triumphis,
1888 1235 2129 1291 Ecclesia
2163 1233 2356 1288 invasu
2375 1227 2992 1303 reprimunturluminis
3019 1227 3222 1282 hostes.

1673 1409 1881 1464 CAPUT
1924 1408 2013 1463 Vl.

1337 1541 1412 1599 De
1435 1550 1641 1601 sancto
1676 1542 2023 1601 Eleutherio
2053 1548 2340 1614 martyre.

152 1676 332 1731 Patris
360 1677 659 1732 Eleutherii
694 1679 937 1749 probitas
967 1680 1059 1735 hic
1079 1681 1226 1737 clara
1252 1690 1524 1749 coruscat,
1889 1682 1989 1748 Qui
2012 1682 2348 1754 signansquc
2379 1679 2524 1733 diem
2564 1677 2923 1751 gaudensque
2971 1677 3037 1731 ad
3090 1676 3315 1747 praemia
3344 1676 3515 1732 fertur

152 1766 231 1818 Ad
265 1766 428 1819 vitam
461 1767 727 1837 lacrymas
755 1768 914 1836 cujus
944 1784 1234 1824 revocasse
1267 1771 1504 1824 cadaver
1891 1774 2112 1845 Mystica
2139 1771 2314 1843 poscit
2344 1786 2516 1826 ovans
2536 1785 2756 1825 carmen
2788 1768 3028 1839 prolibat
3054 1769 3386 1839 ethymnos,

149 1856 411 1911 Testibus
433 1859 658 1911 asscclis
681 1857 976 1932 Gregorius
1001 1860 1198 1915 asserit
1224 1860 1404 1915 almus
1440 1880 1454 1926 ;
1502 1879 1515 1892 ο
1893 1867 2042 1920 Fcrie
2073 1880 2308 1920 monens
2336 1862 2555 1929 fratres,
2580 1861 2689 1916 ciet
2718 1861 2785 1915 ad
2817 1876 2988 1935 regna
3014 1861 3123 1915 alta
3141 1860 3389 1915 sodalem
3423 1877 3436 1913 :

152 1946 268 2000 Nec
297 1946 425 2001 silet
450 1947 664 2002 Obtenli
690 1963 788 2018 per
813 1965 938 2003 eum
959 1947 1065 2003 Sibi
1088 1950 1235 2004 dona
1266 1950 1491 2025 vigoris,
1892 1982 1919 2009 (ι
1957 1957 2109 2024 Urse,
2142 1956 2267 2010 veni
2299 1952 2581 2009 clamans!
2622 1988 2635 1997 α
2689 1954 2825 2008 socii
2857 1970 2961 2007 nec
2991 1961 3175 2009 mente
3211 1960 3509 2024 capessunt

154 2036 376 2090 Firmati
403 2036 658 2092 columen
685 2040 951 2095 stomachi
976 2039 1191 2109 ieiunia
1223 2041 1329 2095 rite
1888 2053 2059 2118 Dicta,
2091 2066 2193 2104 nec
2222 2050 2511 2103 advertunt
2539 2049 2687 2120 quod
2705 2048 2883 2102 fassus
2902 2064 3065 2119 quem
3093 2047 3368 2109 vocitarit,

155 2127 314 2181 Ferre
334 2128 546 2196 datum,
578 2130 745 2201 positi
774 2132 857 2183 vel
890 2131 1114 2186 vincere
1142 2132 1410 2204 ponderis
1427 2148 1671 2203 aequum,
1888 2146 2023 2199 Dum
2057 2149 2181 2214 post
2210 2143 2350 2197 scire
2377 2142 2537 2197 datur
2565 2148 2834 2196 semotum
2871 2139 3086 2194 tramite
3114 2139 3282 2213 longo

156 2223 219 2274 At
250 2222 381 2276 dum
415 2240 615 2298 magna
644 2232 823 2295 patrat
856 2227 1128 2297 premitur
1156 2232 1339 2282 tamen
1375 2227 1491 2296 ipse
1512 2227 1739 2281 libratu~
1891 2233 2204 2288 Decessisse
2238 2241 2448 2302 patrem
2483 2228 3007 2303 rebuscognominis
3041 2228 3220 2295 hujus.

156 2314 363 2369 Divinze
390 2316 716 2371 moderante
747 2334 943 2373 manus
963 2318 1082 2390 qui,
1103 2318 1237 2374 sede
1271 2326 1556 2390 receptum
1892 2323 2168 2377 Memento
2201 2322 2305 2375 hoc
2339 2320 2533 2375 fultum
2564 2317 2898 2373 venerandis
2914 2316 3267 2387 actibusipso

156 2402 603 2475 Applicitumque
636 2403 796 2478 nigro
829 2420 1060 2477 puerum
1094 2407 1449 2477 Spurcamine
1470 2415 1689 2480 purgat,

1629 2415 1689 2473 ιι,
1822 2445 1871 2512 Β
1894 2416 2161 2485 Suprema
2193 2419 2298 2468 stat
2332 2410 2628 2466 Eleutherii
2649 2411 2895 2512 quivope
2924 2409 3170 2512 citatum.

157 2494 328 2559 Quem
363 2494 612 2551 trucibus
641 2497 862 2552 solvunt
893 2498 984 2569 pia
1013 2500 1383 2555 contubernia
1412 2502 1632 2566 vinclis,
1822 2494 1871 2512 υ
1898 2502 2210 2576 Virgineam
2242 2509 2397 2571 pater
2427 2500 2514 2555 hic
2545 2506 2786 2554 mentem
2821 2498 2950 2552 dum
2979 2495 3202 2552 dotibus
3232 2505 3408 2560 ornat,

162 2586 494 2658 lnsuetoque
517 2587 1159 2646 feruntnoctesductare
1193 2591 1430 2663 quietas,
1901 2595 2115 2652 Christo
2180 2594 2517 2659 defuuctam,
2568 2591 2973 2663 mundumque,
3033 2597 3354 2660 patremque
3416 2605 3517 2642 ne-

158 2678 483 2748 Tripudians
509 2679 675 2734 donis
702 2689 857 2751 pater
877 2687 1043 2753 atque
1077 2681 1386 2754 improvida
1404 2683 1619 2751 jactans
3209 2680 3448 2757 [gantem

160 2767 365 2822 Gaudia
390 2767 777 2840 supprimitur,
806 2786 979 2842 puero
1000 2771 1220 2846 adjuga
1238 2774 1420 2843 prisca
1453 2774 1674 2844 relapso
1702 2790 1716 2837 ;
1892 2785 2070 2838 Aurea
2101 2783 2250 2839 dona
2282 2785 2454 2840 lutum
2485 2781 2675 2854 sponsi
2706 2780 3001 2852 splendore
3030 2785 3336 2851 putantem,

160 2861 326 2952 Quem
346 2860 602 2930 lacrymte
633 2860 854 2952 demum
911 2871 967 2917 et
996 2864 1281 2952 redimunt
1325 2865 1539 2934 jejunia
1558 2864 1789 2920 fratrum
1894 2875 2064 2939 Quam
2092 2875 2175 2931 sic
2195 2876 2362 2952 digna
2388 2876 2554 2948 capit,
2590 2873 2706 2949 regi
2734 2889 2901 2946 quam
2930 2879 3085 2947 grata
3104 2886 3273 2941 super

160 2947 519 3020 Perfecteque
549 2958 736 3004 manet
763 2950 975 3022 degens
1010 2951 1065 3005 in
1092 2960 1297 3008 caetera
1318 2954 1479 3008 liber.
1893 2964 2153 3021 Ruricola
2182 2947 2410 3037 accepto
2436 2947 2823 3036 increpituque
2843 2963 3058 3017 latrone
3090 2960 3300 3033 fugato.

160 3043 489 3099 Germanum
523 3045 615 3100 hic
654 3045 873 3101 fratrem
895 3048 1104 3103 clarum
1136 3050 1410 3120 probitate
1430 3050 1701 3106 Joannem
1897 3053 2053 3108 Haud
2075 3054 2284 3126 aliquid
2301 3054 2444 3121 juris
2476 3070 2565 3108 res
2608 3053 2664 3106 in
2691 3051 2945 3107 candoris
2972 3049 3217 3104 habente

168 3134 445 3191 Extulerat
464 3136 717 3207 praescita
738 3138 843 3209 piae
861 3140 949 3195 cui
973 3141 1149 3213 gloria
1178 3151 1362 3206 metm,
1897 3145 1990 3200 Vel
2016 3155 2289 3202 temerare
2321 3145 2538 3201 valente
2571 3146 2757 3200 datum
2787 3142 2891 3197 nisi
2922 3141 3139 3212 virgine
3170 3146 3415 3211 portum.

1640 3305 1850 3360 CAPUT
1901 3306 2011 3361 νυ.

1358 3436 1436 3495 De
1458 3446 1665 3497 sancto
1696 3437 1930 3499 Joanne
1963 3440 2312 3514 confessore.

157 3560 403 3616 Joannes
424 3561 638 3632 Syriam
672 3564 889 3619 virtutis
920 3566 1441 3639 culminelinquens
1888 3569 2172 3625 Roboreos
2202 3569 2323 3624 sine
2355 3584 2507 3624 more
2540 3567 2730 3622 vident
2746 3566 3007 3623 frondere
3038 3567 3296 3632 lacertos,

158 3656 566 3728 Ausoniamque
582 3666 803 3728 petens,
844 3659 1215 3716 Penarensem
1276 3662 1553 3718 illuminat
1592 3664 1786 3717 urbem
1890 3656 2204 3730 Vestirique
2235 3658 2362 3713 dato
2393 3673 2502 3713 non
2535 3656 2592 3711 in
2624 3672 2725 3711 sua
2756 3663 3004 3725 tempora
3032 3655 3202 3710 cultu.

158 3747 605 3819 Perquirensque
632 3748 812 3805 locum
838 3747 966 3806 tutae
995 3761 1049 3806 et
1074 3754 1332 3809 stationis
1362 3755 1625 3829 agellum,
1818 3813 1830 3829 ι
1848 3808 1860 3825 ι
1894 3746 2133 3802 Scitatus
2153 3747 2278 3819 quis
2306 3756 2361 3802 et
2383 3746 2530 3801 unde
2552 3745 2780 3800 domum
2812 3744 3063 3815 quojure
3091 3751 3347 3797 moretur

158 3813 427 3894 Psalterio
448 3813 559 3894 ιείο
582 3840 680 3895 sed
708 3856 834 3899 mox
860 3843 929 3897 ad
959 3851 1087 3899 γοιει
1114 3845 1309 3908 relato,
1395 3813 1428 3829 υ
1613 3813 1624 3821 ’
1817 3813 1862 3872 υ
1889 3834 1960 3890 Se
1993 3813 2193 3894 Christi
2234 3837 2398 3893 modo
2430 3835 2658 3891 servitio
2689 3813 2908 3888 venisse
2949 3830 3172 3897 fatetur,

158 3930 363 4004 Deligit
386 3930 476 3985 hic
496 3939 716 4004 sumpto
745 3934 941 3990 collata
965 3935 1277 3993 habitacula
1302 3938 1499 4013 signo;
1893 3931 2002 3986 Hoc
2023 3946 2083 3985 se
2094 3930 2220 3999 jure
2252 3928 2408 3995 locis,
2443 3928 2549 3982 hoc
2570 3925 2752 3981 sidere
2774 3922 3137 4013 ruribusillis.

154 4020 370 4075 Certior
394 4021 647 4095 angelico
670 4022 803 4093 quin
827 4021 1028 4078 famine
1058 4026 1317 4096 protinus
1346 4028 1501 4083 audit
1578 4062 1581 4063 ν
1888 4023 2013 4077 Visa
2044 4021 2225 4077 ferunt
2255 4020 2500 4092 populis,
2534 4017 2812 4074 turmatim
2844 4016 3016 4070 densa
3047 4012 3302 4068 feruntur

158 4112 314 4166 Hunc
330 4112 436 4166 sibi
458 4113 557 4167 rite
584 4112 762 4167 locum
789 4114 1023 4171 Domino
1054 4127 1353 4187 praestante
1382 4122 1687 4191 parandum

1888 4116 2139 4192 Agmina,
2165 4114 2437 4185 stipantes
2466 4121 2672 4168 coeunt
2691 4111 2809 4165 haec
2836 4107 3014 4163 visere
3041 4113 3230 4161 turmae
3263 4123 3277 4172 ;

156 4201 409 4274 Degendi
440 4208 658 4272 portum
682 4218 987 4277 cursusque
1016 4206 1234 4278 viaeque
1266 4208 1542 4265 levamen.
1891 4209 2078 4264 Castra
2105 4206 2361 4263 locantur
2393 4206 2562 4260 humo
2594 4203 2714 4259 solo
2742 4199 3044 4277 gaudentia
3069 4198 3228 4263 caelo,

158 4288 403 4342 Canebat
422 4289 670 4361 glacialis
700 4291 912 4363 hyems,
937 4308 1135 4349 nemus
1160 4310 1326 4352 omne
1356 4298 1577 4372 rigebat
1891 4300 2193 4356 Praeficitur
2223 4297 2516 4355 certaturis
2543 4295 2860 4352 certaminis
2890 4307 3135 4363 auspex;

156 4385 422 4439 Duratum
455 4385 778 4457 nudumque
809 4403 973 4463 coma
1013 4390 1399 4464 scriptumque
1422 4395 1643 4465 pruina,
1889 4397 2163 4471 Aggregat
2201 4403 2366 4466 atque
2398 4393 2535 4468 regit
2568 4392 2801 4449 Domino
2856 4389 3178 4444 moderante
3217 4390 3464 4440 catervas
3493 4396 3509 4449 ;

156 4476 368 4547 llleque
391 4475 496 4531 sub
521 4476 674 4532 vidui
714 4480 993 4537 residebat
1016 4483 1260 4555 tegmine
1282 4485 1418 4561 ligni
1450 4504 1464 4551 ;
1891 4485 1985 4541 Sic
2009 4494 2206 4556 quater
2233 4483 2490 4540 undenos
2520 4481 2738 4553 pollens
2766 4477 3061 4534 virtutibus
3090 4488 3268 4530 annos

157 4568 371 4623 Venatu
398 4568 530 4624 fessi
551 4578 677 4641 post
704 4570 870 4647 longa
893 4574 1180 4631 volumina
1196 4577 1395 4638 saltus,
1892 4576 2029 4631 Hinc
2057 4581 2310 4647 sumptus
2337 4571 2530 4644 requie
2569 4568 2773 4624 renitet
2802 4564 3116 4638 splendoris
3144 4564 3376 4625 honore,

156 4659 373 4716 Erroris
397 4660 529 4715 dum
559 4670 689 4717 nota
718 4670 915 4733 petunt
953 4665 1226 4723 solamina
1254 4668 1429 4743 longi,

1647 4808 1855 4865 CAPUT
1902 4808 2041 4864 VIII.

1371 4940 1449 4999 De
1476 4949 1682 5000 sancto
1718 4940 2007 5001 Cassiano
2035 4945 2323 5014 martyre.

157 5067 323 5138 Syllze
342 5066 526 5123 forum
555 5084 665 5140 qua
688 5068 713 5121 ί
728 5069 984 5126 assianus
1004 5072 1183 5147 gloria
1806 5074 2168 5148 DDatusque
2197 5072 2360 5128 saavis
2388 5067 2743 5141 dissipandus
2767 5064 3030 5138 parvulis,
3082 5061 3090 5068 ’

156 5162 418 5229 Illustrat,
452 5163 588 5230 edit,
615 5174 992 5238 concrepante
1023 5170 1268 5226 carmine
1891 5166 2070 5222 Sumit
2098 5180 2291 5221 severa
2320 5162 2476 5218 mille
2495 5161 2712 5217 vinctus
2730 5158 2978 5214 vulnera.

156 5253 411 5309 Clemens
442 5254 751 5325 palaestram
778 5257 1065 5315 disserens
1080 5261 1355 5330 Aurelius,
1888 5260 2184 5315 Crescente
2218 5271 2384 5327 poena
2405 5254 2536 5314 dum
2567 5247 3050 5310 fatiscitcarnifex.

158 5343 391 5399 Pictoris
420 5350 541 5398 arte
570 5360 630 5400 se
659 5344 893 5403 docente
924 5354 979 5403 et
1006 5348 1244 5420 hOSpite.
1888 5345 2080 5402 Pueris
2108 5343 2356 5420 magistri
2389 5358 2488 5414 per
2525 5346 2706 5396 cutem
2737 5336 3082 5403 ludentibus,

153 5431 307 5488 Alter
342 5431 546 5488 scolari
567 5432 657 5488 hic
685 5435 1028 5506 praestitutus
1055 5438 1286 5511 agmini,
1890 5438 2034 5503 Quas
2059 5434 2179 5507 ipse
2203 5434 2373 5489 durus
2402 5429 2855 5488 doctorediderat
2874 5427 3038 5493 notis,

155 5524 558 5595 Spernensque
575 5525 748 5580 sacris
776 5529 1097 5599 supplicare
1116 5528 1391 5600 formulis,
1889 5526 2133 5583 Tandem
2165 5539 2349 5579 moras
2368 5520 2628 5578 luctantis
2657 5520 2791 5575 olim
2822 5518 3051 5591 spiritus

156 5613 395 5685 lmpube
425 5615 627 5687 vulgus
654 5618 877 5674 erudire
915 5626 974 5675 ut
999 5621 1284 5692 panditur,
1891 5620 2157 5675 Miserans
2189 5616 2419 5672 latebris
2446 5613 2672 5671 mandat
2699 5612 2912 5669 absolvi
2943 5613 3087 5668 Deus

157 5705 373 5761 Ludum
399 5705 635 5776 jubetur
660 5718 839 5765 morte
867 5711 1104 5782 ephebis
1124 5713 1369 5783 praebeat
1887 5712 1926 5766 A
1966 5718 2074 5767 tam
2105 5715 2333 5766 cruento
2357 5707 2758 5763 lancinatorum
2783 5722 2953 5781 grege

150 5793 311 5861 Quos
335 5794 745 5867 supprimenda
775 5799 936 5856 seriis
964 5799 1294 5870 offenderat,
1887 5804 1966 5859 Ad
1991 5803 2312 5878 angelorum
2342 5799 2549 5856 blanda
2565 5798 2768 5855 tollens
2789 5796 3055 5865 culmina,
