3902 6426
388 425 494 481 863
1160 432 1531 489 FLODOARDI
1570 435 1876 492 CANONlCl
1916 433 2247 492 REMENSIS
2288 430 2629 489 OPUSCULA
2666 427 2978 484 METRICA.
3646 428 3755 483 864

390 562 668 619 Sollicitus
694 580 853 620 sacer
880 581 945 622 ac
974 573 1177 623 nutans
1206 567 1302 622 ubi
1326 568 1445 624 nisa
1462 571 1730 629 recedunt
2034 576 2086 642 Α
2111 569 2341 626 Nomina
2372 582 2499 623 mox
2529 572 2795 638 actusque
2836 570 3010 631 notat,
3046 563 3379 637 patrimonia
3412 570 3640 619 cuncta.

391 652 529 707 Vera
558 653 695 723 petit
721 654 923 725 repeti,
955 655 1000 709 si
1032 671 1191 721 vana,
1225 652 1496 713 facessere
1526 660 1721 715 ventis.
2116 659 2290 714 Pensa
2312 656 2451 723 foro,
2484 654 2733 728 indignis
2760 652 3095 726 famulisque
3123 652 3354 708 ferenda
3382 652 3604 718 solutis,

396 740 642 813 Augetur
667 757 833 812 parco
867 742 1111 811 devotio,
1142 745 1257 799 visa
1297 756 1606 813 recurrunt,

2140 753 2315 824 lioque
2346 752 2538 806 decem
2571 749 2830 822 precibus
2860 747 3119 819 lcctuque
3141 763 3333 803 vacare
3358 746 3465 802 sub
3492 745 3681 808 annis,

387 835 505 890 Jam
538 851 759 907 quoque
791 839 1086 893 marcentis
1128 855 1317 896 vocem
1341 841 1469 896 dum
1495 843 1654 899 tertia
1682 844 1813 918 galli
2120 845 2183 899 Ut
2209 844 2370 899 datur
2408 842 2649 914 palmam
2674 856 2916 912 quonam
2948 839 3250 895 certamine
3284 838 3575 901 scandant.

391 927 504 1025 l‘lox
537 927 814 1025 redhibet,
849 928 1084 1025 redeunt
1108 931 1209 986 visi
1253 949 1317 988 ac
1346 934 1657 1004 produntur
1684 936 1909 1007 ephazbi
2118 938 2410 994 Sacricolis
2434 944 2495 993 ut
2524 937 2714 1004 delati,
2758 951 3022 1007 responsa
3052 934 3328 1007 negarint,

392 1018 719 1117 insomni-ac
744 1018 965 1117 stupido
983 1036 1283 1117 vacuoque
1315 1029 1374 1077 ut
1395 1039 1625 1095 corpore
1658 1024 1803 1081 fesso
2118 1032 2292 1104 Digna
2322 1029 2443 1085 deis
2481 1029 2617 1084 tenti
2638 1035 2699 1083 ut
2721 1026 2863 1082 fanis
2892 1043 3046 1082 sacra
3078 1027 3222 1081 ferre
3253 1032 3586 1080 monentur:

392 1108 610 1209 Tertius
642 1109 740 1209 hos
761 1109 950 1165 ductat
971 1111 1402 1209 Paulum-quem
1432 1117 1661 1209 schema
1687 1117 1885 1193 ﬁgurat
2118 1124 2266 1177 Vana
2297 1121 2447 1192 prior
2477 1120 2739 1194 ﬁgmenta
2768 1120 2998 1185 docens,
3020 1135 3117 1189 per
3145 1117 3321 1172 ﬂabra
3348 1117 3584 1186 jubetur

395 1200 609 1304 Quique
633 1207 841 1304 notans
870 1202 1054 1259 socios
1084 1206 1279 1275 pandit
1298 1223 1400 1263 suo
1424 1207 1575 1277 jussa
1595 1216 1814 1265 secutos
2122 1214 2338 1269 Plumbi
2370 1212 2520 1268 exire
2544 1212 2861 1273 hominem;
2885 1209 3151 1264 suadetur
3169 1225 3234 1264 ac
3262 1208 3405 1263 alter
3434 1207 3502 1261 ad
3524 1211 3669 1271 atra,

396 1294 552 1348 Saecli
582 1294 901 1351 adversatos
922 1299 1162 1370 pompis,
1192 1301 1538 1376 vestigiaque
1569 1304 1664 1359 alti
2123 1306 2172 1359 ls
2219 1319 2442 1376 quoque
2494 1302 2819 1357 suadentem
2846 1300 3110 1356 miserum
3166 1299 3561 1371 trepidumque
3620 1295 3773 1350 resi-

395 1382 641 1481 §ectatos
674 1382 925 1452 Domini,
954 1387 1175 1443 culmen
1208 1391 1483 1461 sprevisse
1513 1393 1806 1460 caducum,
3459 1386 3691 1457 [ἐπεῖπεν

398 1472 645 1574 binaque
685 1473 979 1574 conclusos
1000 1478 1279 1548 quondam
1310 1480 1391 1536 sic
1421 1480 1590 1537 lustra
1618 1482 1832 1538 dicasse
2128 1486 2384 1543 Fustibus
2413 1484 2687 1550 atteritur,
2716 1483 3003 1554 majorque
3033 1481 3104 1536 ad
3133 1480 3280 1536 bella
3312 1481 3550 1545 levatur,

396 1561 748 1663 ξξέτγίίίξκῖιξεῖ
781 1565 876 1619 Dei
907 1565 1162 1663 ξῘίνεθίῐυθ
1193 1586 1420 1625 vacasse
1452 1573 1666 1663 S_0Plli%B
2127 1565 2479 1651 Compatiens
2508 1576 2653 1633 hosti
2686 1576 2882 1630 doctus
2909 1573 3288 1648 paradigmate
3317 1572 3543 1636 Christi,

398 1650 657 1759 Ξίέηξτίο
684 1653 856 1759 dig"?
889 1655 1068 1759 δξῖῖξθθ
1098 1661 1577 1759 ,νθξηδῐὍ-Ρτοέδξί
1602 1679 1616 1726 ξ
1669 1752 1702 1759 __
2127 1675 2327 1746 Sicque
2349 1674 2511 1728 datus
2537 1671 2738 1748 gladiis
2767 1686 2891 1726 cum
2924 1668 3090 1724 fratre
3119 1667 3407 1724 asciscitur
3432 1666 3620 1722 astris.

397 1742 636 1812 Corpora
675 1760 786 1815 quo
814 1744 997 1800 fundit
1024 1754 1148 1802 vota
1177 1748 1514 1805 invenienda
1544 1750 1741 1807 locello

2129 1742 2370 1828 Quorum
2402 1762 2498 1816 ubi
2525 1742 2596 1816 de
2626 1760 2753 1815 trita
2775 1760 3046 1815 tolluntur
3066 1758 3303 1832 pignora
3334 1756 3524 1811 tumba

396 1837 587 1938 limam
620 1839 973 1938 exultandam
1008 1844 1388 1938 templumque
1418 1846 2025 1938 celebreuparandum;
2059 1896 2104 1938 η
2131 1851 2361 1907 Condita
2386 1850 2597 1906 lecticis
2625 1847 2866 1921 inSIgnia
2889 1847 3050 1920 plura
3080 1846 3275 1902 salutis

1070 1896 1383 1917 ν
1435 1896 1647 1902 ην---
1721 1896 1929 1902 ____--_

398 1923 631 1981 Nomina
663 1928 889 1984 scitatus
919 1931 1066 2001 capit
1090 1931 1383 1988 inventum
1415 1934 1497 1990 ire
1534 1896 1783 1990 libellrum

2059 1896 2105 1963 Β
2130 1944 2375 2001 Praestita
2407 1942 2664 2009 defessis,
2690 1896 2846 1997 tifulo
2881 1896 3201 2012 panduntur
3229 1938 3460 1995 honoris

401 2015 635 2118 Domina
664 2036 773 2118 quo
805 2023 1358 2118 meritumquelegat
1386 2034 1743 2099 sumptasque
1770 2043 2027 2095 coronas,
2132 2034 2458 2108 martyribus
2484 2035 2599 2099 lati,
2629 2034 2835 2105 pietate
2866 2040 2921 2087 et
2949 2031 3200 2103 praesulis
3229 2030 3359 2085 almi

409 2108 503 2211 ille
528 2109 683 2164 ciens
708 2110 905 2168 fratres
925 2114 1160 2181 telluris,
1189 2116 1245 2170 in
1264 2118 1460 2172 ordine
1492 2119 1723 2189 primus,

2128 2129 2420 2200 Martyrum
2451 2126 2559 2197 (sic)
2586 2131 2838 2180 attrectat
2866 2122 2994 2178 ﬁdei
3018 2122 3292 2177 velamina
3323 2120 3472 2186 nisu,

404 2198 578 2271 Terga
605 2201 783 2270 aperit
812 2201 1112 2271 fodiendo;
1145 2206 1237 2260 diu
1270 2215 1482 2262 secreta
1512 2216 1801 2279 patescunt
2133 2198 2276 2272 Lucé
2308 2215 2640 2271 reformatur
2673 2230 2852 2269 camus
2883 2213 3129 2268 radiante
3164 2211 3435 2274 Severus;

406 2287 755 2393 gummi?“
785 2296 1189 2393 cf’rrlfpta‘situ
1222 2314 1325 2353 nec
1345 2299 1470 2354 tabe
1498 2300 1678 2355 soluta
2136 2310 2406 2364 Curantur
2424 2307 2581 2379 nigro
2612 2306 2824 2361 obsessi
2857 2304 3161 2376 spiramine
3188 2302 3399 2375 plures,

412 2377 586 2451 thue
606 2381 700 2436 diu
721 2383 902 2453 posita
928 2386 1030 2441 hac
1049 2386 1310 2463 fragranti
1341 2399 1563 2444 nectare
1593 2405 1814 2461 sparsa;
2134 2377 2535 2467 Gratanterqde
2564 2401 2900 2450 revertentes
2932 2394 2982 2447 vi
3014 2391 3246 2447 luminis
3273 2396 3501 2462 augent,

411 2472 710 2575 Dapectata
732 2486 883 2547 patet
914 2483 1166 2551 pandens
1189 2484 1461 2554 promissa
1488 2484 1743 2540 libellus:
2134 2486 2393 2542 Ecclesiae
2422 2484 2683 2539 minuunt
2704 2483 2856 2555 pravi
2885 2482 3129 2537 fomenta
3158 2479 3382 2544 furoris,

657 2572 717 2666 Ψ
748 2576 875 2666 "at?
905 2572 1204 2628 comitante
1237 2574 1353 2629 haec
1382 2584 1538 2646 rapta
1567 2575 1880 2648 Philippus,
2138 2576 2527 2647 lucipiuntque
2551 2572 2681 2628 fera:
2698 2572 2904 2627 sensim
2932 2585 3210 2625 rarescere
3242 2567 3439 2633 turbae,

412 2655 593 2712 Edidit
620 2664 682 2713 ut
708 2661 962 2734 geminos
991 2663 1164 2720 Vitale
1196 2666 1405 2723 Valeria
1436 2675 1612 2738 patre,
2137 2669 2308 2738 Inque
2339 2665 2683 2721 sacerdotem
2720 2663 2916 2718 Christi
2946 2662 3123 2718 excita
3152 2660 3261 2715 tela
3289 2658 3470 2715 relidi.

1866 2795 2077 2851 CAPUT
2128 2794 2236 2849 XV.

1577 2901 1655 2959 De
1684 2902 2013 2961 virtutibus
2040 2900 2236 2959 sancti
2265 2897 2586 2957 Ambrosii.

416 3027 628 3085 Saavam
660 3030 804 3088 intra
848 3033 1100 3104 quamvis
1156 3034 1335 3090 aulam
1392 3036 1549 3110 nigra
1579 3053 1859 3092 murmura
1891 3053 2044 3092 mus-
2066 3039 2115 3107 ί]
2144 3034 2282 3099 Quid
2310 3034 2627 3089 Zoroastreo
2653 3044 2954 3086 succensus
2976 3027 3142 3082 corda
3173 3023 3375 3080 furoris

1800 3129 1962 3201 [sent,
2139 3125 2221 3184 Sit
2240 3138 2436 3178 suasus
2456 3122 2615 3192 jusso
2636 3118 2869 3173 insidias
2899 3116 3112 3171 fervore
3144 3111 3344 3168 ferocis

417 3218 636 3275 Confusi
678 3221 941 3277 renidunt
971 3230 1152 3279 tamen
1179 3225 1442 3283 insultare
1470 3240 1748 3301 parantes.

2137 3215 2387 3273 Tendere
2416 3209 2768 3282 sceptrigerm
2800 3204 3033 3272 doctori,
3057 3208 3305 3259 avertere
3336 3207 3517 3256 castra

416 3309 709 3365 Recticolis
732 3311 936 3368 Zabulo
967 3312 1095 3367 dum
1127 3314 1350 3386 quidam
1371 3295 1624 3390 arreptus
1655 3336 1844 3376 eorum
2143 3306 2422 3368 Ecclesiaa,
2455 3317 2566 3374 quo
2597 3298 2884 3355 sacriﬁcus
2921 3295 3140 3372 fastigia
3169 3295 3324 3349 nisus

418 3402 625 3458 Invitus
654 3403 748 3458 dat
777 3419 905 3459 vera
936 3405 1082 3471 licet,
1116 3381 1280 3463 laude
1309 3409 1473 3485 erigit
1498 3381 1734 3480 hostem,
2141 3395 2440 3453 scanderat
2468 3391 2706 3447 Obscura
2735 3387 2910 3443 ιδοίίέθ
2942 3384 3181 3483 caligine
3212 3381 3394 3437 ηοοιίδ

420 3491 720 3547 Conturbat
749 3493 949 3561 socios,
984 3494 1245 3565 pietatem
1277 3473 1498 3554 nesé’ius
1521 3473 1731 3565 etiam,
2142 3482 2606 3552 Culminibusque
2644 3478 2811 3532 litans
2839 3475 2962 3530 lites
2991 3473 3174 3529 excire
3202 3480 3447 3543 pararat,

420 3580 481 3635 Di
513 3596 543 3635 a
584 3588 768 3637 truces
798 3582 1009 3638 addunt
1036 3586 1285 3651 comites,
1338 3588 1727 3663 perimuntque
1770 3593 2037 3657 sodalem,
2144 3579 2328 3634 Vel‘SiS
2353 3592 2418 3632 ac
2446 3574 2610 3641 νοῐίεν
2642 3571 2771 3627 οάίο
2804 3585 2901 3641 PFO
2932 3568 3083 3623 οεείίθ
3111 3565 3307 3637 Petito:

422 3672 661 3727 aniSllm
693 3674 836 3728 veris
865 3677 1149 3730 cumulant
1177 3677 1284 3733 sibi
1316 3655 1516 3750 probra
1546 3655 1823 3747 dcc'orem,
2027 3655 2032 3657 ﬁ
2143 3671 2378 3725 Sanctus
2396 3681 2551 3722 amor
2581 3663 2723 3719 Patri
2757 3668 3009 3716 natorum
3037 3659 3092 3713 in
3116 3658 3283 3712 corde
3306 3655 3582 3729 flagravit.

424 3766 598 3840 Digno
621 3765 868 3837 pontiﬁci
902 3765 1114 3824 Christo
1144 3748 1500 3827 decus—omne
1532 3772 1753 3839 ferenti,
2145 3761 2391 3819 Prodidit
2419 3767 2583 3830 atque
2611 3765 2796 3812 truces
2825 3770 2884 3808 se
2917 3753 3207 3827 delegasse
3237 3748 3524 3804 ministros

424 3857 550 3912 llaec
579 3856 685 3911 sibi
712 3858 807 3929 qui
841 3866 1061 3929 praestat
1091 3862 1338 3917 caalestia
1368 3879 1599 3920 munera
1626 3882 1804 3931 servo,
2144 3849 2375 3907 Almiﬁci
2406 3849 2641 3904 invisam
2667 3846 2846 3919 pravis
2876 3844 3203 3919 extinguere
3222 3842 3413 3909 vitam,

423 3950 522 4014 Qui
543 3965 744 4021 supero
769 3950 1075 4006 adstantem
1109 3955 1285 4010 munit
1307 3954 1436 4009 dum
1468 3954 1671 4012 famine
1694 3960 1935 4032 plebem,
2145 3945 2257 4001 Nec
2277 3943 2471 3997 5‘11le
2500 3939 2733 3994 νδῙυίδδθ
2762 3938 2963 3993 domus
2983 3934 3249 3991 accedere
3278 3932 3455 4003 εθιηὶε

424 4044 683 4099 Cominus
710 4044 987 4100 aethereus
1013 4046 1163 4101 visus
1192 4050 1499 4106 consistere
1529 4022 1709 4117 civis;
1926 4022 1931 4023 ί
2148 4032 2403 4103 Undique
2431 4027 2657 4084 munitae
2699 4025 2887 4081 invicti
2915 4022 3227 4079 fervoribus
3250 4022 3414 4097 ignis,

425 4135 551 4190 Auri
583 4134 677 4207 qui
696 4134 921 4190 inferret
944 4137 1151 4207 populo
1174 4156 1297 4210 qua;
1325 4141 1448 4211 jura
1476 4110 1729 4198 serenda.
2149 4121 2384 4177 Defenso
2407 4120 2579 4188 justo,
2613 4131 2820 4171 saavum
2851 4111 3326 4169 inﬂammantibus
3355 4110 3570 4166 hostem
3605 4128 3623 4175 ;

423 4206 669 4277 lEmulus
691 4224 809 4279 haec
839 4206 1031 4279 cernit
1046 4206 1266 4283 fervens
1296 4206 1532 4286 infestus
1560 4240 1616 4286 ei
1634 4246 1762 4287 acer
2152 4217 2241 4271 His
2270 4223 2465 4271 stratas
2503 4211 2739 4268 cessisse
2772 4210 2960 4285 nigras
2987 4206 3382 4283 congressibus
3410 4212 3583 4260 artes.

427 4314 777 4387 Invictusque
816 4317 935 4372 suis
966 4319 1164 4388 pellaei
1197 4320 1439 4376 creditus
1473 4337 1587 4387 ore,
2070 4342 2123 4388 η
2149 4310 2451 4380 lnsurgunt
2481 4302 2773 4358 manifesta
2794 4301 3113 4372 caduntque
3145 4299 3310 4353 relisa
3331 4294 3541 4351 duella.

428 4406 620 4462 Omnia
650 4408 745 4480 qui
787 4416 937 4465 tetra—3
966 4426 1241 4482 spernens
1284 4413 1570 4469 molimina
1602 4414 1833 4482 fraudis,

2064 4385 2122 4411 υ
2151 4398 2284 4452 Nam
2315 4395 2556 4468 quodam
2578 4392 2738 4447 datus
2764 4391 3042 4446 insontem
3057 4387 3313 4461 jugulare
3339 4385 3569 4440 satelles

429 4500 584 4566 Quod
598 4477 749 4556 ferus
769 4477 1063 4559 umbrabat
1090 4505 1259 4577 coepit
1284 4506 1613 4577 depromere
1643 4477 1830 4564 ιυιηθιί
2152 4488 2463 4545 Castiﬁcum
2494 4485 2683 4541 stricto
2715 4490 3016 4554 penetrans
3056 4495 3319 4536 mucrone
3351 4477 3566 4543 cubile,

431 4591 673 4661 Contigit
693 4592 799 4648 hoc
827 4592 984 4669 vigili
1015 4572 1255 4652 servanti
1284 4572 1505 4653 oracula
1535 4604 1752 4653 mente:
2154 4587 2291 4641 Dum
2322 4596 2536 4638 sacrum
2565 4577 2732 4632 librat
2762 4576 2816 4630 in
2842 4576 3099 4651 jugulum
3134 4572 3378 4645 deﬁgere
3409 4572 3647 4639 Ῡθιτιιῐηι

430 4684 526 4739 Ast
543 4682 680 4739 alias
716 4661 925 4741 tumide
963 4695 1154 4758 pactas
1193 4688 1623 4760 prohibentibus
1652 4706 1814 4746 aures
2153 4672 2410 4731 Αῑῑοῐιίίίε
2436 4683 2600 4725 arens
2629 4666 3091 4737 nerViSluncml‘a
3128 4661 3355 4738 τίεθεοίί

436 4770 656 4846 Regalis
680 4774 906 4830 thalami
937 4755 1214 4832 tutoribus
1241 4777 1358 4833 oria
1383 4794 1515 4833 vere
1542 4778 1719 4851 (207')
2155 4768 2269 4824 Nec
2292 4765 2438 4822 valet
2458 4762 2657 4818 elatam
2680 4757 2955 4816 moderari
2978 4756 3219 4811 motibus
3250 4755 3461 4821 ulnam,

434 4868 672 4935 Quaesita
688 4870 931 4926 assensis
959 4868 1300 4947 fugientibus
1329 4887 1426 4929 ore
1464 4844 1653 4946 parato
1707 4844 1714 4851 ’
2158 4860 2295 4913 Dum
2322 4854 2547 4911 tandem
2577 4849 2759 4905 fassus
2787 4844 3375 4944 crimendominazque
3408 4846 3689 4915 furorem,

437 4934 721 5013 Pontiﬁcis
748 4975 876 5016 mox
905 4960 1004 5016 sed
1022 4934 1203 5032 lapsis
1232 4934 1541 5035 capuloque
1562 4962 1768 5025 relatis.
2160 4948 2333 5013 Quem
2364 4944 2495 4998 dare
2525 4939 2641 4995 ad“
2667 4937 2831 4993 Πιονίί
2856 4934 3188 5035 Ῐθάιιίῧθιυτ
3218 4944 3374 5005 Pa”e
3403 4935 3595 4991 saluti-

435 5049 681 5106 Praasule
702 5057 992 5120 tractante,
1023 5025 1172 5109 haud
1192 5025 1385 5109 audire
1414 5025 1731 5111 valentibus
1750 5054 1879 5123 illis,
2160 5039 2272 5094 Nec
2300 5033 2535 5108 Ρθνίάυδ
2563 5044 2725 5104 reges
2750 5027 3068 5098 trepidus“
3095 5033 3282 5081 οτθίοτ
3310 5025 3465 5080 adire

436 5139 652 5215 Organa
676 5142 770 5213 qui
798 5142 928 5197 ﬁdei
955 5141 1099 5198 fastu
1131 5150 1410 5214 tempsere
1439 5143 1700 5215 superbo,
2163 5132 2260 5189 llic
2286 5139 2442 5203 pater
2470 5124 2744 5184 extimuit.
2773 5137 2916 5177 caeso
2947 5122 3097 5192 quod
3120 5135 3250 5192 rege
3269 5127 3543 5191 tyrannus

437 5210 562 5297 Ipse
587 5210 893 5286 sacerdotis
923 5231 1168 5288 Christus
1185 5210 1465 5304 protector
1493 5210 1547 5289 at
1574 5233 1737 5300 ultor,
2163 5221 2416 5279 lntremit
2445 5214 2762 5272 admonitus
2793 5213 3077 5284 sacrisque
3102 5217 3349 5267 remotus
3374 5210 3445 5264 ab
3472 5210 3592 5266 aris

439 5322 561 5391 lpse
591 5329 754 5377 tuens
783 5321 1047 5378 famutum
1091 5303 1291 5379 cuncto
1318 5323 1573 5379 servabat
1600 5322 1668 5379 ab
1701 5331 1843 5379 astu.
2163 5318 2469 5372 lnnocuum
2502 5309 2633 5365 dum
2662 5305 2934 5379 pceniteat
2961 5303 3172 5358 fudisse
3202 5317 3482 5359 cruorem.

438 5414 682 5471 Necsilct
706 5418 826 5472 haec
853 5416 1033 5473 hostis
1066 5418 1238 5474 vilent
1269 5419 1357 5474 cui
1382 5418 1613 5474 verbera
1638 5418 1822 5473 carnis
2162 5410 2227 5464 At
2255 5407 2386 5481 quia
2414 5403 2719 5460 contemnit
2748 5400 3000 5457 consulta
3028 5395 3268 5451 salubria
3296 5394 3462 5462 vatis,

442 5504 673 5561 lncenso
700 5506 831 5581 igne
862 5509 1033 5583 stygis
1062 5509 1322 5565 vindictae
1348 5509 1583 5565 tormine
1614 5509 1777 5577 vatis,
2163 5500 2280 5556 Non
2299 5496 2466 5553 modo
2496 5496 2768 5560 sidereos,
2796 5493 2938 5547 imos
2956 5489 3091 5561 quin
3123 5487 3279 5560 ponit
3309 5487 3583 5553 honores,

440 5594 700 5666 Angelico
727 5578 855 5651 sese
879 5578 1061 5654 tutore
1088 5607 1300 5654 terente
1333 5597 1504 5666 beati,
2167 5594 2230 5652 Et
2259 5608 2352 5665 qui
2382 5588 2701 5662 pontiﬁcem
2735 5592 3012 5656 praecepto
3038 5579 3281 5654 benigna
3308 5578 3586 5634 ferentem

518 5736 698 5817 (207*)
714 5735 1241 5817 “sz‘VitamHSancti
1286 5740 1558 5797 Ambrosii
1599 5741 1907 5817 a_P_a_ulino
1942 5740 2064 5817 ejus
2163 5735 2438 5817 corruptis
2451 5751 2468 5816 ξ
2507 5736 2970 5817 oria‘vere,‘qua~;:,
3010 5728 3056 5812 si
3086 5724 3314 5810 omnino
3353 5725 3709 5792 necessaria,
3730 5724 3804 5778 sic

448 5799 689 5874 notario,
712 5809 744 5878 §
770 5809 1209 5882 18.1ntelligitur
1229 5813 1863 5883 sermo,exceptishisce
1880 5799 2064 5867 verbis
2168 5809 2305 5865 forte
2333 5799 2676 5863 restituenda
2706 5799 2866 5858 sunt}
2897 5802 3056 5856 obvia
3084 5799 3217 5853 veri.
