3902 6482
107 430 205 485 865

108 554 342 625 Spernit,
374 550 624 605 femineo
651 549 859 603 fractus
890 558 1098 602 terrore
1127 546 1350 601 fatiscit.

109 647 192 697 Ast
217 643 377 697 aliter
405 639 759 694 Theodosius
788 646 1079 707 correptus
1112 645 1167 690 et
1205 634 1347 690 orsis

112 738 414 808 lncrepitus
443 734 598 789 duris
628 733 810 788 audiri
842 732 1075 803 prmsule
1094 730 1275 785 dictus

110 831 178 881 Ac
197 826 432 880 Domino
465 822 732 896 indignus
756 822 1055 891 jussusque
1096 819 1288 873 audire
1312 823 1631 871 monentem

113 920 398 972 Decretum
421 930 682 970 revocare
704 913 972 983 datasque
1010 910 1279 965 revellere
1307 909 1480 984 leges,

110 1013 239 1065 Dum
274 1010 435 1063 daret
466 1008 520 1060 in
545 1005 743 1061 Christi
774 1004 935 1059 seevis
965 1003 1055 1074 pia
1085 1009 1265 1057 castra
1300 999 1638 1070 triumphos,

112 1098 401 1169 Accipiens
422 1094 641 1167 placide
669 1092 915 1148 monitus
944 1098 1274 1162 austeraque
1300 1090 1455 1158 jussa

114 1191 228 1245 Non
257 1189 364 1243 nisi
390 1187 495 1243 sub
526 1185 658 1240 fidei
692 1184 852 1240 titulo
872 1200 1066 1256 parere
1106 1182 1283 1237 suasis

114 1278 633 1333 Obtinetannutans
664 1273 835 1327 sacris
866 1272 1135 1327 accedere
1169 1276 1371 1324 vatem.

114 1372 202 1425 Sic
232 1367 518 1442 quondam
549 1382 720 1437 super
746 1364 1003 1419 admissis
1026 1378 1214 1418 errore
1244 1361 1459 1433 piaclis,

120 1460 328 1527 lnjuste
359 1458 605 1512 innocuo
636 1454 939 1508 multorum
971 1451 1242 1525 sanguine
1266 1450 1407 1513 fuso,

117 1554 349 1605 Amotus
379 1549 604 1618 templis
631 1544 885 1616 divisque
914 1543 1170 1615 repulsus
1190 1543 1258 1596 ab
1286 1543 1416 1605 aris,

118 1641 358 1697 Praesule
382 1641 659 1695 caelestem
691 1638 871 1693 solum
897 1642 1181 1706 spectante
1206 1634 1487 1697 decorem,

122 1731 277 1784 Haud
311 1730 500 1784 horret
526 1727 728 1798 suplici
758 1726 923 1779 vilem
957 1724 1162 1795 pietate
1192 1724 1467 1793 repelsam

122 1822 235 1876 Nec
266 1821 472 1895 gaudet
492 1820 654 1874 venia
684 1819 864 1872 luctus
895 1816 1003 1871 nisi
1031 1816 1156 1883 jure
1186 1816 1390 1881 soluto,

122 1914 269 1984 Lege
300 1911 465 1966 etiam
488 1910 695 1980 scripta
723 1924 877 1964 sacro
909 1908 1081 1963 latore
1106 1908 1333 1978 probata

125 2006 258 2070 Quae
299 2003 478 2058 valeat
507 2002 751 2057 subitum
782 2001 938 2057 scitis
972 2002 1191 2072 placare
1223 2000 1467 2055 furorem

122 2092 403 2147 Subdenti
432 2092 663 2147 monitis
702 2097 921 2161 sceptra
953 2089 1262 2160 imperialia
1303 2088 1492 2143 sacris.

122 2184 306 2238 Altera
343 2182 624 2236 substrato
655 2180 885 2235 victoria
915 2178 1136 2233 ducitur
1166 2179 1325 2233 hoste
1351 2196 1364 2232 :

126 2274 242 2326 Pra:
284 2270 515 2341 reliquis
557 2286 651 2324 rex
681 2268 1027 2323 Ambrosium
1051 2267 1181 2323 colit
1210 2267 1471 2323 omnibus
1496 2284 1688 2337 unum,

125 2361 245 2415 Prw
268 2360 487 2414 cunctis
515 2359 569 2412 in
595 2358 725 2427 jura
754 2358 951 2429 probat
982 2372 1149 2428 quem
1188 2356 1314 2411 diva
1341 2372 1618 2424 severum,

129 2451 306 2521 thue
329 2449 481 2519 pium
524 2448 692 2523 digne
723 2446 1037 2518 perculsum
1055 2446 1285 2500 verbere
1319 2444 1538 2501 mulctae

126 2538 398 2594 Conciliat
437 2537 692 2598 Domino,
727 2535 810 2590 sic
839 2536 1112 2609 saerilego
1148 2534 1327 2589 hostis
1364 2533 1621 2590 habetur.

128 2630 241 2685 Nec
265 2628 466 2683 metuit
488 2628 669 2683 vitans
700 2642 869 2698 pravo
901 2625 1045 2680 ferre
1075 2640 1173 2681 ora
1202 2632 1458 2697 tyranno,

126 2725 323 2800 Arguit
352 2740 419 2779 ac
450 2723 667 2777 facinus
696 2728 930 2776 austerm
962 2727 1201 2791 syrmate
1232 2720 1475 2775 schedaa.

129 2820 329 2875 Omnia
358 2824 684 2874 cernentem
716 2831 1037 2888 proponens
1066 2815 1301 2869 crimina
1339 2814 1587 2879 damnat,

132 2914 563 2982 Immunemque
592 2908 763 2964 trucis
785 2908 967 2963 reddit
994 2923 1052 2961 se
1094 2906 1447 2978 proditionis,

133 3004 365 3059 Munera
389 3001 673 3070 rejiciens,
701 3000 867 3055 etiam
896 2999 952 3053 in
980 3014 1145 3069 prece
1179 3014 1313 3069 pace
1342 3005 1543 3073 negata

135 3092 524 3169 Impugnatori
558 3090 711 3162 pacis
742 3088 995 3161 hostique
1017 3088 1242 3160 quietis.

135 3186 309 3242 Exciti
341 3184 432 3238 his
462 3198 721 3255 proceres
742 3179 900 3235 inﬁdi
920 3196 1065 3235 saeva
1094 3178 1394 3234 frementes

136 3280 421 3337 Jumentis
447 3278 700 3349 requiem
736 3276 1033 3331 Ecclesiam
1061 3283 1292 3329 stratum
1322 3273 1400 3327 ire
1432 3274 1714 3329 minantur

137 3373 269 3428 Post
298 3370 414 3425 sibi
438 3368 767 3440 promissam
791 3367 971 3440 stygio
999 3365 1313 3421 contamine
1345 3365 1604 3435 palmam,

140 3464 205 3516 At
235 3459 512 3516 Dominus
530 3458 716 3526 justus
744 3464 924 3511 sortes
963 3454 1310 3510 discriminat
1339 3471 1497 3525 aequa

145 3556 329 3609 Lancc
352 3552 534 3616 datas,
568 3548 799 3605 sceleris
829 3548 1036 3618 patitur
1054 3563 1159 3602 nec
1175 3554 1395 3617 sceptra
1423 3546 1608 3601 valere

146 3651 312 3705 Sorte
345 3646 686 3718 superjusta
715 3659 786 3699 ne
806 3643 996 3698 dextra
1018 3642 1230 3698 feratur
1256 3642 1483 3713 iniquis,

144 3740 393 3798 Iustitiae
422 3738 710 3813 dignoque
744 3736 848 3806 piis
874 3736 969 3790 dat
1001 3736 1215 3791 honore
1244 3735 1577 3806 triumphos,

151 3833 268 3886 Rex
290 3831 371 3885 ita
401 3828 638 3884 devotus
662 3825 905 3897 pedibus
937 3824 1283 3895 provolvitur
1307 3824 1436 3879 almi

148 3920 380 3977 Tutoris
406 3917 714 3988 famulique
742 3914 923 3969 ﬁdelis
939 3914 1010 3969 ad
1042 3914 1232 3969 omnia
1252 3913 1473 3980 Christi,

153 4009 497 4067 Calcandum
512 4007 617 4062 sibi
650 4005 1045 4077 sceptrilegum
1065 4003 1161 4075 qui
1185 4009 1453 4058 straverat
1482 4002 1721 4069 hostem,

156 4098 339 4167 Hujus
368 4112 428 4151 se
455 4094 671 4151 meritis
702 4099 1020 4165 protectans
1045 4097 1099 4146 et
1130 4105 1295 4161 prece
1325 4096 1503 4145 tutum
1532 4107 1546 4157 ;

157 4192 404 4263 Moxque
433 4187 513 4243 rei
542 4186 764 4242 veniam
796 4184 943 4239 facili
966 4183 1190 4239 datione
1216 4190 1515 4254 capessunt
1541 4200 1554 4236 :

160 4280 298 4344 Quae
327 4276 448 4352 regi
479 4291 590 4331 una
607 4274 762 4346 pium
789 4271 1051 4329 ductabat
1076 4270 1251 4345 gratia
1282 4278 1515 4342 patrem.

160 4372 269 4437 Qui
298 4376 511 4443 quanta
535 4368 782 4425 bonitate
812 4367 1006 4440 vigens
1035 4381 1201 4437 quam
1226 4365 1392 4420 corde
1422 4364 1671 4439 benigno

161 4463 417 4521 Astiterit
445 4460 665 4516 miseris
693 4465 965 4515 testantur
997 4474 1146 4529 saepe
1177 4457 1357 4513 soluta

161 4557 407 4614 Vincula
432 4570 702 4612 nexorum
732 4553 969 4609 :studiis
1002 4552 1207 4627 legatio
1240 4551 1484 4616 fervens,

165 4647 335 4703 Callis
368 4652 423 4700 et
450 4646 575 4715 ipse
603 4643 762 4698 labor
789 4642 967 4715 longi,
992 4656 1372 4712 proceresque
1402 4639 1587 4711 petiti,

168 4740 376 4794 Excitze
405 4751 645 4792 maerore
667 4734 799 4790 ferre
829 4733 1001 4806 patris
1029 4732 1285 4804 improba
1306 4732 1490 4788 ﬂentis

168 4831 388 4887 Gaudia
426 4828 712 4885 laetantum
741 4826 884 4898 rapti
917 4824 1242 4881 discrimine
1271 4826 1467 4893 sontis,

169 4921 318 4976 Ultio
350 4917 669 4989 prosiliens,
700 4914 984 4971 Stiliconis
1010 4913 1192 4969 cessio
1212 4912 1471 4984 supplex,

172 5011 451 5067 Redditus
478 5007 647 5064 exilio
670 5022 947 5078 supremae
978 5005 1255 5062 obnoxius
1276 5004 1390 5059 irae.

172 5102 293 5168 Quo
323 5117 429 5173 per
452 5116 581 5155 eum
614 5097 804 5169 plures
829 5097 982 5152 missi
1015 5111 1237 5169 quoque
1255 5095 1446 5166 judice
1474 5096 1735 5169 gaudent.

173 5192 327 5248 Felle
353 5206 453 5247 cor
479 5187 734 5260 impliciti
764 5189 888 5243 haec
917 5187 1082 5242 etiam
1113 5185 1372 5258 praetoria
1399 5183 1525 5239 duri

172 5282 390 5339 Iudicis
419 5281 710 5337 obstructo
731 5285 1015 5351 portarum
1045 5276 1242 5332 limine
1272 5275 1458 5330 fantur

174 5376 307 5433 Lata
338 5376 396 5430 in
427 5389 559 5430 eum
587 5386 813 5444 quoque
833 5369 1120 5426 maerentis
1148 5367 1375 5425 oracula
1390 5367 1555 5435 vatis,

173 5466 285 5538 Spe
310 5471 534 5522 cassata
560 5461 858 5517 hominum
891 5475 1055 5532 quam
1075 5457 1309 5514 fastibus
1328 5456 1423 5512 ille
1453 5457 1683 5524 locarat,

730 423 809 476 DE
853 420 1111 476 CHRISTI
1153 417 1514 474 TRIUMPHIS
1558 415 1727 469 APUD
1769 412 2033 467 ITALIAM
2076 413 2248 467 LIBRI
2291 413 2422 467 XIV.
2466 445 2524 452 —
2574 414 2694 468 LIB.
2740 415 2849 468 XIV

3363 420 3467 475 866

1764 548 1812 611 Α
1839 542 2182 613 Pansophius
2213 557 2349 613 puer
2381 544 2497 613 ipse
2529 545 2661 619 legit
2691 553 2815 616 post
2840 553 3000 618 rupta
3031 547 3245 602 cruenti

1841 635 1998 689 Retia
2030 636 2309 706 praedonis
2340 635 2473 689 lethi
2500 636 2568 690 de
2593 635 2750 691 fauce
2779 638 3043 692 revulsus.

1842 726 2011 793 Hujus
2040 726 2107 779 ab
2134 727 2290 780 hoste
2321 727 2408 796 pia
2431 737 2486 780 ut
2518 728 2693 798 potuit
2716 728 3008 798 praesentia
3044 728 3177 784 ferri

1840 817 2170 873 Monstratur
2202 818 2361 872 Probi
2394 836 2565 889 puero
2594 820 2714 874 diro
2744 821 2963 891 hospite
2995 830 3177 893 capto.

1843 904 2090 961 Pontiﬂci
2116 908 2309 974 misso,
2334 908 2520 979 nilque
2542 910 2662 977 ejus
2692 909 2746 963 in
2777 911 2912 964 urbe
2941 919 3195 985 gravato,

1842 995 2149 1068 Moeniaque
2179 1012 2402 1071 egresso
2434 1005 2585 1053 truce
2603 1015 2925 1070 possessore
2966 1007 3188 1070 recepto

1841 1088 2062 1143 Iuratus
2084 1089 2215 1142 dum
2234 1104 2291 1143 se
2320 1088 2667 1143 Ambrosium
2699 1090 2946 1145 timuisse
2978 1090 3185 1145 revelat

1847 1179 2052 1249 Raptor
2081 1188 2136 1234 et
2166 1180 2296 1235 hinc
2324 1180 2515 1235 urbem
2558 1197 2718 1235 secus
2748 1191 3071 1252 expectasse
3101 1182 3389 1238 veredum.

1848 1272 1987 1336 Quid
2019 1280 2169 1343 patet
2200 1274 2301 1328 iste
2327 1282 2495 1346 queat
2526 1275 2808 1330 Nicentius
2837 1275 3035 1330 ordine
3077 1275 3259 1331 clarus

1850 1360 2107 1417 Salvifico
2137 1363 2308 1418 sentit
2334 1364 2563 1435 capiens
2582 1379 2828 1437 anguore
2852 1364 3148 1427 medelam,

1855 1452 2219 1524 Calcatusque
2248 1452 2448 1524 pedem
2477 1454 2743 1508 salvatum
2772 1471 2832 1509 se
2864 1455 2979 1509 fore
3004 1456 3254 1529 gaudens

1852 1545 2066 1598 Attactu
2106 1545 2272 1599 calcis
2300 1545 2561 1616 donoque
2591 1555 2861 1617 sequente
2891 1548 3102 1601 salutis.

1854 1636 2025 1700 Quam
2052 1636 2199 1690 celer
2227 1637 2338 1691 oris
2355 1638 2550 1701 honor,
2585 1655 2749 1710 quam
2784 1639 2989 1695 famina
3022 1640 3186 1711 plena
3212 1642 3401 1716 vigore

1856 1729 2105 1784 Miratum
2132 1730 2333 1787 famulo
2358 1732 2638 1786 Stiliconis
2670 1733 2896 1788 ﬂamine
2930 1742 3082 1805 rapto

1780 1837 1828 1904 Β
1854 1819 2071 1874 Crudeli
2104 1820 2310 1874 arbitrii
2346 1821 2581 1875 necdum
2613 1837 2873 1876 sermone
2911 1830 3131 1893 peracto

1856 1912 2028 1980 Hujus
2058 1913 2367 1984 falsiloquis
2387 1914 2573 1983 plures
2612 1914 2934 1969 discrimina
2974 1916 3197 1970 schedis

1856 2006 2178 2060 Constiterit
2209 2021 2401 2076 passos
2431 2022 2534 2060 nec
2554 2006 2753 2060 vinclis
2784 2006 2952 2080 digna
2980 2015 3221 2063 secutos.

1860 2096 1970 2151 Nec
1992 2112 2102 2151 non
2124 2095 2215 2150 ille
2246 2112 2480 2151 monens
2510 2096 2654 2152 facili
2683 2098 2775 2168 qui
2809 2097 3004 2168 splene
3035 2099 3373 2154 cachinnum

1861 2183 2097 2239 Alterius
2135 2185 2322 2255 lapsus
2361 2201 2470 2241 non
2503 2203 2641 2241 vana
2661 2203 2761 2241 sua
2792 2186 2987 2257 probat
3014 2203 3136 2242 orsa
3168 2189 3343 2244 ruina.

1867 2280 1925 2333 Et
1958 2280 2144 2350 lapsus
2176 2295 2286 2335 non
2317 2297 2458 2335 vana
2483 2298 2581 2335 sua
2613 2281 2809 2352 probat
2839 2297 2963 2337 orsa
2995 2283 3173 2337 ruina.

1866 2372 2164 2427 Successor
2196 2372 2520 2427 decedentis
2550 2390 2776 2446 quoque
2808 2374 3203 2445 Simplicianus

1867 2463 1983 2516 Vim
2012 2463 2332 2518 verbitenui
2367 2465 2789 2534 persentizvoce
2812 2465 3036 2531 relatus,

1871 2552 2041 2623 quue
2075 2552 2263 2622 procul
2291 2553 2499 2623 positos
2528 2561 2721 2624 stupor
2745 2561 2978 2624 occupat
3009 2570 3105 2609 ore
3121 2563 3374 2611 serentes
3399 2575 3413 2619 ;

1872 2643 2107 2697 Barbara
2136 2645 2390 2698 virtutem
2413 2659 2633 2715 quoque
2661 2645 2912 2715 praesulis
2937 2660 3034 2699 ora
3057 2647 3381 2717 loquuntur,

1872 2735 2313 2807 Francorumque
2340 2736 2497 2791 ducis
2546 2744 2799 2807 sumptus
2831 2736 2954 2792 fuso
2997 2739 3155 2792 hoste
3182 2739 3495 2810 triumphus

1875 2824 2045 2893 Hujus
2074 2825 2332 2881 amicitiis
2365 2835 2580 2896 partum
2616 2842 2781 2897 quem
2816 2825 2958 2880 fama
2990 2826 3211 2893 fatetur,

1876 2917 2196 2972 Currentem
2239 2918 2473 2988 imperio
2503 2918 2685 2973 valeat
2708 2918 2800 2989 qui
2821 2918 2991 2992 figere
3016 2918 3190 2973 solem

1876 3006 2046 3070 Quam
2070 3008 2247 3078 viguit
2284 3007 2499 3069 doctus,
2530 3024 2695 3078 quam
2727 3008 2875 3062 celso
2906 3006 3128 3062 ﬂamine
3161 3008 3359 3078 plenus

1876 3101 2099 3155 Semina
2117 3103 2291 3157 densa
2309 3110 2504 3158 notant
2524 3112 2698 3157 terras
2724 3102 3027 3157 animantia
3064 3104 3228 3170 coelo,

1884 3193 2073 3266 Regna
2111 3194 2335 3266 replens
2367 3210 2579 3253 rumor,
2607 3200 3003 3264 compertaque
3034 3192 3200 3260 fama,

1886 3282 2282 3354 Persarumque
2315 3283 2485 3337 duces
2515 3283 2749 3353 scphico
2771 3282 2984 3356 fulgore
3011 3282 3260 3338 cluentes

1887 3372 2053 3427 Multo
2076 3374 2217 3427 calle
2243 3373 2455 3446 fatigati
2488 3372 2703 3428 fervore
2743 3374 2973 3428 videndi

1890 3463 1998 3518 Eoo
2027 3470 2218 3517 notum
2249 3462 2645 3532 splendoribus
2675 3462 2813 3518 urbe
2842 3464 3134 3531 disertum,

1888 3552 2126 3616 Quorum
2155 3552 2400 3622 quaesitis
2426 3551 2615 3606 divina
2647 3552 2770 3607 luce
2801 3553 3085 3608 vibrandis

1891 3642 2123 3696 Cardine
2151 3658 2276 3697 cum
2307 3643 2487 3697 noctis
2513 3642 2607 3697 lux
2636 3649 2720 3696 est
2746 3643 3039 3713 absumpta
3069 3643 3202 3698 diei.

1893 3735 2254 3805 Symmachus
2293 3734 2385 3788 ille
2415 3733 2579 3789 etiam
2608 3733 2765 3802 cujus
2803 3733 2959 3788 labor
2997 3735 3178 3789 omnis
3206 3735 3265 3789 in
3292 3751 3411 3797 ore,

1895 3829 1995 3893 Qui
2029 3844 2191 3901 reges
2228 3843 2526 3898 superasse
2553 3835 2753 3897 putans
2782 3826 3081 3897 splendore
3113 3827 3340 3898 leporis,

1897 3918 2205 3991 Sacrilegos
2233 3917 2372 3973 ritus
2404 3917 2687 3987 repetebat
2708 3925 2763 3971 et
2794 3916 2965 3987 impia
2996 3915 3111 3970 liba

1896 4008 2105 4079 Accipit
2134 4015 2193 4062 ut
2230 4007 2439 4062 cultum
2464 4006 2689 4077 pietatis
2713 4007 2926 4062 honore
2957 4006 3237 4074 volumen,

1901 4095 2130 4151 Lumine
2152 4096 2362 4152 caelesti
2393 4096 2633 4166 divoque
2664 4111 2863 4166 sapore
2895 4094 3179 4162 refertum,

1903 4188 2055 4243 Haud
2096 4187 2262 4243 dictis
2280 4188 2511 4258 posthac
2532 4187 2626 4259 qui
2658 4188 2890 4243 reddere
2922 4187 3179 4258 praesulis
3209 4187 3377 4242 audet

1906 4280 2416 4336 Marcomannorum
2447 4280 2644 4350 probat
2675 4281 2780 4335 hoc
2802 4279 2994 4352 regina
3024 4279 3231 4334 relictis

1906 4370 2166 4425 Errorum
2196 4369 2444 4425 tenebris
2481 4378 2690 4425 tantum
2714 4385 2932 4424 rumore
2965 4368 3134 4435 beati,

1908 4458 2171 4530 Percepto
2200 4474 2459 4529 quaerens
2477 4474 2681 4529 supero
2711 4474 2834 4530 quae
2861 4458 3069 4512 lumine
3099 4457 3281 4532 spargi

1825 4509 1882 4577 Β
1909 4509 2126 4619 Legatis
2151 4509 2266 4601 sale
2292 4562 2353 4601 se
2373 4547 2512 4617 petit
2547 4509 2653 4602 hoc
2692 4509 2971 4602 condirier
3006 4509 3174 4612 almd,

1909 4638 2311 4710 Accipiensque
2340 4638 2445 4693 cati
2467 4638 2861 4693 catechismum
2887 4639 3010 4693 luce
3035 4637 3212 4693 libelli

1912 4730 2030 4784 Stat
2059 4744 2251 4799 pacem
2281 4727 2518 4783 suadere
2546 4742 2746 4782 curans
2766 4743 3030 4798 persuasa
3053 4727 3356 4803 jugandam

1916 4820 2337 4891 Romulidisque
2379 4817 2556 4873 ferum
2607 4818 2818 4891 subigit
2847 4834 2970 4873 cum
3009 4825 3179 4893 gente
3210 4825 3533 4890 tyrannum.

1915 4914 2030 4979 Quo
2057 4913 2352 4986 splendore
2379 4912 2474 4966 Dei
2496 4911 2720 4967 radians
2751 4927 2863 4984 quo
2899 4910 3123 4967 ﬂamine
3155 4911 3370 4983 pollens

1918 5008 2043 5064 Haec
2070 5015 2238 5074 serat,
2266 5003 2504 5060 annixus
2526 5004 2751 5072 tabulis,
2778 5004 3008 5059 Pauline
3040 5004 3224 5070 beate,

1918 5096 2084 5153 Felici
2105 5095 2361 5167 stupidus
2397 5093 2650 5149 meruisti
2680 5109 2909 5149 cernere
2937 5092 3081 5160 visu,

1912 5191 2089 5260 Atque
2119 5184 2373 5242 coronari
2393 5185 2604 5253 justum
2636 5183 2896 5239 rutilante
2926 5181 3185 5256 benignae

1914 5281 2247 5352 Obnubique
2275 5278 2594 5344 voluntatis,
2614 5293 2715 5349 pro
2745 5277 2988 5353 tegmine
3018 5277 3181 5343 scuti,

1916 5371 2334 5445 lntrogredique
2358 5369 2517 5424 vides
2540 5367 2714 5439 proba
2742 5367 2928 5423 divum
2960 5365 3279 5422 habitacula
3303 5365 3535 5434 ﬂamen,

1914 5462 2048 5517 Jura
2066 5459 2164 5516 Dei
2201 5458 2410 5515 rimans
2436 5464 2590 5513 vates
2618 5457 2748 5512 dum
2781 5455 2977 5511 coelica
3006 5461 3222 5510 tractat.

174 5556 313 5611 Dum
344 5553 551 5626 nequit
591 5549 898 5607 Ecclesiam
924 5547 1145 5624 fugiens
1175 5552 1474 5619 penetrare
1527 5552 1814 5618 patentem
1919 5556 2242 5628 Quiquamo
2267 5553 2479 5609 fervore
2504 5553 2637 5619 Deo,
2670 5567 2833 5623 quam
2868 5549 3007 5604 fixus
3026 5550 3257 5605 adhaesit

177 5644 278 5700 Hic
306 5650 470 5716 pater
500 5639 745 5697 eximius
774 5638 995 5710 pietatis
1027 5637 1269 5694 culmine
1299 5637 1482 5691 celsus

182 5736 363 5803 Quam
404 5733 580 5791 fuerit
623 5731 830 5788 virtute
861 5738 1061 5802 potens
1090 5728 1230 5785 mira
1250 5734 1372 5784 acta
1401 5726 1662 5794 fatentur,

182 5828 615 5900 Spirituumque
648 5822 915 5893 frequens
943 5819 1198 5891 depulsio
1229 5818 1377 5875 clara
1403 5817 1691 5892 nigrorum

1924 5647 2216 5704 Pastoralis
2243 5660 2399 5700 amor
2412 5643 2646 5715 vigilans
2662 5650 2717 5698 et
2745 5658 2877 5697 cura
2896 5641 3161 5713 resignat,

1922 5736 2105 5793 Pastio
2131 5742 2247 5790 tuta
2274 5749 2523 5807 gregum,
2555 5731 2739 5787 rabies
2770 5737 2960 5787 exacta
2988 5730 3269 5803 luporum,

1927 5832 2341 5903 Paupertasque
2389 5828 2592 5893 libens,
2635 5823 2965 5897 Christoque
2996 5825 3248 5897 impensa
3292 5824 3544 5891 facultas,
