3902 6422
448 416 554 471 8ῃ7
1218 401 1583 457 FLODOARDI
1627 398 1930 453 CANONICI
1972 394 2302 450 REMENSIS
2342 393 2681 450 OPUSCULA
2721 394 3032 453 METRICA.
3698 400 3790 453 868

453 544 757 616 Amplaque
791 536 1130 612 pauperibus
1155 533 1486 606 patrimonia
1524 532 1632 586 lata
1660 529 1857 597 beatis,
2096 535 2151 601 Α
2176 525 2273 616 Vix
2302 524 2474 597 quino
2495 532 2782 600 satagente
2803 525 2931 580 dein
2958 532 3173 597 pastore
3186 526 3519 598 gerendum.

453 615 665 689 Praédia
690 646 814 702 quae
844 627 949 696 iuri
980 623 1235 679 Ecclesiae
1275 637 1526 693 possessa
1550 621 1824 684 dicantur,
2178 615 2389 671 Pensus
2412 623 2466 671 et
2494 625 2718 671 exactus
2749 616 2933 688 prodit
2964 616 3055 688 pia
3086 625 3309 688 pectora
3341 619 3522 675 luctus

451 724 869 792 Strenuitasque
920 719 1282 780 interventus,
1315 714 1439 784 epis
1469 712 1675 767 arduus
1704 718 1878 777 actus,
2178 705 2252 759 Ac
2285 703 2469 759 ﬂentis
2494 704 2713 760 bonitas
2739 705 2921 760 aliena
2960 706 3136 777 piacla
3164 706 3446 775 jacentum

457 819 675 873 (iuncta!
694 811 1009 869 sollicitudo
1046 808 1139 863 Dei
1172 814 1326 861 stans
1357 806 1551 860 sedula
1576 803 1777 876 plebis,
2181 795 2448 868 Editaque
2476 803 2700 867 aspecto
2732 797 2972 868 suspiria
3004 798 3178 853 tristia
3211 798 3414 870 probro

454 908 702 982 Frugalis
732 905 929 976 pietas,
956 899 1169 970 jejunia
1195 898 1366 953 ferme
1399 914 1497 969 per
1525 913 1720 952 omnes
2181 889 2419 945 Urbibus
2449 891 2656 947 orbatis
2684 891 2938 964 lacrymaa
2969 910 3135 965 quam
3175 909 3326 965 saepe
3356 894 3522 949 litata:

455 998 778 1053 Continuata
808 993 950 1059 dies,
978 989 1238 1061 precibus
1262 987 1548 1061 vigilantia
1568 986 1734 1040 castis
2179 983 2355 1053 Atque
2388 983 2555 1038 Deum
2585 1000 2810 1057 semper
2839 986 3080 1042 sitientis
3104 986 3270 1042 corde
3305 985 3546 1058 profusae
3582 984 3595 1039 l

456 1090 513 1142 Et
540 1093 789 1142 sanctum
826 1089 1059 1139 testatur
1093 1095 1534 1151 opus,manuum
1559 1077 1715 1131 labor
1752 1084 1933 1147 aptus,
2183 1072 2302 1128 Non
2330 1090 2388 1128 se
2424 1082 2597 1131 morte
2620 1077 2769 1148 quati
2793 1077 2954 1147 cujus
2984 1079 3229 1134 bonitate
3251 1078 3452 1134 fatetur

451 1176 644 1231 Dictati
677 1172 981 1244 scriptique
1014 1170 1160 1237 libri,
1196 1167 1349 1224 verbi
1378 1182 1569 1238 aequor
1598 1165 1754 1229 arati,
2182 1164 2409 1220 Servum
2438 1183 2499 1221 se
2529 1168 2834 1235 ardentem,
2856 1178 3064 1242 quanto
3094 1171 3237 1226 Deus
3264 1170 3478 1226 ambiat
3504 1170 3664 1243 igne,

455 1266 702 1339 Indignis
730 1264 1021 1335 captisque
1051 1276 1247 1315 manus
1279 1260 1404 1313 data
1433 1273 1667 1312 munera
1700 1257 1866 1330 larga)
2183 1256 2415 1313 Lumine
2442 1274 2552 1330 quo
2594 1259 2788 1316 lustret
2818 1262 3079 1318 mirorum
3109 1263 3351 1319 culmine
3384 1262 3580 1319 claret.

451 1358 511 1412 Et
535 1358 655 1412 sine
683 1355 795 1411 fine
824 1370 1060 1409 manens
1091 1351 1320 1407 fraterni
1335 1351 1517 1405 cultus
1540 1347 1745 1403 amoris
1777 1364 1790 1401 :
2184 1351 2244 1405 Id
2274 1368 2497 1425 quoque
2527 1366 2843 1412 sanctorum
2874 1358 3047 1414 multo
3064 1360 3240 1415 celata
3260 1360 3366 1415 sub
3398 1375 3517 1415 navo

453 1448 748 1505 Servitium
781 1446 837 1501 in
867 1444 1039 1500 sacris
1070 1443 1257 1499 solerti
1285 1442 1411 1511 jure
1449 1439 1692 1496 solutum
2184 1440 2419 1514 Pignora
2440 1444 2573 1500 huic
2601 1446 2769 1521 digno
2799 1448 2967 1524 digne
2988 1450 3258 1521 patefacta
3288 1450 3599 1525 resignant.

1933 1593 2142 1650 CAPUT
2180 1595 2321 1654 XVI.

1351 1727 1431 1786 De
1455 1728 1682 1787 sanctis
1710 1727 1979 1786 Nazario
2008 1734 2060 1785 et
2095 1725 2254 1787 Celso
2297 1730 2480 1792 νίιαιὶ
2507 1741 2560 1792 et
2590 1733 2891 1810 Agricola.

447 1872 688 1937 Quorum
720 1867 1007 1923 Nazarium
1041 1866 1370 1937 Celsumque
1399 1864 1575 1920 nitore
1608 1865 1818 1919 levatos
2105 1866 2155 1934 Β
2182 1867 2508 1943 Terrigenas
2532 1871 2683 1925 unde
2703 1871 2823 1943 ipse
2851 1871 3278 1928 ruensvolvatur
3305 1872 3362 1927 in
3392 1872 3520 1927 ima.

456 1964 799 2035 Praetulimus
828 1962 956 2017 divo
988 1968 1229 2015 mentem
1262 1959 1561 2013 irradiantc
1590 1958 1739 2013 beati
1774 1975 1789 2022 ;
2182 1957 2340 2012 Vitali
2368 1958 2466 2013 sed
2498 1959 2762 2033 Agricolae
2794 1961 2887 2015 dat
2917 1960 3124 2032 templa
3156 1961 3353 2016 beatus

451 2061 598 2125 Quos
624 2059 744 2115 vice
771 2055 1015 2112 thesauri
1043 2055 1184 2124 jussi
1216 2070 1436 2110 servare
1467 2053 1650 2109 coloni
2180 2049 2510 2105 Florentinaa
2538 2052 2682 2119 urbi,
2714 2068 2856 2124 quos
2888 2054 3037 2128 larga
3065 2054 3313 2109 Bononia
3345 2053 3514 2109 mittit
3542 2071 3557 2108 :

453 2150 755 2206 Commisso
783 2149 1015 2204 minime
1050 2146 1330 2201 audebant
1357 2146 1649 2200 discedere
1679 2144 1749 2199 ab
1782 2145 1965 2211 horto,
2178 2142 2276 2207 Qui
2300 2142 2470 2199 fortes
2491 2151 2617 2215 post
2656 2145 2810 2216 plura
2841 2146 3014 2201 trucis
3037 2145 3377 2201 cruciamina
3404 2145 3593 2219 ﬂagri,

455 2248 586 2301 num
613 2261 777 2319 gazas
792 2259 948 2298 sacer
968 2242 1185 2316 ignotas
1206 2240 1531 2297 custodibus
1570 2239 1768 2295 auﬁert
2182 2237 2449 2294 Eximium
2476 2238 2569 2294 ﬁxi
2600 2256 2763 2296 cruce
2794 2242 3190 2297 nanciscuntur
3223 2242 3515 2297 honorem.

454 2339 625 2409 thue
652 2337 774 2391 loco
806 2335 892 2389 his
918 2340 1046 2405 apto
1076 2333 1274 2388 merito
1306 2333 1605 2404 splendore
1637 2332 1833 2388 locatis
2181 2328 2415 2402 Pignora
2438 2330 2694 2386 Judaicas
2720 2330 2867 2386 inter
2897 2332 3167 2403 permixta
3198 2332 3441 2388 latebras

452 2426 739 2482 (lratificos
760 2433 937 2481 cretus
966 2423 1384 2480 divinolumine
1412 2423 1646 2494 repplet,
2179 2416 2485 2474 Nonnullos
2515 2418 2702 2493 ignota
2726 2419 2916 2488 jacent
2946 2422 3276 2477 mortalibus
3297 2439 3496 2489 annos,

456 2516 679 2572 Civibus
710 2515 968 2570 Ecclesia).
996 2530 1212 2585 superae
1243 2513 1714 2585 applaudentibus
1741 2511 1917 2580 urbis,
2183 2513 2371 2567 Donec
2393 2513 2643 2584 pontifici
2673 2514 2801 2571 diva
2826 2532 2884 2572 se
2914 2516 3039 2573 luce
3068 2523 3345 2585 notantes,

455 2607 690 2681 Ingemit
728 2606 902 2661 hostis
930 2613 1082 2661 atrox
1112 2604 1358 2676 torqueri
1392 2620 1451 2659 se
1482 2610 1639 2675 patre
1670 2609 1900 2675 questus
2185 2600 2295 2656 Hoc
2322 2609 2475 2672 patre
2502 2601 2755 2657 laetantur
2782 2603 2952 2677 digno
2980 2606 3223 2661 retinere
3253 2606 3455 2661 decore

453 2696 763 2762 Ambrosio,
790 2711 981 2750 vocem
1011 2695 1277 2765 strepitus
1295 2693 1389 2764 qui
1417 2708 1626 2764 ponere
1651 2693 1855 2761 jussus.
2183 2689 2520 2762 Secernique
2532 2690 2707 2766 nigris
2732 2693 2851 2747 auri
2881 2709 2983 2749 ceu
3007 2692 3190 2767 fulgor
3206 2695 3390 2750 arenis

456 2791 688 2846 Ponitet
716 2789 899 2843 inﬂari
940 2788 1287 2844 Ambrosium
1322 2788 1536 2843 nescire
1559 2788 1797 2859 capessit
1827 2804 1842 2841 :
2186 2780 2394 2837 Ltetitia
2408 2782 2601 2854 pOpuli
2632 2784 2970 2840 cruciatibus
2990 2785 3226 2859 agminis
3252 2786 3354 2841 atri

460 2879 611 2933 Ilaud
639 2878 795 2933 illum
816 2878 957 2948 ipse,
990 2874 1128 2930 ﬁdes
1152 2876 1288 2947 quin
1320 2882 1574 2948 torqueat
1595 2876 1702 2933 alta
1730 2892 2010 2933 sacrorum
2187 2873 2295 2929 Hos
2334 2875 2497 2931 simul
2526 2892 2622 2931 ara
2649 2878 2799 2948 capit
2825 2884 3140 2933 sanctorum
3173 2877 3383 2933 lumina
3412 2877 3679 2949 pandens

465 2968 617 3042 Ignis
639 2974 695 3022 et
714 2966 938 3022 invidiae
970 2966 1155 3021 doleat
1181 2965 1329 3037 quod
1357 2965 1624 3020 scandere
1652 2966 1852 3021 coelum
2186 2966 2397 3023 Divinae
2437 2967 2584 3024 circa
2613 2967 2881 3025 famulum
2912 2969 3177 3026 bonitatis
3198 2985 3465 3027 amorem.

1930 3134 2143 3192 CAPUT
2190 3137 2347 3192 XVII.

1647 3262 1726 3320 De
1768 3264 2033 3322 transitu
2071 3265 2270 3323 sancti
2309 3263 2627 3325 Ambrosii.

461 3404 575 3469 Qua
607 3420 764 3475 spem
793 3402 1049 3458 fundarat
1071 3399 1225 3477 fungi
1253 3417 1324 3457 ne
1351 3410 1524 3458 morte
1549 3413 1777 3474 paveret
2113 3408 2162 3474 (ζ
2189 3404 2552 3476 Splendorem
2583 3406 2855 3462 Ambrosii
2886 3414 3094 3463 coeunt
3120 3406 3330 3463 servire
3355 3407 3619 3484 benigni,

458 3494 715 3548 Testatur
747 3491 874 3546 felix
893 3489 1334 3562 obitusﬁnisque
1366 3491 1564 3546 beatus
2186 3500 2355 3556 Millia
2384 3507 2636 3557 natorum
2668 3517 2911 3573 superna
2938 3503 3007 3558 ad
3036 3503 3228 3557 munia
3249 3511 3500 3568 currunt,

460 3584 666 3638 Militiae
690 3582 872 3653 palma
912 3582 1095 3647 dignae
1133 3582 1406 3654 claraeque
1436 3582 1726 3653 palaestrae,

2186 3596 2416 3651 Fervida
2433 3596 2709 3668 stipantur
2728 3598 2930 3654 diversi
2963 3599 3218 3653 examina
3237 3598 3380 3668 juris

458 3675 690 3730 Numine
722 3673 1014 3745 prrescitus
1044 3689 1247 3745 supero
1283 3675 1570 3747 sociisque
1599 3676 1831 3730 relatus.
2184 3684 2433 3760 Tangere
2459 3693 2768 3758 gestamen,
2800 3687 2993 3743 saltem
3024 3688 3355 3758 appropiare
3373 3687 3660 3745 laborant.

457 3767 554 3822 Ille
579 3766 741 3821 etiam
784 3766 929 3820 risus
953 3766 1079 3821 divo
1110 3765 1352 3821 radiatus
1382 3765 1450 3821 ab
1484 3782 1580 3821 ore
2185 3774 2295 3830 Nec
2323 3776 2519 3831 charos
2539 3776 2671 3830 latet
2696 3777 2978 3844 absentes,
3010 3793 3113 3831 nec
3139 3777 3342 3849 linquit
3367 3787 3649 3843 amantes,

452 3854 711 3911 Αιτίάθτθ
731 3854 840 3910 Sibi
870 3854 1160 3910 Dominum
1193 3870 1303 3926 quo
1343 3855 1521 3909 cem“
1552 3855 1754 3919 Iesum»
2191 3867 2314 3921 Eois
2346 3867 2665 3922 transmissa
2693 3867 2825 3923 viris
2846 3867 2996 3940 quod
3026 3868 3232 3923 sclieda
3253 3868 3526 3939 profatur,

454 3946 727 4001 Laudensi
758 3961 883 4001 cum
911 3945 1153 4016 praesule
1192 3943 1244 3999 ei
1279 3943 1410 3999 dum
1435 3952 1564 4002 vota
1590 3943 1904 4015 profundit,

2186 3960 2344 4015 Visus
2370 3969 2431 4015 ut
2459 3961 2727 4016 assistens
2753 3977 2877 4032 quae
2901 3960 3007 4016 fert
3032 3961 3319 4017 orantibus
3341 3960 3522 4025 almis,

454 4039 792 4111 Auditasque
823 4053 1017 4108 preces
1046 4037 1161 4106 jam
1185 4036 1362 4112 gratia
1382 4036 1589 4093 blanda
1610 4038 1837 4093 revelat.

2278 4068 2593 4125 ponensque
2620 4068 2819 4108 manus
2850 4053 3163 4125 pariterque
3187 4054 3507 4125 precamina
3541 4054 3784 4109 fundens
3808 4076 3819 4113 ε

457 4129 623 4194 Ωαθὶδ
643 4130 888 4185 animum
916 4144 1139 4218 semper
1167 4127 1309 4218 fisus
1336 4144 1441 4185 nec
1468 4136 1648 4185 morte
1671 4128 1903 4199 recedit,
2183 4144 2425 4202 Zenobio
2454 4143 2901 4218 Florentinisque
2932 4144 3209 4200 Ievamina
3246 4152 3499 4216 portans.

456 4219 593 4309 Dum
624 4218 805 4274 crucis
828 4218 891 4309 in
918 4217 1166 4309 speciem
1188 4217 1479 4309 distantusg
1492 4218 1716 4309 brachia
1747 4218 1904 4274 caelis
2184 4234 2346 4306 Saepe
2382 4240 2605 4309 rogatus
2629 4217 2822 4303 adest,
2840 4233 3039 4290 urbem
3067 4232 3389 4289 discrimine
3415 4233 3613 4307 solvit,

456 4307 696 4363 Felicem
726 4306 874 4363 νοῑίδ
902 4306 1145 4362 animam
1173 4306 1572 4363 comitantibus
1610 4306 1797 4363 ίηίθτί·
2185 4306 2870 4396 Defessosvrecreans,spe
2899 4323 3104 4379 deinde
3129 4323 3308 4379 salute
3338 4323 3683 4381 reformans.

455 4399 823 4455 ercellensis
849 4399 1008 4455 adest
1027 4400 1230 4470 praesul
1267 4400 1496 4457 cmleste
1525 4414 1795 4457 vocamen
2185 4414 2473 4471 Mascezeli
2503 4414 2826 4487 ἀθερει-εηιί
2847 4414 3062 4470 feritate
3094 4414 3287 4486 ρετίοιί

462 4488 677 4542 Εκοίιυε
708 4487 937 4558 capiens
958 4489 1190 4584 somnis;
1234 4487 1330 4544 Ubi
1361 4504 1491 4584 mox
1519 4488 1796 4545 abiturum
2189 4507 2450 4579 Impetrat
2479 4509 2756 4580 precibus,
2782 4508 3125 4581 signansque
3157 4509 3453 4584 aenigmate
3481 4511 3757 4583 palmam,

455 4585 628 4656 Atque
652 4598 993 4638 recessurum
1026 4583 1255 4638 monitis
1282 4583 1649 4654 prodentibus
1682 4583 1860 4650 audit,
2184 4597 2289 4654 Τει-
2318 4604 2473 4654 ηοιει
2498 4599 2733 4670 appulsa
2762 4603 3096 4670 tempusque
3121 4583 3417 4670 [omnique
3445 4599 3683 4657 bacillo.

460 4676 616 4729 I.UCiS
642 4676 942 4731 hODOPalUS
972 4675 1113 4730 divae
1138 4676 1399 4747 mysteria
1422 4677 1647 4731 tradens
1682 4694 1696 4740 ;
2110 4712 2161 4781 D
2190 4690 2569 4762 Gazarumque
2600 4689 2724 4746 loco
2749 4688 3020 4762 quarenti
3059 4688 3271 4746 lumina
3311 4704 3459 4747 ceco

458 4774 586 4832 (μιίὲ
617 4773 678 4822 ιιι
704 4766 849 4837 capit
877 4768 1194 4823 AmbI‘OSiUS
1222 4784 1494 4824 summam
1528 4769 1810 4824 libaminis
1840 4771 1957 4836 ίιιιίι
2111 4766 2157 4781 ν
2193 4784 2348 4840 Claro
2379 4784 2684 4839 albatorum
2715 4782 3009 4839 comitatus
3032 4782 3241 4838 honore
3264 4783 3537 4853 virorum,

459 4864 637 4917 LZRIUS
676 4860 780 4917 init
809 4862 1034 4935 vitaque
1062 4864 1278 4918 cibatus
1296 4865 1348 4917 in
1382 4868 1589 4920 aethera
1615 4866 1807 4937 Slll‘gll.
2192 4881 2500 4950 ’ληρεῖ-ρης,
2530 4877 2699 4934 sociis
2719 4892 3013 4933 occurrere
3039 4875 3405 4934 Mediolanam

455 4957 737 5014 Transitus
770 4960 858 5013 hic
884 4958 1091 5014 celebri
1112 4958 1331 5013 Pascha:
1372 4960 1672 5029 splendore
1703 4962 1946 5025 nitescit,
2193 4970 2462 5041 Ρνωοίρίι,
2495 4978 2555 5024 ιιι
2575 4969 2753 5025 valeat
2781 4969 2904 5026 luce
2937 4969 3208 5026 exsultare
3239 4972 3410 5042 petita
3444 4989 3459 5033 ξ

462 5050 625 5106 ιδτθθί
655 5052 912 5106 tenebras
952 5052 1066 5105 θκίῑ
1103 5067 1212 5121 (μω
1242 5058 1402 5106 Hoc“?
1418 5052 1647 5122 ῧθηορίν
2192 5063 2352 5118 Paret
2388 5078 2560 5117 ovans
2591 5063 2756 5133 palpo
2788 5075 2910 5133 quin
2942 5077 3053 5116 non
3086 5061 3350 5117 inviserat
3379 5071 3508 5117 ante

463 5140 736 5195 (Ῑαῖηοοηθ
768 5141 943 5196 θίνθηῖ
977 5140 1215 5211 Paratusi
1249 5156 1419 5213 regna
1446 5141 1702 5195 οοιοηυῐη
2192 5154 2393 5210 Maenia
2419 5154 2559 5209 calle
2576 5154 2715 5225 petit
2743 5160 2915 5217 recto,
2936 5153 3196 5224 dictaque
3227 5153 3498 5219 salutans,

466 5228 674 5282 chme
697 5229 1001 5300 θκοίρίυηίν
1036 5229 1195 5302 "gms
1225 5229 1279 5283 in
1316 5229 1542 5284 Πυῖηίηθ
1576 5229 1701 5284 lous
2195 5245 2398 5300 Obvius
2425 5245 2546 5315 ipse
2578 5244 2670 5298 die
2700 5227 2962 5315 patronos
2992 5243 3185 5298 urbem
3214 5243 3473 5299 ineuntes

463 5317 647 5371 Fontis
673 5333 829 5387 aqua:
873 5319 1033 5384 vivae,
1064 5326 1216 5387 patet
1235 5318 1368 5373 almi
1400 5319 1577 5391 gloria
1608 5321 1771 5386 vatis,

2282 5351 2347 5390 nc
2374 5333 2701 5401 Sisinnium,
2761 5332 3126 5386 Alexandrum
3186 5349 3430 5404 quoque,
3481 5334 3823 5404 Hariyrinm-

459 5411 859 5481 Aspiciunlque
890 5411 1076 5466 subire
1106 5414 1369 5493 thronum
1401 5414 1686 5486 digitoque
1720 5415 2021 5485 loquuntur
3612 5436 3759 5500 ique,

460 5500 661 5554 lllustri
693 5501 937 5555 residere
972 5510 1189 5572 patrem
1216 5503 1427 5577 fulgore
1462 5505 1752 5559 nitentem.

2198 5516 2316 5571 Mox
2350 5515 2622 5586 promissa
2652 5515 2798 5586 capit
2828 5514 3012 5570 loculo
3042 5515 3149 5569 sibi
3181 5531 3413 5570 munera
3439 5522 3589 5571 tacto

460 5595 631 5649 Stella
656 5595 865 5648 micans
891 5596 1014 5649 aliis
1046 5596 1208 5651 funus
1241 5598 1470 5654 lustrare
1503 5601 1750 5671 patescit.
2200 5605 2342 5660 Urbe
2370 5604 2651 5659 Trientina
2681 5620 2820 5676 quos
2837 5604 3039 5674 praesul
3070 5604 3317 5658 Anaunia
3341 5621 3466 5659 rura

465 5684 822 5737 Ambrosiana
854 5687 999 5754 quod
1034 5694 1089 5739 ut
1113 5695 1268 5741 terrae
1300 5702 1463 5758 caput
1505 5693 1627 5745 aula
1658 5692 1975 5758 serendum,
2064 5745 2084 5753 ,
2199 5695 2448 5760 Lumine,
2473 5701 2684 5761 sancte,
2711 5694 2877 5763 jubes
2892 5693 3044 5749 verbi
3077 5694 3309 5748 lustrare
3341 5694 3484 5748 virili
3524 5709 3540 5762 ;

467 5772 631 5844 Nigra
660 5781 877 5828 Caterva
896 5788 1125 5844 gemens
1151 5793 1368 5831 cansam
1398 5782 1755 5835 cruciaminis
1776 5784 1909 5837 edit.
2196 5786 2325 5849 ριιξρ
2353 5801 2504 5841 sacro
2528 5787 2656 5840 dum
2687 5803 2810 5841 rore
2837 5787 3037 5856 rigant,
3068 5785 3294 5859 indigna
3313 5786 3616 5852 resultans,
