3902 6450
127 430 225 486 869
741 427 823 483 DE
862 426 1124 481 CHRISTI
1164 426 1526 485 TRIUMPHIS
1566 428 1738 482 APUD
1783 426 2048 483 ITALIAM
2091 430 2265 484 LIBRI
2307 432 2435 488 XIV.
2484 466 2533 473 —
2588 436 2712 490 LIB.
2756 437 2865 491 XIV
3374 446 3484 503 870

130 557 336 612 Hostica
358 555 523 611 turba
554 553 688 609 furit
714 552 1005 607 ﬂammans
1037 552 1211 607 livore
1244 552 1514 619 duellum,
1784 556 1834 623 Α
1859 554 2132 607 Ambrosii
2161 556 2375 611 meritis
2398 559 2744 630 applandunt
2766 562 2987 634 agmina
3021 565 3167 629 creli,

129 649 436 714 Quaestibus
465 655 584 700 atra
614 647 745 704 ciet.
776 646 932 715 nigra
961 644 1441 730 numinaluctibus
1465 654 1647 710 ornat,
1863 642 2219 715 Congaudent
2242 645 2396 713 justi,
2425 648 2593 703 livore
2624 658 2878 705 teruntur
2909 653 3083 725 iniqui
3112 672 3126 719 ;

131 741 607 810 Comprensosque
642 739 765 808 pios
794 737 1009 808 spurcis
1033 739 1311 792 maculare
1344 737 1577 803 laborat,
1860 737 1963 791 Ore
1994 747 2265 795 venenato
2289 740 2487 796 famam
2518 742 2610 814 qui
2638 760 2866 815 carpere
2895 747 3035 799 vatis

136 834 302 904 Atque
331 832 672 885 reluctantes
701 828 891 902 ﬂagris
922 830 1036 883 fere
1068 830 1135 882 ad
1159 830 1362 883 extima
1392 829 1573 883 caedit.
1859 827 2173 895 Tentarant,
2197 829 2381 885 subito
2413 840 2715 903 carpuntur
2737 834 2956 889 vindice
2987 838 3125 907 rapti

131 922 238 976 Nox
255 928 513 992 superest
530 927 955 984 tantum,terras
980 918 1216 993 caligine
1245 935 1466 989 pressas
1860 916 2030 989 Inque
2060 920 2236 973 oculis
2266 936 2501 991 quorum
2530 938 2699 976 nexas
2720 925 2960 979 avellere
3000 935 3215 980 mentes

132 1011 239 1075 Qua
266 1017 555 1084 retegente
593 1010 747 1065 color
777 1010 945 1063 rebus
974 1008 1103 1063 dum
1149 1010 1264 1064 sole
1288 1010 1542 1071 refertur,
1859 1008 2029 1063 Patris
2058 1026 2242 1065 amore
2276 1021 2490 1081 petunt,
2523 1011 2727 1067 mulcta
2754 1014 3032 1069 velluntur
3059 1016 3262 1072 abaeti.

133 1100 351 1156 Oblatas
372 1102 522 1155 claro
550 1100 832 1154 lucrantur
862 1114 1042 1173 agone
1073 1115 1324 1154 coronas.
1859 1101 1951 1153 Ast
1983 1099 2161 1173 illeet
2191 1102 2400 1155 meritis
2431 1102 2751 1157 meritorum
2794 1111 2848 1158 et
2878 1103 3084 1159 lumine
3107 1108 3273 1161 cretis

136 1192 521 1263 Cappadocum
554 1192 623 1245 de
646 1199 812 1265 gente
841 1208 1012 1245 senex
1026 1191 1305 1245 Sisinnius
1335 1192 1529 1245 horum
1868 1189 2089 1245 Effloret
2118 1192 2339 1265 genitis,
2369 1208 2603 1263 quorum
2628 1193 2909 1252 Paulinus.
2949 1196 3179 1261 honore,

134 1286 348 1340 Primus
379 1286 590 1339 honore
623 1285 855 1347 nitente,
877 1284 1006 1338 tuba
1032 1288 1196 1351 caput
1219 1281 1361 1336 ictus
1384 1282 1564 1334 ahena
1867 1283 2131 1338 Culminis
2160 1286 2369 1358 egregii
2401 1286 2694 1357 sapidique
2735 1286 2915 1342 nitore
2942 1288 3170 1359 leporis,

134 1376 431 1432 Confessus
461 1373 745 1429 hominem
774 1388 997 1443 quoque
1031 1372 1279 1425 membra
1317 1371 1603 1425 securibus
1628 1370 1760 1435 exit,
1866 1373 2164 1427 Ausoniam
2195 1374 2419 1429 decorat
2450 1382 2603 1429 trans
2633 1382 2687 1430 et
2718 1392 2866 1430 mare
2899 1378 3106 1431 lumina
3142 1387 3344 1449 portat.

134 1467 349 1521 Limine
376 1466 446 1519 ab
470 1465 724 1521 Ecclesiae
756 1468 1021 1520 cmlorum
1054 1463 1295 1518 culmina
1334 1464 1627 1517 scandens.
1870 1463 2130 1520 Ecclesiae
2158 1466 2329 1520 decus
2361 1466 2590 1531 illustre,
2625 1468 2976 1537 Augustinus,
3012 1477 3066 1523 et
3097 1470 3247 1524 orbis

132 1560 427 1630 Martyrius
456 1565 662 1632 grates,
696 1567 880 1613 tentus
911 1574 1014 1612 nec
1042 1557 1285 1624 mobilis,
1305 1555 1465 1611 effert
1868 1553 2057 1608 Totius
2089 1554 2387 1609 instructor
2408 1554 2731 1627 fraudisque
2762 1556 2978 1611 hostilis
3008 1557 3257 1625 abactor,
3500 1618 3511 1627 ,

134 1653 391 1708 Salvifico
425 1651 680 1719 Domino,
710 1651 1055 1722 sudibusque
1085 1648 1297 1704 foratus
1327 1648 1524 1715 acutis,
1870 1646 2100 1702 Lumine
2139 1647 2233 1719 qui
2266 1655 2521 1703 cunctum
2554 1649 2732 1718 replet
2786 1649 2930 1704 almo
2971 1657 3026 1705 et
3080 1651 3290 1705 semine
3322 1668 3490 1706 mun-

134 1746 369 1801 Verticis
394 1761 425 1800 e
457 1746 636 1818 plagis
666 1750 871 1815 perstat
900 1754 1148 1799 saturare
1185 1743 1479 1814 bipennes,
3232 1742 3381 1814 [dum
3410 1762 3424 1810 ;

137 1836 393 1906 Dumque
414 1849 613 1889 cruore
640 1833 874 1888 madens
905 1834 1087 1907 agitur
1121 1834 1297 1888 libare
1329 1831 1596 1904 profanis,
1798 1882 1844 1907 η
1870 1831 2135 1887 Martinus
2162 1831 2449 1902 specimen
2470 1830 2745 1886 Gallorum
2776 1832 2973 1888 ductor
2999 1840 3053 1887 et
3085 1834 3225 1889 altor

138 1882 391 1906 nu..."
418 1882 610 1889 --ηη
642 1882 871 1888 --π-η-
906 1882 1077 1907 --ο--ν
1121 1882 1295 1888 Mm-
1331 1882 1596 1904 τη--η-«ν,
1874 1882 2131 1887 ---------ψ
2479 1882 2496 1884 -
2520 1882 2745 1886 η-τ-τπ-
2783 1882 2961 1888 nm-
3002 1882 3052 1887 ν-
3088 1882 3213 1889 --η-

138 1926 288 1980 Calle
310 1924 508 1981 volans
528 1924 636 1979 alio
662 1922 813 1979 subit
846 1934 988 1978 astra
1016 1930 1200 1979 actore
1230 1923 1464 1978 solutus.
1798 1882 1848 1950 Β
1874 1918 2212 1974 Candentum
2236 1920 2360 1990 pius
2389 1936 2680 1993 agnorum,
2705 1922 3073 1994 columenque
3106 1939 3390 1980 sacrorum

141 2016 419 2070 lnsultant
448 2014 608 2069 cassis
639 2014 997 2080 bacchantes,
1039 2012 1283 2083 pendula
1308 2011 1451 2068 collo
1872 2011 2206 2083 Gemmaque
2239 2010 2586 2082 pontificum,
2626 2013 2843 2083 pollens
2882 2016 3052 2068 tutela
3084 2015 3320 2086 piorum,

134 2111 387 2182 Martyris
410 2125 509 2165 ora
539 2108 935 2180 liganttinnitu
963 2115 1019 2162 et
1037 2123 1173 2163 voce
1195 2115 1488 2177 crepantes
1874 2100 2041 2169 Cujus
2061 2102 2129 2154 ad
2147 2102 2439 2172 exsequias
2468 2101 2655 2156 divina
2690 2103 2935 2172 potentia
2965 2110 3177 2173 patrem

138 2199 451 2254 Prostratos
479 2198 624 2254 ultor
656 2198 901 2252 Christus
930 2212 1041 2269 quo
1072 2196 1338 2260 vindicet,
1368 2194 1584 2251 addunt
1612 2212 1627 2260 ;
1872 2192 2153 2248 Transfert
2172 2193 2523 2247 Ambrosium
2551 2194 2649 2248 sed
2677 2210 2779 2248 nec
2818 2195 3055 2249 statione
3086 2205 3355 2250 remotum

140 2288 291 2342 Inter
318 2288 629 2343 Alexander
654 2287 871 2342 functos
901 2286 1205 2341 advertitur
1227 2285 1421 2339 balans
1878 2282 2160 2352 Hesperiis
2178 2289 2317 2336 astat
2338 2281 2525 2347 Gallis,
2560 2292 2615 2337 et
2647 2282 2839 2337 funera
2871 2292 3029 2338 curat
3060 2302 3074 2349 ;

141 2381 349 2450 Aspera
374 2395 618 2451 quaque
642 2378 794 2434 subit
825 2384 1028 2433 tractus
1056 2377 1187 2432 dum
1220 2377 1340 2431 dira
1372 2375 1607 2431 calentis
1877 2374 2171 2429 Mediolani
2198 2375 2306 2429 aris
2337 2375 2521 2445 praesit
2550 2375 2865 2446 Turonique
2898 2375 3191 2445 sepulcris,

141 2466 380 2521 Ventum
405 2466 474 2520 ad
506 2467 667 2521 busta
693 2467 809 2537 rogi
844 2466 1092 2521 condunt
1120 2480 1231 2535 quo
1262 2478 1496 2533 corpora
1525 2461 1703 2527 crudi,
1882 2461 2038 2516 Urna:
2069 2478 2270 2517 munus
2288 2463 2400 2537 agit
2431 2479 2533 2516 nec
2563 2463 2688 2518 diva
2710 2463 2959 2518 litamina
2991 2464 3211 2534 linquit,

144 2557 465 2628 Spirantem
488 2573 622 2631 ergo
647 2556 849 2625 jubent
879 2557 1055 2611 libare
1080 2557 1166 2610 vel
1198 2556 1326 2630 igne
1356 2554 1606 2629 ﬂagrare.
1878 2551 2117 2623 Corpore
2140 2553 2296 2608 adest
2314 2554 2543 2624 populo,
2575 2554 2878 2624 spiramine
2907 2556 3290 2612 servitamico.

148 2650 240 2706 Ille
276 2651 461 2706 minas
489 2654 711 2706 calcans
738 2651 880 2721 rapit
910 2652 1020 2706 alto
1047 2649 1159 2704 fine
1190 2664 1474 2705 coronam.
1882 2642 1941 2696 Et
1970 2642 2097 2713 quis
2126 2652 2326 2697 cuneta
2354 2642 2527 2712 patris
2558 2658 2780 2698 narrare
2813 2643 3055 2716 insignia
3087 2646 3222 2699 tanti

149 2740 336 2796 Excita
365 2756 470 2795 nec
495 2756 556 2794 se
587 2739 741 2794 abdit
773 2738 1035 2805 vindicta,
1079 2754 1183 2793 nec
1213 2738 1384 2793 incita
1412 2736 1637 2808 dignam
1881 2734 2198 2797 Przevaleat,
2235 2749 2467 2804 quorum
2499 2733 2594 2804 qui
2628 2733 2753 2799 scit,
2784 2734 2929 2805 sapit
2956 2735 3161 2801 omnia,
3196 2734 3502 2789 summam?

149 2828 267 2884 Mox
293 2828 530 2883 adhibet
551 2828 811 2882 mulctam
847 2827 1090 2893 ;coelum
1129 2834 1313 2881 tamen
1351 2824 1556 2900 abrigit
1587 2823 1783 2879 umbra
1884 2829 2016 2883 Nam
2040 2829 2167 2883 licet
2199 2829 2472 2882 addantur
2500 2828 2667 2882 dictis
2705 2828 3052 2899 quamplura,
3088 2828 3293 2883 residet

145 2919 407 2974 Proxima
436 2916 695 2984 terrenis,
723 2924 897 2971 terras
928 2916 1203 2972 velamine
1234 2930 1474 2982 cascans,
1894 2921 2126 2975 Maxima
2156 2931 2436 2996 gestorum
2460 2920 2558 2974 sed
2588 2936 2714 2990 pars
2736 2920 2939 2974 intacta
2965 2936 3267 2975 sacrorum.

146 3012 513 3084 Caecatosque
544 3011 809 3067 umbrans
830 3011 1087 3083 populos,
1116 3010 1281 3066 micat
1303 3010 1527 3084 ignibus
1548 3026 1642 3065 aer
1670 3027 1683 3064 :
1897 3013 2095 3085 Utpote
2126 3013 2221 3084 qui
2252 3013 2459 3079 studio,
2485 3012 2736 3067 doctrina
2761 3019 2815 3066 et
2836 3012 3077 3068 culmine
3110 3014 3234 3068 vitae

150 3104 412 3159 Fulmina
437 3102 636 3159 crebra
664 3104 873 3171 volant,
905 3104 1114 3169 lethum
1148 3100 1476 3157 mortalibus
1501 3101 1673 3156 aethra
1900 3102 2105 3157 Italiam
2138 3101 2386 3171 eripiens
2412 3100 2663 3154 tenebris
2683 3100 2752 3154 ad
2783 3100 3043 3173 dogmata
3072 3102 3264 3168 vertit,

153 3196 400 3253 Intentat
431 3197 707 3268 trepidis;
741 3196 1042 3251 mendaces
1071 3210 1202 3249 vera
1232 3192 1435 3265 profari
1822 3228 1869 3268 ρ
1898 3191 2189 3249 Catholicae
2214 3189 2344 3244 fidei
2377 3198 2576 3245 cuncto
2608 3189 2747 3243 dans
2776 3188 2985 3242 lumina
3016 3190 3247 3256 mundo,

153 3292 466 3367 Coguntur,
499 3290 619 3347 fieri
643 3293 762 3347 hmc
784 3298 1103 3345 sanctorum
1136 3290 1261 3344 luce
1293 3288 1550 3351 fatentes,
1824 3278 1871 3297 ν
1899 3284 2007 3338 Nos
2032 3296 2258 3352 quoque
2288 3278 2539 3367 perpetui
2573 3278 2797 3348 rapiens
2823 3278 3095 3333 aturbine
3126 3279 3258 3333 lethi

155 3363 391 3439 Ilisocii
422 3380 724 3447 Ambrosii,
757 3380 985 3451 capiunt
1012 3380 1099 3435 his
1123 3379 1336 3434 lumina
1355 3378 1507 3444 caeci,
1898 3371 2143 3428 Perferat
2168 3369 2388 3426 auxiliis
2418 3363 2627 3424 interna
2654 3368 2724 3424 ad
2751 3369 2957 3441 gaudia
2978 3370 3151 3428 lucis!

154 3468 453 3526 Caecantur
486 3470 643 3537 saivi,
669 3468 897 3525 rutilant
925 3466 1223 3539 splendore
1255 3466 1510 3539 benigni,

232 3622 372 3688 Quae
401 3629 721 3695 sequuntur
757 3636 921 3693 capp.
956 3620 1024 3675 19
1044 3627 1100 3675 et
1129 3619 1203 3674 20
1234 3618 1412 3674 edidit
1454 3616 1829 3685 Mabillonius,
1864 3621 1979 3674 Act.
2014 3618 2110 3673 SS.
2145 3618 2245 3675 ord
2300 3617 2354 3675 S.
2393 3617 2631 3686 Bened.,
2656 3624 2788 3673 tom.
2824 3618 2890 3685 ll,
2927 3635 3035 3694 pag
3086 3619 3157 3677 20
3182 3629 3238 3678 et
3264 3639 3424 3696 seqq.

1637 3778 1851 3835 CAPUT
1889 3778 2072 3833 XVIII.

1494 3899 1571 3959 De
1611 3910 1818 3962 sancto
1866 3903 2251 3963 Columbano.

236 4050 490 4105 Diversae
522 4047 787 4119 Hesperia
823 4046 1014 4117 patrire
1055 4045 1305 4100 radiante
1336 4045 1636 4111 nitescunt,
1916 4046 2245 4120 Aggreditur
2283 4059 2518 4115 superae,
2552 4045 2845 4100 virtutibus
2878 4030 3085 4118 Optime
3118 4048 3289 4105 fultus

162 4139 420 4196 Diversis
449 4137 615 4192 simul
643 4136 899 4192 hostibus
922 4135 1224 4189 illustratur
1243 4141 1298 4189 et
1324 4133 1461 4204 ipsa.
1916 4134 2119 4188 Gallica
2158 4150 2284 4188 rura
2316 4133 2469 4203 petit,
2504 4134 2689 4189 divina
2718 4135 2802 4189 his
2841 4137 3053 4191 semina
3078 4147 3321 4208 portans,

238 4226 546 4282 Ambrosio
577 4225 859 4298 insignem
889 4232 1045 4279 vates
1075 4223 1210 4294 petit
1235 4222 1472 4294 inclytus
1507 4222 1696 4277 urbem
1712 4223 1815 4258 3‘3“
1915 4222 2018 4277 Ore
2040 4239 2318 4294 manuque
2348 4239 2551 4278 vocans
2608 4225 2874 4279 caelorum
2919 4227 2985 4279 ad
3023 4228 3264 4283 culmina
3286 4239 3533 4287 cunctos.

163 4324 349 4379 Gente
386 4321 767 4377 Columbanus
793 4321 1080 4375 Scotorum
1112 4326 1170 4373 et
1198 4318 1471 4391 sanguine
1500 4328 1702 4373 cretus.
1806 4320 1809 4323 ’
1915 4314 2069 4369 Celsa
2098 4323 2292 4385 petens
2321 4316 2606 4388 gradibus,
2636 4318 2806 4371 eremi
2828 4328 3039 4372 secreta
3072 4321 3324 4391 requirit.

165 4417 268 4482 Qui
298 4416 440 4487 pius
468 4430 500 4468 a
531 4428 705 4484 puero
735 4412 869 4467 vixit
906 4410 1178 4466 mirabilis
1205 4425 1345 4474 aevo,
1914 4410 2090 4480 Atque
2108 4410 2445 4464 columbinis
2485 4411 2759 4466 scandens
2781 4411 3117 4467 subitardua
3140 4416 3357 4483 pennis.

167 4508 379 4563 Christi
414 4511 597 4562 castra
626 4505 697 4540 3“
729 4506 940 4571 locans,
1008 4503 1293 4574 multoque
1351 4502 1468 4557 hinc
1504 4501 1679 4556 milite
1723 4517 1816 4557 rem
1918 4497 2029 4552 Nec
2054 4498 2194 4552 άὶνεε
2216 4499 2286 4533 ³⁸⁵
2312 4497 2604 4554 frustratur
2633 4499 2755 4569 Opis
2775 4500 3044 4556 SOIamine
3083 4518 3292 4570 Servus.

1543 4592 1741 4664 [plens
1920 4590 2167 4645 Crastina
2198 4592 2493 4663 praeceptis
2524 4592 2745 4647 innixus
2776 4594 3065 4649 commoda
3094 4602 3369 4652 temnens.

161 4688 459 4763 Pr0positi
499 4693 676 4743 metas
706 4687 874 4756 hujus
892 4686 1109 4741 virtutis
1135 4686 1365 4741 odorem
1923 4678 2232 4743 Qumrenlis
2262 4679 2408 4734 Deus
2427 4688 2637 4753 aegroto
2669 4681 2867 4737 solatia
2888 4681 3038 4738 fratri

165 4782 309 4837 Nare
337 4793 597 4850 sequens
616 4777 800 4844 avida,
836 4777 999 4847 paulo
1032 4775 1335 4831 excessisse
1365 4774 1618 4829 videbor.
1923 4772 2133 4827 Allcvat
2160 4788 2447 4847 angorem,
2488 4773 2680 4848 legans
2709 4782 2901 4845 optata
2931 4777 3225 4832 vehentem

168 4874 327 4929 Finis
349 4878 413 4927 at
450 4868 1044 4941 huncltalisquoniam
1072 4868 1375 4939 impertivit
1395 4866 1592 4941 agonis
1621 4865 1749 4934 3‘“,
1834 4885 1893 4954 D
1924 4862 2163 4919 Defessis
2192 4865 2454 4919 alimenta
2475 4865 2677 4929 virum,
2712 4882 2818 4921 nec
2839 4868 3044 4923 missus
3064 4869 3246 4925 inanis

167 4962 450 5019 Ausoniis
481 4960 708 5015 tandem
739 4959 946 5030 placuit
967 4958 1216 5027 junxisse
1238 4958 1480 5029 tropaeis.
1918 4955 2021 5008 Aut
2047 4955 2303 5011 mercede
2333 4971 2528 5011 carens
2558 4957 2713 5011 iteris
2733 4957 2880 5028 (208)
2911 4960 3117 5015 solator
3145 4959 3322 5016 abire.

240 5054 434 5119 Quem
467 5048 710 5125 genitrix
728 5048 858 5103 dum
891 5053 1049 5103 utero
1107 5052 1285 5121 gestat
1309 5047 1613 5118 procedere
1643 5046 1818 5103 solem
1922 5041 2070 5114 Egri
2099 5042 2404 5099 subventor
2432 5044 2803 5100 medicamina
2828 5047 3082 5120 conjugis
3105 5056 3243 5115 orat,

169 5143 483 5217 Aspiciens
502 5139 754 5215 gremiis,
774 5138 962 5193 lumen
988 5153 1337 5210 praenoscere
1366 5138 1538 5208 prolis
1924 5131 2358 5205 Subsidiumque
2388 5132 2950 5208 refert,{qua:sitaque
2982 5137 3129 5192 dona
3168 5148 3411 5209 reportat

170 5234 472 5290 lllustrata
499 5230 667 5285 datur
688 5241 963 5299 sparsura:
990 5227 1199 5281 lumine
1236 5235 1430 5282 terras.
1926 5226 1989 5280 Et
2018 5226 2187 5296 patris
2210 5226 2279 5280 ad
2313 5236 2503 5283 votum
2531 5229 2738 5299 reperit
2756 5229 3279 5305 viguissejugalem.

243 5324 494 5381 Artibus
514 5320 764 5377 imbutus
788 5319 972 5391 claris,
1010 5319 1346 5375 documenta
1372 5317 1646 5389 palaestrae
1996 5317 2130 5372 Inde
2161 5316 2494 5373 Carantocus
2522 5319 2753 5374 secretis
2781 5321 2993 5377 visibus
3021 5322 3199 5378 abbas

1279 5444 1553 5502 GLOSSIE
1603 5443 2026 5518 MARGINALES
2067 5443 2481 5499 MABILLONII.

247 5559 325 5594 3‘3
358 5557 429 5613 id
463 5558 542 5611 esi
583 5552 974 5609 Mediolanum.
1065 5551 1135 5586 3“
1163 5551 1517 5607 monasteria.
1590 5549 1694 5585 3"”
1722 5549 1868 5605 vitae.
1949 5549 2018 5583 ³³⁵
2044 5548 2263 5604 divinae.

1783 5682 1993 5738 NOTAE.

254 5789 415 5866 (208)
446 5786 582 5866 Iter,
633 5786 820 5866 iteris,
859 5784 1003 5866 sicut
1029 5787 1213 5866 itiner,
1257 5786 1494 5866 itineris,
1543 5800 1654 5840 non
1693 5798 1818 5838 raro
1865 5782 2072 5837 habent
2116 5786 2349 5836 veteres.
2393 5778 2535 5854 Lege
2564 5777 2823 5838 adnotata
2854 5782 2924 5841 ad
2964 5784 3140 5842 Vitam
3188 5786 3222 5839 S
3293 5787 3553 5844 Cuthbert

185 5855 437 5920 metriae
476 5874 504 5912 a
538 5857 686 5912 Beda
718 5855 1051 5927 descriptam
1087 5856 1151 5909 ad
1181 5872 1314 5911 ann.
1345 5855 1471 5911 687.
