3902 6400
387 417 487 472 871

392 551 720 609 Admonitus
750 552 942 603 sancto
971 541 1234 617 suffragia
1260 540 1400 594 ferre
1426 534 1649 593 laboris.

394 649 580 705 Accito
609 643 813 700 famulo
845 639 1092 695 coelestia
1117 637 1270 705 jussa
1293 631 1513 696 retexit,

396 740 623 811 Explcat
650 732 993 804 imperitans.
1032 729 1291 797 Properat
1313 718 1626 783 Marculfus,
1659 716 1873 773 onustis

396 808 523 887 Lata
547 829 651 864 ³⁸⁵*
682 825 958 880 ministrat
988 818 1168 892 equis,
1192 816 1291 871 sed
1314 829 1424 886 quo
1457 828 1518 867 se
1532 809 1749 866 tramite
1780 808 1945 862 ducat

395 924 606 980 [nscius
632 921 1005 995 ignoransque
1036 909 1310 983 petendus
1348 905 1444 961 ubi
1476 902 1660 958 incola
1687 900 1868 971 degat.

395 1018 571 1087 Atque
602 991 681 1066 ita
698 1006 909 1063 nutanti
944 1003 1077 1075 quid
1096 1005 1220 1072 agat
1246 998 1378 1052 dum
1410 994 1578 1050 corde
1605 991 1835 1053 volutat,

397 1079 696 1159 Consilium
721 1094 895 1152 menti
924 1091 1220 1163 ingeritur,
1248 1087 1501 1156 jumenta
1530 1079 1715 1137 viandi

398 1194 642 1250 Destinet
669 1187 875 1251 ofﬁcio,
901 1188 1148 1256 praeeant
1174 1192 1283 1249 quo
1310 1190 1431 1247 quae
1449 1179 1567 1227 acta
1591 1174 1874 1241 sequatur.

396 1283 488 1337 Vis
509 1289 658 1336 recto
685 1276 875 1331 divina
894 1285 1097 1345 regens
1115 1264 1377 1323 animalia
1408 1261 1570 1327 calle,

399 1372 557 1427 Ducit
594 1370 649 1423 in
679 1364 850 1438 aptati
884 1360 1060 1417 Patris
1081 1374 1178 1413 ora
1206 1358 1476 1426 sequente
1506 1348 1792 1423 magistro.

397 1463 599 1532 Sicque
630 1437 730 1513 Dei
760 1452 1024 1509 famulum
1051 1445 1409 1503 ductantibus
1442 1442 1537 1496 ille
1574 1437 1794 1495 veredis

403 1557 698 1613 lnveniens
727 1554 1021 1624 praesentat
1048 1561 1190 1617 opus
1223 1560 1236 1597 :
1270 1548 1566 1616 gratesque
1597 1533 1827 1590 Tonanti

403 1649 602 1705 Laudis
632 1644 895 1715 utrinque
934 1641 1077 1695 data;
1113 1636 1293 1692 :ditat
1323 1628 1646 1686 benedictio
1686 1624 1846 1687 vatis,

398 1745 471 1799 Ac
510 1746 729 1797 revocat
757 1738 828 1773 3‘6
856 1734 1110 1810 gerulum
1149 1727 1425 1803 praeconia
1452 1724 1623 1796 digna
1650 1724 1952 1778 serentem,

1160 400 1525 458 FLODOARDI
1558 397 1864 453 CANONICI
1908 396 2236 452 REMENSIS
2277 395 2613 451 OPUSCULA
2654 394 2960 449 METRICA.

3644 394 3761 448 8'72

2039 534 2088 600 Α
2114 532 2210 585 Vix
2231 546 2488 587 revocare
2518 532 2662 585 valet
2687 537 2929 601 capturas
2961 528 3207 599 pondere
3235 526 3372 583 farta
3402 528 3495 582 35°.

2114 624 2317 695 Sicque
2349 622 2540 677 hilaris
2567 622 2780 676 Patrem
2811 621 3036 692 reperit.
3069 623 3194 677 data
3208 622 3356 676 dona
3386 620 3682 692 rependit.

2189 712 2304 767 Ursi
2337 713 2541 783 spelaea
2563 711 2844 783 quondam
2879 711 2999 782 ipse
3031 710 3298 766 remotior
3328 712 3576 775 limrens,

2117 801 2464 875 Languorum
2495 808 2705 856 secreta
2729 801 2831 855 teri
2867 817 2966 871 per
3000 800 3204 856 famina
3233 799 3428 854 fratres

2118 894 2362 949 Addiscit
2381 893 2643 960 stimulis,
2675 894 2854 948 solum
2887 909 3179 964 superesse
3209 891 3495 947 ministros

2118 983 2351 1055 [Egrotis
2378 982 2586 1038 servire
2618 983 2776 1037 datos
2824 982 3025 1037 Horum
3049 983 3167 1053 ipse
3197 983 3461 1035 misertus

2121 1073 2278 1128 Peste
2307 1072 2629 1143 repellenda
2660 1071 2796 1142 petit
2824 1071 2926 1127 hac
2946 1070 3204 1127 Lussovia
3232 1076 3432 1125 castra.

2120 1167 2331 1222 Attritis
2350 1167 2515 1237 jubet
2547 1179 2862 1239 exsurgant,
2894 1164 3252 1221 famulatibus
3282 1165 3513 1229 instent,

2122 1261 2453 1317 lmmineant
2476 1261 2541 1296 ⁸⁵¹
2571 1260 2740 1315 messi
2764 1259 3017 1315 fervente
3044 1258 3232 1314 labore
3264 1256 3533 1312 terendae.

2127 1356 2371 1431 Surgunt
2396 1360 2675 1426 praecepto
2701 1352 2849 1408 soliti
2865 1351 3109 1425 gaudere
3135 1359 3391 1422 paterno,

2130 1445 2410 1499 Accedunt
2439 1442 2691 1509 monitis,
2712 1442 2923 1497 tritura!
2942 1440 3197 1495 insistere
3228 1445 3460 1493 certant.

2126 1536 2326 1590 Virtuti
2357 1534 2557 1605 suplici
2585 1534 2803 1606 fugiens
2833 1532 2915 1588 vis
2941 1531 3195 1588 morbiba
3226 1530 3401 1596 cedit,

2131 1624 2459 1697 Roboreque
2485 1624 2795 1695 implentur
2816 1622 2977 1694 pulso
3007 1635 3258 1677 marcore
3284 1618 3572 1683 medullae,

2128 1714 2461 1788 Adgandens
2489 1712 2651 1767 Pater
2665 1711 2974 1783 obsequiis,
3008 1724 3261 1765 recreare
3283 1706 3536 1761 laborem

473 1831 724 1886 lnvisunt
751 1801 1001 1898 refuvgam
1030 1801 1221 1876 mundi
1243 1819 1356 1885 jam
1389 1813 1593 1868 deinde
1613 1810 1951 1879 frequentes,
2057 1839 2107 1908 Β
2127 1805 2419 1860 Mirantum
2445 1805 2558 1873 jam
2590 1818 2753 1875 posse
2780 1819 2939 1858 suum
2964 1801 3237 1867 decernit,
3268 1807 3504 1855 ovanter

401 1924 575 1994 Atque
598 1920 789 1976 colunt
818 1914 1033 1988 plebes,
1066 1908 1289 1982 pietatis
1316 1908 1529 1961 honore
1563 1907 1814 1972 petentes

408 2013 596 2080 Ditari,
628 2010 801 2069 verbo
833 2006 1007 2073 reﬁci,
1041 2002 1413 2075 precibusque
1440 1994 1632 2051 levari.

405 2106 502 2159 ille
528 2103 673 2157 favet
701 2098 861 2162 votis,
893 2094 1217 2164 morbisque
1243 2087 1499 2143 medetur
1524 2080 1763 2145 anhelis,

404 2196 657 2254 Mirificat
680 2193 948 2266 pellitque
970 2189 1137 2253 feras,
1170 2183 1363 2256 procul
1386 2178 1590 2254 eﬁ'ugat
1629 2177 1816 2230 hostes

405 2292 629 2361 Septus‘
674 2293 729 2341 et
757 2286 1002 2339 intactus
1033 2282 1245 2351 perstat
1266 2274 1481 2330 feritate
1513 2268 1726 2339 lupina,

410 2381 523 2436 Miti
555 2394 692 2450 pace
711 2384 892 2432 truces
918 2386 1088 2428 ausus
1108 2367 1436 2436 rabiemque
1459 2373 1744 2417 serenans.

411 2449 605 2530 Ursum
628 2486 739 2544 quo
770 2467 1004 2542 pOpulit,
1038 2461 1252 2534 scopuli
1285 2458 1421 2534 legit
1451 2462 1567 2511 atra
1600 2449 1856 2511 minacis,

413 2566 609 2622 Incolit
636 2565 755 2618 haec
778 2561 952 2627 solus,
983 2571 1158 2629 puero
1182 2554 1400 2611 visente
1421 2548 1693 2603 ministro.

413 2658 640 2728 Agreste
669 2652 818 2706 hunc
841 2652 1113 2704 sustentat
1142 2643 1285 2705 olus,
1307 2639 1413 2695 fert
1434 2634 1633 2708 pocula
1661 2630 1905 2728 lympha.

414 2723 586 2813 Quam
620 2743 813 2817 procul
840 2743 969 2797 inde
991 2745 1208 2812 petens.
1238 2736 1464 2807 longum
1495 2744 1635 2802 puer
1659 2723 2038 2796 ipselaborem

419 2841 484 2896 Ut
519 2838 790 2911 queritur,
822 2834 935 2890 saxi
965 2829 1198 2887 scrutari
1217 2835 1375 2901 terga
1397 2825 1644 2895 jubetur.

421 2931 554 2983 Dum
585 2925 730 2981 Patri
761 2921 1023 2996 precibus
1042 2917 1168 2975 caeli
1197 2921 1412 2971 secreta
1450 2916 1731 2984 petuntur,

419 3021 664 3085 Factum,
699 3022 754 3072 et
774 3031 900 3072 cum
926 3012 1073 3069 votis
1098 3009 1292 3066 latices
1314 3006 1623 3062 funduntur
1643 2998 1835 3072 Opimi,

420 3111 562 3165 Fons
593 3120 733 3176 rupe
764 3103 1010 3160 exoritur
1036 3098 1241 3156 montis
1265 3096 1398 3151 hinc
1427 3097 1657 3166 perpete
1687 3090 1867 3161 lapsu.

418 3199 535 3254 Jam
570 3197 779 3252 devexa
796 3193 1007 3267 rigans,
1038 3197 1093 3245 et
1117 3187 1411 3244 commoda
1430 3196 1661 3237 munera
1691 3176 1969 3251 praebens,

496 3287 680 3343 Castra
701 3264 919 3355 replere
943 3280 1039 3336 Dei
1070 3274 1501 3351 properantibus
1532 3270 1780 3341 undique
1825 3264 2041 3329 turmis,

423 3377 656 3452 Agmina
682 3380 917 3429 metator
944 3385 1173 3444 cogens,
1204 3368 1326 3422 loca
1364 3362 1619 3435 providet
1648 3366 1797 3430 apta,

427 3467 715 3525 Distribuit
743 3471 941 3530 castus,
973 3469 1192 3517 certans
1221 3460 1608 3530 praemonstrat
1646 3465 1904 3525 agonem,

426 3560 610 3615 Munia
638 3558 967 3628 disponens,
998 3553 1153 3625 leges
1181 3550 1293 3615 dat,
1317 3549 1556 3618 juraque
1586 3549 1801 3605 tractat,

425 3655 553 3719 Quze
580 3648 860 3719 descripta
888 3644 1092 3702 docenf
1116 3641 1295 3716 qualis
1319 3636 1616 3696 radiaverit
1636 3640 1844 3689 auctor.

427 3746 549 3817 ipse
580 3757 827 3798 eremum
859 3753 1160 3813 peragrans
1179 3733 1403 3810 gemino
1433 3728 1727 3786 comitatus
1756 3724 1980 3779 alumno

429 3835 807 3909 lndignusque
828 3831 960 3895 cibi,
991 3829 1173 3885 soeios
1196 3825 1359 3896 jubet
1385 3824 1464 3878 ire
1494 3820 1746 3893 petitum,

430 3931 769 4005 Signatoque
799 3928 921 3982 loco
949 3925 1156 3981 victum
1187 3920 1408 3976 deferre
1437 3922 1735 3988 repertum.

432 4025 835 4095 Deproperant,
864 4019 986 4075 loca
1012 4017 1158 4073 dicta
1178 4015 1397 4079 ineunt,
1420 4009 1640 4066 ﬂuviala
1660 4009 1897 4062 cernunt

433 4116 679 4180 Munera,
708 4127 820 4167 non
843 4107 1071 4181 proprio
1100 4104 1263 4161 terris
1291 4102 1529 4158 adstrata
1559 4099 1854 4154 clemente.

431 4208 666 4263 Sumunt
678 4214 789 4260 tres
804 4202 873 4257 de
886 4200 1134 4273 quinque
1155 4212 1349 4252 esoces
1364 4192 1488 4259 3‘“,
1504 4192 1572 4247 ad
1590 4187 1820 4262 prandia
1832 4184 2055 4241 tollunt.

437 4301 805 4367 lncrepanlur
832 4301 892 4347 ut
916 4290 1140 4366 ingrati,
1173 4286 1268 4361 qui
1310 4301 1483 4359 prona
1512 4282 1758 4337 refutent

436 4392 590 4445 Dona
619 4388 815 4455 Patris,
848 4384 999 4440 missi
1031 4381 1290 4446 redeunt,
1308 4382 1625 4448 contempta
1652 4376 1951 4444 reportant.

506 4478 727 4534 Mandat
756 4477 887 4533 item
919 4473 1202 4545 quondam
1225 4474 1465 4540 capturas
1486 4467 1691 4521 instare
1712 4461 1959 4518 sodalem
1971 4461 2061 4514 3".

437 4572 610 4643 Atque
641 4570 821 4626 locum
849 4567 1050 4641 signat,
1080 4562 1261 4618 laxata
1287 4559 1379 4615 ubi
1413 4558 1549 4613 retia
1576 4556 1799 4628 pandat.

438 4660 521 4714 llli
562 4660 738 4714 visum
765 4656 920 4721 alias,
951 4669 1055 4709 nec
1079 4651 1281 4708 caerula
1310 4649 1380 4684 3‘8
1396 4649 1549 4718 jussa
1580 4645 1819 4701 lacessit.

443 4747 554 4802 Nec
592 4746 794 4817 praeda:
834 4758 1100 4800 concessa
1138 4746 1356 4811 petens,
1390 4736 1623 4792 miratur
1660 4735 1886 4790 adactos

445 4839 834 4909 lnstantesque
867 4834 1014 4890 haud
1043 4848 1209 4905 posse
1225 4831 1347 4902 capi
1365 4828 1681 4885 sinuamine
1697 4826 1766 4861 3‘9
1787 4826 1987 4896 pisces.

450 4934 721 5005 lmpactos
752 4936 965 5002 spectat
991 4927 1244 4996 maculis,
1276 4924 1491 4981 nullum
1519 4923 1709 4978 eximit
1726 4921 1893 4977 undis
1926 4938 1939 4975 :

442 5030 892 5100 Consumptaque
920 5025 1013 5081 die
1038 5038 1195 5080 casso
1225 5021 1428 5078 sudore
1461 5020 1669 5076 laboris

444 5123 775 5199 Regreditur
798 5121 975 5177 fructu
1005 5135 1214 5175 vacuus
1245 5121 1596 5187 contemptor
1620 5114 1895 5171 alumnus.

448 5211 704 5286 Arguitur
732 5210 937 5282 spretis
959 5223 1101 5265 vano
1130 5206 1423 5263 conamine
1447 5205 1640 5273 jussis,

448 5300 509 5354 Et
534 5300 677 5356 vada
701 5299 816 5368 jam
849 5299 1069 5354 tandem
1111 5297 1336 5352 decreta
1363 5294 1551 5351 subire
1580 5293 1832 5350 Jubetur.

453 5391 615 5446 Paret
644 5389 848 5446 abinde
880 5389 1058 5446 cliens
1082 5395 1138 5444 et
1167 5388 1279 5443 lina
1309 5387 1537 5459 capacia
1573 5386 1795 5444 solvens

2132 1898 2405 1951 lustaurat
2434 1910 2678 1959 mensas,
2711 1893 3059 1965 dapibusque
3087 1896 3344 1946 venustat
3369 1887 3607 1959 opimis.

2131 1987 2338 2043 Gaudia
2364 1986 2721 2043 concelebrat
2750 1984 2902 2039 nullo
2944 1983 3228 2038 residente
3257 1980 3471 2046 dolore,

2131 2077 2193 2131 Ni
2226 2076 2404 2132 solum
2430 2074 2617 2129 infidis
2642 2075 2845 2129 sectori
2873 2074 3027 2143 jussa
3059 2072 3312 2128 moratis.

2133 2170 2375 2235 Quorum
2405 2167 2624 2223 desidia
2654 2166 2924 2242 arguitur.
2968 2165 3205 2237 pigredo
3236 2170 3480 2227 notatur,

2133 2262 2306 2330 Atque
2337 2258 2535 2313 animae
2565 2258 2800 2329 languor
2829 2254 3012 2311 carnis
3033 2254 3302 2329 languore
3329 2251 3521 2323 piatur
3556 2268 3569 2303 :

2136 2352 2209 2405 Ac
2238 2350 2409 2420 pestis
2426 2365 2581 2405 mora
2609 2347 2929 2419 praecinitur
2956 2346 3047 2412 ³⁵³,
3077 2344 3417 2418 longumque
3450 2349 3635 2398 rotata

2137 2446 2383 2502 Volvitur
2402 2444 2671 2511 anxietas,
2705 2458 2883 2498 annus
2913 2440 3249 2495 dumlimina
3279 2438 3508 2494 claudit.

2212 2534 2443 2591 Siccatis
2472 2534 2754 2606 quondam
2775 2531 2996 2603 stipulis
3021 2530 3122 2585 sub
3149 2536 3400 2600 tempore
3428 2526 3639 2581 messis

2144 2630 2457 2703 insurgant,
2484 2625 2849 2696 inhibentque
2869 2622 2977 2698 legi
3002 2622 3074 2657 ³⁵³
3090 2622 3237 2677 dona
3252 2635 3435 2674 annua
3465 2617 3652 2672 nimbi

2143 2724 2410 2779 Insistunt
2448 2721 2668 2793 pluviae,
2695 2735 2827 2791 spes
2848 2718 2966 2789 ipsa
2996 2717 3175 2772 ablata
3198 2714 3466 2771 metendi.

2144 2814 2419 2870 Mentibus
2448 2812 2717 2877 attonitis,
2748 2811 2948 2866 iterum
2972 2824 3042 2864 ne
3071 2807 3322 2884 germina
3362 2804 3565 2861 culmis

2145 2906 2442 2973 lnsurgunt
2472 2902 2594 2958 fetis
2626 2901 2790 2957 famis
2823 2901 2877 2955 in
2905 2898 3227 2955 discrimina
3257 2895 3466 2970 granis.

2143 2994 2240 3049 llle
2271 2993 2376 3049 sub
2406 2993 2524 3047 haec
2551 2990 2784 3046 Domino
2800 2986 3147 3044 committere
3178 2994 3306 3041 vota
3333 2983 3612 3056 benigno,

2144 3086 2425 3158 Spemque
2456 3083 2665 3139 librans
2696 3080 2932 3149 Christo,
2980 3077 3151 3135 sociis
3187 3076 3354 3147 jubet
3403 3091 3560 3130 arma
3592 3074 3666 3107 ³⁵⁸
3698 3089 3790 3127 ca-

3431 3167 3718 3239 [pessant,

2108 3254 2122 3276 ’
2155 3270 2385 3325 Messem
2410 3268 2618 3330 ineant,
2650 3264 2833 3322 curvis
2862 3264 3126 3319 invadant
3154 3259 3392 3316 falcibus
3425 3274 3578 3313 arva.

2149 3361 2331 3417 Mirari
2361 3360 2615 3426 comites,
2638 3373 2803 3412 nemo
2835 3356 3003 3411 audet
3031 3367 3287 3425 promere
3314 3358 3510 3407 contra

2151 3451 2292 3516 Quin
2315 3448 2537 3504 faveant
2557 3446 2752 3517 jussis,
2795 3445 3108 3516 ruraliaque
3138 3457 3290 3497 arma
3320 3439 3570 3495 ferentes

2151 3542 2449 3614 Appellunt
2474 3540 2652 3614 segeti
2686 3557 2698 3593 :
2732 3538 2994 3595 custodes
3020 3535 3112 3590 ille
3139 3549 3240 3606 per
3270 3547 3397 3587 oras

2154 3636 2444 3693 Distribuit
2472 3635 2607 3703 ruri,
2639 3650 2781 3707 quos
2817 3633 2930 3689 vita
2958 3630 3232 3687 excelsior
3261 3635 3423 3683 ornat

2155 3729 2422 3793 Quattuor
2453 3724 2737 3796 excipiens
2790 3721 3160 3786 Coniminum,
3221 3718 3530 3784 Eunocum,
3577 3715 3797 3771 Econa-

3543 3810 3725 3881 [mum

2154 3913 2432 3987 Sanguine
2453 3912 2788 3978 Scottorum,
2806 3909 3122 3981 Gurganum
3136 3910 3304 3980 gente
3334 3902 3698 3957 Britannum.

2157 4011 2250 4065 His
2280 4010 2358 4065 ita
2387 4005 2677 4079 dispositis
2706 4004 2867 4076 operi
2896 4019 3019 4059 cum
3065 4000 3330 4057 fratribus
3358 3996 3536 4053 abbas

2159 4105 2369 4161 Insistit
2398 4121 2412 4159 :
2445 4118 2543 4175 pro
2571 4102 2712 4158 mira
2743 4100 2884 4155 ﬁdes
2915 4098 2928 4154 l
2961 4106 3074 4154 toto
3114 4097 3322 4152 aethere
3350 4110 3505 4150 rores

2158 4197 2487 4253 Funduntur
2514 4196 2680 4261 circa,
2708 4194 2856 4249 sicco
2882 4191 3030 4248 cadit
3049 4191 3171 4245 haec
3198 4204 3360 4264 seges
3390 4203 3549 4258 agro,

2159 4288 2436 4361 Tostaque
2460 4286 2530 4321 ³⁵⁵
2560 4283 2814 4340 mirando
2842 4282 2925 4338 sic
2950 4288 3156 4336 cuncta
3185 4277 3513 4333 reconditur
3534 4284 3702 4331 aestu.

2232 4382 2501 4438 Trimates
2529 4378 2748 4434 steriles
2765 4376 3021 4431 virtutem
3048 4371 3311 4446 pauperis
3337 4371 3507 4439 hujus

2166 4474 2502 4540 Sentiscunt,
2526 4470 2753 4535 adeunt,
2782 4466 3129 4539 quaesitaque
3156 4462 3357 4537 gaudia
3387 4460 3565 4533 prolis

2080 4595 2139 4665 D
2168 4562 2476 4634 Accipiunt,
2510 4558 2717 4616 celebri
2744 4557 3005 4612 laetantur
3034 4556 3245 4610 honore
3270 4557 3586 4624 parentum.

2167 4654 2544 4710 Wandalenus
2568 4666 2742 4708 ovans
2768 4651 2980 4705 Donato
3012 4648 3241 4703 nomine
3269 4652 3321 4699 et
3354 4651 3478 4698 actu

2166 4752 2402 4825 Pignore
2432 4748 2695 4813 ﬂorescit,
2719 4761 2877 4801 sacer
2904 4751 2960 4799 at
2989 4745 3149 4798 Pater
3175 4740 3361 4811 expiat
3390 4736 3583 4804 undis,

2168 4839 2496 4910 Enutritque
2520 4837 2709 4891 datum
2741 4832 2960 4889 caelesti
2991 4831 3136 4887 lacte
3158 4828 3420 4885 clientem

2168 4932 2339 4997 Quem
2368 4937 2494 5002 post
2520 4926 2802 5001 pontificis
2824 4924 3088 4982 Vesontio
3119 4922 3364 4978 culmine
3388 4918 3557 4985 tollit,

2170 5021 2389 5093 Quique
2419 5018 2809 5076 Monasterium
2864 5028 3176 5085 normaque
3231 5018 3287 5066 et
3346 5010 3564 5065 honore
3617 5017 3803 5081 patro-

3562 5102 3643 5173 [ηί
3670 5102 3741 5137 ssc

2172 5202 2529 5260 Constituens
2557 5198 2796 5265 Christo,
2821 5194 3097 5251 certantia
3125 5200 3305 5249 castra
3326 5196 3571 5261 coaptat.

2178 5298 2391 5353 Fenora
2411 5302 2662 5350 natorum
2695 5291 2916 5366 genitor
2944 5305 3045 5361 pro
3078 5288 3312 5362 pignore
3342 5284 3457 5340 lato
3486 5283 3557 5319 ³³⁷

2176 5384 2396 5442 Tutoris
2432 5380 2633 5453 recipit
2659 5379 2893 5447 meritis,
2914 5377 3130 5449 ipsique
3160 5380 3422 5447 parentes

1523 5564 1794 5622 GLOSSIE
1843 5562 2268 5620 MARGINALES
2321 5559 2729 5617 MABILLONH.

526 5693 596 5728 5‘5
625 5692 807 5747 allata.

461 5764 532 5798 ³⁵⁰
563 5763 785 5820 referta.

900 5690 969 5727 ³⁸⁸
998 5692 1217 5747 reducit
1269 5691 1337 5746 ad
1395 5706 1513 5746 sua.
1596 5690 1700 5725 ³¹ο⁶¹¹
1727 5689 2032 5746 Salmonea.

2128 5687 2195 5722 ³⁸⁷
2219 5686 2451 5742 Gallum.
2538 5684 2697 5737 ³⁸⁸ίά
2744 5685 2842 5747 est,
2909 5693 3148 5735 amnem.

879 5762 943 5798 3'"
977 5762 1255 5821 insistant.
1323 5762 1393 5795 35’
1421 5762 1755 5831 praedicitur.
1843 5761 1913 5796 ³⁵³
1944 5759 2148 5831 colligi.
2231 5758 2302 5793 35‘
2334 5756 2521 5814 falces.
2608 5754 2677 5789 ³⁵³
2707 5753 2870 5810 sicca.

3244 5675 3313 5709 3‘9
3336 5673 3539 5728 retium
3607 5674 3808 5728 sinibus

2968 5750 3039 5786 ³⁵⁸
3060 5744 3405 5804 Columbani.
3492 5744 3563 5779 ⁸⁵⁷
3595 5745 3805 5800 collato.
