3902 6410
128 397 232 454 873

729 398 811 452 DE
853 399 1112 455 CHRISTI
1154 402 1516 457 TRIUMPHIS
1560 405 1731 459 APUD
1773 406 2039 463 ITALIAM
2081 408 2256 463 LIBRI
2299 410 2428 464 XIV.
2473 441 2536 451 -—-
2580 412 2706 468 LIB.
2750 412 2882 467 XIV.

3372 418 3476 474 8'74

130 525 198 579 Se
237 524 598 600 obstringunt
640 528 915 584 Domino:
973 538 1149 585 mater
1202 539 1436 586 turmam
1493 542 1756 606 aggregat
1783 541 1828 605 Α
1930 539 2184 594 Adversis
2212 541 2377 595 etiam
2410 541 2501 595 ille
2534 542 2734 610 bonus,
2762 545 3032 616 saavisque
3064 546 3338 621 benignus

1466 625 1681 695 [almam

131 710 404 764 Castarum
436 711 693 782 gaudens
728 712 992 767 comitum
1024 729 1085 767 se
1109 714 1195 768 his
1226 731 1345 769 esse
1377 716 1641 771 sodalem.

131 800 411 856 Sufficitur
441 803 585 858 Patri
618 804 993 869 Cramelenus;
1027 816 1082 859 et
1117 806 1234 875 ipse
1276 806 1421 862 beati

130 891 355 945 Abbatis
386 892 688 963 splendore
718 893 882 948 datus
912 893 1145 948 dcvoms
1170 896 1367 960 amori,

132 986 371 1041 Instituit
395 993 598 1042 cretum
628 987 802 1042 Patris
840 988 1007 1056 hujus
1038 989 1287 1063 regmine
1309 991 1535 1046 cultum.

199 1075 441 1145 inclytus
470 1076 572 1130 istc
602 1076 761 1131 Pater
791 1077 1084 1147 probitatis
1117 1096 1345 1133 munere
1370 1080 1585 1150 pollens

131 1167 293 1231 Quam
330 1166 584 1237 locuples
623 1181 853 1237 operum
884 1167 1036 1231 vixit,
1069 1185 1232 1239 quam
1274 1170 1413 1224 lucis
1445 1170 1753 1238 abundans,

129 1259 358 1314 Afflictis
383 1260 639 1331 impensa
667 1260 1156 1315 docentsolamina
1178 1262 1394 1317 crebra.

128 1353 569 1425 Theudegisolus
605 1355 705 1410 hoc
727 1355 899 1429 digito
920 1356 1024 1410 sibi
1053 1356 1190 1411 falce
1220 1358 1396 1412 reciso

128 1448 408 1519 Comperit
434 1450 527 1516 ³⁵⁸,
567 1450 852 1521 excipiens
895 1451 1133 1505 subitam
1163 1453 1476 1508 medicante
1522 1454 1753 1509 salutem

128 1544 226 1598 Ore
258 1545 459 1606 Patris.
495 1544 615 1599 fusa
648 1545 823 1617 plagae
852 1561 951 1616 per
977 1554 1169 1617 aperta
1198 1547 1397 1601 saliva:

129 1637 342 1692 Fortior
361 1646 417 1691 et
439 1644 685 1707 emptum
718 1645 981 1708 repetens
1011 1638 1133 1694 sine
1164 1639 1289 1693 labe
1326 1640 1594 1704 laborem,

125 1726 369 1780 Membro
398 1725 713 1780 crediderat
740 1727 888 1797 quod
929 1742 987 1780 se
1017 1728 1267 1781 amisisse
1301 1736 1544 1799 recepto.

127 1816 232 1871 Nec
270 1816 461 1870 minus
490 1816 729 1890 egregiae
757 1816 1078 1886 perfunctus
1112 1820 1319 1873 honore
1347 1821 1578 1874 medela,-

130 1910 414 1964 Perniccm
435 1909 715 1979 conquirit
744 1925 906 1980 Opem
938 1910 1224 1981 cladisque
1255 1912 1504 1967 levamen

126 1998 239 2054 Otia
273 2006 522 2055 sectatus
560 2000 749 2055 senior
778 2000 1045 2056 Winocus
1074 2011 1307 2076 agreste,

126 2090 257 2143 Dum
288 2091 525 2146 miratur
543 2107 687 2163 opus
716 2092 937 2148 Patrum
955 2092 1197 2147 Terrena
1222 2102 1537 2167 gerentum,

124 2181 445 2254 Militiwque
470 2183 619 2238 viros
648 2198 863 2254 superae
896 2185 1096 2239 sudare
1136 2184 1327 2241 labore

123 2272 392 2343 Adstupet
420 2272 712 2345 agricolae;
746 2288 924 2328 cuneo
944 2274 1179 2328 saliente
1212 2274 1418 2344 petitus

123 2362 335 2418 Frontis
366 2371 559 2434 aperta
580 2364 773 2437 gemit,
805 2363 1040 2437 fusoque
1059 2382 1256 2420 cruore
1286 2366 1570 2421 madescit.

119 2452 179 2506 At
229 2453 510 2507 miserans
541 2452 699 2507 Pater
722 2468 1008 2526 angorem,
1055 2454 1416 2526 celeransque
1463 2456 1749 2521 juvamen,

120 2546 289 2615 Inque
321 2545 537 2599 cubans
565 2544 730 2611 votis,
764 2552 1024 2615 preperat
1056 2562 1287 2619 purgare
1318 2546 1531 2612 salivis,

119 2633 334 2705 Oreque
362 2650 726 2705 conspersum
753 2636 934 2691 reddit
966 2644 1091 2708 post
1122 2644 1281 2707 sputa
1307 2638 1534 2707 piatum.

120 2725 374 2798 Dumque
402 2727 597 2782 fovens
629 2726 775 2781 facili
808 2744 1011 2783 saevum
1045 2729 1165 2783 linit
1185 2730 1434 2804 unguine
1461 2728 1680 2795 vulnus,

121 2818 299 2885 Curat,
331 2819 540 2890 vixque
567 2819 882 2875 cicatricum
924 2821 1160 2893 vestigia
1192 2828 1394 2886 servat,

121 2908 437 2964 Salviticum
462 2909 634 2984 digno
657 2909 744 2965 hic
763 2918 1005 2965 sectatus
1036 2911 1250 2965 tramite
1270 2911 1485 2965 Patrem

196 3002 483 3057 Frumenti
515 3002 665 3057 dolet
685 3019 934 3058 aerumna
956 3002 1292 3058 fraccescere
1333 3004 1401 3038 ⁸⁵⁵³
1428 3003 1643 3073 fratres,

123 3092 439 3148 Sollicitum
469 3092 593 3147 fidis
623 3094 882 3148 comitem
906 3093 1067 3148 Pater
1104 3093 1265 3164 erigit
1289 3094 1462 3148 orsis:

120 3186 235 3241 Non
267 3186 447 3258 linqui
459 3187 699 3257 justum,
725 3186 977 3242 sobolem
1010 3202 1114 3241 nec
1144 3202 1394 3257 quaerere
1422 3202 1641 3256 panem.

121 3278 285 3333 Dictis
314 3287 443 3333 vota
472 3277 638 3333 fidem
681 3277 909 3345 faciunt,
953 3295 1122 3333 vacua
1155 3278 1351 3333 horrea
1383 3278 1503 3333 solo

121 3373 407 3449 Largitore
437 3374 551 3428 Deo
582 3373 731 3429 facili
762 3374 964 3429 virtute
997 3374 1297 3444 replentur.

122 3466 233 3521 Nox
274 3466 453 3521 subiit
482 3472 681 3534 totum,
721 3474 911 3523 vector
938 3467 1043 3522 nisi
1072 3483 1236 3522 nemo
1264 3473 1516 3537 repertus

125 3555 393 3611 Conditor
422 3555 748 3622 immensus,
783 3555 933 3629 large
958 3556 1095 3611 dans
1119 3556 1383 3611 omnibus
1410 3571 1571 3610 unus.

122 3645 213 3699 Sic
241 3644 527 3716 quondam
558 3642 751 3717 glebas
779 3652 955 3699 rastro
976 3643 1312 3699 sarientibus
1338 3643 1583 3710 adstans,

122 3737 426 3812 Sexaginta
449 3735 612 3807 jubet
635 3735 986 3809 geminorum
1017 3752 1247 3790 munera
1276 3750 1479 3805 panum

125 3827 255 3884 Cum
288 3836 460 3901 potus
498 3828 647 3900 quod
679 3844 906 3900 parvum
935 3828 1125 3883 aderat
1154 3827 1425 3883 solamine
1456 3826 1610 3881 ferri.

120 3920 392 3976 Mirantur
410 3920 654 3977 crevisse
684 3920 856 3991 dapes
883 3919 1242 3975 vescentibus
1272 3918 1382 3972 illis

119 4011 422 4081 Ruricolae,
466 4014 813 4085 duplamque
843 4019 1028 4083 stupet
1066 4012 1266 4083 legisse
1297 4011 1366 4045 35°
1396 4010 1650 4065 minister

121 4100 382 4158 Convivis
412 4102 635 4167 saturis,
669 4117 919 4157 escarum
945 4108 1000 4155 et
1030 4099 1220 4156 fenora
1251 4109 1432 4168 potus.

188 4195 305 4249 Nec
336 4195 520 4250 solum
551 4195 809 4264 proprios
825 4195 1071 4249 clemens
1094 4193 1168 4247 ita
1194 4198 1377 4247 servat
1400 4190 1684 4247 alumnos:

120 4284 264 4349 Quin
288 4283 567 4338 succurrit
598 4289 651 4337 et
683 4283 948 4344 externis,
967 4291 1020 4337 et
1048 4281 1271 4337 vincula
1312 4282 1474 4336 solvit

124 4374 393 4442 Etheria,
420 4381 567 4429 tactu
587 4372 778 4428 famuli
810 4372 1046 4427 contrita
1077 4370 1337 4425 fatiscunt

128 4466 205 4520 Ad
232 4466 460 4535 jussum
488 4480 598 4518 aera
628 4463 823 4527 Patris,
856 4452 1215 4517 velluntur361
1248 4460 1482 4515 crimina
1512 4459 1691 4515 fantes

126 4557 194 4612 Se
221 4564 561 4633 purgaturos
590 4554 846 4626 lacrymis
860 4554 975 4623 jam
1004 4561 1203 4624 sponte
1229 4552 1472 4608 litandis.

123 4650 373 4708 Nexibus
400 4649 619 4705 eductis
649 4650 719 4684 ³⁸⁵
751 4649 913 4715 lavat,
946 4663 1011 4701 ac
1034 4645 1269 4720 vestigia
1294 4644 1475 4719 tergit,

125 4740 185 4794 Et
217 4740 353 4796 lotis
382 4739 496 4811 agit
525 4736 840 4802 ecclesiam,
883 4735 982 4790 sed
1011 4734 1205 4789 limine
1222 4735 1407 4788 clauso

119 4828 238 4885 Non
266 4837 425 4902 patet
455 4828 711 4883 introitus
732 4826 986 4898 trepidis,
1009 4825 1349 4896 jamjamque
1376 4821 1690 4893 propinquo

121 4921 359 4995 Agmine
383 4920 677 4975 custodum
706 4923 1057 4989 repetentum
1087 4915 1158 4971 ad
1188 4913 1427 4970 tormina
1456 4920 1641 4982 raptos
1670 4912 1755 4962 353.

122 5013 362 5069 Vincula
392 5011 487 5083 qui
506 5011 699 5080 jussis,
723 5009 986 5081 precibus
1007 5022 1230 5080 quoque
1254 5005 1444 5060 limina
1474 5003 1686 5076 pandit,

125 5106 493 5179 Claustraque
521 5123 646 5162 cum
677 5106 820 5161 votis
850 5111 1060 5159 reserat
1085 5102 1409 5157 nutantibus
1430 5099 1611 5172 aegris,

125 5199 198 5254 Ac
236 5197 411 5253 simul
430 5196 694 5270 ingressis
724 5194 905 5250 solitis
931 5193 1093 5248 struit
1119 5191 1256 5247 ostia
1285 5189 1475 5261 septis.

127 5288 344 5343 Clavier
363 5287 435 5321 ³⁸³
461 5287 580 5341 haec
611 5286 913 5356 hostesque
942 5295 1044 5338 suo
1065 5280 1277 5335 munita
1303 5278 1491 5351 vigore

124 5376 458 5446 Cernentes,
490 5381 747 5431 metuunt
774 5374 964 5431 divino
999 5371 1225 5427 numine
1265 5376 1412 5425 tutos

124 5477 428 5547 Appetere,
461 5471 722 5528 humanis
741 5479 837 5527 aut
865 5469 1102 5526 subdere
1128 5466 1344 5539 legibus
1373 5471 1543 5521 actos.

1785 4510 1838 4576 Ι)

1859 630 2157 700 Excipitur,
2193 634 2536 702 percussoris
2566 641 2839 690 tormenta
2856 637 3086 692 revincti

1858 723 2099 778 Nexibus
2128 724 2361 779 internis
2388 725 2535 781 ferro
2561 733 2811 798 torpente
2843 728 3059 800 relapso

1861 813 2062 881 Dejecti
2095 814 2309 881 dextra,
2341 822 2467 869 ante
2502 816 2674 886 pedes
2703 816 3017 885 miseratus,
3050 819 3371 891 ademptum

1862 905 2174 961 Daemonico
2199 907 2456 962 redhibet
2477 908 2663 963 virtuti
2695 909 3025 981 animusque
3052 910 3243 967 furori.

1859 998 2026 1053 Obvia
2056 1000 2142 1055 bis
2172 1001 2300 1055 saavi
2334 1004 2612 1074 quondam
2643 1013 2761 1060 atro
2788 1005 3013 1059 ﬂamine
3045 1006 3191 1075 pleni

1860 1089 1960 1144 Ora
1992 1092 2171 1164 tulere
2200 1093 2324 1161 viri,
2355 1111 2517 1165 prece
2543 1112 2667 1151 mox
2707 1113 2845 1168 quos
2874 1098 2967 1152 ille
3009 1099 3261 1154 redemit.

1857 1178 2043 1235 Vexati
2075 1182 2267 1236 rabida
2292 1184 2524 1239 veniunt
2553 1185 2628 1240 ita
2658 1186 2905 1258 quinque
2940 1188 3221 1258 phrenesi,

1858 1272 1989 1327 llico
2015 1273 2139 1345 quis
2169 1275 2378 1344 praebet
2408 1276 2563 1345 pulsa
2586 1293 2811 1349 quoque
2833 1288 2987 1347 peste
3015 1281 3247 1334 salutem

1858 1361 1949 1415 Sic
1973 1361 2118 1416 Patri
2139 1362 2401 1431 juvenem
2426 1365 2621 1438 viginti
2652 1366 2896 1421 millibus
2921 1374 3100 1421 actum

1861 1451 2089 1505 Currere
2106 1452 2321 1522 pernici
2341 1452 2580 1508 volucris
2599 1453 2798 1510 virtute
2838 1456 3085 1527 chelydri
3113 1458 3181 1491 ³⁸⁵

1862 1546 2117 1601 Restituit
2149 1547 2408 1617 precibus
2426 1548 2594 1604 fixum
2622 1551 2880 1622 votisque
2914 1561 3213 1622 receptum.

1862 1636 2031 1690 Mater
2061 1636 2188 1691 item
2216 1653 2339 1692 cum
2372 1638 2529 1708 prole
2555 1639 2662 1694 ruit
2694 1640 2795 1695 hac
2825 1640 2950 1696 labe
2982 1640 3202 1707 referta,

1861 1728 1971 1783 Nec
1998 1744 2172 1794 mora,
2206 1738 2466 1803 purgatas
2490 1730 2694 1796 pariter
2722 1730 2883 1786 Pater
2910 1732 3010 1787 iste
3039 1734 3286 1789 remittit.

1863 1821 2064 1893 Sicque
2093 1824 2380 1879 Parisiacae
2411 1824 2689 1880 bacchans
2716 1827 2773 1880 in
2800 1827 2989 1882 limine
3021 1837 3212 1899 portae,

1864 1915 2085 1986 Hucque
2123 1916 2311 1971 venire
2362 1933 2623 1988 querens,
2690 1919 2900 1974 mmstis
2949 1918 3054 1973 sibi
3108 1920 3335 1974 vocibus
3386 1921 3479 1977 ho-

3148 2008 3304 2077 [stem
3338 2009 3408 2042 ³6⁸

1859 2095 2030 2164 Atque
2056 2094 2148 2148 Dei
2180 2094 2439 2149 famulum
2468 2095 2689 2169 vulgato
2709 2095 2933 2151 nomine
2956 2096 3224 2166 prodens;

1861 2182 2111 2237 l’ortibus
2143 2184 2394 2255 imperiis
2422 2183 2560 2238 diris
2592 2183 2721 2238 dum
2752 2184 2964 2240 viribus
2991 2186 3190 2252 obstat,

1855 2275 1957 2329 Ore
1982 2292 2202 2329 manum
2231 2276 2377 2347 capit
2407 2277 2666 2340 innocuo,
2702 2276 3002 2350 linguaque
3034 2293 3283 2348 repressa

1856 2370 2088 2425 Almitiei
2120 2371 2326 2443 digitis,
2354 2373 2546 2439 jussus
2577 2371 2772 2427 faetore
2800 2382 3069 2444 sequente

1857 2460 2148 2530 Sulphuris
2174 2461 2363 2515 rlitnaei
2386 2460 2640 2515 affectum
2674 2462 3030 2534 lacerumque
3065 2462 3344 2533 relinquit.

1855 2553 2121 2623 Tempore
2143 2554 2255 2621 jam
2291 2554 2461 2608 multo
2501 2553 2730 2609 Phoebei
2760 2555 3009 2610 muneris
3037 2571 3233 2625 expers

1859 2645 2078 2716 Hospite
2111 2643 2352 2699 clarifico
2382 2645 2664 2700 rutilantia
2702 2647 2853 2702 dona
2877 2647 3125 2702 resumit.

1859 2739 2279 2808 Frustratusque
2309 2737 2401 2791 diu
2433 2744 2688 2793 revocato
2727 2737 2937 2792 lumine
2965 2738 3190 2812 gaudet,

1862 2833 1983 2903 Ipse
2016 2830 2343 2905 peregrinus
2374 2830 2729 2904 peregrinum
2758 2838 2819 2885 ut
2839 2830 3049 2885 lumine
3080 2837 3282 2901 captat.

1933 2924 2029 2977 Hic
2058 2923 2141 2978 vir
2170 2922 2507 2993 praepollens
2547 2921 2853 2993 Christique
2886 2920 3147 2977 Columba
3196 2922 3478 2988 renidens,

1862 3014 2091 3068 Lumine
2124 3029 2288 3083 quam
2311 3011 2493 3066 clarus
2520 3026 2837 3082 superoque
2868 3011 3047 3066 nitore
3078 3027 3340 3067 coruscus

1854 3108 2110 3169 Fulserit,
2134 3106 2438 3160 innumeris
2470 3106 2742 3160 radiantia
2771 3106 3012 3160 culmina
3033 3106 3197 3161 donis

1776 3212 1824 3279 (ξ
1856 3199 2123 3252 Virtutum
2148 3201 2425 3267 retegunt,
2444 3193 2805 3264 volucresque
2838 3193 3078 3264 feraeque
3106 3194 3411 3265 loquuntur

1856 3288 2095 3343 Saltibus
2126 3286 2194 3320 ³⁸⁷
2227 3285 2441 3350 accitze,
2473 3284 2712 3355 nisuque
2738 3283 2999 3338 adulante
3023 3292 3276 3354 receptm

1855 3380 1933 3432 An
1957 3393 2066 3432 non
2098 3378 2216 3430 haec
2244 3376 2313 3408 ³6⁸
2344 3373 2489 3429 furto
2507 3390 2704 3429 corvus
2734 3373 3001 3428 clamasse
3032 3374 3227 3439 relato,

1856 3466 2192 3538 lmperiique
2223 3475 2468 3520 tremens
2498 3464 2649 3520 visus
2679 3470 2885 3520 terrere
2917 3465 3178 3535 potentis,

1857 3558 2092 3633 Pergere
2118 3557 2173 3610 ni
2195 3556 2386 3625 jussus
2409 3562 2532 3627 post
2562 3555 2781 3610 reddita
2818 3555 3040 3623 damna,
3074 3572 3178 3612 nec
3203 3556 3408 3611 ausus?

1858 3649 2026 3703 Ursus
2054 3663 2124 3700 an
2163 3645 2386 3700 insolito
2418 3644 2612 3699 reboat
2641 3659 2752 3698 non
2786 3644 2888 3700 ista
2918 3660 3122 3715 pavore

1856 3737 1971 3791 Jam
1994 3735 2274 3805 praelibata
2301 3732 2472 3789 verbo
2500 3732 2766 3802 depulsus
2793 3732 2863 3786 ab
2894 3748 3040 3799 esca,

1856 3831 2094 3902 Tergora
2114 3827 2348 3883 cervina:
2380 3841 2607 3881 servans
2627 3824 2798 3880 illaesa
2819 3824 3047 3896 rapinas,

1858 3920 1917 3973 Et
1941 3918 2214 3973 famulans
2240 3917 2446 3972 sanctis
2464 3922 2776 3972 sanctorum
2799 3916 2868 3970 ad
2892 3915 3183 3971 commoda
3207 3916 3410 3985 jussis?

1859 4012 1968 4067 Nec
2011 4011 2161 4067 solus
2182 4016 2335 4065 notat
2361 4010 2483 4064 haec
2511 4011 2663 4065 testis
2692 4009 2782 4075 ³⁵9,
2817 4009 3037 4064 diversa
3070 4008 3321 4064 feruntur

1860 4102 1974 4156 Huc
1989 4108 2217 4156 attracta
2239 4098 2407 4155 olidis
2426 4099 2496 4132 37°
2523 4098 2846 4166 animantia,
2879 4115 3012 4153 nare
3042 4099 3225 4172 sagaci

1860 4193 2092 4248 Nutibus
2120 4202 2284 4264 atque
2317 4191 2539 4263 repulsa
2571 4192 2745 4247 Patris
2765 4192 2893 4247 dum
2916 4192 3061 4263 pelle
3087 4194 3303 4248 revulsa

1862 4283 2065 4339 Pabula
2094 4281 2362 4337 nudatum
2389 4282 2587 4336 sinitur
2615 4288 2874 4353 praestare
2903 4281 3157 4338 cadaver.

1862 4373 1970 4428 Sed
2001 4388 2105 4428 nec
2126 4372 2383 4428 dissimili
2425 4373 2637 4448 regitur
2660 4373 3059 4439 moderamine,
3090 4373 3270 4443 pomis

1864 4466 1963 4530 Qui
1995 4483 2093 4537 per
2131 4465 2466 4537 discipulum
2498 4465 2671 4521 cessis
2712 4466 2967 4520 insistere
2988 4482 3191 4536 parens

1867 4556 2094 4612 Carcere
2124 4556 2227 4612 scit
2246 4555 2447 4622 vetitis,
2486 4564 2781 4626 cessatque
2811 4554 3024 4609 inhiare
3051 4555 3281 4625 rapinis.

1865 4646 2056 4701 Vivere
2082 4645 2319 4700 decretis
2343 4644 2434 4711 3“,
2466 4645 2723 4716 escisque
2749 4643 3020 4700 absistere
3050 4646 3220 4716 partis
3247 4645 3335 4695 3".

1934 4736 2100 4800 Quam
2126 4734 2326 4790 virtute
2357 4740 2554 4804 petens
2578 4734 2735 4788 verbi
2767 4750 2932 4804 quam
2959 4734 3199 4789 culmine
3224 4740 3486 4804 praestans

1867 4825 1958 4880 Hic
1988 4824 2147 4879 Pater
2175 4822 2393 4888 enituit,
2416 4831 2472 4876 et
2494 4821 2649 4890 jussa
2678 4830 2733 4877 et
2754 4820 2896 4877 facta
2928 4821 3230 4895 resignant.

1866 4918 1924 4972 ld
1955 4933 2179 4989 quoque
2208 4923 2484 4973 castorum
2507 4915 2707 4987 retegit
2726 4913 3019 4969 famulatus
3048 4914 3331 4968 alumnum

1866 5014 1927 5068 Et
1951 5013 2232 5085 quondam
2260 5011 2446 5084 liquor
2475 5009 2715 5066 emissus
2735 5009 3036 5065 famulante
3072 5008 3295 5075 cliente,

1866 5101 1976 5157 Nec
2006 5110 2189 5157 tamen
2211 5099 2415 5157 eﬂ‘usus
2442 5099 2752 5171 pervadens
2781 5098 3019 5153 claustra
3037 5113 3257 5153 coronae

1865 5190 2080 5262 Spargit
2101 5191 2353 5256 humum,
2376 5188 2510 5261 quin
2533 5188 2755 5243 insueto
2777 5187 2914 5259 petit
2934 5187 3154 5262 agmine
3173 5186 3243 5221 ³⁷³
3263 5186 3484 5242 coelum.

1864 5279 2094 5334 Tollitur
2158 5279 2214 5334 in
2297 5293 2531 5334 vacuum
2576 5276 2951 5349 ’duplicatque
3008 5277 3297 5332 cacumine
3353 5278 3487 5332 trul-

3160 5368 3291 5440 [lum
3322 5369 3412 5424 θυι.

1860 5463 2021 5519 Jussa
2045 5461 2220 5517 Patris
2249 5461 2540 5525 decorans,
2583 5458 2884 5530 famulique
2925 5466 3135 5529 patrata
3164 5468 3486 5518 venustans.

1211 5570 1494 5628 GLOSSZE
1535 5568 1962 5625 MARGINALES
2001 5566 2408 5622 MABlLLONll.

198 5636 271 5671 358
881 5664 921 5681 νυ
1356 5670 1366 5681 .

126 5706 195 5741 εει
226 5709 260 5741 ρ
305 5645 593 5741 εἶξε,ῗὲῬηῖ
635 5650 765 5741 es}...
792 5660 1391 5741 --Z--‘:‘.‘§‘:“:Jransl-

127 5776 195 5813 ³⁶⁹
223 5777 421 5835 Ursus.

164 5780 195 5858 ξ⁹
223 5780 421 5835 Ursus.
495 5780 594 5815 ’θτο
624 5784 687 5838 id
736 5790 835 5851 est,
884 5780 1174 5844 olentibus
1233 5780 1512 5847 carnibus.

131 5864 302 5905 rium.

466 5923 747 5989 PATROL.
802 5925 1130 5991 CXXXV.

228 5669 264 5671 ί*
305 5669 581 5717 σλγσχιυθ
635 5669 723 5698 cat
856 5669 921 5681 *νυ
956 5674 1137 5726 (ηιξ-,η
1191 5670 1238 5721 fr
1277 5688 1308 5724 η
1355 5670 1391 5723 ί,
1513 5669 1581 5703 360
1605 5670 1743 5724 conc
1789 5669 1914 5722 'Ssc_
2044 5669 2109 5701 ³⁵1

220 5709 269 5795 'f'.
335 5707 612 5795 Clavxggr.
637 5785 647 5795 ⁸
672 5713 765 5795 ,³⁸⁸
791 5723 1079 5795 serpentis
1113 5733 1208 5773 seu
1238 5688 1527 5795 ἴακὲιρευηίο
1629 5740 1700 5774 366
1730 5686 2144 5795 (ﬁlumbanum,

1626 5797 1667 5829 δ”
1677 5805 1693 5830 ⁸
1723 5810 2007 5867 permissis

2044 5668 2109 5701 ³⁶¹
2145 5667 2477 5734 eripiuntur.
2577 5666 2646 5700 ³6³
2675 5668 2717 5734 f
2781 5666 3026 5721 eductos.

2276 5739 2294 5771 ⁷
2317 5754 2349 5793 e
2399 5735 2631 5791 saltibus
2727 5752 2820 5791 seu
2846 5737 3019 5793 silvis.

2114 5809 2185 5843 ³⁷³
2209 5807 2597 5880 praesentibus.
2685 5807 2755 5841 ³⁷³
2781 5807 3011 5879 impetu.

3148 5668 3218 5703 ³⁸³
3248 5676 3487 5741 ereptos.

3113 5739 3182 5775 ⁸⁸⁸
3202 5739 3486 5796 miracula.

3096 5810 3165 5844 3"
3188 5827 3282 5866 vas
3337 5812 3487 5867 vina-

3087 5952 3168 6015 28
