3902 6472
176 442 264 497 877
724 437 805 491 DE
844 432 1103 490 CHRISTI
1142 432 1504 489 TRIUMPHIS
1546 433 1717 487 APUD
1760 430 2024 486 ITALIAM
2068 429 2243 484 LIBRI
2287 428 2419 483 XIV.
2462 458 2531 468 —
2574 427 2695 482 LIB.
2740 429 2868 484 XIV.
3374 431 3479 486 878

176 577 272 631 Vim
293 587 534 645 superam
562 570 715 626 cives
743 570 849 642 ipsi
876 570 1117 625 renitere
1130 575 1370 633 tuentes,

177 665 286 733 Ejus
318 665 381 718 ab
407 663 596 734 aporia
622 662 693 697 39°
719 677 841 717 sese
872 676 1229 732 compescere
1259 666 1510 715 censent.

175 754 256 810 Ille
279 752 463 808 videns
485 766 547 805 se
574 750 728 806 nullo
753 750 881 824 angi
909 750 1158 815 custode,
1191 748 1391 803 reverti

178 846 244 899 Ad
271 844 382 899 data
410 849 587 898 castra
619 841 777 912 petit,
800 840 1083 912 mediique
1116 840 1173 894 in
1201 839 1319 894 sole
1349 839 1461 893 diei

175 935 495 1010 Regrcditur,
527 934 768 989 mediam
798 932 1003 1004 populo
1022 941 1309 1003 spectante
1332 932 1657 1002 perurbem,

236 1028 335 1082 Nec
355 1042 506 1082 mora
527 1026 857 1081 concutiunt
886 1040 1144 1096 proceres
1166 1025 1283 1079 haec
1313 1023 1505 1078 nuntia
1520 1024 1694 1090 diros,

178 1120 533 1191 lnstigantque
560 1119 754 1173 initum
787 1118 990 1187 passim
1020 1116 1303 1172 cumulare
1327 1115 1587 1172 furorem.

180 1214 389 1287 tegatur
415 1213 614 1267 furiata
643 1213 842 1268 cohors
874 1212 1175 1267 comitante
1207 1210 1433 1265 tribuno

177 1303 367 1357 Vellere
397 1301 1024 1372 ductorem,exsiliique
1048 1300 1315 1354 reducere
1346 1298 1626 1353 mulctam.

174 1392 436 1446 Accedens
464 1391 775 1446 truculenta
796 1405 993 1444 manus
1023 1399 1261 1444 caecatur
1284 1388 1339 1442 in
1368 1402 1478 1442 uno
1510 1387 1600 1452 3‘",

172 1483 363 1538 Cretera
384 1483 761 1554 conspiciens,
787 1492 1114 1553 praesentem
1146 1481 1343 1553 quierit
1373 1486 1427 1534 et
1454 1478 1649 1534 ambit.

175 1575 474 1649 lmpingunt
502 1575 560 1629 in
590 1591 716 1629 eum
745 1574 1003 1644 pedibus,
1028 1574 1302 1630 velamine
1331 1578 1539 1626 vestem

176 1665 520 1743 Contingunt,
552 1684 611 1723 se
641 1674 959 1723 cernentem
1020 1682 1201 1739 neque
1254 1681 1483 1720 cernere
1526 1669 1774 1735 possunt.

175 1760 303 1815 Sidlt
328 1762 395 1795 3”
415 1777 591 1818 ovans
620 1761 764 1815 inter
802 1761 1001 1831 trepidi
1030 1759 1190 1815 anxia
1215 1758 1389 1814 ﬂabra
1407 1757 1672 1813 tumultus

170 1848 268 1905 Sed
296 1852 452 1907 datur
482 1853 591 1907 hoc
620 1860 872 1923 spectare
904 1850 1056 1916 duci,
1087 1849 1182 1921 qui
1213 1848 1351 1903 forte
1380 1855 1643 1902 renutans

172 1939 395 1995 Venerat
423 1957 489 1996 ac
520 1941 740 2007 nolens,
781 1940 933 1995 solus
960 1938 1195 1993 tesidere
1223 1938 1497 2009 legentem

174 2031 228 2085 In
258 2032 437 2087 medio
459 2032 613 2087 videt
643 2037 951 2098 errantum,
982 2031 1077 2085 sed
1110 2031 1352 2101 tegmine
1383 2029 1453 2062 ³⁹³
1483 2028 1690 2082 laetum.

168 2120 305 2184 Quos
333 2138 607 2177 revocans
632 2123 900 2192 repedare
923 2122 1102 2191 jubet,
1141 2121 1369 2195 regique
1399 2118 1608 2173 referre

171 2209 375 2266 Frustra
405 2213 621 2287 agitare
649 2212 826 2266 virum
859 2212 986 2267 divo
1017 2211 1287 2266 tutamine
1310 2217 1533 2264 tectum.

167 2302 406 2359 Infremit
437 2306 556 2360 haec
590 2305 837 2376 capiens,
867 2312 1137 2376 auctoque
1169 2303 1352 2358 furore
1384 2309 1651 2374 tyrannus

163 2394 476 2452 Accumulat
501 2396 808 2451 facinus...
844 2396 910 2451 ad
936 2396 1177 2466 pessima
1208 2396 1399 2468 legans

164 2485 403 2542 Crudelis
431 2488 674 2544 famulos
701 2490 1022 2560 peragenda
1052 2489 1276 2563 negotia
1300 2489 1503 2557 jussos.

232 2574 542 2632 Psalentem
584 2585 728 2633 ccetu
750 2578 1036 2633 inveniunt
1059 2578 1299 2649 stipante
1326 2591 1552 2642 canoro,

166 2667 323 2723 Exeat
352 2670 665 2735 insinuant,
695 2671 846 2727 venit
876 2686 988 2742 quo
1012 2671 1233 2725 tramite
1268 2679 1480 2745 pergat.

171 2759 405 2817 Rennuit
436 2762 532 2818 ille
556 2779 754 2836 greges
774 2779 1041 2835 carosque
1082 2763 1397 2834 relinquere
1427 2769 1606 2816 natos.

168 2848 407 2906 Lictores
437 2853 722 2924 utrimque
753 2853 916 2908 timor
944 2851 1237 2907 conturbat
1258 2858 1313 2905 et
1336 2851 1548 2916 horror,

172 2941 304 2996 Hinc
330 2945 481 3015 regis
504 2943 677 3011 furor,
708 2943 837 3000 hinc
867 2944 1002 2999 tanti
1037 2943 1347 2999 reverentia
1372 2941 1562 2998 Patris.

170 3033 524 3107 Compatiens
553 3038 682 3110 pius
711 3037 960 3093 indultor
978 3036 1293 3092 discrimine
1315 3036 1507 3106 septis,

167 3126 479 3201 Egreditur,
512 3130 881 3185 lamentantes
902 3129 1235 3185 comitantur
1258 3128 1489 3196 alumni,

160 3219 343 3275 Avulsi
373 3221 608 3294 quidam
636 3222 783 3277 luctu
814 3221 1028 3293 potiore
1055 3227 1335 3276 tenentur.

164 3307 266 3362 Hos
291 3310 523 3366 solatori
565 3311 799 3366 Domino
832 3321 1017 3366 tamen
1045 3310 1137 3365 ille
1169 3309 1405 3365 tuendos

160 3402 443 3475 Allegans,
469 3404 699 3460 laudare
721 3409 911 3460 monet
936 3404 1055 3458 sine
1086 3403 1197 3458 fine
1223 3402 1549 3467 Tonantem,

162 3491 399 3549 Altorem
433 3495 701 3566 huncque
730 3501 943 3565 patrem
990 3492 1213 3547 valeant
1257 3502 1317 3547 ut
1355 3491 1561 3547 habere
1610 3489 1793 3545 foven-

1571 3582 1721 3654 [tem.

168 3672 397 3729 Ducitur
422 3673 647 3741 exsilio,
676 3673 934 3747 ferroque
966 3674 1172 3746 petitus
1196 3673 1345 3729 inani

168 3760 451 3837 Vitegitur
477 3778 703 3835 supera,
735 3770 956 3835 captum
986 3764 1285 3819 tortoribus
1305 3763 1375 3797 3“
1406 3763 1620 3817 hostem

170 3850 363 3922 Eripit,
399 3854 555 3908 hunc
587 3852 781 3923 prisca?
810 3852 1112 3907 redhibens
1142 3853 1441 3924 pluresque
1472 3851 1656 3906 saluti.

164 3943 376 4002 Aﬂatus
404 3962 638 4018 quoque
678 3938 985 4013 ductorem,
1016 3962 1181 4019 quem
1199 3954 1424 4019 spernat
1452 3946 1683 4000 haberet

166 4036 333 4093 Ocius
348 4047 413 4094 ut
446 4039 881 4105 dominatorem,
911 4046 1238 4111 tempusque
1258 4040 1521 4112 resignat,

166 4127 433 4185 Lothario
460 4137 653 4185 careat
672 4129 914 4184 dominis
942 4129 1043 4184 sub
1078 4129 1327 4200 principe
1359 4128 1521 4183 caris.

237 4218 499 4275 Tandem
531 4228 688 4275 actus
718 4219 927 4294 Ligeris
953 4219 1151 4275 ﬂuctus
1174 4218 1286 4287 jam
1318 4218 1485 4273 lintre
1517 4217 1705 4271 subire.

168 4307 507 4381 Oceanique
533 4308 812 4380 petiturus
843 4316 1156 4380 pervertere
1187 4304 1433 4378 campos,

168 4401 309 4456 Dum
341 4403 510 4458 lento
540 4402 611 4437 ’νδ
631 4403 889 4473 scapham
916 4403 1157 4457 subeunt
1175 4402 1462 4457 molimine
1485 4401 1702 4465 fratres,

170 4492 481 4567 Egregium
519 4493 697 4548 sancti
729 4492 988 4548 comitem
1022 4493 1355 4566 cognomine
1385 4493 1547 4547 Luam

169 4585 492 4642 Custodum
526 4601 684 4642 remo
714 4585 940 4657 quidam
975 4585 1379 4641 audacissimus
1409 4586 1589 4640 haurit
1618 4586 1706 4639 ³9⁸.

169 4677 444 4751 Increpat
470 4687 723 4734 atrocem
754 4678 951 4734 ductor
970 4678 1038 4712 39"
1071 4694 1170 4749 pro
1200 4678 1434 4733 crimine
1466 4678 1714 4751 dignam,

171 4771 443 4827 Praecinit
478 4778 539 4826 et
570 4770 783 4826 Christo
814 4771 1079 4826 luiturum
1110 4771 1331 4826 vindice
1363 4772 1609 4826 multam.

172 4861 415 4919 Famina
446 4863 565 4916 lata
589 4877 832 4932 sequens
857 4862 993 4917 certi
1021 4861 1219 4933 probat
1258 4863 1395 4917 ultio
1427 4863 1566 4917 vatis
1599 4879 1612 4916 :

171 4957 426 5030 Moxque
460 4957 804 5012 revisentem
862 4962 1081 5027 portum
1130 4965 1283 5012 vorat
1313 4958 1462 5012 unda
1491 4964 1824 5028 protervum.

174 5051 252 5107 Ac
285 5050 427 5123 pius
472 5049 747 5104 arradens
778 5048 1021 5105 ﬂuvialia
1049 5056 1202 5124 terga
1229 5050 1435 5116 carina,
1512 5092 1522 5099 .

175 5141 382 5198 Sicubi
412 5146 691 5209 metatur,
718 5140 910 5211 pronis
936 5139 1044 5197 fert
1068 5140 1277 5196 lumina
1306 5141 1485 5209 caecis,

1811 1892 1861 1960 B

1824 3266 1871 3333 C

1859 3310 1874 3331 ‘
1895 3311 1969 3365 Ad
2000 3310 2229 3382 patriam
2265 3312 2477 3379 revehi,
2505 3310 2892 3392 Oceanumque
2922 3313 3111 3368 subire
3136 3314 3384 3382 jubetur.

1793 574 1839 638 Α
1871 540 2102 620 Horrida
2130 562 2421 634 spirituum
2454 560 2685 631 depellit
2713 567 2955 616 monstra
2986 562 3266 633 nigrorum

1940 656 2128 726 Puppe
2155 670 2351 709 secans
2375 653 2553 709 undas
2580 652 2784 708 Turoni
2815 653 3091 708 delabitur
3119 654 3252 721 oris,

1869 745 2055 798 Visere
2093 759 2250 798 sacra
2278 743 2473 798 volens
2502 742 2715 798 Martini
2743 743 3007 798 avertitur
3032 743 3178 809 aula,

1869 833 2001 888 Cum
2026 850 2262 889 mcerore
2287 850 2518 905 gemens
2555 834 2698 890 votis
2727 841 2944 905 portum
2975 832 3333 911 obtinetimis
3366 849 3381 886 :

1870 924 2056 979 Remis
2087 932 2206 979 acta
2231 924 2409 979 avidis
2441 926 2738 980 moderans
2763 942 2821 980 se
2848 926 3053 997 scapha
3083 925 3307 992 resistit,

1870 1018 2031 1071 Arma
2060 1017 2467 1088 gubernantum
2500 1025 2686 1088 spreto
2703 1024 2913 1074 rectore
2943 1018 3311 1088 triumphans,

1873 1108 2073 1185 Littora
2103 1115 2301 1179 sponte
2332 1116 2530 1179 petens
2559 1109 2666 1164 fert
2691 1105 2867 1164 invito
2908 1125 3036 1163 arva
3067 1109 3348 1183 magistro.

1877 1203 2095 1258 Ductori
2118 1205 2531 1279 superofgrates
2560 1205 2687 1276 pius
2717 1205 2928 1260 advena
2959 1220 3212 1279 pangens

1880 1293 2104 1365 Templa
2126 1303 2314 1366 optata
2344 1295 2518 1363 subit,
2545 1296 2751 1351 sanctis
2777 1302 2994 1351 noctem
3025 1296 3257 1350 excubat
3295 1295 3424 1360 aris,

1884 1386 2065 1458 Seque
2095 1402 2338 1459 suosque
2370 1389 2481 1443 Deo
2512 1388 2728 1443 Martini
2763 1404 2989 1443 munere
3018 1388 3230 1461 legans,

1885 1478 2027 1549 Papa
2069 1480 2215 1549 (211)
2242 1479 2510 1550 Leupario
2540 1480 2788 1536 convivia
2820 1480 2959 1535 inire
2997 1487 3242 1553 rogatus.

1883 1569 2215 1642 Obsequitur
2242 1572 2410 1626 sociis
2433 1588 2632 1627 curans
2672 1573 2918 1627 relevare
2947 1572 3215 1638 dolorem,

1881 1661 2383 1734 Prandendumque
2401 1663 2546 1718 inter
2574 1664 2853 1735 replicans
2874 1662 3096 1719 oracula
3125 1661 3324 1729 ﬁrmat,

1887 1754 2164 1809 Pulsorem
2196 1754 2369 1810 fuerat
2397 1772 2520 1827 quae
2540 1757 2653 1825 jam
2671 1756 2946 1825 jaculatus
2984 1756 3040 1810 in
3072 1757 3323 1811 hostem:

1890 1847 2024 1900 Ante
2062 1846 2367 1901 triennales
2396 1863 2710 1902 memorans
2742 1846 3069 1919 Hyperionis
3087 1847 3158 1882 3"
3186 1847 3347 1901 orbes

1890 1931 2026 1987 Cum
2058 1934 2199 1988 natis
2230 1935 2439 2005 pariter
2464 1936 2731 1991 ruiturum
2762 1936 3181 1991 Theodericum.

1888 2021 2022 2076 Hinc
2052 2038 2246 2078 navem
2277 2033 2533 2096 repetens
2564 2025 2760 2081 fratres
2790 2041 2996 2100 angore
3028 2025 3204 2080 teneri

1887 2116 2123 2182 Invenit,
2155 2119 2452 2174 addiscens
2474 2119 2681 2175 furtum
2704 2120 2946 2195 caligine
2976 2121 3045 2155 399
3078 2135 3291 2192 passos.

1887 2207 1999 2263 Nec
2030 2224 2198 2277 mora,
2236 2211 2448 2265 Martini
2474 2212 2750 2283 jacturam
2782 2220 3015 2285 questus
3044 2212 3113 2267 ad
3145 2227 3337 2267 urnam

1888 2294 2237 2364 Regreditur,
2271 2314 2381 2354 non
2410 2316 2470 2354 se
2501 2301 2593 2355 hic
2620 2301 2880 2372 vigilasse
2902 2301 3104 2356 fatetur

1889 2387 1985 2441 llle
2008 2403 2138 2444 suos
2164 2389 2374 2446 sineret
2403 2393 2637 2448 tolerare
2666 2401 2726 2448 ut
2756 2394 2959 2449 damna
2978 2395 3219 2450 sodales.

1889 2482 2209 2539 Concutitur
2234 2501 2358 2540 mox
2380 2486 2518 2542 latro
2538 2488 2688 2562 gravi
2713 2489 2998 2560 quatiente
3029 2490 3272 2563 ﬂagello,

1891 2573 2277 2647 Exclamatque
2317 2576 2498 2646 palam
2521 2585 2789 2649 quatecta
2817 2578 3146 2634 nomismata
3186 2579 3346 2633 celet.

1893 2664 2192 2721 Cernentes
2221 2668 2357 2724 socii
2388 2678 2641 2737 currunt,
2671 2669 2885 2725 sublata
2912 2670 3249 2741 rependunt,

1892 2760 2123 2834 Flagitio
2147 2761 2297 2832 parci
2330 2770 2586 2833 poscunt,
2619 2764 2851 2820 horrore
2880 2765 3229 2819 tremiscunt.

1896 2852 2143 2925 Remque
2172 2853 2347 2909 Patris
2370 2870 2500 2909 vere
2533 2862 2592 2910 ut
2618 2873 2829 2911 sacram
2866 2863 3096 2912 tractare
3127 2859 3443 2926 pavescunt.

1897 2946 2091 3001 Omnia
2120 2945 2465 3016 pauperibus
2505 2946 2702 3020 largito
2728 2963 2792 3002 ac
2824 2946 2966 3002 ferre
3001 2951 3189 3017 parato

1898 3036 2246 3110 Indiguoque
2267 3038 2447 3109 dapis,
2480 3039 2728 3094 caelestia
2768 3040 2914 3095 dona
2942 3039 3213 3105 feruntur,

1898 3127 2297 3200 Gratificusque
2324 3129 2491 3199 capit,
2525 3138 2823 3202 pestesque
2853 3136 2907 3185 et
2936 3130 3105 3185 livida
3136 3129 3206 3163 “’0
3236 3128 3413 3200 pellit.

1966 3219 2267 3291 Equoreas
2297 3220 2517 3274 tandem
2537 3220 2715 3295 Ligeri
2749 3221 2965 3277 delatus
2996 3220 3054 3274 iu
3087 3235 3234 3284 oras,

1893 3402 2133 3458 Scottica
2173 3402 2327 3457 navis
2357 3402 2515 3457 adest
2535 3419 2661 3473 quae
2682 3419 2770 3458 res
2794 3404 3137 3476 comitesque
3179 3405 3419 3477 capessit

1894 3494 2040 3551 Licta
2066 3494 2237 3549 Patris
2268 3494 2472 3569 refuga:
2504 3495 2685 3551 nativa
2710 3497 2954 3552 revisere
2983 3513 3130 3553 rura.

1904 3586 2169 3661 Remigiis
2194 3585 2360 3658 igitur
2376 3586 2748 3658 zephyrisque
2775 3586 3092 3665 faventibus
3122 3594 3240 3643 acta

1908 3675 2088 3731 Findit
2128 3683 2281 3748 terga
2311 3675 2501 3741 maris,
2526 3674 2836 3747 ﬂuctusque
2858 3675 3125 3731 adnititur
3152 3676 3292 3731 altor

1907 3767 2040 3823 Cum
2075 3767 2263 3823 subito
2293 3784 2444 3822 mare
2467 3767 2614 3823 nolle
2644 3767 2745 3822 viri
2778 3767 3050 3835 sentiscit,
3083 3776 3139 3824 et
3168 3769 3277 3823 imo

1912 3854 2184 3910 Exsiliens
2205 3854 2402 3929 pelago
2429 3855 2590 3911 saevis
2616 3855 2910 3911 conatibus
2939 3856 3150 3921 obstat,

1911 3947 2195 4003 Fluctibus
2222 3955 2388 4019 atque
2421 3949 2579 4004 ratim
2598 3949 2920 4020 pr0pellens
2943 3948 3126 4003 reddit
3154 3948 3359 4005 arenis.

1913 4041 2127 4098 Caerula
2154 4042 2477 4099 subducens
2502 4044 2721 4119 retegit,
2754 4044 3034 4117 siccatque
3055 4045 3320 4112 carinam,

1914 4137 2321 4210 Colleetumque
2345 4140 2452 4194 sibi
2477 4138 2683 4195 finibus
2710 4140 3010 4212 requiescit
3029 4140 3259 4195 adactis.

1913 4229 2118 4286 Sistere
2156 4232 2236 4287 sic
2267 4232 2447 4287 triduo
2476 4247 2683 4307 cogens
2709 4234 2829 4288 sine
2856 4233 3074 4308 gurgite
3099 4233 3356 4289 cumbam

1915 4324 2186 4379 Nauclero
2232 4332 2498 4380 cernente
2530 4326 2623 4381 Dei
2656 4343 2768 4398 quo
2800 4327 3029 4383 numina
3051 4344 3181 4383 casu
3426 4384 3435 4395 ,

1911 4417 2022 4472 Res
2048 4417 2222 4472 Patris
2237 4419 2519 4485 exhausta,
2551 4418 2845 4490 sociosque
2864 4436 2894 4474 a
2923 4436 3108 4491 puppe
3148 4418 3395 4474 remittit.

1842 4543 1898 4611 Β
1922 4509 2163 4582 Ᾱῐῳιοτα
2191 4526 2319 4566 mox
2371 4510 2589 4579 adsunt,
2650 4518 3060 4584 prOperantque
3118 4527 3399 4611 resumere
3430 4510 3540 4565 lin-

3303 4598 3470 4670 [non].

1927 4689 2249 4760 Optatisque
2275 4690 2485 4745 vehunt
2506 4706 2605 4759 per
2632 4691 2798 4762 plana
2828 4691 3100 4763 liquentia
3130 4692 3341 4758 ﬂabris,

1932 4781 2240 4837 Laudantes
2268 4781 2533 4853 placitum
2546 4784 2728 4839 cuncti
2757 4784 3018 4855 praeferre
3049 4786 3332 4851 Tonantis,

1929 4869 2110 4925 Mirari
2143 4869 2368 4937 factum,
2410 4878 2587 4925 vatem
2622 4889 2731 4944 quo
2753 4873 2920 4928 vellet
2948 4874 3104 4929 abire

1933 4961 2147 5018 Mittere
2169 4972 2368 5034 Sponte
2392 4980 2575 5031 suum,
2608 4964 2874 5021 famulatu
2905 4966 3215 5039 opibusque
3240 4966 3443 5030 levare,

2007 5053 2205 5109 Missus
2244 5053 2485 5110 Lotharii
2525 5053 2778 5111 devotam
2809 5055 3297 5127 competitaulam,

1937 5140 2110 5205 Quem
2141 5156 2237 5197 rex
2265 5158 2467 5198 munus
2495 5159 2667 5199 ovans
2698 5159 2762 5200 ac
2788 5144 2835 5199 si
2864 5144 3089 5201 caeleste
3120 5152 3386 5216 receptat.

1293 5290 1561 5347 GLOSSIE
1599 5290 2021 5347 MARGINALES
2061 5291 2469 5355 MABILLONII,

249 5428 327 5465 39°
386 5423 736 5499 inju_ria._m
794 5421 1282 5499 Columbanolua"
1339 5419 1580 5499 residet._
1630 5420 1700 5456 393
1757 5421 1930 5476 vultu.
1986 5421 2056 5455 39‘
2106 5437 2137 5475 a
2187 5421 2555 5477 daemonibus.
2613 5422 2681 5457 ³9⁵
2737 5430 2926 5494 utpote
2986 5423 3162 5478 inviti.
3233 5424 3315 5499 δοες
3360 5441 3559 5497 percu-

181 5502 249 5556 tit
316 5499 393 5534 ³⁹⁷
432 5492 843 5553 Columbanus.
876 5494 946 5529 3“
964 5494 1111 5549 solis.
1147 5493 1218 5529 39°
1237 5499 1419 5549 nocte.
1453 5492 1522 5527 ⁴⁰⁰
1549 5493 1851 5549 daemones.

1760 5619 1995 5675 ‘NOTIE.

264 5760 437 5834 (211)
474 5754 1081 5834 Ergo_adhqc_szeculo
1106 5767 1141 5807 χ
1167 5750 1981 5834 episcopi.dicebantur-papae
2000 5769 2013 5805 :
2048 5751 2179 5805 item
2194 5751 2446 5834 “summi.
2486 5750 2779 5834 pqntiﬁces
2826 5753 3021 5809 saltem
3055 5756 3089 5809 ii
3151 5755 3244 5827 qui
3278 5766 3565 5828 metmpo-

185 5821 309 5890 litae
343 5821 656 5889 erantf'uti
693 5841 759 5879 ex
789 5824 977 5879 Odone
1009 5821 1439 5879 Glannifosiensi
1465 5821 1667 5877 abbate
1695 5823 1750 5876 in
1779 5821 1910 5878 Hist.
1940 5823 2162 5877 Transs.
2193 5822 2246 5874 S.
2282 5822 2448 5876 Mauri
2472 5821 2578 5875 abb
2623 5834 2858 5879 constat.
