3902 6432
180 439 273 493 881
782 436 866 493 DE
906 434 1164 491 CHRISTI
1204 434 1566 491 TRIUMPHIS
1605 436 1778 491 APUD
1822 433 2083 490 lTALlAM
2127 429 2472 486 LIBRl.XlV.
2514 459 2584 468 —
2627 428 2751 483 LIB.
2795 426 2926 481 XIV.
3428 425 3532 478 882

250 559 471 614 Fcedera
501 565 659 632 grata
689 557 879 613 hilaris
906 573 997 613 rex
1028 566 1258 629 captans
1295 558 1508 615 honore
1548 567 1801 614 venusuit
1830 565 1876 631 Α
1906 557 2144 613 Nexibus
2176 555 2303 610 hinc
2342 553 2577 607 animam
2612 551 2793 606 carnis
2824 547 3184 618 tenebrisque
3224 547 3454 601 solutam

181 653 358 708 Castra
377 667 621 723 superna
653 652 821 716 fovet,
854 651 1107 726 delegata
1139 651 1361 725 agmina
1387 650 1565 714 fulcit,

177 745 444 800 Subsidiis
470 744 676 815 explet,
709 743 1034 799 dominandi
1059 741 1264 798 finibus
1292 750 1477 815 anget.

245 837 307 889 At
338 836 497 889 Pater
523 835 642 907 ipse
670 834 1043 890 Columbanus
1066 835 1195 889 dum
1220 834 1497 889 clauditur
1524 851 1723 897 annus,

178 925 439 980 Mandatis
469 925 541 959 διδ
568 940 713 980 nova
743 932 900 995 septa
920 924 1052 980 colit
1077 924 1231 980 cella:
1268 924 1612 979 Ebobiensis.

1905 651 2152 707 Almiﬁco
2178 650 2334 706 ctelis
2360 648 2524 702 infert
2563 646 2861 717 splendore
2892 643 3170 697 decoram.

1904 741 2136 813 Pignera
2157 737 2405 792 reslructi
2442 752 2540 807 per
2577 751 2701 789 eum
2736 732 2927 803 templi
2949 732 3066 785 aede.
3101 732 3366 784 locantur.

1902 828 2070 893 Quam
2091 827 2254 881 celsa}
2295 824 2548 879 meritum
2583 823 2729 888 vitae,
2764 822 2887 874 data
2909 822 3066 893 signa
3100 820 3435 889 loquuntur:

1898 921 2286 976 Strenuitatem
2320 917 2485 972 animi
2518 924 2783 989 praestans
2812 914 3055 969 doctrina
3093 911 3355 982 profatur.

1656 1120 1860 1175 CAPUT
1909 1119 2040 1175 XIX.
2061 1175 2064 1180 .

1556 1252 1634 1309 De
1675 1258 1878 1310 sancto
1921 1251 2142 1309 Αιιαια.

239 1425 533 1500 Magniﬁca
564 1426 710 1481 Patri
741 1427 808 1462 “7
849 1444 1084 1499 magnus
1113 1428 1363 1483 succedit
1390 1428 1649 1485 alumnus

165 1520 361 1585 Attala,
394 1520 483 1575 cui
507 1519 710 1574 celsam
736 1520 982 1591 perperit
1015 1521 1329 1595 Burgundia
1349 1522 1600 1591 stirpem.

165 1608 418 1665 Pontifici
446 1611 610 1665 datur
634 1611 726 1665 hic
744 1610 993 1685 genitore
1022 1610 1238 1666 ferente
1268 1611 1536 1666 colendus
1564 1612 1652 1677 “8,

162 1700 343 1754 Artior
370 1709 666 1772 angustum
700 1698 954 1755 fervescit
984 1701 1254 1756 scandere
1287 1702 1500 1756 callem.

1901 1428 2113 1492 Visere,
2148 1427 2360 1483 solatiis
2391 1426 2647 1499 votisque
2670 1425 2863 1495 juvare
2894 1432 3139 1502 rogatus,

1899 1524 2151 1579 Adventu
2182 1523 2513 1579 incolumem
2540 1521 2907 1594 precibusque
2926 1521 3018 1577 dat
3044 1521 3124 1575 ire
3138 1521 3417 1593 vigentem

1970 1616 2119 1670 lnter
2148 1615 2305 1687 plura
2334 1615 2462 1670 dein
2483 1614 2745 1670 virtutum
2764 1620 2918 1686 gesta
2946 1612 3162 1684 piarum

1898 1709 2052 1763 Hunc
2072 1708 2212 1762 Deus
2241 1706 2505 1763 aerumnis
2530 1722 2767 1762 censens
2797 1706 3085 1761 absolvere
3114 1704 3350 1771 anhelis,

163 1791 251 1846 Sic
279 1790 426 1846 clam
457 1791 842 1863 progrediens,
885 1793 1285 1848 monachorum
1316 1802 1493 1848 castra
1516 1802 1786 1869 peragrat,
1812 1829 1860 1897 Β
1894 1795 2122 1850 Lumine
2152 1796 2370 1851 lustrari
2401 1795 2573 1866 pacis,
2608 1795 2835 1867 iotuque
2862 1794 3082 1867 quietis,

164 1886 222 1939 Et
247 1887 466 1955 potiora
491 1886 680 1941 calens
718 1887 808 1952 "9,
851 1886 997 1942 dicto
1031 1886 1136 1942 fert
1166 1886 1307 1943 colla
1336 1894 1590 1957 patrono,

160 1983 333 2051 Atque
365 1980 710 2036 Columbano
742 1981 904 2035 tradit
924 1998 985 2036 se
1019 1981 1143 2036 luce
1173 1982 1497 2055 regendum.

162 2069 254 2123 Ille
284 2069 390 2124 sibi
428 2076 679 2135 nectens,
710 2070 944 2141 quaasito
975 2070 1186 2125 lumine
1217 2071 1480 2137 flammat,

156 2159 287 2213 Dum
324 2160 394 2194 διο
428 2159 632 2230 petitur
662 2160 860 2215 virtute
889 2159 1065 2215 vicem
1099 2160 1360 2231 supplere
1392 2160 1661 2235 magistri,

130 2247 360 2318 [Dignus
390 2248 488 2302 ubi
521 2249 744 2323 egregie
775 2264 873 2319 pro
905 2247 1096 2304 castris
1122 2250 1308 2319 praelia
1338 2259 1542 2303 sanctis

159 2342 447 2409 Exercens,
490 2344 728 2415 anguiva
752 2344 818 2377 ⁴²¹
849 2343 962 2399 doli
984 2342 1090 2398 fert
1117 2344 1262 2398 bella
1295 2342 1546 2398 furentis.

220 2434 473 2505 Carpitur
504 2442 761 2490 austerus
790 2435 995 2505 tepidis
1024 2434 1309 2507 durusque
1339 2435 1608 2503 remissis,

148 2526 341 2581 Avellit
374 2536 601 2583 teneros
630 2528 698 2561 ⁸³³
725 2526 884 2583 lateri
917 2526 1030 2581 fera
1052 2527 1241 2601 lingua
1280 2528 1523 2594 sodales,

159 2618 370 2688 Diripit,
414 2625 580 2690 atque
610 2619 782 2674 eremi
815 2635 915 2690 per
941 2618 1103 2674 devia
1128 2627 1306 2690 raptat
1331 2626 1522 2690 cperta

150 2706 405 2763 lncentor
435 2708 741 2778 doctorque
774 2708 901 2762 mali
929 2724 1073 2763 saevo
1096 2708 1277 2764 uritur
1307 2708 1436 2783 igne
1470 2710 1559 2772 “3,

146 2794 393 2864 Supplici
429 2794 675 2848 clamans
705 2795 955 2851 meritam
987 2812 1044 2850 se
1076 2797 1324 2866 pendere
1347 2814 1588 2868 pinnam.

144 2882 250 2936 Nec
275 2883 490 2937 facilem
524 2883 644 2955 quit
666 2883 819 2939 adire
848 2884 1058 2939 Patrem
1086 2886 1363 2955 captando
1392 2886 1638 2957 piamen,

143 2975 278 3039 Quin
314 2976 543 3047 rapitur,
579 2984 875 3049 mutusque
895 2978 1133 3033 animam
1168 2979 1395 3035 dimittit
1419 2980 1473 3034 in
1506 2998 1684 3036 auras.

143 3069 228 3122 llis
250 3070 439 3141 pavidi
467 3072 702 3127 comites
727 3081 988 3143 repetunt
1020 3074 1190 3129 Patris
1211 3075 1349 3129 atria
1382 3076 1589 3146 plures,

141 3162 309 3235 Atque
343 3171 556 3221 utoves
587 3166 713 3221 trita
741 3167 1037 3237 capiuntur
1068 3169 1224 3224 fauce
1259 3169 1467 3240 lupina.

141 3255 229 3309 Ast
255 3257 348 3327 qui
390 3264 623 3313 tutorem
653 3258 793 3314 fastu
827 3268 1100 3330 tempsere
1128 3261 1395 3331 superbo,

137 3339 396 3397 Convulsi
420 3344 589 3399 variis
617 3354 952 3401 consumunt
980 3347 1230 3402 cladibus
1259 3364 1443 3404 ausus.

142 3432 198 3486 Hi
232 3433 381 3491 ferro
404 3436 575 3507 plexi,
608 3438 817 3509 rapidis
841 3439 895 3492 hi
931 3438 1186 3495 fluctibus
1212 3440 1418 3503 hausti,

141 3525 546 3598 lnveniuntque
578 3528 723 3600 piam
756 3537 1029 3602 quotquot
1056 3531 1276 3586 rediere
1309 3533 1605 3587 medelam.

209 3619 531 3674 Praevalidis
561 3620 737 3676 Patris
770 3622 927 3677 istius
957 3624 1122 3679 modo
1154 3630 1459 3695 patrantur,

142 3711 394 3781 Imperiis
425 3713 657 3780 clarent,
690 3714 950 3784 precibus
988 3715 1155 3771 modo
1185 3716 1353 3790 digna
1382 3715 1623 3787 profusis

140 3804 260 3859 Haec
290 3804 499 3860 Bobius
527 3807 807 3877 quondam
840 3808 1100 3865 violentis
1133 3809 1406 3864 imbribus
1430 3818 1626 3865 auctus

136 3891 368 3949 Molibus
386 3893 618 3963 effusus,
651 3895 989 3971 lymphaque
1023 3906 1268 3955 tumente
1300 3907 1510 3955 rotatus

137 3986 438 4055 Approbat,
480 3986 722 4043 indictus
747 3989 816 4023 ⁸³⁸
838 3990 1011 4047 sacris
1042 4006 1326 4047 removere
1359 3990 1621 4059 furorem,

136 4075 345 4131 Vellere
372 4076 613 4131 farriteri
648 4076 915 4134 fabricam
945 4096 1138 4136 vexare
1179 4080 1370 4137 ntolini

137 4164 433 4233 lnhibitus,
471 4166 651 4237 posito
684 4168 834 4239 leges
858 4176 1134 4225 statuente
1168 4170 1389 4234 bacillo,

136 4253 193 4307 Et
213 4254 397 4309 crucis
428 4254 498 4308 ad
528 4254 746 4330 signum
778 4256 1003 4312 monitis
1033 4265 1263 4328 parente
1297 4258 1524 4328 fluento,

136 4344 431 4414 Arduaque
461 4360 721 4417 aggresso
745 4344 959 4400 facilem
990 4344 1253 4421 fugiendo
1285 4355 1546 4402 meatum.

135 4436 255 4490 Visa
284 4447 499 4508 tropaea
539 4436 680 4494 redit
705 4437 999 4493 Sinoaldus
1038 4440 1276 4511 prodere
1314 4440 1478 4494 Patri.

202 4526 475 4581 Virtutem
503 4541 727 4598 quoque
757 4526 1035 4601 magniﬁci
1064 4528 1262 4599 probat
1293 4528 1383 4584 ille
1416 4529 1686 4603 magistri,

136 4614 406 4671 Ruricolae
441 4614 705 4670 insistens
727 4617 903 4686 Operi,
928 4616 1184 4689 stifaeque
1214 4618 1282 4651 "5
1312 4619 1623 4685 medendze,

134 4704 222 4761 Cui
257 4706 410 4758 laeva:
441 4703 623 4773 pollex
651 4703 839 4758 dextra
856 4712 1136 4760 resecatur
1156 4705 1365 4777 iniqua.

129 4795 359 4868 Jamque
393 4796 555 4850 datus
579 4796 777 4871 glebis,
813 4796 957 4852 Patri
986 4797 1116 4852 dum
1149 4798 1420 4870 promitur
1450 4806 1654 4866 actum,

136 4888 302 4944 Educi
332 4887 550 4943 tumulo
580 4904 643 4943 ac
670 4904 864 4959 passus
894 4905 992 4959 per
1018 4889 1410 4958 millejubetur

136 4980 368 5048 Deferri,
402 4980 758 5052 imbutasque
778 4981 950 5036 sacris
989 4982 1311 5036 moderante
1343 4981 1531 5036 salivis

139 5072 412 5128 Fracturaa
440 5072 657 5128 medico
679 5073 962 5145 vitamque
989 5074 1198 5130 ferente
1229 5074 1480 5145 sepultis,

137 5165 398 5242 iungitur
423 5167 631 5222 unifico
663 5168 898 5224 viduata:
929 5169 1144 5245 glutine
1175 5168 1392 5240 palmae,

147 5260 574 5332 I'ra3cipiturque
597 5259 776 5315 datam
811 5261 972 5316 tacite
1010 5267 1244 5317 tractare
1274 5260 1526 5315 salutem.

210 5350 300 5406 Sic
330 5349 615 5423 quondam
643 5352 1103 5424 puerumspirare
1129 5369 1389 5424 suprema
1417 5360 1661 5425 putatum

1890 1888 2158 1959 Tempora
2182 1896 2331 1944 certa
2359 1889 2509 1943 iteris
2539 1889 2607 1922 ⁴²⁶
2627 1887 2811 1959 signat
2827 1888 3162 1958 jamjamque
3191 1885 3438 1957 petendi.

1890 1977 1952 2032 Et
1984 1977 2110 2033 licet
2138 1978 2256 2049 ipse
2287 1976 2408 2032 dies
2449 1984 2571 2049 post
2601 1976 3000 2049 quinquaginta
3030 1975 3329 2029 meandum

1887 2066 2003 2130 Quo
2035 2066 2126 2133 sit,
2151 2082 2261 2122 non
2291 2066 2432 2121 adeo
2466 2066 2692 2120 monitis
2720 2064 2931 2119 dicatur
2950 2064 3183 2134 apertis;

1885 2157 2161 2228 Praeparat
2189 2167 2316 2231 apta
2333 2156 2670 2214 remansuris
2690 2166 2895 2222 tamen,
2924 2163 3088 2227 atque
3110 2152 3367 2228 migranti

1882 2253 2049 2324 Septa
2080 2252 2401 2308 monasterii
2432 2253 2678 2307 densans
2709 2258 2988 2325 tegmenta
3020 2248 3297 2314 reformat,

1881 2343 1957 2396 Ac
1994 2342 2178 2396 studet
2209 2341 2512 2396 invalidum
2546 2339 2684 2394 nihil
2712 2348 2773 2395 ut
2796 2340 3081 2410 lapsumve
3103 2337 3326 2393 residat.

1885 2432 2102 2488 Emunit
2130 2442 2455 2504 raparatque
2496 2432 2687 2499 libros,
2730 2439 3005 2503 nexatque
3032 2430 3269 2486 solutos.

1881 2525 2138 2580 Excubiis
2163 2525 2537 2597 precibusque
2559 2540 2759 2579 vacans
2772 2523 2987 2594 jejunia
3008 2524 3216 2588 (luctat,

1879 2616 2088 2688 Corpus
2106 2617 2490 2672 contribulans
2520 2617 2756 2671 animam
2783 2616 3103 2671 coelestibus
3133 2622 3307 2685 aptat.

1947 2709 2227 2781 Discipulo
2249 2710 2314 2745 ⁵³⁷
2353 2719 2477 2781 post
2497 2726 2642 2766 nona
2669 2725 2826 2765 novae
2858 2707 3205 2780 reparamina
3227 2708 3426 2763 messis

1876 2804 2064 2858 Visere
2098 2804 2395 2877 ﬂagrantes
2426 2817 2550 2856 sese
2581 2812 2831 2871 spectare
2861 2808 3120 2872 parentes

1873 2895 2149 2966 Pmcipit,
2182 2902 2347 2966 atque
2372 2910 2527 2949 mora
2558 2894 2711 2948 nulla
2743 2892 3083 2964 impediente
3111 2892 3331 2946 reverti.

1874 2989 1932 3042 ln
1973 2988 2329 3063 geminisque
2354 2987 2497 3043 viam
2529 2995 2748 3043 sectans
2778 2986 3103 3042 custodibus
3132 2995 3358 3051 auctus;

1870 3068 2470 3149 Complectigenitrice
2501 3077 2662 3131 datur
2683 3077 2787 3132 sub
2808 3075 2931 3131 luce
2955 3076 3173 3141 diurna,

1794 3138 1840 3204 (ἶ
1868 3168 1979 3222 Nox
2008 3138 2274 3238 equidem
2294 3166 2563 3236 repedare
2586 3173 2796 3229 monet,
2818 3164 3099 3236 febrisque
3121 3138 3426 3238 perurgens

1869 3253 2161 3326 Compellit
2192 3255 2427 3310 clamare
2458 3253 2630 3308 Patris
2650 3268 2709 3308 se
2729 3252 2925 3308 ardere
2945 3252 3206 3323 querelis,

1868 3347 2156 3418 Exitioque
2180 3346 2320 3418 rapi,
2350 3362 2505 3401 mora
2533 3346 2577 3400 si
2599 3352 2785 3400 teneat
2806 3345 3100 3399 redeundi.

1865 3435 2095 3507 Moxque
2108 3435 2196 3490 die
2227 3434 2423 3491 callem
2452 3441 2710 3504 repetens
2735 3443 3017 3489 remeante
3039 3434 3308 3506 cupitum,

1866 3525 2118 3580 Salvatur
2145 3540 2420 3589 remeans,
2454 3522 2691 3578 febrium
2722 3522 2806 3577 vis
2836 3523 3037 3595 linquit
3065 3532 3314 3591 euntem,

1866 3614 2101 3670 Sanatus
2131 3614 2343 3669 Patrem
2379 3612 2583 3685 reperit
2612 3628 2873 3682 suprema
2906 3614 3235 3668 trahentem.

1867 3708 2122 3762 Adventu
2152 3714 2335 3762 tamen
2363 3706 2651 3772 exhilarat,
2685 3703 2961 3777 funusque
2993 3713 3282 3777 paternum

1866 3797 2221 3854 Tormentum
2263 3798 2331 3831 ⁸²⁸
2385 3795 2537 3851 videt
2592 3810 2713 3850 esse
2766 3810 2928 3849 suum
2989 3795 3344 3867 celeremque
3413 3813 3497 3850 re-

3129 3885 3419 3961 [gressum,

1938 3982 2002 4035 At
2027 3981 2186 4035 Pater
2215 3986 2491 4036 extremos
2517 3980 2759 4036 monitus
2790 3995 3150 4053 pangensque
3182 3986 3495 4052 notansque

1866 4075 1934 4129 Se
1965 4090 2129 4129 cruce
2151 4073 2478 4142 communit,
2511 4074 2692 4129 crucis
2713 4074 2862 4129 edita
2888 4073 2955 4107 "9
2977 4088 3184 4145 pronus
3205 4073 3418 4138 adorat,

1759 4181 1768 4190 ·
1866 4165 2249 4237 Attollensque
2280 4181 2495 4221 crucem
2521 4166 2781 4237 lacrymis
2808 4175 2862 4220 et
2894 4165 3151 4221 laudibus
3183 4168 3365 4219 ornat.

1866 4258 1999 4313 Tum
2020 4267 2233 4314 secreta
2265 4267 2459 4329 petens
2485 4268 2733 4314 veterum
2759 4259 2957 4314 delicta
2987 4257 3288 4329 proborum

1867 4350 2119 4423 Abstergi
2146 4349 2365 4424 rOgitat,
2408 4347 2651 4421 ﬂetuque
2682 4348 2893 4424 rigante
2922 4357 3202 4423 repurgat.

1871 4442 1960 4498 Sic
1986 4443 2129 4497 inter
2156 4441 2396 4518 gemitus
2426 4441 2537 4497 triti
2580 4447 2633 4496 et
2661 4439 2901 4511 suSpiria
2932 4439 3117 4495 cordis

1784 4507 1835 4574 ί)
1860 4531 2129 4588 Attollens
2148 4507 2355 4599 oculos,
2378 4531 2577 4586 caelum
2600 4531 2704 4585 sibi
2749 4507 2924 4586 cernit
2953 4537 3208 4602 apertum
3231 4547 3243 4583 :

1866 4620 2299 4694 Gloriﬁcansque
2326 4622 2494 4675 Deum
2527 4630 2714 4695 grates
2744 4620 3011 4692 dependit
3041 4627 3096 4675 et
3123 4619 3277 4674 odas.

1866 4712 2198 4768 Substiterat
2227 4729 2285 4767 se
2316 4711 2455 4767 clam
2478 4711 2634 4765 testis
2655 4710 2749 4783 qui
2779 4710 2894 4765 visa
2918 4709 3166 4776 referret,

1862 4804 2136 4860 Panderet
2165 4812 2406 4875 acceptae
2438 4803 2533 4875 qui
2560 4804 2685 4858 diva
2715 4802 2990 4857 levamina
3018 4800 3186 4856 vocis.

1941 4892 2123 4947 Altera
2147 4892 2236 4947 lux
2268 4892 2428 4947 terris
2453 4907 2563 4962 ,am
2596 4891 2786 4947 cmlica
2816 4891 2962 4945 dona
2992 4889 3224 4955 ferebat,

1868 4984 1964 5039 ille
2003 5000 2209 5040 vocans
2234 5000 2625 5058 summumque
2650 4985 2767 5041 vale
2798 4983 2936 5037 dans
2975 4980 3233 5037 fratribus
3261 4980 3412 5033 addit

1871 5077 2197 5144 Exhortans,
2231 5077 2426 5149 coeptis
2463 5084 2744 5137 maneant.
2779 5074 2992 5146 potiora
3031 5081 3339 5144 capessant.

1871 5170 1965 5224 Sic
1985 5171 2156 5227 verbo
2186 5170 2406 5245 genitos
2435 5169 2621 5225 solans
2650 5166 2954 5223 absolvitur
2982 5164 3106 5220 imis

1873 5261 1936 5316 Et
1956 5262 2047 5334 pia
2076 5262 2311 5317 siderea:
2340 5259 2543 5317 mentis
2568 5266 2670 5316 fert
2699 5258 2922 5314 ﬂamina
2950 5258 3131 5313 ccelis.

1225 5549 1493 5605 GLOSSIE
1545 5548 1968 5606 MARGINALES
2017 5547 2421 5605 MABILLONII.

214 5713 285 5792 “.5
303 5710 587 5792 regulis:
616 5699 687 5792 ξιτ
718 5712 1078 5792 Columbano.
1129 5712 1197 5746 “3
1227 5711 1585 5792 erudiendas.
1767 5711 2131 5792 desiderans._
2154 5709 2486 5792 “*‘l‘Donec.
2572 5710 2637 5744 ⁴²¹
2666 5706 2963 5792 diabolica.
2986 5706 3488 5792 .i’iimperfectos.

149 5783 216 5821 ⁴²³
245 5783 442 5840 febris.
511 5784 582 5820 ‘3‘
607 5783 815 5854 jussus.
897 5785 965 5818 ηδ
993 5784 1171 5839 stivae.
1255 5784 1324 5819 ⁸³⁵
1356 5783 1590 5839 itineris.

1678 5784 1743 5817 ⁵³⁷
1771 5784 1946 5841 lonia.
2022 5782 2089 5819 ⁸³⁸
2110 5781 2171 5837 id
2200 5786 2277 5838 est
2303 5797 2470 5837 causa
2493 5779 2774 5846 tormenti,
2803 5786 2911 5837 etc.
2982 5781 3049 5815 ‘39
3071 5779 3198 5837 alta.
