3902 6406
352 376 457 431 883
597 376 964 432 FLODOARDI
1007 378 1309 433 CANONlCl
1353 380 1685 436 REMENSIS
1727 383 2060 439 OPUSCULA
2103 386 2494 442 METRICA.—
2528 388 2610 443 DE
2648 388 2907 445 CHRISTI
2947 390 3336 459 TRIUMPHIS,
3378 394 3500 451 ETC
3602 399 3711 455 884

1857 544 2074 601 CAPUT
2120 546 2229 604 XX.

1500 641 1578 701 De
1605 645 1831 703 sanctis
1861 645 2128 724 Bertutfo
2159 654 2212 704 et
2242 647 2546 709 Eustasio.

427 768 583 824 Hunc
612 768 681 802 ‘30
705 769 959 841 sequitur
981 769 1201 826 fervens
1228 772 1881 847 subrelligionisamore,
1998 778 2334 852 AMarcenti
2399 797 2530 836 arva
2588 782 2813 856 gradu:
2894 785 3127 857 languor
3190 788 3404 844 Patrem
3433 832 3447 856 ,
3535 808 3716 866 angor

357 865 615 921 Francica
633 865 932 941 pregenies
957 866 1124 921 altum
1157 883 1321 939 quem
1361 870 1650 945 sanguinis
1673 872 1810 938 edit,
3364 881 3640 953 {alumnos

354 957 579 1013 Arnulfo
594 957 805 1013 celebri
834 957 1107 1015 Bcrtulfus
1135 960 1309 1032 stirpe
1332 962 1622 1018 cohterens
2082 959 2360 1016 Presserat
2390 962 2685 1031 haerentes,
2716 979 2820 1019 nec
2849 980 3005 1037 spem
3031 967 3317 1024 redeuntis
3346 970 3639 1038 habentes,

355 1049 629 1110 Pontiﬁei.
660 1065 825 1121 quem
857 1050 1003 1105 celsa
1032 1050 1228 1107 videns
1252 1051 1469 1129 fastigia
1495 1062 1682 1111 mente
2080 1052 2315 1109 Roboris
2341 1055 2607 1110 excubias
2624 1071 2730 1111 nox
2752 1056 2855 1112 fert
2880 1058 3182 1113 columis...

355 1145 627 1214 Spernere
654 1143 889 1210 cwlesti,
919 1150 1179 1211 sectatur,
1210 1155 1264 1201 et
1294 1147 1465 1202 ardua
1484 1148 1632 1203 saecli
2077 1142 2222 1197 Juris
2253 1143 2544 1215 apostolici
2577 1145 2786 1201 cultum
2820 1146 2979 1202 Pater
3001 1149 3223 1204 ordinat
3246 1165 3412 1225 aeger,

357 1231 607 1287 Culmina
636 1238 1021 1297 contemnens,
1055 1234 1236 1289 crucis
1265 1236 1460 1307 arripit
1490 1238 1598 1292 alta
1628 1245 1857 1310 trepea,
2081 1231 2155 1285 Ac
2179 1231 2343 1287 solito
2365 1232 2609 1304 disponit
2633 1233 2721 1307 agi
2753 1234 3046 1291 sollemnia
3078 1237 3182 1291 ritu

361 1324 784 1396 Eustasiumque
816 1332 1013 1395 petens
1042 1325 1303 1382 Lussovia
1328 1328 1452 1404 lege
1478 1329 1754 1385 colentem
2083 1322 2186 1386 Qui
2212 1322 2316 1377 sibi
2339 1324 2436 1395 qui
2466 1325 2632 1380 sociis
2663 1333 2916 1381 statuens
2949 1328 3225 1384 insomnia
3253 1338 3494 1386 servent.

356 1417 541 1472 Castra
573 1415 918 1482 Columbani,
948 1417 1176 1473 monitis
1216 1418 1484 1475 attollitur
1509 1420 1689 1489 almis,
2095 1416 2210 1471 Nox
2235 1432 2395 1472 curas
2417 1419 2647 1494 subigit,
2674 1430 2903 1476 cunctos
2918 1438 3089 1494 sopor
3110 1424 3291 1479 obruit
3320 1425 3464 1481 altus

356 1504 622 1562 Omnibus
650 1510 705 1560 et
723 1513 913 1579 gratus
949 1506 1140 1562 virtuti
1173 1507 1324 1580 degit
1353 1516 1410 1564 et
1440 1517 1601 1581 aptus
2096 1506 2362 1563 Custodes
2386 1509 2552 1564 etiam
2571 1510 2769 1565 lethaea
2803 1512 3005 1566 oblivia
3028 1513 3243 1570 sternit.

357 1597 554 1665 Attala,
585 1597 682 1652 sed
717 1597 901 1653 Gallos
929 1599 993 1633 ⁴²¹
1048 1600 1372 1657 Lussovium
1403 1610 1459 1657 et
1500 1610 1566 1658 ut
1602 1605 1742 1674 petit
1765 1620 1989 1679 agmen:
2093 1604 2368 1660 Asseculis
2389 1605 2551 1662 lietus
2574 1607 2641 1642 ‘37
2672 1608 2883 1664 Christo
2922 1612 3151 1665 custode
3178 1612 3408 1667 levatur.

360 1690 653 1761 Utriusque
677 1689 848 1745 Patris
867 1691 937 1725 ⁵³²
963 1692 1115 1747 socia
1146 1693 1353 1764 pietate
1373 1692 1646 1763 fervente,
2094 1695 2415 1768 Solaturque
2444 1697 2605 1752 Petro
2636 1698 2703 1731 ’⁸³³
2730 1698 2862 1753 dum
2894 1700 3143 1771 principe
3160 1702 3354 1758 visitur
3382 1703 3572 1768 abbas.

360 1779 495 1834 Huic
522 1794 745 1851 quoque
785 1796 846 1834 se
876 1779 1090 1835 dedens
1118 1782 1283 1838 Italos
1310 1783 1540 1839 sortitur
1562 1799 1788 1857 agones,
2087 1785 2321 1857 Surgere
2353 1786 2692 1857 prmcipitur,
2724 1803 3031 1859 sospesque
3052 1790 3234 1846 redire
3258 1791 3508 1860 jubetur,

361 1872 647 1927 Permanet
682 1888 747 1927 ac
789 1870 950 1928 fidus.
995 1873 1289 1946 Postquam
1338 1883 1393 1930 at
1449 1876 1607 1931 Pater
1643 1876 1713 1911 ‘33
1752 1877 1985 1953 emigrat
2086 1874 2380 1945 Accipit‘39
2412 1884 2466 1930 et
2496 1876 2717 1931 Petrum
2738 1893 2862 1932 sese
2893 1880 3100 1948 petisse
3133 1890 3445 1950 patronum,

1735 1966 1915 2037 [astris
2088 1962 2364 2019 Attonitus
2386 1971 2539 2037 rogat
2577 1966 2816 2020 excitum
2848 1967 2980 2022 dare
3012 1968 3126 2023 visa
3157 1970 3469 2025 ministrum
3490 1990 3507 2025 :

361 2050 646 2106 Communi
679 2050 939 2126 allegitur
968 2052 1212 2108 Fratrum
1235 2052 1450 2110 fervore
1469 2054 1536 2089 ‘3‘
1566 2056 1852 2130 magister,
2021 2103 2065 2130 η
2094 2051 2189 2106 Ille
2217 2068 2427 2127 negans
2455 2053 2785 2109 lllustratum
2817 2071 2879 2110 se
2910 2056 3031 2111 luce
3058 2058 3248 2128 petita.

358 2141 608 2199 Perfovet
636 2103 975 2219 atquearegit
1003 2146 1131 2203 divo
1169 2147 1555 2203 moderamine
1574 2103 1852 2220 smnpm;
2020 2103 2068 2170 Β
2095 2138 2243 2194 Hanc
2263 2103 2437 2215 rztegi
2460 2142 2656 2211 poscit,
2688 2103 3376 2218 precibusque‘extorquet
3404 2149 3647 2215 anhelis,

432 2236 558 2290 Atra
585 2251 799 2291 venena
829 2251 1078 2307 coquens
1115 2237 1350 2308 impellit
1375 2239 1444 2293 ad
1476 2238 1727 2310 improba
1756 2256 1989 2312 serpens
2090 2232 2267 2303 Atque
2295 2240 2515 2303 reperta
2536 2240 2707 2302 notat,
2733 2235 2997 2307 testisque
3019 2238 3231 2292 accedit
3251 2240 3494 2295 adacter.

364 2328 537 2407 Corda
564 2330 1023 2402 prepinquorum,
1046 2331 1232 2388 vicino
1261 2332 1502 2387 subdere
1532 2334 1773 2388 suadens
2160 2329 2206 2383 lt
2236 2327 2396 2382 Pater
2425 2330 2544 2400 ipse
2575 2331 2786 2398 valens,
2810 2331 3058 2404 aliosque
3077 2333 3170 2387 dat
3199 2332 3279 2388 ire
3309 2335 3582 2402 valentes,

365 2417 514 2472 Hunc
594 2418 663 2452 ⁸³⁸
716 2419 823 2473 sibi
901 2418 1172 2490 pontifici,
1234 2428 1352 2476 sata
1408 2437 1513 2476 nec
1583 2421 1692 2476 sibi
1735 2438 1986 2494 quaerere
2091 2417 2431 2472 Deemonieas
2462 2418 2619 2488 pellit
2650 2429 2854 2489 pestes,
2881 2431 3078 2495 purgat
3119 2439 3281 2493 prece
3311 2433 3544 2480 mentes.

1203 2503 1210 2509 ’
1636 2514 1812 2585 [cessa
1830 2514 1918 2568 ‘35.
2166 2512 2482 2568 Victorinus
2510 2513 2563 2567 id
2581 2522 2859 2586 expertus,
2892 2516 3054 2572 datus
3083 2518 3277 2574 obvius
3301 2520 3468 2585 almo,

366 2602 502 2659 llinc
524 2618 786 2673 proceres
814 2603 952 2674 adit,
984 2604 1116 2659 hinc
1147 2619 1357 2676 regem,
1391 2618 1494 2658 nec
1520 2610 1645 2659 vota
1676 2602 1920 2670 facessit,
2097 2606 2205 2663 Nec
2226 2623 2381 2662 mora
2408 2617 2653 2678 curatus,
2673 2618 2857 2681 grates
2886 2612 3068 2675 studet
3095 2614 3263 2669 edere
3292 2631 3482 2671 sanus.

366 2697 475 2752 Nec
505 2697 703 2781 emptis
730 2696 921 2753 resilit.
963 2697 1079 2761 Qua
1099 2696 1153 2751 vi
1179 2705 1414 2771 cogente
1440 2696 1638 2752 beatus
2096 2704 2188 2758 Sic
2216 2721 2354 2774 puer
2382 2705 2684 2777 Oppressus
2714 2722 2972 2780 sazvoque
3006 2709 3214 2764 latrone
3243 2719 3481 2769 voratus.

369 2790 711 2845 Romulidam
744 2790 904 2845 Pater
928 2791 1248 2863 aggreditur
1276 2806 1631 2861 composcere
1664 2808 1913 2863 papam..
2094 2796 2324 2851 Abbatis
2352 2804 2488 2852 nutu
2522 2799 2662 2853 redit
2694 2807 2811 2854 atra
2846 2800 2999 2855 fauce
3019 2809 3293 2872 receptus.

366 2882 638 2948 Ωιιῐεδίῐιιδ
675 2897 925 2936 normam
955 2882 1172 2945 recitat.
1213 2889 1490 2953 praecepta
1522 2881 1761 2954 resignat
2091 2894 2289 2947 Tabem
2335 2892 2498 2947 etiam
2534 2894 2704 2965 leprze
2736 2911 2939 2966 supero
2968 2896 3198 2966 depellit
3227 2898 3460 2965 honore,

365 2972 604 3027 Antistes
634 2970 863 3027 monitis
892 2971 1171 3045 adgaudet
1203 2971 1475 3026 Honorius
1502 2970 1666 3040 aptis,

2094 2982 2155 3037 Et
2187 2982 2420 3038 medicis
2445 2983 2819 3054 desperatum,
2851 2999 3008 3039 sacro
3035 2986 3280 3057 unguine
3310 2988 3520 3042 salvum

366 3055 775 3132 Amplexusq’ue
800 3060 1001 3126 virum,
1024 3060 1253 3128 refovet,
1281 3069 1596 3124 veneratur,
1627 3061 1881 3128 honorat,
2092 3074 2219 3129 post
2250 3073 2337 3143 pia
2374 3082 2501 3128 νοω
2527 3072 2678 3140 facit,
2700 3081 2992 3145 postquam
3014 3055 3227 3143 Μαρία
3258 3075 3426 3132 άυοίι,

366 3153 613 3223 curaque
633 3151 907 3214 εοηθθάίῑι
941 3151 1094 3226 leges
1122 3158 1177 3207 ει
1206 3152 1455 3227 tegmina
1486 3154 1683 3220 ῐηιιηίῐ,
2095 3167 2269 3238 Atque
2301 3166 2376 3221 ita
2402 3166 2525 3221 labe
2555 3174 2761 3234 cutem,
2793 3165 2949 3221 sanie
2977 3166 3057 3221 sic
3084 3167 3297 3223 viscera
3327 3170 3581 3236 mundat,

368 3245 685 3316 lnvitusque
704 3243 886 3298 redire
908 3243 1060 3299 sinit.
1103 3241 1392 3299 Thuscana
1411 3244 1625 3300 terebat
2099 3261 2163 3316 υι
2192 3261 2371 3318 morbi
2407 3268 2532 3333 post
2556 3261 2704 3316 nulla
2732 3262 2903 3318 decus
2929 3262 2998 3296 uo
3029 3263 3260 3338 vestigia
3292 3264 3522 3337 linquat.

1832 3399 2044 3455 CAPUT
2092 3399 2226 3454 XXI.

1311 3506 1390 3565 De
1417 3507 1641 3568 sanctis
1672 3506 1999 3583 Btidutp/to
2035 3512 2087 3562 ct
2112 3503 2377 3563 Maroneo
2408 3501 2725 3560 monacho.

437 3632 605 3704 Signa
633 3631 905 3688 salutiferi
935 3632 1180 3688 nemoris
1218 3630 1570 3702 haec-inclyta
1600 3631 1741 3686 lastis
2022 3635 2072 3703 Ο
2094 3629 2387 3702 Sacrilegis
2418 3636 2471 3683 et
2502 3626 2598 3699 qui
2640 3625 2819 3681 faveat
2856 3627 3024 3682 simili
3061 3628 3189 3704 igne
3220 3629 3510 3701 liquescat.

369 3723 656 3779 Fructibus
677 3721 943 3798 effulgent
966 3724 1201 3796 vitatque
1228 3722 1527 3798 fragrantia
1555 3728 1744 3778 nectar
2094 3725 2157 3777 At
2186 3723 2295 3777 dux
2325 3721 2443 3791 ipse
2483 3719 2612 3773 mali
2645 3730 2900 3775 metuens
2925 3720 3033 3774 sibi
3067 3721 3253 3793 qualia
3283 3722 3463 3777 cernit

365 3815 622 3887 Aspirant
651 3816 851 3871 devota
872 3816 982 3871 Deo
1011 3815 1141 3871 dum
1165 3815 1399 3889 pignora
1427 3815 1681 3890 gignunt.
1994 3839 2007 3851 -
2096 3814 2273 3889 lnﬂigi
2307 3812 2520 3868 meritis
2538 3811 2803 3867 miserum
2824 3828 2946 3867 cum
2980 3829 3210 3867 munere
3240 3813 3433 3869 castris

367 3910 606 3974 Quorum
642 3907 941 3979 persistens
970 3907 1151 3963 solido
1182 3906 1508 3977 Blidulphus
1539 3906 1749 3961 honore
2093 3903 2337 3957 Destinat
2365 3899 2647 3965 almificis;
2679 3909 2837 3971 pater
2862 3900 3101 3971 inclytus
3123 3902 3299 3957 Attala
3329 3903 3477 3959 dona

366 3998 620 4055 Numinis
640 3998 836 4055 insecti
867 4003 1106 4054 assertor
1130 4012 1430 4069 coramque
1457 4006 1688 4069 tyranno
2093 3995 2323 4066 Respuit
2346 3992 2526 4061 inﬁdi,
2556 3999 2697 4049 torto
2729 4009 3054 4048 succurrere
3083 3994 3255 4049 currit

366 4087 760 4144 lndivisibilem
792 4087 1136 4158 laudansque
1175 4086 1498 4158 decensque
1528 4087 1809 4152 decorem,
2091 4088 2322 4162 Flagitat
2352 4093 2406 4142 et
2431 4085 2625 4141 fratres
2650 4085 2926 4140 redimant
2949 4086 3067 4141 diro
3098 4085 3226 4160 igne
3261 4086 3617 4162 ﬂagrantem,

364 4180 633 4235 Culminis
662 4178 890 4235 aetherei
920 4177 1094 4233 furias
1115 4177 1370 4233 accendit
1399 4177 1574 4250 iniqui
1603 4195 1616 4232 :
2093 4181 2419 4238 lncumbant
2452 4181 2732 4252 precibus,
2758 4180 2900 4236 votis
2921 4188 3181 4236 tueantur
3206 4182 3501 4249 anhelum;

367 4274 426 4328 In
448 4289 549 4327 sua
585 4271 692 4326 fata
730 4270 888 4326 ducis
916 4269 1184 4325 secretius
1213 4286 1364 4324 arma
1394 4276 1678 4341 parantur,
2090 4272 2332 4327 Nexibus
2361 4277 2650 4341 exemptus
2667 4278 2954 4341 praestatur
2977 4288 3209 4346 pergere
3240 4290 3429 4329 sanus.

365 4365 534 4420 Fraus
562 4370 705 4419 tecta
733 4361 1048 4429 instruitur,
1079 4362 1287 4417 bellum
1320 4361 1491 4417 ferale
1521 4369 1793 4428 movetur,
2089 4360 2200 4415 Nec
2230 4360 2396 4434 longo
2426 4366 2609 4413 tamen
2642 4359 2904 4433 indignus
2932 4358 3279 4435 perfungitur
3293 4378 3394 4416 usu

370 4456 506 4511 Veri
536 4469 716 4525 prteco
744 4452 890 4509 dolis
915 4453 1121 4525 petitur
1150 4453 1438 4527 plagisque
1465 4454 1724 4510 subactus
2088 4450 2373 4523 Temporis
2404 4451 2470 4505 ad
2492 4450 2711 4505 veniam
2738 4450 2878 4506 cessi
2910 4451 3059 4523 quod
3090 4451 3321 4522 perdere
3353 4455 3539 4529 nugis.

368 4549 622 4605 Fastibus
660 4546 932 4601 obteritur
953 4546 1185 4614 crebris,
1213 4547 1342 4601 dum
1373 4562 1535 4602 sensa
1566 4547 1774 4603 doloris
2096 4542 2267 4607 Quam
2300 4557 2519 4595 servare
2541 4539 2675 4615 legit
2705 4539 2981 4611 lacrymis,
3009 4541 3335 4613 jactansque
3358 4544 3656 4600 cachinnis

369 4640 657 4695 Mactatum
680 4637 909 4710 liquisse
933 4645 1113 4708 patet;
1155 4637 1237 4692 sic
1276 4637 1496 4708 hospite
1524 4635 1635 4692 fido
2093 4635 2162 4688 Se
2203 4634 2442 4704 gessisse
2471 4632 2736 4704 probrum
2767 4633 2931 4701 votis,
2964 4649 3091 4687 mox
3125 4634 3371 4688 febribus
3401 4643 3561 4688 actus

368 4732 637 4799 Quaasitus
666 4746 833 4787 sensu
856 4738 1020 4802 atque
1048 4729 1235 4806 ﬂagris
1274 4729 1549 4801 reperitur
1573 4728 1776 4797 inanis,
2096 4728 2225 4802 Igne
2257 4727 2420 4782 callet
2453 4725 2582 4780 lethi
2604 4726 2959 4798 clamansque
2991 4727 3293 4798 furensque
3319 4727 3597 4802 gehennae

371 4827 587 4884 Excitus
616 4836 675 4882 ut
705 4842 901 4883 somno
932 4826 1047 4882 miti
1080 4825 1351 4881 dormisse
1381 4840 1579 4896 sopore
2090 4819 2376 4890 Abripitur
2406 4818 2587 4889 pcenis
2612 4819 2899 4873 submotus
2938 4828 2993 4873 et
3021 4834 3222 4894 aggere
3256 4818 3431 4873 bustis

367 4920 550 4975 Mitius
568 4927 735 4991 atque
760 4934 1003 4991 unquam
1045 4916 1344 4988 perhibens
1374 4923 1479 4972 stat
1499 4917 1728 4972 vulnere
1754 4917 1915 4983 liber,
2013 4979 2059 4991 κ
2092 4914 2335 4969 Ostentat
2363 4912 2573 4968 tumulo
2597 4928 2761 4983 quam
2791 4912 2912 4966 dira
2943 4913 3237 4983 patraverit
3266 4929 3424 4966 ausu.

370 5012 582 5068 Inscius
620 5010 864 5087 angoris,
893 5009 1046 5065 tenui
1075 5009 1255 5065 vibice
1286 5015 1550 5064 notentur
2010 4979 2066 5046 D
2090 5010 2202 5065 Nec
2245 5009 2432 5063 minus
2475 5008 2778 5062 excessisse
2818 5016 3034 5074 notant,
3078 5007 3392 5079 mulctaque
3434 5009 3735 5080 resignant

368 5108 608 5164 Membra
638 5106 785 5173 licet,
808 5105 985 5161 nescit
1013 5104 1119 5159 diri
1149 5102 1470 5158 meminisse
1497 5101 1694 5168 duelli,
2092 5102 2162 5157 Se
2190 5099 2487 5157 oﬂ‘endisse
2518 5100 2713 5165 Deum,
2741 5098 3052 5155 Meroveum
3076 5099 3226 5154 fonte
3267 5107 3610 5170 prementes,

369 5198 479 5254 Nec
509 5204 897 5253 temeratorem
930 5203 1114 5250 tamen
1137 5193 1275 5248 ultio
1300 5200 1551 5264 tempore
1580 5191 1753 5247 multo
2092 5189 2215 5256 Qui,
2247 5197 2403 5261 patre
2436 5188 2658 5260 praelato
2691 5189 2982 5243 Dertonam
3015 5187 3236 5251 missus,
3265 5202 3501 5256 epaeum

369 5291 554 5346 Visere
590 5288 901 5345 dissimulat
922 5286 1182 5352 Bardum,
1214 5284 1350 5357 quin
1381 5283 1635 5339 daemone
1666 5291 1880 5353 raptum
2092 5283 2347 5338 Sternere
2376 5282 2506 5337 dum
2539 5287 2710 5336 certat
2732 5280 2857 5335 luco
2889 5280 3159 5334 densante
3191 5278 3477 5345 sacellum,

370 5384 663 5456 Compellit
690 5384 928 5439 clamare
953 5380 1065 5453 pati
1104 5396 1163 5436 se
1193 5380 1362 5455 digna
1389 5377 1574 5450 piacli,
2095 5376 2279 5431 Caesus
2309 5372 2561 5429 fameolis
2588 5372 2688 5428 rivi
2721 5371 3063 5446 demergitur
3092 5370 3278 5438 undis,

368 5473 539 5530 Tanta
568 5473 747 5529 fatens
785 5490 979 5529 ausum
1002 5471 1148 5528 ferre
1177 5472 1295 5527 haac
1326 5470 1589 5541 incendia
1613 5469 1846 5538 justum,
2094 5466 2204 5521 Nec
2232 5464 2415 5538 subigi
2441 5462 2744 5534 permissus
2769 5460 2931 5533 aquis
2957 5468 3216 5516 oneratur
3245 5459 3489 5531 iniquis:

1442 5630 1709 5688 GLOSSE
1763 5628 2184 5685 MARGINALES
2229 5625 2636 5683 MABILLONII.

438 5757 508 5793 ‘3“
534 5757 788 5815 Attalam.
879 5756 944 5792 ⁵³⁸
974 5757 1222 5814 Galliam.
1318 5759 1387 5794 ⁸³³
1417 5760 1649 5815 Eustasii
1733 5769 1791 5816 et
1837 5734 2048 5815 Attalus.
2125 5758 2194 5793 ¹ο³³
2224 5758 2418 5813 Attala.
2507 5756 2574 5790 ‘3‘
2596 5754 2898 5811 desiderio.
2984 5754 3052 5788 ⁸³³
3086 5751 3408 5809 Bcrtulfum.
3487 5752 3559 5787 ⁴³⁶
3591 5769 3727 5810 con-

367 5846 543 5888 cessa.
631 5828 748 5883 ‘37s
767 5828 1058 5900 discipulis
1083 5829 1306 5886 relictus
1414 5832 1482 5867 ⁸³⁸
1509 5848 1541 5886 a
1568 5832 1773 5896 Petro.,
1839 5830 1908 5865 ⁴³⁰
1938 5831 2113 5887 audit.
2182 5828 2252 5864 “0
2271 5830 2391 5884 scil.
2426 5826 2699 5885 sanitatis.
