3902 6408
172 387 279 443 885

173 520 350 591 Sylva:
380 517 734 589 ponderibus
757 517 961 572 missus
984 517 1249 588 visusque
1286 517 1554 589 sepultus,

175 610 478 667 Incolumis
506 609 683 666 ﬂuvio
718 610 899 685 surgit
929 609 1238 681 fratresque
1272 610 1460 666 revisit

173 706 485 780 Sacrilegos
511 705 622 761 cita
648 722 817 777 pcnna
843 704 968 761 ferit
993 705 1288 780 plagisque
1319 707 1578 762 subactos

174 796 439 853 Afﬁciens
462 797 664 853 variis:
698 796 987 851 oculorum
1020 796 1123 850 hos
1152 796 1361 850 lumine
1399 796 1593 868 privat,

177 886 406 960 Ignibus
436 887 540 942 hos
562 886 694 951 urit,
727 900 1020 940 nervorum
1051 885 1153 940 hos
1178 885 1412 939 nexibus
1442 886 1627 957 angit:

176 973 419 1038 Quorum
445 981 568 1045 post
589 973 838 1045 patribus
866 972 1091 1045 quidam
1124 973 1495 1029 Bobiensibus
1515 975 1646 1041 acti,

174 1063 474 1119 Tormenta
506 1062 780 1138 effugiunt
802 1063 1082 1136 lacrymis,
1110 1064 1204 1119 alii
1237 1064 1439 1135 probra
1466 1065 1643 1135 pomis

176 1157 478 1215 Exsolvunt
502 1159 719 1215 meritis
750 1159 1117 1231 inhibentque
1138 1158 1355 1231 piacula
1383 1158 1589 1233 ﬂagris.

879 382 1152 439 8ΑΝΟΤᾹΞ
1191 384 1545 440 MATHILDIS
1587 387 1852 442 REGlN/E
1891 388 2061 444 VlTA.
2104 419 2171 430 ——
2214 388 2489 444 OBSERV.
2535 387 2821 442 PII/EVM".

3422 392 3529 449 886

1835 528 1880 591 Α
1911 520 2005 576 Hic
2033 520 2217 575 socius
2246 520 2525 592 quondam
2559 519 2848 591 Leupardo
2879 519 3046 575 frater
3074 521 3363 577 adhaerens

1912 609 2047 664 Dum
2080 609 2249 679 patris
2277 608 2510 680 imperio
2541 608 2718 664 vineae
2744 609 3054 664 munimina
3079 609 3318 667 densant

1910 702 2080 763 Quam
2112 698 2269 753 multi
2295 697 2489 767 juncto
2520 704 2808 769 nequeunt
2836 697 3067 753 attolere
3100 698 3248 767 nisu,

1912 794 2135 849 Arboris
2160 794 2350 848 armati
2377 792 2581 864 pietate
2613 793 2789 847 tulere
2817 792 3153 847 columnam.

1913 886 2083 956 Hujus
2115 885 2385 955 Leupardi
2412 885 2611 939 vetitos
2636 884 2924 957 vulpecula
2949 884 3120 955 jussis

1911 980 2197 1033 Attentans
2226 976 2454 1033 sorbere
2484 977 2673 1032 botros
2698 983 2863 1048 atque
2881 992 2977 1031 ore
3011 976 3211 1047 petitos

1911 1067 2076 1123 Morte
2107 1074 2378 1137 sequente
2408 1072 2606 1120 tenens
2632 1064 2835 1135 promit
2872 1062 3196 1119 discrimine
3226 1064 3457 1122 crimen.

1646 1288 1855 1343 CAPUT
1908 1287 2064 1341 XXII.

935 1394 1014 1453 De
1040 1393 1428 1454 Baudacaria
1455 1400 1510 1452 et
1538 1394 1767 1452 caeteris
1797 1390 2159 1467 quibusdam
2190 1390 2416 1448 sanctis
2451 1389 2787 1473 monachis.

246 1528 494 1585 Bertulfo
524 1529 896 1584 Baudacarius
914 1531 1237 1585 moderante
1265 1537 1500 1585 statutus

172 1618 354 1674 Vincti
382 1624 533 1673 tutor
556 1618 787 1689 capiens
807 1619 1079 1673 solamine
1101 1620 1299 1674 missos

171 1708 313 1762 Dum
347 1708 508 1778 panis
531 1725 763 1779 parvum
795 1709 946 1780 quod
976 1708 1480 1780 adestanatemque
1511 1709 1801 1763 ministrat.

169 1796 280 1851 Ter
310 1798 489 1853 denos
503 1798 725 1854 modico
753 1814 953 1873 magna
982 1799 1079 1854 sed
1112 1806 1299 1854 mente
1329 1807 1519 1869 paratu

172 1887 504 1942 Exhilarans
530 1887 727 1943 fratres
755 1887 995 1958 dapibus
1021 1904 1245 1961 quoque
1272 1889 1482 1944 ditibus
1510 1890 1712 1961 explet.

174 1979 272 2033 His
300 1978 453 2036 rutili
487 1979 657 2034 radiis
697 1990 941 2050 patrum,
975 1981 1176 2051 pietate
1207 1982 1421 2035 corusci

167 2072 406 2126 Athletae
436 2071 680 2126 subeunt
708 2072 919 2127 alacres
948 2072 1095 2127 dicto
1135 2073 1354 2146 agmine
1386 2074 1587 2128 coelum

169 2167 420 2228 Quorum
449 2170 637 2218 mente
669 2162 853 2217 nitens
881 2162 1038 2217 hilari
1074 2162 1383 2218 Tedoaldus
1410 2172 1463 2218 et
1494 2165 1606 2219 imo

170 2252 313 2306 Dum
356 2251 586 2306 recubat
615 2238 786 2328 strato
814 2251 1062 2307 coelestia
1092 2260 1279 2307 mente
1310 2269 1611 2327 peragrans

168 2341 417 2396 Advocat
448 2349 614 2413 atque
654 2342 774 2396 vale
805 2340 1015 2397 faciens
1043 2342 1169 2397 laeto
1199 2358 1294 2398 ore
1326 2343 1546 2399 sodales

166 2436 488 2508 Alloquitur
525 2436 687 2502 lenis,
719 2453 979 2508 suprema
1008 2438 1206 2494 viatica
1236 2439 1414 2510 poscit

169 2528 362 2600 Seque
382 2534 583 2584 notans
603 2529 835 2600 pulchro
852 2539 1158 2585 extremum
1189 2539 1349 2586 ornat
1365 2532 1612 2587 carmine
1636 2531 1801 2588 finem

170 2612 572 2694 Incipiensque
601 2624 797 2689 melos,
826 2625 1103 2679 scandens
1132 2625 1332 2680 virtute
1364 2626 1506 2681 beati

170 2719 427 2774 Culmina
456 2720 747 2785 virtutum,
776 2720 1075 2793 divumque
1101 2720 1383 2776 videbitur
1412 2724 1585 2788 altor;

166 2812 293 2867 Jam
318 2812 464 2866 Deus
485 2811 542 2865 in
574 2811 707 2867 Sion
728 2812 892 2867 claris
910 2813 1149 2867 animam
1182 2813 1374 2868 inserit
1403 2815 1583 2869 astris.

169 2903 544 2978 Sicagibodus
582 2903 678 2958 ubi
710 2904 982 2975 promptis
1001 2903 1102 2958 sub
1136 2905 1385 2976 patribus
1414 2907 1582 2961 altum

165 2994 529 3049 Consectatus
566 2993 673 3048 iter
695 3009 866 3064 purus
895 3003 1218 3049 mansuetus
1248 3004 1303 3049 et
1332 3003 1485 3051 artus

164 3082 358 3138 Munia
379 3082 612 3154 parendi
640 3084 783 3138 votis
810 3090 1109 3154 pertractat
1137 3084 1332 3139 amicis

165 3173 305 3226 Dum
334 3170 483 3241 jacet
505 3180 751 3227 extremo
770 3173 1005 3227 ductans
1035 3172 1339 3243 spiramina
1370 3174 1514 3241 nisu,

164 3259 453 3331 Conspicit
477 3261 722 3317 tetbereo
751 3261 923 3317 solem
967 3261 1181 3334 fulgore
1222 3262 1514 3317 micantem

162 3355 240 3407 Ac
265 3352 441 3408 nostri
457 3352 645 3407 radios
670 3353 857 3408 Phaabi
894 3353 1193 3424 splendore
1225 3353 1559 3427 nigrantem,

164 3441 458 3499 C(elicolas
495 3449 679 3497 astare
704 3442 872 3511 viros,
900 3442 1219 3514 miransque
1259 3443 1444 3499 doceri

1911 1526 2169 1581 Protinus
2199 1526 2348 1581 hunc
2376 1542 2499 1581 sese
2531 1526 2847 1582 subiturum
2880 1526 3121 1583 ineunda
3152 1529 3384 1584 nitorem

1912 1618 2155 1673 Calibus
2182 1618 2512 1689 mquandum
2543 1618 2854 1690 meruitque
2884 1619 3131 1674 ediscere
3161 1620 3324 1675 celsis

1914 1707 1974 1760 Et
2003 1722 2174 1772 super
2215 1707 2355 1761 hanc
2384 1706 2565 1761 lucem
2596 1707 2763 1762 sociis
2794 1707 3029 1762 renitere
3069 1709 3350 1772 coruscis;

1907 1801 1972 1855 At
1994 1801 2183 1855 redeat
2210 1817 2597 1873 summumque
2628 1802 2747 1856 vale
2780 1802 3145 1873 praesentibus
3170 1804 3317 1865 edat.

1910 1893 2021 1947 Nec
2037 1907 2190 1947 mora
2215 1893 2539 1966 regrediens
2564 1893 2760 1949 turmis
2786 1894 3031 1949 societur
3059 1895 3314 1950 ammnis.

1908 1985 2185 2039 Fratribus
2216 1984 2461 2040 attonitis
2492 1985 2716 2040 rediens
2747 1986 2955 2041 monita
2984 1986 3185 2041 extima
3216 1988 3454 2059 supplet.

1904 2077 2029 2130 Visa
2061 2083 2251 2149 rogata
2291 2076 2475 2142 refert,
2508 2084 2736 2148 accepta
2768 2078 3035 2133 levamina
3059 2080 3279 2148 promit,

1905 2169 2128 2239 Mystica
2157 2185 2312 2223 sacra
2343 2169 2508 2240 capit,
2542 2170 2698 2225 nexis
2721 2170 2824 2226 fert
2846 2172 3031 2227 oscula
3063 2172 3246 2227 charis

1904 2261 2115 2316 Funere
2143 2262 2323 2315 curari
2350 2262 2485 2331 petit
2510 2277 2575 2316 ac
2604 2261 2851 2317 cmlestia
2878 2263 3117 2330 scandit,

1904 2350 2187 2422 Felicique
2217 2351 2373 2407 obitu
2400 2353 2633 2427 vestigia
2661 2353 2806 2408 clara
2840 2354 3125 2427 relinquit,

1904 2443 2213 2497 Ostendens
2230 2443 2465 2498 similem
2488 2452 2728 2500 sectatos
2759 2446 2967 2501 lumine
2993 2447 3186 2502 callem

1904 2534 2189 2603 Perpetua!
2219 2532 2385 2586 simili
2427 2534 2566 2588 lucis
2605 2534 2900 2604 splendore
2932 2536 3104 2592 beari.

1903 2623 2125 2689 Omnes,
2157 2622 2212 2676 hi
2247 2630 2427 2693 patres
2456 2625 2666 2678 cmlesti
2692 2641 2828 2696 pace
2858 2626 3111 2681 cluentes

1904 2714 2141 2778 Quorum
2176 2712 2499 2789 magniﬁcos
2530 2716 2658 2771 licet
2688 2715 2796 2770 ima
2828 2717 2991 2771 laude
3024 2717 3332 2788 triumphos

1904 2809 2297 2881 Prosequimur
2324 2809 2411 2865 vel
2439 2811 2534 2881 qui
2557 2811 2763 2881 pariter
2789 2812 3045 2867 lzetantur
3084 2814 3137 2867 in
3169 2814 3342 2868 mthra

1903 2901 2197 2955 Obtineant
2222 2901 2394 2957 nostri
2424 2902 2701 2957 laxamina
2717 2913 2868 2958 certa
2896 2913 3098 2971 reatus,

1903 2994 2155 3048 Divinum
2188 2994 2314 3048 vitae
2354 2994 2627 3069 regimen,
2662 3012 2987 3067 morumque
3016 2997 3258 3066 piamen,

1903 3080 2144 3137 Crimina
2172 3082 2343 3137 vitare
2370 3098 2434 3137 ac
2458 3083 2712 3153 lacrymis
2740 3084 2979 3138 admissa
3011 3085 3213 3150 levare,

1824 3154 1873 3222 C
1901 3173 2234 3228 Fructiferos
2266 3174 2446 3229 luctus
2475 3176 2685 3247 gemitu
2713 3175 2998 3246 quatiente
3022 3176 3199 3244 litare,

1904 3266 2172 3320 Sordibus
2210 3274 2270 3321 ut
2300 3267 2490 3321 mundi
2523 3268 2824 3322 reddamur
2852 3268 3061 3323 lumine
3082 3269 3236 3336 clari,

1904 3358 2147 3415 C(etibus
2176 3359 2401 3431 aptandi
2433 3360 2653 3431 superis
2688 3359 2811 3416 sine
2842 3360 2953 3415 fine
2983 3361 3129 3417 beati

1904 3447 2142 3503 Cernere
2172 3446 2475 3503 salvilicum
2502 3448 2654 3524 digni
2688 3464 2788 3520 per
2817 3450 3020 3505 saecula
3051 3450 3225 3507 vultu.

1715 3634 2002 3711 Εωριὶοἰε.

594 3767 888 3844 Sequitur
916 3768 985 3827 in
1015 3768 1210 3827 codice
1238 3765 1611 3844 epitaphium
1644 3767 1986 3843 Flodoardi,
2019 3768 2180 3846 quod
2207 3771 2275 3829 in
2307 3768 2617 3827 Prommiis
2634 3767 2772 3844 jam
2806 3764 3105 3824 dedimus.

165 3966 3510 3993 Mm”

3300 3986 3507 3993 ν-η-υ

3332 4116 3355 4133 ο

1355 4142 1532 4189 ANNO
1586 4140 1834 4187 DOMINI
1886 4141 2337 4188 DCCCCLXVIII.

294 4286 1094 4450 SANCTA
1224 4280 2497 4440 MAHTHILDIS
2621 4284 3394 4440 REGINA

1652 4564 2018 4574 ...-

985 4692 1258 4793 VlTA
1380 4685 1887 4787 SANCTA

1891 4685 1928 4784 ἰ
2041 4687 2726 4789 MATHILDlS
2819 4713 2834 4723 ‘

662 4889 838 4961 (Apud
880 4888 1072 4955 Psa'rz,
1115 4888 1463 4942 Monumenta
1502 4885 1799 4940 Germania;
1837 4885 2115 4951 historica,
2157 4883 2358 4956 Script.
2403 4891 2534 4940 tom.
2582 4884 2667 4951 IV,
2711 4900 2834 4956 pag.
2879 4884 3029 4953 282.)

1050 5210 2035 5301 OBSERVATIONES
2108 5210 2637 5299 PRIEVLE.

232 5423 491 5501 Egregiis
522 5420 765 5484 feminis,
798 5421 1001 5493 quibus
1031 5418 1319 5477 Ludolﬁna
1348 5418 1557 5475 familia
1595 5419 1797 5475 saeculo

159 5534 308 5575 nono
339 5519 642 5583 claruerat,
682 5515 886 5570 saeculo
940 5514 1162 5571 decimo
1216 5512 1515 5580 Mathildis,
1557 5512 1795 5568 Heinrici

161 5611 304 5682 regis
375 5607 604 5676 conjux,
683 5612 849 5678 atque
919 5606 1136 5661 Ottonis
1199 5605 1244 5674 I,
1299 5605 1538 5660 Heiurici
1616 5604 1795 5671 ducis,

163 5700 442 5757 Brunonis
486 5696 918 5770 archiepiscopi,
954 5696 1250 5772 Cerberng
1290 5696 1516 5771 reginae,
1562 5696 1800 5754 Hathwi-

229 5832 306 5901 (ι)
328 5830 427 5897 ιιι,
460 5828 549 5884 74.

1898 5420 1984 5475 dis
2030 5420 2266 5476 ducissae
2314 5426 2507 5482 mater,
2557 5420 2809 5487 accessit,
2868 5418 3031 5491 Cujus
3080 5420 3340 5476 virtutum
3380 5421 3524 5478 fama

1900 5510 2021 5582 ipsa
2076 5510 2374 5580 superstite
2432 5509 2539 5565 late
2606 5508 2943 5582 percrebuit,
2992 5510 3047 5564 in
3097 5510 3254 5566 obitu
3308 5511 3430 5582 ejus
3496 5528 3528 5567 a

1900 5602 2235 5659 Widukindo
2284 5602 2561 5658 celebrata
2590 5610 2673 5658 est
2726 5603 2821 5673 (1),
2873 5611 2929 5657 et
2960 5609 3081 5674 post
3121 5603 3265 5658 inter
3305 5602 3448 5660 ﬁlios
3477 5612 3533 5660 et

1902 5702 2156 5767 nepotes,
2198 5694 2254 5750 in
2292 5694 2566 5751 coenobiis
2603 5694 2672 5751 ab
2704 5695 2824 5767 ipsa
2868 5694 3117 5751 fundatis
3159 5696 3532 5763 Quedlinbur-
