3902 6402
1464 362 1735 417 8ΑΝοΤᾹΞ
1775 361 2127 416 MATHlLDlS

381 369 483 427 887
1464 362 1735 417 SANCT/E
1775 361 2127 416 MATHlLDlS
2186 360 2447 414 ΗΕΟΙΝᾸΞ
2489 359 2656 413 νιτι.

3634 363 3744 417 888

381 498 538 573 gensi
587 498 688 570 (2),
729 494 1116 559 Northusensi,
1167 493 1457 547 Poledensi
1512 498 1568 547 et
1616 490 2002 567 Angerinensi,
2035 495 2081 561 Α
2110 489 2180 543 ab
2212 505 2279 545 eo
2326 490 2382 544 in
2414 505 2529 544 rem
2560 504 2714 544 suam
2765 504 2978 555 versus,
3027 490 3233 545 saeculo
3286 506 3360 545 xu
3392 489 3622 546 ineunte
3673 492 3744 546 ab

382 591 439 645 in
469 588 689 661 scriptis
717 594 771 642 et
799 584 1067 639 memoria
1099 583 1383 638 hominum
1423 581 1620 653 viguit,
1663 582 1841 636 donec
1883 589 2008 635 tan-
2113 582 2436 637 Ekkehardo
2484 583 2683 636 abbate
2715 581 3040 656 Uraugiensi
3099 582 3153 637 in
3186 584 3581 653 compendium
3602 652 3615 663 1
3644 601 3741 639 re-

383 681 508 735 dem
530 676 956 752 quadragesimo
984 673 1341 743 circiterpost
1362 672 1576 755 obitum
1601 671 1721 739 ejus
1744 670 2006 740 anno(3),
2111 674 2303 728 dactus
2361 674 2496 743 (13),
2556 682 2612 728 et
2668 672 2832 744 paulo
2882 679 3008 744 post
3058 673 3129 727 ab
3180 674 3465 730 Annalista
3518 664 3743 732 Saxone

378 770 535 839 jussu
578 765 796 822 llenriei
831 766 875 819 ll
917 764 1082 837 regis,
1143 761 1465 833 pronepotis
1495 761 1641 829 ejus,
1702 760 1818 815 Vita
1843 775 2007 830 quam
2109 764 2415 833 exscriptus
2465 764 2590 832 (14).
2642 762 2848 817 saeculo
2878 778 3010 818 vero
3042 780 3109 817 xv
3154 763 3380 819 ineunte
3413 764 3659 821 Colonia
3685 766 3742 819 in

386 858 475 912 hic
504 855 865 928 proponimus
894 852 1209 923 conscripta
1248 859 1351 905 est.
1398 852 1601 906 Auctor
1631 848 1867 904 clericus
1915 858 2010 904 aut
2112 852 2448 907 monasteria
2496 852 2549 905 8.
2586 851 2941 906 Pantaleonis
2974 851 3193 925 integer
3226 853 3594 924 transcriptus
3638 862 3746 908 est.

387 947 690 1003 monachus
711 961 775 998 ex
794 958 1024 997 numero
1046 958 1238 996 eorum
1258 941 1351 1012 qui
1374 941 1601 1013 ingenio
1622 946 1679 994 et
1711 940 2006 1010 sapientia,
2110 943 2226 1008 Quo
2257 944 2445 998 saeculi
2480 959 2547 996 xv
2576 942 2771 997 codice
2801 958 2999 997 omnes
3024 959 3148 1014 quae
3177 944 3506 1014 prodierunt
3532 944 3748 999 editio-

385 1038 501 1109 regi
533 1032 924 1096 commendati,
966 1032 1085 1100 ejus
1117 1031 1490 1086 familiaritate
1542 1029 1885 1095 fruebantur,
1919 1028 2014 1097 qui
2116 1053 2214 1091 nes
2245 1036 2727 1091 Bollandianorum
2769 1036 2895 1103 (15),
2941 1035 3194 1091 Leibnitii
3247 1037 3379 1105 (l6),
3415 1038 3602 1092 Erathi
3640 1039 3746 1109 (17)

390 1138 573 1182 tamen
622 1139 825 1177 nomen
857 1138 1017 1175 suum
1065 1122 1234 1175 latere
1273 1121 1447 1175 voluit
1489 1120 1579 1188 (4),
1621 1119 1842 1189 scriptis
1873 1118 2016 1172 anti-

2164 1146 2170 1180 .
2202 1135 2408 1192 nostra,
2431 1126 2702 1181 nituntur.
2739 1126 3000 1181 Servatur
3027 1126 3192 1181 hodie

384 1214 676 1288 quioribus
718 1214 786 1284 (ὅ)
839 1219 893 1266 et
934 1211 1343 1265 narrationibus
1381 1209 1737 1263 familiarium
1784 1208 2013 1283 reginae,

387 1308 616 1363 fortasse
663 1304 992 1377 Richburgm
1033 1302 1325 1356 abbatissae
1373 1300 1806 1363 Nordltuncnsis,
1849 1298 2011 1354 inniti

386 1401 641 1464 videtur;
693 1405 842 1453 certe
874 1414 1054 1452 rerum
1084 1412 1221 1468 quas
1262 1403 1447 1450 narrat
1480 1396 1622 1449 bene
1653 1410 1857 1466 gnarus
1889 1393 2012 1460 fuit,

387 1489 516 1545 licet
556 1487 824 1543 nonnulla
864 1485 1047 1539 minus
1087 1493 1234 1540 recta
1259 1484 1329 1538 de
1369 1484 1553 1539 duello
1588 1484 1659 1554 (6)
1692 1481 2014 1537 Widukindi

388 1600 511 1640 cum
548 1581 737 1636 Carolo
767 1579 860 1643 M.,
895 1578 964 1633 de
993 1578 1266 1648 baptismo
1309 1577 1628 1631 Widukindi
1665 1593 1764 1647 per
1797 1576 2016 1631 Bonifa-

387 1674 535 1729 cium
566 1668 1044 1739 archiepiscOpum
1078 1669 1178 1738 (7),
1201 1668 1270 1720 de
1292 1668 1503 1721 incerto
1529 1666 1692 1721 modo
1718 1666 2019 1721 successio.

2188 1217 2241 1288 1)
2288 1215 2557 1271 Bruxellis
2615 1215 2668 1268 in
2719 1215 2855 1269 bibl.
2903 1214 3055 1288 regia
3096 1214 3442 1287 Burgondica
3490 1218 3752 1272 numeris

2116 1304 2389 1359 329—5“
2438 1304 2692 1374 insignis,
2724 1303 2871 1357 binis
2908 1304 3184 1358 columnis
3224 1305 3453 1375 pulchre
3506 1306 3753 1377 scriptus

2116 1405 2171 1451 et
2201 1396 2292 1451 hic
2331 1396 2445 1451 illic
2491 1396 2546 1449 in
2580 1396 2825 1469 margine
2873 1395 3102 1467 picturis
3147 1406 3393 1451 ornatus.
3443 1398 3673 1453 Librum
3723 1416 3754 1454 a

2118 1490 2460 1543 Bethmanno
2503 1488 2556 1542 in
2597 1505 2757 1543 usum
2798 1495 3045 1543 nostrum
3077 1504 3295 1544 versum
3338 1490 3623 1563 integrum
3657 1507 3753 1545 ex-

2119 1580 2441 1651 pressimus,
2475 1587 2719 1635 correcta
2750 1586 2962 1635 tantum
3012 1581 3202 1636 sweuli
3248 1599 3315 1636 xv
3348 1584 3753 1656 orthographia

2122 1680 2172 1725 et
2205 1670 2511 1725 emendatis
2542 1670 2677 1725 locis
2691 1670 2920 1741 aliquot.
2947 1671 3059 1735 Qua
3092 1671 3146 1723 in
3172 1687 3229 1725 re
3251 1671 3503 1728 subsidio
3529 1674 3756 1727 fuerunt

388 1762 478 1815 nis
509 1757 724 1813 llenrici
758 1757 800 1824 1,
829 1756 1131 1811 narraverit
1156 1759 1254 1824 (8),
1282 1755 1411 1822 imo,
1447 1757 1500 1810 in
1523 1755 1591 1810 iis
1622 1772 1745 1827 quae
1776 1765 2020 1811 extrema
2053 1793 2101 1859 Β
2197 1760 2251 1826 22)
2288 1759 2593 1813 Ekkeliardi
2629 1759 2983 1834 Uraugiensis
3012 1761 3405 1830 compendium
3437 1762 3574 1817 Vitae
3609 1763 3758 1816 Mah-

391 1854 668 1910 Matliildis
717 1859 965 1922 tempora
1022 1851 1323 1924 attingunt,
1384 1851 1774 1925 Berengarium
1830 1867 2016 1923 regem

394 1945 647 1999 lleinrico
682 1942 808 1997 duci
854 1941 1167 1997 Mahthildae
1199 1940 1315 1996 ﬁlio
1358 1942 1635 2012 captivum
1667 1942 2020 1996 commissum

392 2040 488 2108 (9),
521 2045 575 2091 ct
606 2037 859 2090 Ottonem
900 2035 965 2101 ll,
992 2050 1102 2089 una
1141 2049 1264 2088 cum
1292 2041 1447 2104 patre
1494 2034 1550 2088 in
1592 2034 1801 2089 Italiam
1842 2034 2025 2105 profe-

392 2135 539 2183 ctum
564 2142 688 2181 esse
712 2123 1072 2196 (10),scribat.
1115 2126 1243 2189 Quae
1273 2129 1456 2177 tamen
1490 2140 1601 2179 non
1628 2123 1850 2180 obstant
1888 2124 2021 2196 quin

393 2217 601 2275 auctori
634 2216 688 2271 in
738 2216 1053 2271 universum
1105 2214 1271 2270 fidem
1325 2216 1645 2284 habeamus,
1685 2224 1741 2271 et
1790 2216 2026 2286 plurima

393 2314 531 2369 alias
558 2313 746 2388 ignota
784 2310 851 2365 de
884 2311 993 2366 vita
1023 2319 1078 2366 et
1110 2309 1324 2365 actibus
1364 2309 1588 2381 optimm
1628 2309 1855 2384 reginae,
1886 2309 2027 2366 filio-

396 2424 516 2463 rum
550 2415 605 2462 et
636 2414 901 2477 nepotum
932 2405 1073 2474 ejus,
1114 2421 1217 2461 nos
1259 2405 1446 2461 doceri
1477 2405 1820 2480 gratulemur
1868 2405 2029 2460 Liber

396 2500 455 2555 in
483 2516 643 2554 usum
685 2498 928 2553 lleinrici
958 2498 1003 2552 ll
1043 2497 1303 2568 scriptus,
1345 2500 1583 2569 proaviae
1615 2498 1736 2567 ejus
1776 2498 2026 2565 virtutes,

398 2592 604 2664 quibus
653 2602 872 2647 sanctos
931 2590 1249 2661 aequaverit,
1310 2590 1576 2653 celebrat,
1626 2590 1725 2644 sed
1782 2606 2027 2649 errorem

397 2688 592 2744 matris
648 2686 822 2741 ﬁlium
882 2686 1198 2741 Heinricum
1259 2684 1444 2740 Ottoni
1503 2684 1850 2756 praeferentis
1914 2701 2027 2742 non

399 2791 616 2839 reticet.
669 2812 721 2822 —
752 2783 971 2845 Auctor,
1024 2779 1279 2851 quisquis
1322 2779 1414 2845 sit,
1448 2787 1640 2850 poetas
1692 2780 2028 2848 Latinorum,

399 2870 681 2944 praecipue
725 2868 1013 2941 Virgilium
1066 2866 1222 2941 legit,
1252 2874 1308 2922 et
1347 2868 1618 2939 poeticam
1664 2884 1861 2923 venam
1901 2884 2028 2925 ora-

401 2966 576 3031 tione,
608 2961 763 3032 cujus
811 2961 1061 3016 membra
1086 2960 1342 3031 rhythmo
1383 2968 1439 3015 et
1468 2974 1606 3015 sono
1635 2960 1740 3015 sibi
1792 2977 2031 3031 respon-

399 3054 555 3119 dent,
584 3051 825 3108 ostendit
875 3051 1003 3120 (11).
1036 3049 1146 3105 Hoc
1198 3057 1253 3104 et
1298 3048 1420 3103 aliis
1459 3049 1839 3119 compluribus
1871 3052 2032 3120 hujus

2128 1852 2317 1905 tliildis
2348 1852 2577 1925 reginae,
2612 1852 2807 1906 iisdem
2838 1869 2984 1923 saepe
3017 1852 3198 1906 verbis
3226 1869 3291 1907 ex
3315 1864 3502 1909 nostra
3527 1861 3757 1910 contra-

2123 1949 2291 2007 ctum,
2321 1941 2420 1994 scd
2450 1941 2740 1995 sententiis
2770 1958 2919 2012 saepe
2943 1942 3063 1996 loco
3083 1958 3184 1996 suo
3213 1943 3398 2007 motis,
3430 1960 3607 2014 quare
3642 1945 3757 1997 loca

2128 2033 2393 2086 nonnulla
2440 2047 2562 2103 quae
2618 2031 2674 2084 in
2733 2031 3069 2086 Bruxellensi
3105 2032 3382 2087 excidisse
3418 2032 3756 2088 videbantur

2126 2126 2271 2181 haud
2325 2134 2444 2183 tuto
2502 2134 2556 2181 et
2611 2127 2937 2181 Ekkehardo
2995 2128 3212 2182 restitux
3267 2143 3431 2198 posse
3481 2128 3755 2196 judicavi.

2128 2223 2266 2277 Usus
2312 2239 2431 2277 sum
2499 2230 2682 2277 tamen
2734 2222 3020 2277 codicibus
3075 2222 3759 2295 Vaticano—Guelferbyta-

2129 2328 2199 2367 no
2262 2313 2369 2382 (18)
2419 2328 2545 2367 saae.
2636 2328 2732 2378 xu,
2780 2311 2938 2379 cujus
3011 2311 3297 2377 lectiones,
3369 2319 3644 2383 quantum
3705 2314 3756 2367 in

2130 2408 2396 2478 particula
2485 2408 2673 2478 aperis
2753 2407 3181 2479 Guelferbytana
3281 2410 3582 2475 habentur,
3649 2410 3754 2481 jam

2130 2497 2435 2551 Leibnitius
2492 2504 2531 2554 t.
2593 2497 2684 2559 lll,
2726 2497 2831 2553 655
2876 2514 3025 2568 sqq.,
3084 2499 3404 2567 protulerat,
3438 2499 3759 2553 Wircebur-

2129 2590 2286 2663 gensi
2340 2590 2451 2659 (19)
2482 2606 2611 2644 saec.
2650 2607 2745 2654 xu,
2786 2589 3404 2665 claustreneoburgensi
3440 2608 3472 2646 a
3521 2593 3586 2647 D.
3627 2592 3756 2648 Gol-

2130 2682 2314 2735 dhann
2362 2682 2694 2752 transcripto
2744 2681 2879 2751 {20).
2932 2681 3082 2736 Alios
3124 2682 3373 2750 ejusdem
3434 2688 3755 2756 compendii

2130 2778 2352 2833 codices
2397 2778 2753 2833 Monacenses
2782 2793 2905 2832 sazc.
2940 2793 3012 2830 xu
3045 2784 3099 2831 et
3130 2793 3220 2844 xv,
3252 2786 3453 2834 sanctae
3490 2784 3679 2837 crucis
3710 2784 3756 2836 in

2130 2870 2336 2924 austria
2392 2885 2520 2923 saac.
2582 2885 2677 2935 xu,
2745 2874 2801 2923 et
2853 2867 3331 2940 Humburgensem
3404 2870 3756 2927 chartaceum

2132 2961 2186 3015 in
2211 2960 2523 3015 Annalibus
2552 2958 2758 3013 nostris
2785 2958 3036 3013 recensui
3067 2958 3196 3025 (21).

2205 3053 2259 3119 3)
2300 3051 2478 3106 Codex
2521 3049 2706 3122 regius
2758 3048 3084 3103 Parisiensis
3122 3047 3266 3102 inter
3295 3047 3469 3103 libros
3496 3050 3562 3103 S.
3621 3052 3756 3106 Ger-

398 3149 501 3205 aeii
533 3146 897 3218 scriptoribus
930 3145 1218 3209 usitatum,
1249 3143 1395 3215 apud
1443 3151 1691 3198 nostrum
1741 3154 1920 3200 tamen
1952 3146 2026 3200 ita
2052 3204 2094 3221 η
2127 3143 2275 3206 mini
2334 3141 2458 3208 410,
2512 3139 2678 3203 mbr.,
2724 3154 2849 3192 saec.
2915 3154 3016 3207 xu,
3081 3137 3426 3193 Annalistam
3488 3138 3758 3194 Saxonem

401 3204 683 3309 praavalei,
736 3243 795 3291 ut
840 3250 984 3305 pene
1036 3204 1215 3289 totum,
1256 3204 1377 3301 ejus
1415 3248 1555 3304 opus
1612 3232 1667 3287 in
1718 3235 2023 3290 sententias
2048 3204 2097 3268 (ί
2131 3204 2453 3300 exhibens,
2484 3231 2643 3299 cujus
2686 3237 2883 3295 textus,
2931 3204 3193 3299 quantum
3227 3245 3291 3284 ex
3338 3229 3458 3284 Vita
3506 3228 3762 3284 Mahthil-

400 3330 654 3385 versibus
692 3328 901 3383 similes
929 3326 1157 3382 dissolvi
1191 3326 1388 3397 possit,
1432 3326 1581 3398 quod
1613 3342 1644 3381 a
1677 3325 1755 3381 Cl.
1789 3327 2032 3383 Fuerste-

400 3438 566 3477 mann
597 3421 653 3475 in
684 3418 1154 3477 commentatione
1183 3419 1251 3473 de
1282 3419 1397 3473 Vita
1438 3418 1762 3474 Mahthildis
1790 3436 1842 3474 a.
1877 3419 2035 3487 1838,

401 3514 550 3569 edita
588 3512 842 3583 exemplo
881 3512 1341 3576 demonstratum,
1400 3527 1429 3565 a
1480 3510 1679 3581 quovis
1718 3511 1923 3567 lectore
1978 3512 2034 3566 in

403 3606 596 3679 quavis
634 3604 758 3660 libri
809 3612 960 3675 parte
992 3604 1066 3658 ita
1116 3620 1235 3657 esse
1266 3602 1424 3659 facile
1474 3603 1830 3678 intelligetur.
1878 3605 2031 3670 Quod

403 3706 513 3754 uta
538 3714 690 3753 more
715 3698 1084 3752 Romanorum
1100 3696 1365 3763 alienum,
1392 3695 1467 3751 ita
1489 3703 1544 3750 et
1572 3695 1871 3771 singularis
1894 3713 2028 3751 usus

402 3792 551 3846 vocis
597 3792 970 3852 nihilominus,
1022 3805 1144 3861 quae
1196 3787 1339 3859 apud
1397 3795 1644 3843 nostrum
1686 3790 1827 3844 nihil
1855 3792 2035 3845 minus

403 3897 567 3951 quam
598 3877 894 3956 significat.
927 3894 957 3932 a
995 3876 1145 3933 bona
1178 3876 1470 3931 Latinitate
1500 3876 1781 3932 abhorret.

477 3972 637 4026 Liber
688 3970 870 4026 statim
912 3977 971 4025 ut
1012 3969 1219 4042 prodiit
1266 3968 1575 4025 Tliietmaro
1620 3970 1724 4039 (12)
1779 3980 1940 4025 notus
1983 3978 2081 4039 et,

480 4150 543 4215 (‘2)
583 4147 660 4202 Cf.
698 4147 936 4201 Annales
967 4146 1534 4219 Quedlinburgenses,
1568 4164 1598 4201 a
1651 4148 1775 4203 936.

478 4222 545 4288 (3)
578 4220 810 4292 Scripsit
848 4219 994 4273 enim
1033 4227 1223 4272 auctor
1254 4218 1508 4292 lleinrico
1534 4234 1683 4292 rege,
1710 4220 1876 4290 igitur
1905 4231 2031 4290 post

406 4307 611 4346 annum
663 4289 818 4356 1002,
852 4297 906 4345 et
944 4297 1070 4343 ante
1109 4305 1314 4343 annum
1350 4289 1509 4351 10l2.
1547 4289 1657 4361 quo
1685 4289 2032 4347 Thietmarus

407 4364 525 4417 Vita
541 4371 729 4417 nostra
753 4363 868 4430 jam
904 4377 1035 4415 usus
1061 4367 1161 4415 est.

480 4435 550 4504 (i)
587 4434 846 4507 Ruotgcri
880 4433 1056 4487 Vitam
1097 4431 1372 4487 Brunonis
1417 4431 1638 4486 novisse
1698 4433 1947 4498 videtur;
1979 4451 2031 4488 v.

408 4523 456 4561 c.
497 4508 583 4561 30.

482 4579 538 4645 (5
569 4575 975 4642 Godehardum,
1000 4574 1255 4629 abbatem
1287 4581 1419 4630 tunc
1441 4573 1814 4642 Altahensem,
1839 4574 2031 4640 fuisse,

409 4649 567 4717 cujus
635 4648 949 4702 interventu
1032 4646 1317 4701 Heinricus
1374 4664 1421 4702 a.
1486 4645 1621 4702 1017
1694 4648 2033 4702 monasterio

409 4716 772 4776 Nordliusano
816 4718 999 4773 villam
1061 4718 1253 4773 Gamin
1307 4716 1671 4773 confirmavit.
1732 4718 1790 4772 V.
1846 4718 1921 4773 Cl.
1973 4720 2008 4773 Ε

410 4792 470 4847 G.
509 4789 1212 4863 Foerstemanugymnasii
1237 4790 1609 4863 ‘Nordhusani
1656 4796 1945 4863 conrector
1977 4791 2033 4846 in

411 4862 873 4934 commentatione
904 4861 972 4934 de
1005 4861 1121 4934 Vita
1152 4861 1465 4934 Mahthildis
1495 4876 1545 4914 a.
1580 4861 1638 4934 Ι).
1670 4861 1858 4934 ixlgal.
1889 4862 2030 4934 Aug.

411 4934 551 4988 1838
574 4934 722 4989 edita
753 4932 1091 5005 indigitavit;
1126 4933 1223 4986 sed
1255 4932 1552 5003 quominus
1582 4932 1703 5005 viro
1732 4931 1834 5005 illi,
1888 4931 2037 5005 litte-

414 5007 488 5060 ris
513 5006 703 5060 habitu
727 5014 782 5059 et
802 5002 1203 5059 consuetudine
1233 5002 1355 5057 cum
1381 5019 1510 5076 rege
1547 5002 1707 5076 e_t_rei
1730 5003 2033 5076 aptissimo,

412 5077 612 5131 librum
668 5076 1002 5145 adjudicem,
1052 5077 1232 5130 obstat
1279 5075 1427 5146 quod
1449 5073 1531 5127 Fet
1575 5073 2036 5146 VitarGodehardi

413 5164 478 5203 ea
516 5149 585 5203 de
616 5165 673 5203 re
708 5156 868 5211 tacet,
902 5154 956 5201 et
1000 5145 1312 5217 complures
1358 5146 1495 5201 alios
1548 5145 1797 5214 ejusdem
1831 5148 2032 5203 condi-

414 5219 582 5274 tionis
610 5220 756 5274 viros
784 5228 915 5274 tunc
952 5219 1226 5274 exstitisse
1254 5225 1486 5274 constat.

489 5292 559 5358 (6)
592 5291 707 5344 0.1.

485 5362 557 5429 (7)
591 5361 729 5415 Ibid.

482 5430 560 5498 (8)
585 5430 640 5485 C.
674 5432 727 5486 4.

479 5500 556 5573 ,(9)
591 5501 659 5573 ρ.
680 5502 769 5573 15.

487 5570 595 5639 (ιο)
630 5571 681 5626 c.
712 5572 805 5625 se.

486 5642 593 5713 (11)
625 5642 680 5696 Ε.
716 5659 769 5711 g.
807 5641 984 5711 capite
1014 5644 1084 5701 23
1119 5661 1131 5697 :

486 5716 612 5769 Cum
644 5717 826 5767 autem
855 5718 1198 5781 peragrasset
1238 5715 1482 5771 civitates
1513 5718 1768 5772 Samoniaa
1800 5720 2036 5784 regionis

410 5786 461 5835 ct
512 5799 741 5858 quaeque
797 5790 1100 5840 necessaria
1158 5785 1386 5850 singulis
1437 5789 1786 5857 impcndisset
1839 5806 2034 5845 mona-

1691 5863 1893 5924 steriis,

2141 3332 2229 3386 dis
2297 3326 2574 3382 derivatus
2638 3329 2744 3389 est,
2814 3337 2937 3377 cum
2998 3328 3185 3376 nostro
3251 3321 3317 3375 ad
3374 3321 3609 3376 verbum
3654 3320 3760 3376 fere

2140 3421 2422 3480 convenit.

2209 3514 2257 3581 4)
2289 3511 2491 3567 Ultimo
2521 3509 2642 3563 loco
2672 3504 2886 3561 codicis
2918 3502 3055 3578 regii
3102 3502 3470 3557 Bruxellensis
3508 3503 3577 3558 N.
3631 3502 3759 3558 3202

2134 3601 2336 3675 signati
2378 3597 2718 3652 mentionem
2770 3592 3027 3652 facimus,
3079 3590 3197 3661 qui,
3258 3591 3608 3645 Bethmanno
3650 3606 3761 3645 mo-

2132 3699 2320 3757 nente,
2353 3705 2418 3743 ex
2463 3685 2652 3742 codice
2686 3682 2984 3738 Carthusiaa
3036 3680 3385 3735 Coloniensis
3429 3681 3759 3752 descriptus,

2137 3802 2248 3841 uno
2278 3785 2462 3841 saeculi
2507 3800 2612 3837 xvu
2659 3781 2789 3836 folio
2822 3779 3037 3834 initium
3074 3784 3284 3832 tantum
3325 3777 3456 3831 Vita:
3512 3776 3763 3832 Mahthil-

2138 3878 2223 3932 dis
2272 3878 2542 3941 continet,
2577 3892 2643 3929 ex
2671 3880 2857 3928 nostra
2888 3872 2955 3926 ad
3002 3871 3227 3925 verbum
3260 3876 3608 3940 excerptum,
3665 3871 3761 3924 hoc

2140 3967 2367 4023 exordio
2395 3984 2407 4021 :
2443 3968 2647 4023 Sancta
2667 3964 2951 4020 Muthildis
2980 3964 3171 4029 regina
3191 3978 3258 4015 ea:
3283 3963 3567 4031 progenie,
3592 3968 3693 4016 etc.

2044 4155 2095 4222 [)
2124 4153 2317 4204 iterum
2343 4148 2834 4222 Northusuacnscm
2858 4145 3133 4198 civitatem
3163 4142 3327 4202 adiit,

2137 4237 2302 4291 quum
2334 4222 2561 4273 nimium
2592 4219 2812 4291 diluerit,

2136 4290 2194 4346 ut
2220 4292 2425 4345 rideret
2458 4290 2840 4351 Richburgam,

2135 4380 2298 4432 quam
2323 4377 2496 4430 nuper
2524 4362 2875 4415 constituerat
2910 4358 3261 4412 abbatissam.

2136 4438 2337 4491 Statim
2377 4438 2557 4487 autem
2587 4437 2645 4485 ut
2675 4432 2838 4492 rcuit,

2136 4508 2274 4560 hanc
2298 4506 2372 4558 ad
2402 4520 2456 4557 se
2480 4505 2665 4557 rocuri
2698 4503 2973 4571 preci-pit.

2210 4578 2320 4645 (r2)
2396 4577 2431 4636 ι.
2504 4576 2561 4628 11
2654 4570 2718 4627 es
2796 4588 2955 4642 capp.
3018 4570 3072 4637 6,
3142 4571 3220 4635 ιο,
3288 4571 3379 4633 17;
3437 4572 3497 4633 ιι,
3566 4574 3639 4627 :2.
3698 4589 3755 4623 ολ

2137 4665 2261 4718 cap.
2288 4648 2377 4701 ‘25.

2210 4713 2316 4788 (l3)
2373 4717 2518 4771 Fecit
2585 4720 2688 4770 hoc
2735 4715 2927 4788 eadem
2986 4713 3197 4768 ratione
3244 4730 3353 4788 qua
3406 4723 3463 4788 et
3513 4715 3756 4770 historias

2138 4786 2449 4871 élexaiulri,
2501 4788 2822 4871 Gothorum,
2858 4786 3211 4871 Francorum,
3260 4786 3752 4871 Langobardorum,

2139 4861 2415 4917 Saxonum
2452 4878 2516 4915 ex
2566 4859 2685 4913 Vita
2717 4856 3030 4919 Alexandri,
3063 4856 3319 4929 Jordani.
3363 4856 3543 4911 Gcstis
3577 4872 3749 4929 regum

2140 4934 2493 4989 Francorum.
2543 4930 2709 4984 Paulo
2743 4930 2981 4983 Diacouo
3020 4935 3072 4981 et
3103 4927 3440 4981 Widukindo
3473 4927 3752 4988 contraxit,

2139 5004 2365 5058 insertis
2406 5003 2617 5057 scilicet
2664 5002 2793 5055 Vita:
2826 5000 2989 5053 etiam
3025 4998 3092 5051 iis
3126 5016 3246 5069 quze
3278 5000 3423 5069 apud
3464 5000 3747 5054 Widukin-

2138 5076 2267 5129 dum
2314 5077 2380 5128 de
2440 5073 2738 5128 Mahtliilda
2790 5070 2981 5143 regina
3040 5070 3266 5144 legerat.
3331 5071 3386 5123 V.
3447 5072 3662 5126 Archiv.
3715 5077 3747 5121 ι.

2139 5148 2249 5202 Vll.
2285 5146 2587 5202 4813—193.

2139 5148 2249 5202 ΥΠ.
2285 5148 2587 5202 480-403.

2214 5219 2433 5285 (11)Αο
2474 5235 2502 5271 a
2533 5217 2657 5278 9n,
2698 5214 2822 5278 921,
2850 5214 2975 5280 936,
3009 5212 3134 5285 949,
3169 5212 3291 5266 968.

2211 5284 2315 5359 (15)
2347 5293 2475 5343 Acta
2504 5290 2597 5341 SS.
2631 5286 2785 5359 Mart.
2816 5286 2979 5359 Περ.
3012 5284 3116 5337 358

2214 5357 2320 5428 (16)
2344 5360 2435 5414 SS.
2470 5357 2766 5414 Brunswic.
2813 5358 2852 5417 Ι,
2892 5357 3010 5410 192.

2211 5426 2318 5535 (17)
2351 5430 2482 5487 Cod.
2512 5431 2645 5501 dipl.
2678 5428 3077 5535 Qucdlitiburg.
3112 5444 3145 5496 p
3196 5426 3306 5505 925
3337 5442 3461 5496 sqq.
3510 5498 3519 5507 ‘

2213 5505 2295 5535 ,ΑΩ
2376 5502 2448 5535 nn
2505 5518 2614 5535 nun
2672 5500 2832 5535 rotula
2899 5516 2951 5535 ιη
3058 5497 3315 5535 ηηαιιὴιιι
3353 5506 3519 5535 ηηαιιη

2139 5492 2449 5630 ωξὸξιρῐῖρ
2489 5492 2615 5579 quo
2672 5499 2833 5553 retuli
2899 5499 2954 5552 in
3012 5492 3316 5552 Knnalibus
3353 5492 3558 5553 nostris
3608 5507 3643 5551 t.
3693 5492 3743 5546 V.

2248 5606 2312 5617 ’-“’
2370 5596 2385 5627 )
2429 5616 2439 5628 ο

2213 5646 2312 5709 (19)
2351 5645 2488 5700 Ibid.
2525 5644 2637 5708 νη,
2661 5642 2762 5698 489

2214 5721 2302 5784 (2n
2336 5717 2473 5770 Ibid.

2210 5789 2318 5856 (21)
2346 5789 2402 5843 Τ.
2438 5788 2572 5853 Vlll,
2602 5786 2724 5848 487,
2761 5786 2863 5840 488
2893 5792 2947 5839 et
2976 5784 3039 5838 Vl
3064 5784 3187 5850 181,
3209 5784 3333 5839 239.
