3902 6402
1274 376 1546 431 8ΑΝοΤκΕ
1583 376 1940 433 MATHILDIS
1984 380 2247 435 REGINIE
2285 380 2453 436 VITA.

3430 382 3536 435 890

732 545 972 600 INCIPIT
1023 546 1363 601 PR:EFATIO
1415 547 1478 601 IN
1529 546 1733 602 VITAM
1782 547 2125 604 GLORIOSXE
2179 549 2446 603 REGlN/E
2500 550 2903 605 MAHTHII.DIS
2949 554 2984 605 '.

254 696 507 751 Heinrico
577 696 696 771 regi
726 713 959 751 summm
1022 697 1397 752 venerationis
1459 699 1809 770 dignissimo,
1834 708 1883 773 Α
1912 702 2222 755 manualem
2249 701 2519 757 neferatis
2558 703 2611 757 in
2668 705 2949 774 publicum
3008 706 3355 776 sapientibus
3386 707 3535 763 deri-

178 788 504 858 explanator
556 789 726 856 hujus
768 790 954 859 Operis
998 789 1157 844 vobis
1219 798 1440 861 exeptat
1472 791 1813 848 incrementa

178 884 552 954 spiritualium
619 884 993 949 carismatum,
1058 894 1357 957 augmenta
1416 887 1698 954 virtutum,
1759 897 1814 944 et

181 975 603 1047 prosperitatem
636 977 1025 1047 temporalium
1086 993 1292 1032 rerum.
1359 976 1489 1031 Cum
1530 979 1717 1034 multis
1744 981 1814 1035 sit

177 1071 372 1119 notum
413 1080 511 1119 vos
536 1064 768 1119 scientia
808 1065 1219 1137 disciplinaque
1248 1065 1446 1120 artium
1472 1065 1810 1121 diversarum

178 1158 495 1228 praeditum,
555 1159 791 1229 plurima
846 1160 1147 1235 perlegisse
1180 1161 1462 1216 volumina
1496 1170 1811 1217 sanctorum

179 1251 361 1304 Vitam
414 1252 630 1306 Patrum
663 1251 720 1305 in
769 1269 827 1306 se
868 1253 1235 1319 continentia,
1264 1269 1500 1324 quorum
1544 1256 1811 1325 exemplis

175 1350 368 1397 vestra
392 1344 727 1398 venerabilis
766 1346 1113 1400 conversatio
1135 1346 1280 1400 bene
1311 1353 1490 1417 potest
1520 1347 1804 1402 informari

174 1440 233 1485 et
256 1432 325 1485 ad
370 1432 566 1487 altiora
624 1435 922 1498 transvehi,
984 1451 1094 1488 non
1145 1435 1390 1489 minima}
1453 1446 1535 1489 est
1592 1436 1808 1491 virtutis

173 1537 279 1576 vos
335 1521 424 1591 pia
472 1530 777 1577 vestrorum
856 1523 1137 1595 inquirere
1186 1524 1326 1578 facta
1393 1525 1806 1594 precedentium

174 1616 641 1688 propinquorum,
703 1625 755 1671 et
784 1617 1019 1671 maxime
1070 1627 1263 1671 vestrm
1307 1632 1521 1685 proavae
1552 1616 1811 1671 Mahthil-

174 1707 268 1760 dis
309 1709 538 1763 illustris
588 1710 814 1782 reginae,
874 1710 1033 1775 cujus
1090 1710 1199 1763 vita
1256 1709 1435 1763 lucida
1471 1709 1667 1763 merito
1725 1716 1809 1763 est

178 1796 474 1863 imitanda,
507 1804 559 1851 et
589 1798 747 1867 cujus
769 1798 939 1852 virtus
968 1805 1116 1851 tanto
1135 1807 1216 1851 est
1248 1798 1597 1862 laudabilior,
1630 1814 1806 1868 quan~

178 1897 237 1943 to
267 1906 434 1944 sexus
479 1890 743 1964 fragilior.
795 1892 1003 1946 Gratias
1045 1892 1260 1965 agimus
1314 1900 1505 1945 vestrae
1552 1892 1802 1955 almitati,

172 1977 339 2031 vobis
384 1979 678 2047 placuisse,
721 1981 824 2035 huc
854 1997 996 2051 opus
1052 1999 1083 2034 ει
1145 1980 1304 2034 nobis
1336 1981 1570 2042 recitari,
1602 1989 1800 2035 nostrm

177 2069 477 2138 imperitize
528 2087 788 2143 magnum
855 2079 910 2126 et
972 2073 1136 2125 nimis
1189 2073 1622 2137 formidandum,
1678 2089 1801 2126 cum

173 2169 361 2217 vestro
395 2162 699 2218 dominatui
754 2164 985 2231 subjecti
1016 2165 1126 2219 sint
1160 2166 1452 2235 perplures
1499 2164 1721 2236 ingenio
1751 2171 1803 2217 et

166 2254 449 2323 sapientia
504 2256 665 2310 nobis
726 2256 1167 2321 excellentiorcs,
1214 2257 1308 2328 qui
1384 2257 1538 2310 radio
1598 2257 1801 2329 lingua:

169 2343 449 2412 profunda
498 2352 731 2413 possunt
782 2352 1091 2413 penetrare.
1142 2346 1308 2399 Vobis
1356 2346 1665 2416 imqerante
1700 2347 1805 2400 hoc

167 2449 317 2503 Opus
344 2434 618 2499 inchoari,
661 2433 1046 2488 diflicillimum
1103 2436 1393 2490 videbatur
1438 2443 1637 2488 nostra:
1677 2452 1802 2504 par-

166 2526 325 2579 vitati
387 2544 402 2590 ;
456 2527 553 2581 sed
614 2528 1059 2597 praésumptionis
1111 2536 1256 2582 esset
1305 2528 1554 2582 maximze
1613 2537 1797 2582 vestro

168 2614 411 2684 imperio
440 2630 540 2669 nos
564 2616 842 2671 resistere.
891 2618 1247 2688 Implevimus
1294 2618 1521 2688 quidem
1555 2624 1798 2670 vestrum

166 2711 510 2774 pneceptum
572 2706 715 2760 ultra
782 2708 1004 2761 modum
1053 2716 1362 2761 nostrarum
1402 2708 1601 2761 virium
1639 2725 1652 2771 ;
1690 2722 1798 2761 non

167 2804 358 2848 autem
388 2794 729 2859 dubitamus,
758 2796 1067 2851 invidorum
1108 2798 1287 2851 studia
1315 2796 1505 2863 affore,
1539 2798 1630 2868 qui
1650 2796 1799 2868 quod

168 2886 407 2940 fecimus
453 2887 685 2956 cupiunt
748 2889 1177 2959 reprehendere.
1223 2889 1394 2963 Igitur
1420 2890 1798 2953 obsecramus,

171 2996 267 3032 rex
315 2980 583 3053 gloriose,
636 2987 710 3045 et,
743 2981 788 3034 si
848 2979 929 3035 fas
960 2991 1043 3035 est
1074 2981 1281 3046 dicere,
1321 2980 1665 3045 dulcissime,
1690 2996 1802 3034 non

173 3073 507 3128 temeritatis
534 3074 783 3138 audacia,
828 3076 925 3129 sed
983 3076 1332 3130 necessitatis
1362 3091 1526 3129 causa
1563 3074 1800 3128 :librum

1914 793 2181 857 dendum,
2210 793 2529 865 priusquam
2597 804 2775 851 vestra
2808 797 3004 867 peritia
3033 800 3369 869 persenserit
3401 802 3533 872 quid

1914 892 2109 939 vestra'
2154 885 2344 955 pietati
2396 886 2450 939 in
2503 903 2569 941 eo
2611 888 2979 959 displicuerit,
3014 897 3068 944 et
3103 891 3215 945 haec
3235 892 3538 947 clementer

1915 979 2259 1051 corrigantur
2284 996 2405 1049 qum
2432 987 2625 1036 vestrae
2653 982 2939 1051 sapientiae
2985 998 3095 1037 non
3129 992 3274 1038 recta
3306 985 3538 1040 videan-

1916 1071 2018 1118 tur.
2065 1065 2298 1137 Dignum
2359 1076 2441 1120 est
2495 1068 2641 1122 enim
2691 1079 2750 1122 ut
2806 1070 2898 1140 qui
2960 1070 3125 1140 hujus
3183 1070 3421 1125 dictatus
3452 1081 3536 1125 est

1917 1165 2242 1227 prarceptor,
2276 1158 2349 1213 sit
2385 1160 2549 1214 etiam
2606 1160 2935 1217 emendator
2976 1170 3030 1215 et
3060 1161 3321 1217 defensor
3351 1182 3367 1225 ;
3393 1180 3462 1217 ne
3502 1180 3534 1218 a

1916 1250 2119 1304 nobis’
2169 1251 2499 1322 insipienter
2554 1253 2722 1319 edita,
2784 1254 3097 1309 invidorum
3154 1254 3535 1323 perfodiantur

1912 1340 2118 1412 lingua.
2152 1340 2375 1395 Habetis
2429 1342 2652 1413 quidem
2719 1343 2773 1396 in
2804 1344 2909 1397 hoc
2949 1344 3229 1398 volumine
3258 1358 3531 1414 perpauca

1909 1434 2218 1482 vestrorum
2246 1429 2387 1484 facta
2415 1438 2651 1500 patrum,
2700 1446 2762 1485 ex
2816 1432 3019 1503 quibus
3077 1433 3304 1502 potestis
3346 1433 3533 1487 dicere

1912 1517 2045 1586 quid
2087 1533 2251 1590 agere
2304 1519 2507 1589 quidve
2573 1518 2731 1573 vobis
2775 1520 3034 1590 expediat
3086 1521 3277 1575 vitare.
3340 1520 3536 1575 Rector

1912 1608 2078 1663 totius
2126 1609 2339 1674 mundi,
2405 1610 2497 1681 qui
2556 1610 2771 1665 illorum
2828 1612 2996 1666 corda
3056 1612 3534 1679 visitando,justa

1910 1698 2505 1768 concessitagnoscere
2528 1706 2582 1752 et
2638 1698 2905 1769 operibus
2932 1700 3182 1770 ivnplera,
3234 1700 3353 1770 ipse
3372 1700 3532 1755 vobis

1908 1787 2175 1840 concedat
2204 1803 2325 1857 qua:
2345 1797 2488 1841 recta
2546 1799 2674 1842 sunt
2712 1804 2877 1856 agere
2907 1796 2962 1842 et
2996 1790 3133 1843 alios
3176 1789 3244 1843 ad
3278 1790 3396 1844 hzec
3426 1790 3527 1843 ad-

1908 1890 2154 1939 monere,
2179 1884 2234 1928 et
2256 1876 2398 1929 virili
2461 1875 2782 1931 fortitudine
2840 1892 2937 1931 vos
2965 1877 3167 1944 injusta
3191 1877 3445 1951 refugere
3473 1888 3528 1933 et

1903 1968 2026 2021 aliis
2071 1968 2369 2037 prohibere
2427 1985 2442 2033 ;
2486 1968 2691 2023 tribuat
2738 1968 2895 2023 vobis
2944 1969 3304 2024 invictissima
3352 1987 3522 2038 arma,

1906 2063 2112 2133 quibus
2156 2071 2466 2117 vestrorum
2524 2063 2874 2118 inimicorum
2940 2072 3233 2136 superetur
3294 2066 3523 2120 saavitia.

1907 2152 2082 2221 Ipsius
2104 2151 2266 2205 etiam
2293 2151 2469 2223 gratia
2513 2151 2670 2205 vobis
2700 2152 2769 2206 sit
2810 2151 3006 2206 fautrix
3046 2153 3202 2206 firma
3237 2160 3292 2207 et
3338 2168 3525 2208 comes

1904 2240 2146 2302 assidua,
2173 2247 2226 2293 et
2258 2240 2419 2293 faciat
2438 2256 2537 2294 vos
2559 2241 2870 2309 exemplum
2902 2250 2956 2295 et
3001 2240 3231 2295 formam
3269 2242 3525 2309 justitiw,

1904 2333 1972 2385 ad
1994 2333 2411 2403 gubernandam
2460 2333 2807 2405 fideliterque
2842 2334 3136 2407 regendam
3180 2334 3475 2388 Ecclesiam
3513 2352 3527 2398 ;

1904 2432 1963 2476 ut
1991 2422 2305 2492 speculator
2341 2422 2580 2477 idoneus
2601 2422 2849 2489 effectus,
2908 2423 3027 2476 sitis
3059 2422 3243 2496 magni
3285 2422 3526 2485 consilii,

1902 2517 2187 2571 industriae
2214 2524 2269 2571 et
2296 2516 2625 2587 disciplina).
2658 2517 2925 2571 Dominus
2949 2516 3067 2571 vias
3096 2523 3304 2571 vestras
3332 2531 3528 2570 omnes

1902 2610 1976 2665 ita
2032 2612 2306 2682 disponat,
2365 2620 2425 2665 ut
2473 2610 2529 2664 in
2584 2610 2848 2665 omnibus
2903 2610 3025 2678 ejus
3078 2610 3352 2664 mandatis
3406 2610 3527 2665 sine

1904 2701 2340 2771 reprehensione
2364 2700 2578 2761 vivatis,
2613 2706 2666 2754 et
2696 2699 2765 2752 ad
2792 2699 3042 2753 bravium
3073 2715 3331 2769 supernae
3356 2714 3523 2753 voca-

1906 2793 2073 2848 tionis
2103 2793 2469 2863 perveniatis,
2514 2792 2703 2863 ibique
2752 2807 3013 2847 coronam
3066 2791 3290 2860 justitize
3366 2796 3529 2862 atque

1905 2888 2211 2942 cwlestium
2298 2889 2678 2942 thesaurorum
2736 2887 2996 2941 donativa
3076 2887 3417 2957 percipiatis.
3472 2887 3526 2941 Si

1905 2980 2163 3051 cuiquam
2213 2980 2269 3033 in
2318 2980 2424 3035 hoc
2444 2979 2711 3050 Opusculo
2742 2978 2873 3050 quid
2907 2978 3195 3049 placuerit,
3229 2962 3532 3050 laus'prie—

1906 3072 2150 3143 ceptoris
2176 3071 2301 3125 erit.

923 3261 1220 3317 EXPLICIT
1262 3262 1604 3317 ΡΒᾹΞΡΛΤΙΟ
1646 3262 1711 3315 ΙΝ
1752 3259 1993 3315 VITAM8
2035 3254 2445 3311 MAHTHII.DIS

1262 3262 1604 3317 ΡΒᾹΞΡΛΤΙΟ
1646 3262 1711 3315 IN
1752 3259 1993 3315 νιτΑΜδ
2035 3254 2445 3311 MAHTHILDIS
2489 3252 2770 3309 HEGIN/E.

1568 3446 2114 3535 INCIPIT

496 3649 1097 3758 LAUDABILIS
1187 3647 1414 3753 VITA
1505 3647 1998 3753 GLORIOSIE
2096 3642 2466 3750 REGlN/E
2552 3637 3189 3777 MAHTHILDIS.

236 3892 431 3961 1(An.
483 3889 610 3955 912)
664 3890 1027 3961 Temporibus
1068 3890 1325 3957 Conradi,
1371 3892 1517 3963 regis
1565 3891 2130 3964 Franco~Ctractare
2172 3894 2451 3959 parentes,
2507 3893 2567 3940 ut
2624 3884 2701 3937 illi
2774 3882 3177 3952 dcsponsarent
3232 3880 3525 3954 virginem,

160 3997 285 4035 rum
342 3979 594 4054 gloriosi,
656 3979 834 4034 extitit
905 3980 964 4033 in
1031 3980 1281 4050 partibus
1340 3979 1642 4034 Germaniae
1686 3980 1794 4034 dux

155 4071 393 4143 quidam
426 4071 550 4125 Otto
580 4070 827 4133 nomine,
886 4072 1173 4126 honestate
1223 4087 1434 4126 morum
1468 4071 1795 4142 perspicuus

154 4171 213 4215 et
248 4161 304 4214 in
336 4160 709 4215 decernendis
757 4161 919 4213 rebus
967 4160 1250 4230 providus,
1294 4160 1476 4214 clarus
1499 4160 1792 4217 nobilitate

154 4249 387 4324 generis
426 4255 482 4302 et
534 4248 777 4303 famosus
830 4248 1101 4303 bellorum
1141 4248 1456 4319 triumphis.
1528 4248 1643 4303 Cui.
1685 4248 1792 4303 Ila-

157 4344 392 4410 thuwic,
425 4350 675 4398 matrona
712 4342 1064 4407 venerabilis,
1121 4341 1398 4413 conjugali
1430 4341 1793 4411 copulabatur

160 4433 409 4489 vinculo.
444 4433 657 4497 Quibus
684 4434 793 4489 duo
852 4433 1225 4508 gignebantur
1256 4431 1377 4497 lilii,
1415 4431 1575 4486 herili
1616 4430 1792 4487 forma

158 4526 412 4582 decorati
445 4543 460 4592 ;
494 4534 550 4581 et
574 4526 725 4596 ipsos
756 4542 971 4581 summa
1022 4525 1338 4580 nutriebant
1365 4524 1675 4598 diligentia,
1716 4524 1795 4579 uti

159 4618 429 4693 exigebat
514 4618 817 4673 nobilitatis
914 4617 1363 4675 honorificentia.
1432 4617 1604 4685 Major
1667 4623 1797 4671 natu

155 4708 469 4764 vocabatur
496 4708 890 4770 Thaucmarus,
923 4715 977 4762 et
1005 4708 1145 4762 alter
1177 4706 1483 4761 Ileinricus.
1519 4706 1569 4758 Is
1598 4720 1800 4775 quam-

155 4801 243 4855 vis
275 4808 426 4855 esset
472 4800 683 4867 junior,
729 4800 1005 4871 probitate
1050 4815 1266 4855 morum
1308 4808 1492 4855 tamen
1547 4795 1806 4853 elucebat

156 4892 343 4957 altior,
378 4901 434 4945 et
464 4890 534 4944 ab
560 4891 720 4945 annis
742 4891 1406 4962 pucrilibusﬁntendebat
1436 4891 1601 4947 bonis
1618 4891 1801 4962 operi-

156 4984 285 5049 bus,
311 4998 558 5053 sequens
586 4983 911 5038 humilitatis
959 4985 1214 5056 vestigia,
1254 4985 1457 5056 quibus
1482 4986 1791 5040 certissime

154 5073 486 5143 pervenitur
522 5074 590 5127 ad
616 5075 878 5130 virtutum
932 5075 1175 5130 culmina
1201 5077 1242 5129 ⁴.
1277 5076 1478 5131 Omnes
1509 5092 1633 5130 cum
1657 5076 1787 5147 qui-

156 5166 263 5220 bus
293 5173 415 5220 erat
446 5166 593 5220 haud
622 5166 805 5222 minus
832 5185 996 5240 quam
1029 5184 1087 5222 se
1111 5169 1287 5239 ipsum
1314 5168 1581 5242 diligebat
1613 5170 1786 5236 ;nulli

156 5277 218 5314 se
265 5259 530 5330 przetulit,
575 5276 676 5315 nec
729 5277 827 5331 per
878 5261 985 5315 vim
1015 5261 1259 5333 aliquem
1306 5262 1600 5333 Oppressit.
1646 5262 1789 5317 Puer

157 5366 289 5405 vero
321 5350 480 5403 mira:
511 5349 771 5405 claritatis
799 5367 862 5406 ac
889 5352 1140 5407 amanda:
1170 5352 1375 5408 indolis
1403 5370 1525 5409 cum
1562 5354 1785 5429 attigis-

156 5447 242 5494 set
274 5439 545 5496 ﬂorentes
591 5455 766 5497 annos
804 5442 1135 5510 juventutis,
1186 5452 1478 5515 coeperunt
1533 5445 1676 5500 inter
1727 5462 1787 5501 se

1900 3999 2106 4059 genere
2134 3980 2238 4035 sibi
2298 3995 2406 4033 non
2457 3976 2795 4042 inferiorem,
2845 3981 2900 4030 et
2942 3974 3099 4044 cujus
3131 3989 3249 4028 mos
3278 3972 3528 4027 liberalis

1898 4075 2159 4146 praeclaro
2208 4071 2400 4143 juveni
2444 4077 2593 4124 esset
2642 4067 2961 4139 persimilis.
3017 4064 3245 4119 Interim
3305 4064 3524 4118 illorum

1895 4162 2147 4234 pervenit
2200 4161 2266 4215 ad
2343 4176 2524 4225 aures,
2613 4159 2669 4212 in
2741 4156 2996 4212 emnobio
3061 4152 3524 4208 lierivordinense

1896 4254 2175 4327 egregiam
2231 4252 2508 4323 hospitare
2554 4251 2815 4322 puellam,
2868 4247 3091 4303 nomine
3143 4244 3520 4309 Mahthildam,

1894 4364 2101 4421 genere
2160 4346 2424 4411 nobilem,
2483 4344 2673 4415 specie
2722 4339 3113 4412 exeptabilem,
3155 4344 3228 4390 ~et
3273 4335 3524 4391 moribus

1896 4436 2186 4498 illustrem,
2221 4440 2279 4488 ut
2325 4450 2449 4489 cum
2502 4449 2600 4488 ava
2629 4447 2729 4485 sua
2772 4429 3051 4484 abbatissa
3100 4425 3339 4481 disceret
3370 4424 3519 4495 psal-

1897 4526 2196 4582 modialem
2223 4526 2424 4580 librum
2461 4534 2516 4579 et
2568 4523 2869 4577 industrias
2913 4535 3161 4591 eperum.
3198 4518 3324 4571 Haec
3354 4516 3517 4570 etiam

1901 4620 2053 4691 virgo
2086 4618 2248 4673 traxit
2271 4616 2554 4691 egregium
2587 4610 3139 4690 genusavenerabili
3184 4608 3302 4663 viro
3359 4607 3524 4662 Witi-

1901 4715 2050 4777 kino,
2086 4712 2178 4784 qui
2209 4712 2266 4767 in
2290 4710 2618 4767 occidentali
2664 4708 2890 4781 regione
2941 4706 3050 4761 dux
3109 4703 3288 4758 fuerat
3311 4700 3522 4772 glorio-

1903 4821 1996 4859 sus
2044 4802 2245 4873 opibus
2307 4802 2524 4871 pollens
2587 4805 2642 4853 et
2715 4796 3003 4869 dignitatis
3056 4795 3265 4848 honore
3314 4790 3519 4844 multos

1904 4896 2246 4967 praecellens.
2270 4895 2410 4949 Proh
2432 4895 2453 4927 ⁵
2482 4893 2642 4947 dolor
2674 4890 2686 4943 l
2713 4891 2808 4945 sed
2827 4904 3013 4943 errore
3038 4892 3232 4955 captus
3251 4881 3519 4937 adorabat

1897 4990 2043 5043 idola
2069 5004 2236 5043 manu
2262 4983 2534 5040 artificum
2577 4983 2736 5046 facta,
2788 4979 3173 5046 Christumque
3199 4970 3515 5029 colentibus

1890 5079 2073 5133 varios
2102 5078 2389 5150 ingerebat
2418 5074 2714 5135 cruciatus,
2765 5069 2893 5142 quia
2920 5069 3153 5122 deerant
3184 5061 3513 5134 prmdicato-

1890 5184 1979 5222 res
2005 5168 2101 5239 qui
2135 5168 2407 5222 Christum
2463 5164 2847 5236 praedicarent,
2895 5156 3207 5213 incredulos
3237 5153 3306 5209 ad
3337 5151 3503 5206 fidem

1891 5267 2294 5317 converterent.
2325 5260 2432 5313 Rex
2463 5272 2594 5313 vero
2610 5254 2855 5318 Karolus,
2901 5251 2984 5307 vir
3005 5245 3507 5304 Christianissimus

1891 5360 1945 5405 et
1974 5367 2105 5421 erga
2134 5349 2230 5404 Dei
2254 5349 2495 5404 cultores
2524 5343 2840 5409 benivolus,
2861 5334 3512 5409 tunctemporistenebat

1892 5459 2071 5498 arcem
2106 5441 2469 5514 principatus.
2505 5440 2639 5495 Cum
2670 5436 2872 5507 autemj
2903 5431 3117 5507 praefati
3168 5430 3329 5487 ducis
3356 5443 3513 5485 com-

1514 5577 1734 5631 VARI/E
1766 5575 2142 5632 LECTIONES.

228 5702 242 5734 ¹
274 5698 564 5776 mathildis
619 5703 667 5756 1.
726 5705 931 5776 sedfr;
987 5709 1251 5775 excerptis
1318 5706 1634 5761 Ekkehurdi
1680 5707 2031 5772 Uraugiensis
2060 5704 2254 5776 saeculo
2292 5701 2385 5776 ΧΠ
2418 5703 2630 5776 ineunte
2660 5699 2893 5776 scriptis"
2909 5710 3117 5776 semper
3145 5691 3426 5776 qntiquior
3457 5690 3508 5741 et

150 5780 393 5839 genuina
419 5774 605 5839 forma
642 5774 962 5830 mahthildis
989 5766 1246 5832 usitaiur.
1284 5778 1303 5810 ³
1333 5780 1406 5832 ito
1436 5778 1614 5833 Erath
1643 5776 1802 5832 vobis
1831 5766 1892 5831 ἰ.
1938 5776 1961 5828 -Ι
1996 5778 2024 5828 ?
2051 5775 2073 5808 ³
2106 5774 2170 5833 in.
2191 5792 2241 5828 v.
2271 5774 2465 5828 desunt
2492 5773 2513 5826 1
2580 5772 2600 5805 ⁵
2631 5786 2677 5826 c.
2708 5766 2846 5824 v.71.
2877 5770 2898 5803 ⁵
2930 5767 3125 5838 proch.
3159 5766 3211 5818 1.
