3902 6404
353 356 450 409 891

1421 362 1694 417 SANCT/E
1732 361 2098 417 MATHILDIS
2141 360 2408 417 ΒΕΟΙΝΑΞ
2445 359 2615 414 νιΤΑ.

3599 351 3711 407 89!

354 478 592 549 perisset
618 480 1084 551 incredulitatem,
1135 484 1366 541 nimium
1420 486 1619 554 doluit,
1660 494 1719 542 et
1747 503 1979 559 congre-
2004 490 2057 561 Α
2082 487 2321 558 puellam
2347 484 2698 542 nutriendam
2719 482 3025 563 suscipere.
3058 480 3321 538 Parentes
3344 486 3530 534 autem
3560 476 3712 531 illius

354 587 493 644 gans
514 587 733 627 omnem
774 591 935 629 suum
987 577 1311 641 exercitum,
1372 579 1494 634 iniit
1544 579 1748 634 bellum
1781 588 1972 635 contra

355 658 594 713 eundem
622 660 964 727 Witikinum,
1010 680 1174 719 causa
1222 666 1591 723 defendendae
1647 668 1774 723 fidei
1808 677 1863 724 et
1882 686 1972 724 er-

356 755 568 843 rantem
596 748 663 802 ad
692 748 882 805 salutis
937 752 1078 807 viam
1129 756 1509 811 convertendi.
1571 758 1819 830 Cumque
1842 773 1973 814 con-

354 838 709 892 venissentet
747 838 839 893 diu
858 840 1002 895 inter
1030 858 1088 897 se
1118 852 1395 899 certarent
1423 847 1711 902 amborum
1741 847 1967 913 milites,

354 932 408 980 et
434 942 499 981 ex
521 938 753 1001 utraque
808 942 961 1003 parte
997 935 1109 1003 jam
1146 935 1449 993 deficerent
1482 940 1766 1012 pugnandi
1806 940 1969 1007 vires,

356 1021 563 1092 placuit
595 1025 960 1096 principibus,
1008 1039 1069 1085 ut
1121 1047 1213 1086 rex
1243 1048 1368 1088 cum
1399 1034 1667 1090 Witikino
1698 1035 1974 1091 conferret

354 1130 569 1180 manus,
602 1124 656 1171 et
687 1118 773 1173 cui
806 1118 1051 1177 Christus
1117 1124 1405 1182 victoriam
1464 1128 1818 1192 concederet,
1853 1129 1973 1199 ipse

357 1221 479 1259 cum
506 1213 617 1262 toto
645 1211 892 1266 exercitu
936 1229 1038 1268 suo
1065 1222 1344 1287 regnaret.
1391 1216 1493 1281 Qui
1548 1220 1859 1290 congressi,
1888 1220 1982 1275 diu

355 1297 702 1370 multumque
746 1300 1023 1359 instabant
1052 1305 1200 1361 bello
1243 1308 1442 1364 robore
1475 1311 1815 1367 colluctanti.
1843 1311 1987 1366 Tan-

356 1384 480 1439 dem
515 1388 799 1459 Dominus,
828 1391 1074 1450 lacrimis
1128 1396 1562 1455 Christianorum
1592 1400 1861 1470 pulsatus,
1887 1417 1986 1456 suo

357 1476 614 1535 bellatori
667 1482 738 1537 de
796 1484 955 1540 hoste
1009 1486 1349 1560 triumphum
1409 1492 1707 1558 concessit,
1754 1492 1895 1547 fides
1933 1509 1994 1559 ιιι

366 1571 587 1627 meruit.

435 1662 486 1718 2.
508 1668 583 1720 Dc
595 1672 931 1725 conversione
950 1672 1206 1729 Witikini
1215 1676 1390 1731 ducis.
1405 1676 1577 1744 Tunc,
1596 1679 1705 1734 Deo
1722 1678 1989 1746 donante,

366 1755 658 1813 Witikinus
690 1762 922 1830 projecit
946 1781 1098 1820 arma
1116 1767 1457 1838 perfidiane
1490 1769 1723 1841 arripuit
1774 1781 1987 1825 scutum

2072 576 2491 639 consentientes
2549 571 2804 644 petitioni
2864 570 3179 635 abbatissae,
3225 567 3451 622 sibimet
3476 565 3544 619 ad
3579 579 3712 634 pro-

2071 669 2375 728 curandum
2407 663 2895 726 commendabant,
2946 667 3005 716 ut
3057 660 3206 715 illam
3265 659 3493 713 doceret
3521 669 3711 709 sacras

2072 763 2342 819 lectiones
2380 767 2435 813 et
2462 771 2726 811 manuum
2750 753 3126 825 operationes.

2144 854 2196 907 3.
2230 856 2306 907 De
2326 850 2739 925 desppnsatt'one
2795 844 3119 900 Mahthildis
3203 840 3391 896 Puella
3426 839 3598 914 igitur
3629 836 3717 891 in-

2050 944 2247 1017 'signis
2276 943 2475 996 mirum
2508 940 2565 994 in
2597 938 2822 994 modum
2854 933 3180 1008 proficiebat
3211 934 3265 988 in
3304 930 3716 987 cunctisatatc

2073 1040 2287 1099 tenera,
2339 1028 2618 1101 probitate
2669 1025 2987 1101 grandaeva,
3038 1038 3211 1093 capax
3242 1021 3298 1075 in
3329 1019 3517 1074 studio
3541 1017 3717 1072 disci-

2076 1129 2244 1200 plinae
2290 1124 2544 1181 litteralis
2592 1130 2649 1178 et
2699 1136 2932 1192 operum
2991 1115 3302 1195 industriis.
3357 1114 3492 1169 Cum
3524 1120 3716 1167 autem

2086 1218 2294 1288 ubique
2343 1213 2725 1287 divulgaretur
2777 1209 2949 1262 virtus
3013 1206 3161 1261 illius
3200 1201 3521 1267 laudabilis,
3548 1200 3716 1255 etiam

2090 1310 2344 1382 pervenit
2374 1308 2441 1363 ad
2472 1322 2634 1362 aures
2665 1304 2910 1377 praeclari
2944 1300 3102 1357 ducis
3131 1298 3366 1364 Ottonis,
3399 1296 3494 1369 qui
3528 1296 3719 1351 statim

2090 1400 2238 1454 misit
2265 1414 2426 1453 suum
2459 1396 2716 1451 comitem
2771 1392 3143 1447 Thietmarum
3170 1389 3288 1443 haec
3316 1387 3387 1442 ad
3417 1387 3721 1458 exploran-

2092 1491 2221 1545 dum
2247 1500 2353 1553 (an.
2382 1487 2529 1557 909).
2567 1485 2662 1540 lllc
2708 1499 2863 1547 vero,
2908 1488 3186 1554 praecepto
3217 1478 3375 1534 ducis
3421 1476 3719 1537 obediens,

2093 1580 2163 1635 ad
2215 1594 2382 1650 supra
2438 1582 2803 1630 memoratum
2855 1569 3175 1627 coenobium
3228 1568 3333 1623 iter
3388 1564 3726 1621 acceleravit

2095 1673 2318 1740 ardens,
2359 1680 2413 1727 et
2464 1669 2645 1725 statim
2696 1666 2892 1721 adiens
2966 1663 3283 1719 cubiculum
3344 1666 3723 1714 matronarum

2093 1767 2275 1822 eidem
2309 1763 2506 1836 puella:
2529 1763 2686 1831 jussu
2718 1758 3013 1815 abbatissae
3041 1753 3407 1819 serventium,
3447 1767 3513 1805 ac
3542 1749 3725 1805 admi-

362 1849 492 1947 hdei
526 1850 867 1952 Christianae,
927 1872 1071 1952 novo
1125 1859 1345 1915 fervens
1413 1863 1617 1929 studio,
1658 1864 1797 1918 sacri
1821 1862 1990 1919 fontis
2017 1823 2067 1892 Β
2094 1862 2278 1917 niculo
2309 1858 2648 1915 earumclam
2681 1854 3008 1911 seinferens
3031 1848 3392 1914 monasterio,
3418 1846 3725 1919 diligenter

365 1955 420 2036 in
445 1947 706 2041 mysterio
742 1952 999 2041 veterem
1032 1948 1315 2005 hominem
1372 1952 1655 2022 deponere
1690 1960 1744 2009 et
1785 1968 1987 2008 novum
2090 1950 2372 2023 perspexit
2423 1949 2656 2003 formam
2710 1943 2940 2019 virginis
2994 1940 3230 1996 herilem
3262 1947 3317 1992 et
3344 1937 3483 1991 mire
3526 1935 3724 1990 lauda-

367 2044 422 2080 ¹η
446 2027 660 2132 Chii"?
686 2032 939 2132 ξηάυθΐθ-
970 2037 1137 2132 Quem
1160 2056 1262 2132 rex
1296 2041 1795 2097 Christianissimus
1834 2042 1991 2097 beni-
2091 2043 2281 2099 bilem.
2314 2041 2485 2117 lgitur
2509 2038 2673 2094 tacite
2704 2032 3049 2107 investigatis
3070 2040 3126 2086 et
3147 2038 3309 2085 caute
3345 2025 3724 2083 consideratis

363 2136 826 2222 gne‘suscipiens,
857 2128 1212 2222 avenerabili
1242 2132 1506 2205 episc0po
1553 2133 1832 2190 Bonifacio
1863 2150 1990 2189 eum
2093 2134 2356 2192 omnibus
2398 2148 2521 2203 qua)
2572 2127 2946 2192 desiderabat,
2994 2122 3221 2179 domino
3270 2136 3371 2176 suo
3421 2117 3731 2189 reportavit

365 2210 629 2315 ξηρίίξδτί
693 2217 976 2287 Ρΐεεϐθρίι,
1023 2219 1254 2292 ipseque
1304 2223 1456 2277 illum
1505 2225 1574 2279 de
1626 2240 1783 2280 sacro
1847 2224 1993 2280 fonte
2096 2227 2284 2284 hilaris
2311 2235 2507 2281 cuncta
2555 2238 2678 2295 quae
2730 2220 2961 2275 viderat.
3022 2217 3119 2271 Die
3156 2229 3286 2269 vero
3336 2211 3598 2283 sequenti
3626 2210 3730 2264 dux

370 2303 681 2372 levavit;et
709 2325 808 2378 per
863 2315 1406 2387 consanguinitatem
1464 2317 1595 2373 fidei
1641 2329 1831 2391 postea
1873 2319 1996 2375 fue-
2097 2318 2220 2374 Otto
2248 2314 2526 2387 disposuit
2554 2313 2637 2367 ire
2692 2325 2852 2365 suum
2902 2306 3078 2361 tilium
3135 2302 3450 2358 Heinricum
3481 2299 3556 2354 ad
3588 2314 3731 2369 prae-

372 2405 499 2450 runt
549 2401 853 2501 concordes
905 2406 1084 2501 amici.
1131 2407 1429 2465 Witikinus
1486 2428 1614 2468 vero
1663 2413 1995 2484 baptizatus,
2098 2415 2268 2469 fatum
2294 2409 2611 2467 coenobium
2656 2423 2768 2462 una
2831 2420 2954 2459 cum
2995 2401 3197 2457 comite
3261 2398 3601 2461 Thietmaro,
3633 2408 3730 2448 suo

374 2502 496 2543 mox
519 2506 796 2594 miru‘miin
846 2495 1069 2594 modum
1127 2503 1276 2594 totus
1305 2499 1359 2553 in
1414 2501 1509 2555 Dei
1544 2518 1714 2572 opere
1753 2511 1840 2559 est
1865 2520 2001 2559 con-
2099 2507 2383 2581 magistro,
2432 2510 2493 2558 ut
2544 2507 2705 2556 cauta
2752 2494 3198 2554 consideratione
3243 2490 3655 2563 perspicerent,
3688 2484 3731 2539 si

372 2596 583 2682 vcrs-US.
636 2584 849 2682 Dncbinc
886 2587 1066 2682 omnis
1096 2591 1375 2646 exercitus
1418 2593 1523 2648 sibi
1547 2594 1830 2663 subjectus
1852 2596 1994 2653 hane
2093 2574 2269 2655 forma
2298 2605 2590 2661 moresque
2624 2587 2820 2658 puellm
2851 2584 3075 2639 sibimet
3118 2579 3507 2636 convenirent.
3550 2574 3725 2649 Elegit

373 2670 605 2768 caudam
658 2670 787 2774 fidei
845 2676 1232 2774 credulitatem
1275 2690 1359 2736 est
1414 2683 1721 2749 confeSSUS,
1754 2695 1808 2739 et
1832 2701 1992 2741 suum
2097 2691 2281 2760 itaque
2312 2700 2423 2740 non
2444 2696 2651 2754 paucos
2677 2680 2929 2750 juvenes,
2962 2689 3168 2749 genere
3207 2669 3463 2741 etspecie
3493 2667 3727 2740 elegan-

375 2763 683 2869 principem
715 2763 912 2818 devote
944 2764 1231 2834 imitando,
1264 2785 1419 2826 sacro
1450 2772 1799 2843 baptismatis
1827 2774 1994 2829 intin-

2122 2799 2202 2849 es,
2235 2779 2329 2852 qui
2359 2775 2754 2833 comitarentur
2792 2770 3056 2839 juvenem
3114 2763 3449 2823 Heinricum.
3517 2775 3636 2831 quo
3675 2773 3731 2813 se

375 2851 610 2953 gebf‘wr
632 2854 800 2953 ἶοηξθ·
839 2857 930 2912 Ηίε
956 2859 1031 2953 lla
1056 2863 1296 2929 ρετᾶοιίε
1326 2866 1708 2936 θῑοοπιροδίίο
1767 2867 1910 2923 inter
1938 2885 1999 2924 se
2095 2851 2393 2945 jactantius
2449 2868 2618 2923 ferret
2649 2864 2718 2919 ad
2777 2859 3232 2934 praedestinatum
3271 2857 3473 2912 locum.
3509 2855 3723 2925 Appro-

377 2939 593 3036 fmdere
625 2960 795 3014 pacis.
830 2957 922 3000 rex
954 2947 1183 3004 Karolus
1212 2968 1335 3007 cum
1368 2953 1595 3009 victoria
1626 2958 2002 3014 revertebatur
2095 2939 2439 3036 pinquantes
2467 2964 2648 3011 autem
2681 2950 3040 3015 monasterio,
3077 2956 3257 3003 castra
3289 2943 3475 3000 metati
3506 2950 3644 2997 sunt
3675 2941 3727 2995 in

379 3034 724 3143 laetusﬂux
764 3048 969 3143 autenm.
1007 3044 1302 3143 Witikinus
1334 3049 1388 3103 in
1419 3051 1696 3122 pr0priam
1742 3057 2005 3111 remeavit
2106 3032 2332 3123 campo;
2368 3047 2525 3120 pauci
2581 3061 2713 3101 vero
2760 3043 2979 3098 illorum
3036 3038 3195 3111 quasi
3244 3051 3413 3092 causa
3466 3032 3735 3089 orationis

376 3135 633 3223 νίιξτιειη,
674 3138 847 3184 δδηοῐι
880 3131 1115 3223 Spiritus
1143 3137 1318 3210 gratia
1386 3138 1731 3207 illustralus;
1764 3151 1818 3198 et
1854 3143 1998 3199 sicut
2022 3194 2068 3223 ί,
2108 3144 2344 3221 ingressi
2374 3133 3256 3208 oratorium,videruntvirginem
3281 3128 3732 3186 intussedentem

379 3230 529 3283 prius
608 3221 1049 3310 persequebatur
1133 3225 1406 3283 Christum
1489 3229 1832 3299 invocantes,
1918 3234 2000 3289 sic
2021 3194 2071 3261 Ο
2101 3194 2499 3310 etpsalterium
2528 3247 2698 3287 manu
2728 3234 3033 3291 tenentem,
3067 3194 3516 3279 honestissimam
3547 3217 3733 3274 habitu

381 3309 730 3376 postmodum
761 3312 829 3366 ad
860 3312 1025 3369 fidem
1084 3316 1281 3374 Christi
1330 3323 1489 3377 traxit
1528 3339 1779 3396 quosque
1806 3342 1996 3381 erran-

381 3401 486 3498 tes,
519 3404 573 3498 et
604 3405 663 3498 unt
694 3411 856 3456 antea
897 3402 1167 3461 bonorum
1222 3410 1400 3465 extitit
1429 3423 1769 3483 persecutor,
1807 3415 1882 3470 ita
1920 3416 2004 3471 vi-

382 3488 779 3556 gilantissimus
812 3500 921 3549 tum
955 3501 1209 3569 apparuit
1239 3518 1408 3559 sacrae
1439 3504 1568 3560 fidei
1606 3516 2000 3582 propugnator.

380 3582 497 3685 Jam
541 3593 652 3685 tum
714 3587 1063 3648 desiderabat
1117 3599 1385 3655 ecclesias
1452 3601 1813 3669 reaedificare,
1868 3620 2007 3675 quas

386 3678 539 3770 prius
568 3678 914 3770 destruxerat
953 3686 1009 3739 in
1039 3686 1388 3761 infidelitate,
1430 3700 1485 3748 et
1512 3694 1608 3749 ubi
1648 3696 2011 3752 constituerat

388 3762 591 3867 idola,.
626 3766 715 3822 hic
760 3769 874 3836 jam
940 3788 1255 3833 sanctorum
1313 3782 1601 3838 collocavit
1656 3785 1916 3842 oratoria.
1971 3787 2010 3840 Δ

388 3864 626 3958 posteris
646 3876 781 3958 ergo
810 3864 1062 3958 ejusdem
1118 3871 1388 3941 Witikini,
1422 3876 1634 3950 egregii
1674 3877 1851 3944 ducis,
1885 3892 2015 3948 pro-

387 3953 552 4045 cessit
840 3954 1175 4014 beatissimae
1240 3962 1575 4020 Mahthildis.
1637 3965 1801 4035 Cujus
1834 3975 2011 4037 pater.

389 4042 613 4132 nomine
669 4042 994 4116 Thietricus,
1063 4050 1120 4104 in
1176 4054 1506 4111 occidentali
1556 4058 1782 4132 regione
1826 4073 2015 4114 comes

388 4128 566 4187 fuerat
602 4135 877 4207 gloriosus
910 4144 1055 4213 (22),
1097 4152 1153 4201 et
1207 4152 1579 4208 venerabilem
1621 4128 2012 4221 'Reinhildam,

390 4224 663 4329 Danorum
710 4231 1125 4329 Fresonumque
1190 4243 1439 4315 germine
1492 4246 1597 4314 (23)
1640 4254 2006 4317 procreatum.

394 4321 638 4421 moribus
665 4325 1030 4421 probabilem,
1087 4332 1311 4389 sibimet
1339 4336 1668 4407 adjunxerat
1691 4339 2007 4413 conjugem.

398 4407 495 4470 Qui
514 4411 715 4512 meruit
756 4414 913 4512 dono
944 4418 1040 4474 Dei
1079 4421 1310 4497 gignere
1365 4424 1633 4481 infantem
1694 4407 2016 4483 hominibus

398 4500 713 4605 amabilem.
748 4504 786 4560 Ο
814 4506 941 4605 felix
968 4522 1157 4582 partus
1188 4515 1351 4586 hujus
1408 4518 1659 4587 infantis,
1691 4519 1780 4575 cui
1843 4519 2019 4595 gratia

399 4590 597 4694 Christi
626 4603 974 4694 postmodum
1030 4607 1259 4684 contigit
1309 4610 1548 4686 dignitas
1610 4613 1813 4688 regalis
1844 4590 2023 4667 lNam

399 4688 590 4785 extitit.
606 4688 783 4785 gloria
821 4703 1130 4785 parentum,
1177 4700 1368 4758 laetitia
1398 4705 1860 4777 propinquorum,
1889 4721 2020 4774 spes

402 4773 745 4845 hereditatis,
779 4790 833 4836 et
863 4784 1032 4842 decus
1074 4790 1239 4846 totius
1278 4773 1475 4849 futurae
1503 4773 1735 4861 sobolis,
1768 4773 2023 4849 amabilis

403 4869 531 4960 dum
550 4874 814 4942 nascitur,
833 4887 887 4933 et
917 4883 1208 4940 amabilior
1231 4887 1361 4943 dum
1376 4889 1631 4944 nutritur.
1658 4889 1799 4955 Quid
1831 4887 2022 4960 plura?

405 4959 558 5016 Tunc
622 4970 885 5040 temporis
924 4990 1046 5031 raro
1105 4976 1391 5035 videbatur
1446 4979 1629 5036 infans
1684 4959 1845 5036 talis;
1888 4980 2021 5035 Cum

406 5064 538 5125 ergo
602 5054 830 5115 illustris
883 5065 1110 5133 parvula
1165 5074 1311 5122 esset
1359 5067 1650 5135 ablactata,
1692 5068 2027 5124 desideravit

409 5142 686 5201 abbatissa
711 5148 998 5220 Mahthild,
1032 5161 1207 5211 mater
1232 5156 1491 5213 Thietrici
1534 5158 1774 5226 comitis,
1804 5173 1928 5230 quae
1970 5157 2026 5212 in

413 5233 872 5298 Herivordinense
915 5248 1105 5302 sedem
1166 5248 1412 5319 possedit
1458 5250 1719 5318 abbatiaa,
1748 5250 2027 5323 praelatam

2102 3338 2158 3386 et
2204 3328 2503 3384 admodum
2564 3320 2872 3379 reverenda
2929 3318 3100 3373 cultu.
3164 3313 3459 3370 Heinricus
3532 3317 3731 3369 autem,

2105 3418 2319 3474 eximia
2349 3412 2581 3490 virginis
2641 3426 2831 3466 amore
2882 3421 3205 3472 succensus,
3254 3402 3544 3458 interdixit
3572 3397 3732 3455 sociis

2107 3525 2177 3563 ne
2198 3489 2457 3577 cuiquam
2511 3500 2819 3557 indicarent
2874 3513 2984 3568 qua
3038 3510 3205 3549 causa
3253 3492 3362 3547 huc
3399 3489 3725 3548 venissent;

2107 3596 2402 3666 statimque
2432 3591 2502 3646 ad
2529 3599 2767 3645 castrum
2826 3583 3221 3650 revertebatur,
3270 3580 3362 3637 ubi
3396 3588 3591 3634 cetera
3611 3591 3731 3649 pars

2105 3686 2372 3754 juvenum
2401 3677 2866 3735 commorabatur.
2905 3673 2965 3728 ει
2989 3673 3230 3728 induens
3262 3685 3321 3725 se
3342 3667 3731 3728 lieriliornatu,

2115 3776 2379 3846 templum
2408 3773 2594 3827 denuo
2629 3768 2850 3823 intravit
2889 3764 3059 3819 multo
3095 3760 3383 3825 comitatu,
3455 3758 3735 3829 postulans

2115 3865 2221 3921 sibi
2254 3863 2470 3933 copiam
2503 3858 2621 3913 dari
2653 3856 2988 3912 abbatissam
3041 3849 3381 3923 alloquendi.
3419 3848 3553 3912 Quae
3580 3847 3734 3901 etiam

2116 3958 2446 4031 procedens,
2479 3954 2660 4024 ipsum
2679 3956 3020 4018 cunctosque
3043 3960 3174 4001 suos
3203 3943 3469 3998 satellites
3498 3953 3737 4009 suscepa

2117 4027 2387 4126 gaudens.
2422 4044 2715 4114 Postquam
2776 4047 2960 4093 autem
2996 4034 3237 4090 invicem
3269 4031 3562 4087 dedissent
3590 4027 3732 4084 verbi

2115 4122 2485 4204 salutationis,
2536 4149 2724 4191 secum
2767 4131 2924 4187 duxit
2956 4129 3219 4198 juvenem
3281 4122 3600 4179 Heinricum
3641 4134 3740 4176 una

2115 4258 2247 4298 cum
2279 4237 2481 4294 comite
2509 4233 2822 4287 Thietmaro
2848 4228 2904 4282 in
2942 4240 3101 4281 suum
3128 4220 3467 4285 cubiculum,
3511 4227 3571 4273 et
3589 4217 3739 4272 fami-

2117 4332 2253 4388 liare
2284 4345 2410 4384 cum
2441 4327 2526 4382 eis
2558 4324 2613 4378 in
2644 4323 2869 4393 longum
2897 4316 3154 4389 produxit
3182 4311 3549 4385 colloquium.
3578 4310 3736 4384 Egre-

2119 4423 2241 4495 gius
2280 4434 2411 4476 vero
2442 4415 2659 4487 juvenis
2717 4409 2936 4467 interim
2993 4419 3220 4462 sumens
3258 4401 3521 4458 fiduciam
3552 4396 3733 4457 animi,

2123 4493 2386 4588 paulatim
2418 4507 2627 4578 incepit
2654 4516 2967 4560 sermonem
3019 4498 3089 4554 de
3126 4494 3364 4568 virgine,
3396 4493 3736 4565 interrogans

2042 4565 2100 4634 Β
2125 4565 2391 4677 quantum
2420 4565 2681 4671 provecta
2707 4599 2853 4648 esset
2877 4594 3037 4645 aetate
3092 4594 3187 4642 aut
3215 4565 3426 4657 unalis
3472 4588 3695 4637 staturae
3725 4593 3738 4639 ;

2122 4671 2403 4768 postremo
2425 4690 2591 4745 etiam
2617 4682 2957 4741 desideravit
2977 4678 3084 4735 sibi
3109 4674 3390 4731 licentiam
3422 4672 3455 4726 d
3478 4671 3545 4726 iri
3578 4671 3739 4741 ipsam

2120 4782 2522 4857 conspiciendi.
2590 4782 2703 4845 Qua
2759 4779 2779 4811 ³
2815 4780 3041 4830 evocata
3095 4774 3372 4840 precepto
3431 4762 3736 4818 abbatissae.

2124 4876 2378 4949 apparuit
2402 4874 2460 4928 in
2486 4887 2553 4927 ea
2590 4865 2873 4943 virginalis
2927 4863 3177 4918 incessus
3206 4865 3260 4914 et
3293 4871 3437 4911 vera:
3469 4849 3735 4924 pudicitiae

2126 4940 2367 5030 habitus,
2395 4962 2549 5018 frons
2572 4940 2805 5014 serenus
2833 4954 2852 4987 ⁷
2886 4959 2941 5008 et
2992 4949 3279 5022 speciosus
3321 4945 3391 5000 ad
3422 4940 3736 4999 intuendum

2127 5058 2311 5114 vultus
2340 5054 2398 5109 in
2418 5050 2661 5108 candore
2693 5045 2822 5102 liliis
2859 5042 3042 5098 extitit
3095 5036 3414 5112 persimilis,
3456 5034 3513 5088 in
3569 5029 3734 5087 vivido

2128 5158 2312 5208 autem
2360 5146 2546 5202 colore
2611 5137 3037 5196 assimulabatur
3084 5145 3331 5190 rosarum
3391 5126 3561 5183 foliis.
3605 5122 3738 5177 Hanc

2131 5243 2271 5299 tanti
2300 5237 2520 5295 decoris
2548 5241 2609 5290 ut
2640 5231 2779 5287 vidit
2830 5226 3090 5302 egregius
3131 5218 3383 5293 juvenis,
3402 5215 3625 5271 minime
3651 5225 3735 5266 va-

1768 5399 1990 5455 VARl/E
2020 5391 2377 5453 LECTIONES

488 5490 509 5523 ⁶
530 5493 713 5554 Quel.
746 5493 765 5526 ⁷
791 5497 871 5549 ita
901 5498 952 5551 1.
984 5498 1311 5567 respondens
1341 5501 1593 5569 sequenti
1619 5501 1823 5556 vultus.

1975 5566 2166 5623 NOTAE

640 5670 936 5758 habitabat
962 5678 1017 5758 in
1040 5677 1168 5731 villa
1187 5679 1365 5758 Engvr
1381 5694 1641 5758 proxime
1675 5678 1901 5735 Herford
1927 5696 1943 5745 ;
1972 5676 2100 5733 vide
2130 5674 2273 5730 infra
2300 5687 2423 5743 cap.
2453 5670 2540 5724 M.

499 5739 607 5811 (23)
637 5743 673 5796 i.
708 5758 753 5795 c.
794 5755 944 5811 patre
974 5748 1146 5814 Dano,
1177 5739 1347 5802 maire
1379 5739 1639 5807 Fresone.
