3902 6396
155 396 270 452 893

1233 393 1505 448 SANCT/E
1544 392 1900 448 MATHILDIS
1942 396 2206 450 REGINE
2248 396 2415 451 VITA.

3404 402 3511 454 894

151 524 279 578 lens
306 521 511 577 diutius
538 522 723 578 celare
743 536 990 577 amorem
1022 522 1225 588 cordis,
1272 522 1571 592 postulavit
1598 537 1783 591 prece-
1808 528 1856 592 Α
1884 523 2033 587 bilis,
2079 526 2325 580 Christus
2368 526 2444 581 illi
2504 529 2628 597 plus
2676 529 2827 584 auxit
2878 530 3146 585 honorem
3197 530 3504 602 dignitatis,

153 612 405 679 instanti,
436 612 609 682 ipsam
649 611 917 680 virginem
981 611 1088 665 sibi
1172 612 1525 682 desponderi.
1585 610 1784 666 Contra

156 702 278 756 haec
302 700 581 755 abbatissa
607 700 803 755 oculos
858 700 1082 768 dejecit,
1153 707 1207 754 et
1259 700 1476 754 nutanti
1516 700 1701 755 animo
1731 700 1785 754 in

156 788 525 859 responsione
584 788 683 843 diu
747 787 1039 844 haesitavit.
1101 788 1232 843 Cum
1281 799 1462 843 autem
1522 789 1695 863 magis
1723 804 1788 843 ac

153 880 335 952 magis
356 886 738 949 perseveraret
763 878 1090 934 adolescens
1119 879 1177 933 in
1211 880 1432 951 incepto
1478 878 1784 949 petitionis,

154 974 382 1028 tandem
413 973 641 1028 domina
686 973 888 1028 talibus
936 974 1305 1045 respondebat
1344 973 1570 1027 verbis:
1613 1000 1633 1019 «
1669 973 1788 1026 Non

154 1073 243 1120 est
274 1074 548 1131 nostrum,
581 1080 701 1120 eam
742 1076 964 1136 nuptam
1025 1066 1157 1120 dare
1212 1065 1378 1120 alicui
1415 1066 1626 1135 absque
1652 1079 1789 1119 con-

152 1157 283 1213 silio
315 1166 371 1213 et
401 1173 676 1213 consensu
735 1166 1021 1229 parentum
1056 1175 1071 1222 ;
1105 1158 1335 1228 dignum
1366 1166 1449 1211 est
1489 1156 1637 1210 enim
1669 1161 1726 1209 ut
1755 1171 1787 1207 a

151 1244 324 1301 nobis
352 1246 571 1321 integra
601 1246 711 1301 ﬁde
742 1247 851 1301 illis
878 1248 1220 1313 restituatur,
1253 1263 1320 1302 ex
1352 1247 1558 1318 quibus
1587 1252 1786 1299 nostrae

151 1340 536 1409 procurationi
575 1340 962 1395 commendata
1034 1348 1135 1397 est.
1197 1340 1337 1405 Quin
1395 1340 1558 1394 etiam
1629 1338 1789 1391 nobis

146 1436 405 1483 versatur
434 1429 490 1483 in
537 1430 732 1494 dubio,
784 1430 830 1483 si
876 1430 1107 1484 alterius
1133 1430 1235 1484 viri
1268 1445 1388 1483 eam
1422 1429 1788 1482 decreverunt

146 1521 398 1578 thalamo
431 1538 597 1587 ;nam
636 1522 785 1577 illam
833 1523 1227 1577 desiderabant
1258 1522 1547 1593 perplures
1579 1535 1785 1594 genere

146 1624 202 1671 et
233 1616 414 1679 forma
436 1617 697 1672 illustres.
732 1618 1072 1689 Quamquam
1119 1625 1304 1671 autem
1339 1616 1501 1671 nobis
1531 1616 1603 1669 sit
1631 1615 1784 1669 inco-

143 1710 391 1783 gnitum,
445 1726 611 1782 quem
660 1710 729 1765 de
784 1711 872 1764 his
923 1712 943 1743 ⁸
1001 1710 1172 1764 velint
1228 1710 1434 1781 eligere
1492 1723 1784 1780 generum,

1889 618 2255 688 perplurimas
2311 620 2564 674 nationes
2632 637 2734 676 suo
2805 623 3108 695 subjugans
3174 623 3506 689 dominatui,

1890 706 2087 773 Danos,
2129 708 2371 770 Sclavos,
2430 710 2755 774 Boemones,
2819 711 3169 779 Bajowarios.
3211 722 3508 784 ceteraque

1889 812 2050 864 quam
2072 797 2306 866 plurima
2349 814 2538 868 regna,
2572 814 2693 868 quae
2748 800 2863 852 suis
2915 800 3364 857 antecessoribus
3396 817 3507 856 non

1887 883 2107 939 fuerant
2127 886 2367 941 subdita.

1968 973 2019 1027 5.
2054 976 2129 1027 De
2158 976 2415 1043 religione
2435 977 2776 1031 Mahlhildis.
2816 978 2908 1032 Hic
2926 978 3162 1047 plurima
3192 978 3514 1049 praetermit-

1892 1076 2083 1124 tuntur
2113 1068 2181 1121 de
2217 1067 2473 1120 laudibus
2499 1067 2642 1139 regis
2662 1068 2923 1133 lleinrici,
2948 1069 3077 1140 quia
3101 1070 3512 1140 properandum

1891 1160 2061 1215 estad
2080 1158 2244 1213 vitam
2294 1174 2587 1229 moresque
2618 1148 2865 1213 illustris
2919 1161 3125 1235 reginae
3174 1161 3512 1227 Mahthildis,

1888 1249 1957 1302 de
1986 1246 2075 1301 dei
2105 1246 2159 1300 in
2184 1246 2329 1300 diem
2390 1246 2584 1300 Christi
2628 1247 2804 1320 gratia
2863 1249 2915 1302 iu
2973 1249 3124 1303 omni
3172 1249 3320 1304 bono
3342 1263 3512 1319 Opere

1890 1336 2256 1409 prolicientis,
2291 1340 2350 1389 ut
2387 1344 2621 1405 nepotes
2676 1335 2797 1404 ejus
2854 1344 2910 1391 et
2954 1337 3156 1408 posteri
3188 1337 3390 1393 totiens
3412 1338 3513 1391 ba-

1891 1432 2059 1485 beant
2084 1428 2348 1501 gaudium
2380 1428 2573 1493 animi,
2623 1429 2885 1500 quotiens
2942 1439 3050 1484 tam
3089 1438 3293 1485 sanctae
3321 1430 3511 1485 matris

1888 1524 2152 1577 meritum
2186 1520 2501 1576 invenerint
2530 1520 2826 1595 legendum
2860 1523 3050 1591 :cujus
3075 1524 3329 1594 probitati
3359 1541 3513 1580 com-

1890 1623 2116 1686 putatur
2145 1623 2199 1668 et
2222 1613 2455 1678 meritis,
2502 1612 2773 1684 quidquid
2821 1613 3015 1669 futuras
3048 1615 3225 1670 soboli
3266 1619 3513 1673 evenerit

1890 1707 2119 1763 honoris
2151 1721 2214 1759 ac
2243 1705 2541 1777 dignitatis.
2570 1704 2699 1758 Cum
2732 1705 2900 1778 igitur
2931 1708 3127 1779 regalis
3166 1707 3288 1762 solii
3316 1724 3511 1763 ascen-

145 1798 583 1870 adimplebimus
634 1806 819 1853 tamen
877 1808 1116 1853 vestrum
1176 1805 1413 1860 votum;
1470 1803 1525 1851 et
1585 1795 1629 1848 si
1682 1794 1853 1871 Dein
1882 1800 2054 1853 disset
2091 1798 2321 1871 gradum
2373 1797 2705 1852 venerabilis
2750 1798 2960 1871 regina,
3014 1799 3241 1853 illustris
3271 1801 3507 1855 maritali

145 1892 331 1945 aderit
379 1891 652 1954 voluntas,
733 1900 923 1945 nostra
978 1890 1049 1944 de
1115 1897 1268 1960 parte
1325 1904 1435 1943 non
1495 1888 1775 1941 tardamus

146 1982 397 2053 nuptias,
420 1982 550 2054 quia
578 1982 906 2037 excellentia
928 1982 1093 2037 vestri
1126 1981 1350 2054 generis
1396 1979 1593 2034 crebro
1622 1979 1773 2033 inso-

146 2074 271 2129 nuit
301 2075 533 2129 auribus
562 2074 790 2140 nostris,
851 2083 905 2128 et
951 2075 1055 2129 hoc
1095 2088 1207 2128 non
1266 2080 1349 2126 est
1400 2071 1626 2125 minima
1653 2086 1779 2140 pars

146 2165 398 2231 hederis,
452 2167 599 2238 quod
641 2166 798 2237 ipse9
829 2166 896 2219 ad
946 2181 1049 2220 nos
1116 2166 1221 2219 iter
1245 2163 1545 2218 direxistis.
1585 2184 1606 2211 ι
1644 2161 1782 2216 Haut

146 2283 325 2333 mora,
382 2267 724 2322 ornamentis
781 2267 1011 2322 honeste
1071 2267 1297 2337 paratis,
1355 2280 1478 2335 quae
1537 2278 1780 2335 congrua

146 2366 309 2414 erant
335 2360 754 2431 desponsationi
784 2359 1039 2434 virginis,
1089 2356 1345 2429 sequenti
1374 2356 1462 2410 die
1492 2354 1779 2408 lleinricus

145 2464 341 2503 secum
370 2448 525 2504 duxit
548 2448 924 2503 venerabilem
978 2447 1248 2519 virginem
1299 2446 1354 2499 in
1389 2452 1574 2515 partes
1603 2444 1778 2496 Saxo-

147 2543 275 2596 nize.
304 2543 455 2598 Tunc
479 2543 1001 2598 circumducebatur
1056 2557 1157 2611 per
1193 2540 1442 2595 civitates
1496 2538 1537 2571 ¹⁰
1567 2535 1777 2610 egregii

143 2640 535 2695 ducisOttonis
580 2656 613 2694 a
660 2640 861 2695 comite
905 2639 1218 2693 Thietmaro
1272 2644 1325 2691 et
1364 2637 1630 2691 militibus
1672 2652 1770 2691 ce-

141 2733 305 2799 teris,
368 2733 547 2787 douec
625 2732 681 2786 in
748 2732 1087 2786 Walohusun
1175 2730 1280 2798 (25)
1357 2729 1774 2800 praeparabatur

142 2825 462 2880 convivium
493 2824 740 2896 nuptiale
771 2839 970 2897 magno
1012 2824 1241 2885 honore,
1294 2822 1370 2877 uti
1403 2821 1589 2875 decuit
1625 2822 1768 2887 illos,

140 2918 237 2989 qui
268 2916 829 2987 posteaimpcrabant
885 2916 1144 2990 gentibus
1201 2914 1489 2985 plurimis;
1536 2914 1612 2967 ibi
1641 2930 1770 2985 per-

142 3021 474 3076 fruebantur
502 3019 801 3075 connubiis
830 3029 885 3073 et
908 3018 1057 3072 licito
1110 3016 1319 3073 foedere
1348 3018 1569 3072 amoris.
1607 3017 1775 3072 Hein-

141 3115 297 3168 ricus
327 3119 509 3167 autem
536 3111 763 3167 tradidit
790 3112 900 3181 (25;
949 3110 1251 3167 venerabili
1282 3116 1464 3180 nuptae
1494 3108 1551 3163 in
1595 3109 1776 3163 dotem

141 3220 315 3260 omne
345 3203 494 3275 quod
516 3203 712 3257 attinet
764 3203 830 3257 ad
891 3202 1125 3257 eandem
1157 3201 1455 3263 civitatem,
1490 3207 1641 3270 patre
1677 3214 1778 3298 suo
1805 3239 1850 3306 Ο

142 3294 557 3357 consentiente,
586 3299 641 3347 et
691 3291 811 3364 ipse
842 3291 1180 3347 venerabilis
1234 3290 1342 3344 dux
1375 3289 1495 3343 Otto
1517 3288 1781 3343 enutrivit
1805 3282 1853 3307 υ

144 3402 275 3441 eam
297 3385 352 3439 in
384 3383 504 3439 vice
530 3382 658 3438 ﬁliae
688 3399 867 3455 usque
926 3383 992 3437 ad
1026 3382 1239 3438 obitum
1271 3397 1384 3436 suae
1404 3381 1549 3434 vitae.
1584 3379 1781 3433 Tribus

144 3486 338 3534 autem
392 3476 555 3532 annis
608 3484 731 3548 post
772 3476 890 3530 haec
951 3475 1262 3539 transactis,
1295 3474 1381 3528 vir
1429 3473 1780 3528 venerandus

136 3588 384 3637 mortem
416 3579 596 3635 subiit
624 3579 984 3650 temporalem
1017 3579 1120 3650 (an
1164 3578 1308 3645 912),
1347 3583 1403 3632 et
1430 3577 1527 3632 Dei
1560 3575 1779 3632 ordina—

139 3672 299 3726 tione
332 3669 620 3724 Heinricus
648 3668 879 3724 ducatus
922 3668 1170 3739 percepit
1226 3667 1513 3721 honorem.
1566 3666 1776 3720 Ascen-

140 3762 287 3816 dens
314 3768 500 3815 autem
534 3760 765 3835 gradum
796 3759 1101 3833 dignitatis,
1164 3765 1369 3814 tantam
1414 3757 1777 3812 humilitatem

136 3852 446 3908 exhibebat
502 3852 761 3919 subditis,
814 3862 873 3906 ut
934 3851 1123 3917 etiam,
1179 3850 1227 3904 si
1289 3856 1476 3920 posset
1521 3848 1774 3916 evenire,

137 3954 470 4019 exoptarent
509 3946 687 4018 ipsum
713 3947 1110 4022 regalesolium
1139 3947 1250 4016 jam
1287 3944 1597 4016 possidere.

210 4051 270 4106 4.
302 4054 378 4106 De
404 4051 556 4104 obitu
586 4050 820 4106 Conradi
877 4050 1040 4116 regis.
1073 4047 1296 4103 [nterim
1343 4048 1472 4101 dum
1505 4047 1623 4100 haec
1644 4062 1778 4121 age-

140 4151 356 4207 rentur,
382 4141 585 4197 invasit
613 4157 801 4216 regem
858 4141 1167 4196 Conradum
1221 4140 1465 4195 crudelis
1520 4139 1775 4212 languor,

141 4246 196 4291 et
256 4250 411 4290 mors
483 4235 823 4306 sequebatur
899 4233 1179 4288 crudelior
1258 4247 1369 4301 (an.
1430 4232 1576 4301 918).
1627 4231 1778 4289 Tunc

140 4326 484 4395 disponente
520 4324 634 4378 Deo
666 4323 933 4377 successit
969 4322 1257 4377 Heinricus
1286 4321 1457 4394 regali
1480 4321 1620 4376 solio
1652 4321 1773 4392 (an.

139 4419 270 4483 919,
300 4418 426 4485 Apr
455 4415 471 4484 )
500 4432 515 4479 ;
544 4414 693 4469 bello
720 4429 818 4469 seu
853 4429 988 4485 pace
1018 4413 1193 4481 fieret,
1236 4422 1319 4469 est
1347 4414 1638 4480 incertum,
1672 4414 1773 4469 sed

140 4516 362 4587 absque
422 4512 795 4584 dispositione
852 4513 948 4568 Dei
1004 4529 1113 4569 non
1162 4514 1202 4548 “
1231 4513 1501 4568 accidisse
1540 4530 1652 4569 non
1693 4520 1778 4569 est

143 4603 544 4659 dubitandum.
582 4602 674 4657 His
716 4602 791 4657 ita
848 4603 1151 4674 dispositis,
1201 4603 1413 4659 Christo
1460 4604 1776 4673 adjuvante,

140 4704 318 4756 multa
349 4700 594 4755 exercuit
626 4699 773 4755 bona
801 4716 972 4771 opera
1020 4700 1269 4770 vigilanti
1311 4701 1619 4778 diligentia,
1648 4719 1773 4777 gra-

138 4794 247 4849 tias
276 4808 453 4864 agens
472 4789 585 4848 Deo
618 4793 863 4867 largitori
912 4795 980 4849 de
1012 4794 1281 4869 dignitate
1314 4796 1507 4851 seculi.
1539 4797 1772 4868 lnopum

141 4893 196 4940 et
225 4885 526 4939 viduarum
544 4886 799 4957 apparuit
823 4886 1269 4957 promptissimus
1296 4887 1768 4944 consolator.Cum

138 4983 326 5031 autem
352 4974 552 5029 mirum
585 4975 642 5030 in
672 4975 895 5031 modum
939 4976 1234 5047 proficeret
1298 4979 1556 5051 princeps
1578 4980 1770 5036 lauda-

1809 1846 1856 1912 Β

1881 1892 2127 1963 potentia
2170 1899 2226 1945 et
2283 1891 2553 1944 illustrior
2606 1891 2873 1962 religione
2915 1892 3120 1957 divina,
3174 1892 3226 1945 in
3257 1894 3499 1964 conjugii

1878 1982 2088 2036 foedere
2116 1980 2376 2034 manebat
2407 1981 2625 2049 pudica,
2660 1990 2714 2034 et
2736 1988 2921 2035 tamen
2942 1981 3306 2036 nihilominus
3338 1983 3505 2060 1’(26)

1881 2075 2106 2131 carebat
2138 2074 2319 2145 palma
2356 2074 2612 2147 virginali
2663 2075 2909 2145 proxima
2953 2076 3013 2140 ιδ,
3071 2076 3378 2131 humilitate
3426 2078 3508 2131 sic

1886 2169 2121 2223 tendens
2160 2168 2226 2221 ad
2266 2167 2519 2239 gloriam,
2546 2174 2603 2221 ut
2631 2167 2776 2222 dono
2809 2166 2900 2220 Dei
2949 2169 3297 2238 postmodum
3327 2185 3505 2223 mere-

1884 2270 2035 2315 retur
2089 2259 2208 2312 ﬁeri
2266 2259 2462 2312 allecta
2522 2258 2576 2311 in
2634 2258 2842 2312 caelesti
2903 2259 3097 2330 patria.
3143 2260 3272 2313 Nam
3297 2267 3504 2331 quanto

1883 2350 1988 2404 sibi
2020 2348 2323 2401 “accessit
2380 2356 2623 2417 potestas
2670 2348 2985 2414 sublimior,
3029 2354 3178 2402 tanto
3229 2365 3286 2403 se
3321 2348 3506 2403 humi-

1882 2442 2033 2497 liavit
2064 2439 2352 2503 devotiur;
2388 2447 2464 2504 et,
2494 2439 2642 2510 quod
2666 2455 2890 2510 perraro
2936 2440 3140 2504 evenit,
3174 2440 3502 2514 dignitatem

1879 2534 2049 2589 seculi
2079 2533 2197 2587 sine
2228 2531 2494 2602 superbia
2540 2531 2808 2600 possedit.
2847 2533 2903 2585 ln
2957 2532 3179 2603 publico
3232 2533 3505 2603 processit

1880 2631 2071 2681 ornata
2101 2623 2336 2697 gemmis
2381 2630 2436 2676 et
2479 2622 2677 2688 serico,
2729 2623 2829 2676 sed
2858 2623 3089 2677 interius
3134 2623 3506 2697 gerebatpre-

1875 2718 2069 2773 tiosius
2084 2723 2493 2781 ornamentum,
2525 2732 2619 2770 cor
2640 2716 2981 2787 acceptabile
3000 2718 3111 2772 Deo
3142 2735 3157 2783 ;
3187 2725 3505 2789 tantamque

1873 2808 1980 2861 sibi
2010 2805 2244 2861 subditis
2268 2805 2567 2860 exhibebat
2621 2806 2986 2861 humilitatem
3006 2813 3059 2860 et
3083 2807 3136 2859 in
3170 2807 3289 2861 vice
3314 2806 3507 2862 matris

1874 2901 2185 2965 caritatem,
2208 2899 2543 2954 utomnibus
2587 2905 2732 2952 esset
2768 2898 2938 2953 amori
2971 2897 3174 2967 pariter
3195 2904 3250 2951 et
3286 2898 3509 2953 honori.

1878 2996 2064 3050 Noctis
2094 3009 2315 3066 quoque
2345 3001 2595 3063 tempore
2617 3009 2739 3046 sese
2756 2993 2970 3047 alatere
2995 2993 3139 3065 regis
3166 2990 3363 3065 furtive
3381 2992 3515 3046 sub-

1883 3086 2064 3149 traxit,
2106 3084 2261 3155 quasi
2286 3083 2410 3153 ipso
2434 3083 2719 3153 ignorante
2736 3082 3054 3152 relinquens
3077 3082 3317 3153 regalem
3343 3083 3513 3136 thala-

1882 3193 2032 3231 mum
2062 3177 2121 3241 ³⁵,
2146 3176 2383 3230 orationi
2415 3176 2736 3231 intendebat
2757 3174 3023 3238 animum,
3055 3181 3114 3227 ut
3135 3173 3240 3227 sibi
3265 3174 3509 3229 reconci-

1882 3266 2040 3319 liaret
2063 3265 2254 3328 Deum,
2276 3280 2441 3335 quem
2460 3263 2728 3335 diligebat
2739 3269 2889 3317 casto
2906 3276 3093 3315 amore
3116 3269 3170 3316 et
3192 3262 3278 3316 cui
3296 3262 3505 3317 servie-

1883 3358 1975 3410 bat
2004 3356 2219 3427 integra
2232 3354 2358 3409 fide.
2381 3355 2512 3419 Quis
2527 3356 2689 3409 etiam
2718 3352 2958 3419 dubitet,
2983 3361 3042 3406 ut
3064 3368 3194 3427 rege
3218 3353 3505 3409 nesciente

1880 3444 2057 3499 electa
2084 3442 2280 3497 Christi
2313 3442 2516 3497 famula
2546 3441 2676 3496 talia
2717 3448 2902 3512 posset
2920 3442 3268 3515 agere‘flpse
3298 3443 3505 3497 etenim

1879 3537 2027 3591 bene
2060 3534 2425 3607 intelligebat,
2458 3534 2556 3589 sed
2611 3534 2770 3605 quasi
2811 3550 2872 3589 se
2917 3535 3134 3590 nescire
3191 3534 3511 3599 simulabat,

1879 3630 2010 3700 quia
2027 3628 2296 3684 veraciter
2332 3635 2556 3703 noverat
2602 3635 2802 3682 cuncta
2859 3628 2981 3694 ejus
3011 3644 3181 3698 Opera
3217 3629 3363 3685 bona
3393 3629 3508 3684 exi-

1880 3728 2025 3774 stere
2057 3730 2111 3774 et
2135 3720 2383 3791 utrisque
2410 3718 2693 3788 prodesse.
2735 3717 2903 3792 Igitur
2930 3717 3117 3772 faciles
3159 3718 3235 3771 illi
3264 3734 3506 3773 consen-

1878 3828 1972 3865 sus
1998 3811 2234 3882 praebuit
2255 3811 2319 3864 ad
2348 3810 2532 3865 omnia
2563 3826 2687 3880 quae
2718 3809 3053 3863 desideravit
3082 3826 3096 3875 ;
3133 3825 3254 3863 nam
3284 3826 3385 3865 sua
3408 3826 3506 3866 vo-

1880 3907 2060 3960 luntas
2088 3920 2120 3957 a
2170 3905 2281 3958 Deo
2328 3903 2653 3975 incipiebat.
2698 3911 2754 3958 et
2785 3903 2840 3957 in
2898 3904 3008 3957 Deo
3039 3911 3221 3973 empta
3250 3902 3495 3958 finiebat.

1879 3994 2153 4066 Quicquid
2187 3993 2427 4048 mundus
2452 3992 2780 4047 delectabile
2804 3992 3176 4062 habuit,pene
3199 3999 3373 4047 totum
3405 4008 3503 4062 pro

1880 4101 2068 4140 amore
2094 4083 2293 4137 Christi
2317 4083 2669 4153 contempsit.
2726 4081 2946 4137 Divitias
2993 4096 3106 4136 non
3162 4080 3500 4152 concupivit,

1880 4181 2259 4247 paupertatem
2283 4190 2395 4230 non
2418 4174 2602 4229 timuit
2634 4191 2647 4238 ;
2681 4172 2803 4241 ejus
2858 4187 3058 4226 manus
3099 4186 3320 4243 semper
3350 4170 3503 4245 larga

1879 4266 2352 4338 fuitpauperibus,
2388 4273 2444 4321 et
2473 4266 2541 4320 ab
2596 4264 2904 4319 elemosina
2934 4262 3217 4337 eroganda
3274 4275 3397 4315 raro
3415 4261 3506 4315 in-

1879 4361 2205 4417 veniebatur
2224 4374 2411 4413 vacua.
2470 4358 2780 4430 Numquam
2834 4356 2957 4427 quis
2977 4354 3045 4409 ad
3086 4354 3235 4408 illam
3271 4352 3507 4409 accessit

1877 4449 2097 4515 dolens,
2128 4450 2223 4521 qui
2253 4466 2362 4505 non
2382 4450 2562 4504 abiret
2622 4448 2891 4523 gaudens,
2916 4453 2971 4500 et
3002 4445 3127 4517 quis
3163 4444 3310 4498 illam
3327 4460 3501 4516 egens

1806 4542 2033 4632 Dadiit,
2074 4541 2389 4610 impetravit
2412 4539 2561 4611 quod
2615 4539 2806 4632 voluit.
2841 4536 2934 4590 Sin
2967 4544 3145 4589 autem
3166 4533 3496 4632 quempiam

1882 4630 2359 4701 intellexitaliqua
2404 4630 2455 4684 vi
2491 4627 2752 4699 opprimi,
2798 4634 2893 4680 aut
2941 4640 3037 4694 pro
3066 4624 3276 4679 scelere
3311 4620 3500 4676 crimi-

1877 4722 1963 4775 nis
1998 4736 2220 4776 carcere
2251 4719 2482 4784 includi,
2536 4734 2634 4772 seu
2668 4716 2920 4787 populari
2963 4713 3217 4769 examine
3244 4710 3497 4781 deputari

1877 4809 2059 4876 morti,
2101 4808 2241 4863 nihil
2274 4808 2463 4863 habuit
2499 4806 2810 4869 hilaritatis,
2855 4811 3150 4875 antequam
3180 4799 3500 4856 reconcilia-

1872 4905 2445 4961 vitexaccrbationem
2478 4903 2625 4976 regis
2706 4902 2762 4956 Si
2811 4900 3032 4973 quando
3067 4897 3341 4953 abscessit
3384 4910 3495 4949 non

1871 4998 2149 5066 exaudita,
2182 4998 2232 5053 id
2262 5006 2594 5070 provocante
2622 4994 2831 5070 vulgari
2858 4994 2901 5028 ¹⁶
2938 4990 3235 5059 sententia,
3288 5004 3381 5043 rex
3406 5003 3495 5042 se-

1504 5135 1723 5190 VARUE
1758 5136 2132 5191 LECTIONES.

215 5228 237 5302 ξ
271 5227 382 5281 hiis
418 5229 467 5281 1.
496 5232 824 5302 constanter.
856 5230 877 5263 θ
916 5232 995 5284 ita
1023 5231 1074 5284 1.
1108 5235 1159 5284 et
1186 5232 1238 5285 3.
1281 5233 1341 5284 in
1381 5246 1486 5300 quo
1512 5236 1691 5286 tamen
1741 5250 1848 5288 vom
1887 5238 2076 5302 postea
2120 5248 2277 5287 erasa
2332 5236 2380 5285 et
2411 5231 2519 5302 ipsi
2575 5231 2837 5302 scriptun}
2882 5223 3056 5302 est._f°
3091 5225 3176 5302 ita
3212 5220 3264 5277 3.
3297 5217 3492 5302 ciuitas

146 5300 374 5378 {absque
401 5302 518 5368 per)
549 5299 593 5352 l.
628 5300 667 5333 ¹¹
698 5308 874 5378 potem
916 5304 1142 5378 inserui.
1214 5303 1258 5336 ¹²
1286 5299 1680 5378 nichilonimus
1724 5307 1779 5378 1.

1834 5291 2005 5359 13.2'to
2068 5306 2367 5371 distinguo,
2424 5291 2508 5357 ed.
2563 5291 2700 5371 post.
2743 5297 2943 5370 palma.
2993 5295 3036 5330 ¹¹ο
3083 5294 3198 5371 jam
3250 5291 3411 5371 addit

150 5359 191 5403 ‘5
215 5359 557 5450 et'ing'ressa
595 5371 889 5450 ecclesiam
915 5372 1146 5450 palatio
1202 5374 1506 5450 proximam
1564 5359 1936 5450 Ekkeliurdus
1980 5377 2067 5430 hic
2121 5359 2535 5450 legissepidetur
2561 5359 2642 5427 ita
2668 5359 2937 5426 scribens:
2964 5359 3121 5438 quasi
3165 5365 3286 5435 ipso
3315 5359 3489 5416 inscio

145 5442 412 5506 surrexit,
445 5447 500 5495 et
519 5442 811 5497 ecclesiam
843 5442 1048 5514 palatio
1082 5442 1387 5516 proximam
1420 5445 1687 5518 ingressa.
1727 5448 1769 5481 ¹⁶
1800 5448 1855 5501 id
1884 5446 2125 5503 dictante
2158 5445 2409 5517 pOpulari
2436 5445 2490 5500 2.

1714 5546 1923 5601 NOTAE.

218 5631 325 5713 (ξι)
353 5630 689 5713 Ὗξιὴειιεθῃ
718 5635 771 5689 in
802 5636 1107 5712 Thuringia
1136 5640 1205 5694 ad
1234 5639 1477 5695 Helmam
1530 5657 1702 5713 prope

150 5702 314 5778 Rosia
336 5709 393 5756 et
413 5703 889 5778 §angershausen.

215 5775 329 5842 (‘25)
372 5773 444 5829 cf.
476 5773 717 5832 ch'artam
747 5778 986 5836 Heinrici
1017 5781 1036 5835 l
1070 5782 1218 5855 regis
1248 5783 1302 5838 d.
1345 5784 1415 5839 16
1445 5783 1598 5855 Sept.

1813 5659 1863 5699 a.
1895 5643 2020 5697 919.

1879 5714 1987 5785 (26)
2018 5716 2060 5769 i.
2086 5729 2129 5767 ε.
2161 5712 2412 5769 minime.
