3902 6430
163 410 250 463 897

1209 404 1479 461 5ΑΝΩΤΑΞ
1516 405 1877 460 MATHILDIS
1912 405 2175 460 REGlN/E
2214 406 2380 461 Vl'l‘A.

3370 414 3474 467 898

150 537 254 607 pius
295 535 566 588 revocasti
599 534 669 588 ab
718 534 1012 606 iniquitate
1044 534 1111 589 ad
1139 534 1428 603 justitiam,
1462 544 1516 589 et
1556 536 1752 591 sedulo
1780 540 1827 606 Α
1858 534 2112 599 retinete,
2163 534 2311 605 quod
2346 534 2400 587 in
2452 534 2756 608 Evangelio
2813 535 3019 592 dicitur
3064 539 3308 595 veritatis
3335 557 3469 596 ore:

149 628 407 691 monuisti,
432 629 483 681 vi
514 644 784 699 Oppresso
816 629 996 682 facere
1023 628 1479 683 misericordiam.
1516 629 1669 682 Nunc
1700 638 1752 684 te

149 730 193 777 et
212 729 416 776 nostros
458 721 604 775 ﬁlios
656 722 1027 791 omnipotenti
1062 722 1170 775 Deo
1217 722 1670 775 commendamus
1700 730 1754 776 et

149 814 426 868 electorum
460 814 557 868 Dei
588 814 869 883 precibus,
928 813 1093 867 simul
1133 830 1258 867 cum
1287 814 1492 877 anima,
1532 830 1652 883 quae
1684 815 1753 868 de

149 925 355 979 corpore
379 909 493 977 jam
524 916 608 963 est
662 924 946 963 recessura
979 907 991 961 l
1032 928 1055 957 ››
1091 909 1213 963 Haec
1243 925 1368 963 cum
1419 908 1665 972 dixisset,
1700 915 1754 963 et

148 998 311 1071 regina
346 998 490 1051 haud
519 998 707 1051 minus
764 996 841 1050 illi
903 997 949 1031 “
1009 996 1216 1071 gratias
1243 997 1470 1071 egisset,
1512 1012 1752 1052 maerore

148 1088 288 1156 plena
314 1086 609 1141 ecclesiam
641 1093 724 1141 est
754 1086 1023 1160 ingressa,
1056 1102 1115 1140 se
1145 1102 1354 1158 suaque
1383 1087 1568 1141 omnia
1600 1100 1751 1140 com-

145 1180 392 1234 mendans
423 1181 557 1243 Deo,
590 1179 734 1233 sicut
756 1195 979 1249 semper
1002 1179 1238 1233 solebat.
1283 1179 1505 1233 Interim
1539 1178 1751 1231 disces-

143 1269 201 1321 sit
225 1268 403 1322 anima
433 1269 581 1341 regis
613 1269 682 1322 de
714 1270 994 1341 ergastulo
1023 1268 1223 1323 carnis.
1273 1269 1530 1322 Sentiens
1563 1277 1744 1321 autem

141 1365 309 1412 sancta
337 1358 436 1412 Dei
467 1357 651 1428 plebis
674 1357 1089 1426 lamentatione,
1111 1358 1361 1414 inclitum
1384 1359 1562 1413 virum
1586 1360 1751 1413 rebus

143 1450 382 1503 humanis
407 1451 732 1509 excessisse.
790 1451 1083 1521 prostravit
1131 1467 1190 1505 se
1249 1452 1303 1506 in
1336 1451 1663 1515 orationem,
1697 1457 1751 1505 et

142 1540 303 1610 ipsius
329 1541 571 1595 animam
591 1543 1001 1597 commendavit
1027 1542 1082 1596 in
1104 1542 1300 1597 Christi
1336 1544 1520 1596 fidem.
1559 1544 1753 1597 Postea

140 1648 356 1703 surgens
384 1633 767 1706 interrogavit,
824 1634 869 1688 si
902 1634 1086 1689 adhuc
1111 1635 1625 1707 aliquisjejunaret,
1657 1636 1749 1705 qui

141 1725 321 1778 anima:
347 1724 437 1778 sui
477 1724 689 1779 domini
721 1726 940 1780 missam
973 1727 1299 1781 decantaret
1336 1728 1364 1780 ?
1385 1728 1626 1781 Audiens
1653 1729 1755 1781 hoc

1860 648 1883 678 «
1919 628 2107 682 Omnis
2124 629 2217 699 qui
2250 644 2309 682 se
2336 628 2562 693 exaltat,
2596 629 3001 695 humiliabitur,
3035 634 3475 704 etquisehumi-

1856 720 1971 783 liat,
2003 720 2335 773 exaltabitur
2358 723 2507 790 (Luc.
2538 738 2647 786 xw,
2686 722 2793 787 11),
2831 742 2855 772 ‹‹
2893 724 3016 777 Post
3046 724 3164 779 haec
3187 725 3287 780 rite
3311 742 3473 797 para-

1857 808 1925 861 tis
1953 809 2210 863 omnibus
2237 824 2359 879 qua:
2414 811 2724 863 necessaria
2772 818 2928 865 erant
2958 812 3027 865 ad
3084 811 3268 879 funus,
3302 815 3480 868 maxi-

1855 915 1945 954 mo
1967 915 2090 954 cum
2123 900 2333 955 honore
2381 916 2584 970 corpus
2640 902 2693 956 in
2722 903 3162 975 Quitilingobure
3196 913 3479 976 transpor-

1856 991 2064 1054 tabant,
2098 992 2325 1061 ubiipse
2359 993 2708 1064 requiescere
2739 995 3059 1050 decreverat
3091 1014 3105 1061 ;
3141 997 3331 1070 ibique
3377 1001 3481 1055 ho-

1856 1082 2086 1160 noriﬁce
2119 1084 2467 1138 tradiderunt
2511 1087 2832 1155 sepulturae.
2877 1089 3029 1143 'I‘unc
3056 1089 3247 1161 regina
3303 1107 3476 1146 vene-

1856 1178 2041 1232 rabilis
2085 1194 2251 1247 supra
2305 1188 2664 1234 memoratam
2723 1181 3059 1238 abbatissam
3100 1185 3403 1239 monasteri
3433 1188 3479 1220 ³³

1850 1267 2415 1323 Winithehusinensis
2446 1272 2514 1324 ad
2545 1288 2603 1325 se
2660 1272 2858 1327 iterum
2898 1275 3129 1339 vocavit,
3160 1282 3216 1330 et
3243 1292 3479 1349 congre-

1850 1359 2127 1432 gationem
2169 1360 2275 1413 sibi
2337 1362 2616 1417 subditam
2661 1364 2791 1419 illuc
2835 1365 3113 1421 transferri
3164 1367 3474 1423 admonuit.

1854 1452 2006 1517 Quod
2030 1452 2311 1508 abbatissa
2360 1454 2537 1524 primo
2568 1456 2809 1521 rennuit,
2856 1457 2955 1511 sed
2989 1459 3339 1529 postmodum
3375 1460 3477 1514 im-

1857 1553 2083 1615 perante
2113 1547 2232 1613 ejus
2252 1546 2367 1602 tilio
2400 1548 2596 1603 Ottonc
2618 1550 2921 1604 consensit.

1927 1635 1979 1687 9.
2014 1638 2086 1689 De
2124 1637 2373 1690 electione
2428 1639 2636 1692 Ottom's
2684 1641 2850 1705 regis.
2885 1638 3010 1694 Post
3068 1656 3355 1696 excessum
3392 1641 3482 1695 in-

1857 1726 1970 1779 cliti
2005 1728 2149 1801 regis
2183 1728 2423 1782 Heinrici
2481 1730 2743 1784 ductores
2788 1732 2951 1801 primi
2984 1734 3395 1788 conveniebant
3425 1740 3482 1788 et

144 1812 410 1912 Adeldach
432 1813 475 1846 ’7
508 1813 800 1883 presbiter,
826 1814 1110 1884 respondit
1129 1814 1359 1868 festinus
1392 1832 1405 1868 :
1445 1836 1467 1864 α
1502 1815 1751 1881 Domina,
1784 1846 1831 1912 Β
1857 1818 1925 1871 de
1953 1825 2094 1872 statu
2126 1820 2588 1893 regniconsilium
2621 1822 2915 1877 habebant.
2983 1824 3273 1894 Perplures
3323 1825 3478 1894 diju-

141 1901 373 1955 nondum
403 1902 706 1973 quidquam
730 1903 1092 1977 gustavimus.
1127 1924 1154 1953 υ
1188 1905 1531 1959 Venerabilis
1564 1906 1752 1977 regina
1785 1901 1829 1912 "
1853 1906 2134 1969 dicabant,
2165 1909 2481 1963 Heinricum
2516 1926 2687 1983 regno
2716 1912 2905 1981 potiri,
2955 1914 3084 1984 quia
3144 1923 3310 1968 natus
3338 1922 3486 1970 esset

141 1994 260 2049 olim
288 1995 548 2049 induerat
579 1996 719 2049 duas
750 1996 995 2050 armillas
1041 1995 1178 2049 mira
1210 2005 1327 2050 arte
1367 1998 1592 2063 celatas,
1627 2014 1751 2068 quae

140 2096 278 2144 tanta
304 2088 564 2144 firmitate
592 2090 832 2144 brachiis
871 2090 1085 2144 fuerant
1110 2089 1483 2153 circumdatae,
1544 2098 1603 2145 ut
1631 2091 1752 2144 sine

141 2180 330 2235 auxilio
357 2180 499 2234 fabri
555 2181 871 2235 nullatenus
928 2190 1156 2251 possent
1209 2181 1419 2235 divelli.
1486 2181 1590 2235 Has
1622 2189 1754 2235 tunc

143 2267 361 2325 minimo
396 2280 630 2344 tangens
681 2269 878 2342 digito,
905 2270 1072 2323 citius
1103 2269 1251 2324 dicto
1280 2269 1542 2333 excussit,
1586 2270 1661 2323 ita
1691 2270 1759 2323 ad

144 2363 507 2433 presbiterum
563 2364 798 2419 dicens:
838 2385 862 2415 α
895 2364 1094 2434 Accipe
1141 2365 1240 2418 tibi
1299 2366 1403 2419 hoc
1449 2380 1667 2431 aurum,
1710 2370 1768 2419 et

141 2463 291 2510 cauta
325 2458 552 2511 missam
585 2456 893 2511 animarum
950 2477 974 2506 »
1006 2456 1277 2519 Quamdiu
1332 2457 1479 2510 enim
1536 2472 1769 2511 venera-

143 2546 263 2600 hilis
290 2548 521 2603 domina
549 2549 900 2619 postmodum
922 2548 1075 2611 vixit,
1100 2548 1280 2601 eidem
1310 2547 1626 2618 presbitero
1652 2565 1770 2602 ma-

1854 1996 1909 2051 in
1941 1999 2063 2053 aula
2102 2000 2273 2074 regali
2307 2019 2321 2065 ;
2354 2002 2446 2055 alii
2476 2019 2607 2058 vero
2639 2002 3034 2058 desiderabant
3056 2004 3312 2060 Ottonem
3347 2020 3486 2074 pos-

1852 2087 2034 2141 sidere
2067 2088 2411 2159 principatus
2441 2091 2731 2156 honorem,
2786 2092 2918 2163 quia
2946 2100 3106 2148 aetate
3133 2101 3281 2147 esset
3310 2094 3489 2161 major

1859 2182 1915 2230 et
1943 2176 2179 2231 consilio
2232 2179 2629 2248 providentior.
2682 2180 2821 2245 Quid
2888 2181 3093 2250 plura?
3148 2182 3488 2252 Disponente

1865 2271 2212 2340 providentia
2273 2272 2388 2336 Dei,
2430 2280 2709 2342 sceptrum
2768 2273 3056 2347 regiminis
3091 2275 3259 2329 cessit
3306 2275 3488 2331 Ottoni

1870 2362 2036 2426 (Aug.
2065 2361 2137 2427 8).
2173 2361 2307 2414 lnde
2339 2361 2513 2432 magis
2551 2378 2616 2415 ac
2635 2362 2811 2434 magis
2840 2362 2985 2416 inter
3032 2362 3229 2418 fratres
3288 2379 3489 2419 conva—

1871 2452 2425 2517 lescebatdiscordia,
2484 2469 2607 2523 quae
2660 2452 2805 2507 inter
2860 2454 3011 2523 ipsos
3061 2455 3381 2510 versabatur
3419 2456 3489 2510 ab

1868 2539 2120 2593 infantia.
2177 2540 2407 2593 Assidue
2467 2540 2765 2613 litigantes,
2807 2541 2883 2594 nil
2951 2541 3242 2612 pacificum
3296 2550 3489 2598 mutuo

140 2651 296 2706 gnam
336 2637 872 2711 cxhibuitgratiam,
903 2652 1204 2707 numquam
1239 2637 1465 2691 tradens
1495 2636 1764 2691 oblivioni
1869 2631 2253 2701 loquebantur.
2287 2631 2438 2686 Tunc
2462 2633 2647 2706 regius
2692 2632 2917 2699 juvenis
2973 2633 3265 2689 Heinricus
3318 2635 3492 2690 multa

140 2726 281 2794 quod
336 2726 574 2797 primam
617 2727 838 2780 missam
898 2726 1290 2781 decantaverat
1352 2727 1551 2781 animae
1620 2728 1768 2800 regis
1867 2723 2128 2776 sustinuit
2180 2723 2429 2787 adversa,
2488 2738 2610 2793 quae
2638 2722 2827 2778 inclita
2885 2731 3061 2778 mater
3091 2732 3317 2779 econtra
3343 2727 3494 2779 salu-

141 2813 417 2880 Heinrici;
461 2825 518 2871 et
547 2815 619 2871 ob
669 2832 972 2871 memorem
1032 2831 1254 2870 causam
1311 2816 1478 2884 hujus
1500 2816 1622 2871 facti
1659 2816 1765 2886 ipsi
1870 2815 2077 2870 taribus
2114 2814 2426 2885 disciplinis
2449 2814 2658 2880 lenivit,
2688 2824 2742 2869 et
2780 2815 2978 2870 sedulo
3012 2816 3320 2871 ammonuit
3346 2817 3497 2871 Scri-

140 2906 451 2977 impetravit
480 2909 856 2980 episcopalem
871 2909 1197 2981 dignitatem
1221 2910 1265 2942 ²⁸
1289 2909 1391 2977 (27)
1416 2908 1561 2979 apud
1593 2908 1764 2963 filium
1870 2913 2046 2975 pturaa
2071 2905 2305 2960 dicentis
2340 2924 2351 2956 :
2402 2926 2421 2953 α
2446 2906 2617 2970 Quem
2639 2905 2789 2959 enim
2843 2906 3026 2980 diligit
3058 2907 3345 2973 Dominus,
3370 2923 3495 2962 cor-

137 3014 298 3054 suum
330 3001 585 3056 Ottonem
644 3001 776 3056 Cum
807 3008 991 3056 autem
1046 3001 1199 3055 finita
1243 3009 1392 3056 esset
1432 3001 1597 3055 missa
1636 3002 1765 3055 ani-
1870 2996 2019 3066 ripit,
2050 3003 2103 3050 et
2159 2997 2316 3067 quasi
2368 3004 2524 3067 pater
2571 2996 2628 3050 in
2696 2996 2810 3052 ﬁlio
2835 2997 3143 3067 complacet
3180 2997 3283 3052 sibi
3317 3001 3493 3067 (Prov.

138 3104 372 3158 marum,
406 3090 602 3165 regina
629 3090 769 3145 flens
801 3090 1024 3145 intravit
1053 3090 1391 3155 cubiculum,
1427 3089 1523 3143 ubi
1548 3090 1769 3158 jacebat
1872 3101 1952 3146 ιιι,
1990 3085 2104 3153 12).
2145 3107 2164 3135 ι
2201 3084 2296 3139 Hic
2334 3085 2505 3139 multa
2548 3087 2619 3139 de
2672 3085 2943 3157 angustiis
2993 3085 3116 3153 ejus
3169 3086 3501 3155 praetermit-

136 3191 338 3248 corpus
367 3185 743 3245 mortuum,et
771 3180 919 3233 intus
956 3178 1172 3233 invenit
1215 3178 1427 3250 regales
1457 3177 1600 3233 filios
1631 3179 1773 3234 mul-
1800 3216 1843 3277 Γ
1873 3187 2084 3245 tuntur,
2116 3195 2246 3250 quia
2260 3178 2305 3233 si
2338 3194 2439 3248 per
2466 3178 2686 3251 singula
2734 3180 3111 3246 volverentur,
3142 3180 3498 3235 narrantibus

138 3276 245 3323 tum
276 3270 655 3336 lacrimantes,
709 3270 988 3341 simulque
1020 3286 1143 3324 cum
1176 3270 1259 3324 eis
1310 3286 1506 3326 omnes
1530 3271 1766 3326 militum
1801 3261 2031 3323 “simul
2054 3278 2109 3323 et
2140 3269 2451 3342 legentibus
2483 3268 2690 3338 prolixa
2730 3268 3073 3323 viderentur.
3104 3269 3343 3324 Tandem
3378 3287 3498 3325 me-

137 3361 439 3433 principes.
485 3363 611 3418 Haec
627 3371 686 3417 ut
701 3363 835 3417 vidit
866 3362 1054 3417 inclita
1083 3362 1302 3433 regina,
1335 3362 1565 3417 decoras
1596 3380 1769 3434 genas
1870 3360 2048 3415 diator
2069 3361 2313 3414 Christus
2366 3360 2527 3414 Jesus
2578 3360 2776 3414 nolens
2804 3359 2999 3415 fratres
3030 3360 3174 3415 inter
3197 3377 3254 3415 se
3286 3361 3498 3416 diutius

136 3450 377 3508 lacrimis
425 3460 511 3509 est
570 3452 813 3523 perfusa,
859 3460 913 3507 et
951 3452 1193 3507 exanimi
1233 3452 1485 3522 corporis
1525 3453 1769 3522 pedibus
1869 3452 2208 3516 discordare,
2246 3467 2343 3521 per
2381 3459 2586 3505 sanctae
2629 3453 2819 3506 matris
2863 3451 3124 3507 meritum
3181 3452 3306 3508 illos
3361 3469 3498 3508 con-

136 3546 427 3613 provoluta
482 3544 829 3600 amarissime
886 3543 1074 3611 ﬂebat,
1116 3544 1260 3599 sicut
1289 3547 1641 3601 venerandus
1672 3564 1765 3601 rex
1873 3540 2120 3595 cordavit
2150 3541 2206 3594 in
2237 3556 2412 3595 unum
2462 3542 2570 3609 (an.
2637 3540 2914 3608 939-941).
2950 3540 3077 3595 Post
3116 3541 3235 3595 haec
3257 3557 3353 3595 rex
3379 3541 3499 3597 Otto

138 3652 339 3709 ergase
371 3646 780 3710 promeruerat.
814 3639 923 3693 Sed
956 3644 1161 3693 tantam
1215 3637 1292 3691 illi
1328 3639 1474 3693 Deus
1503 3640 1763 3694 contule-
1866 3632 2112 3704 praefecit
2153 3632 2376 3687 fratrem
2459 3647 2619 3685 suum
2674 3631 2991 3686 Heinricum
3062 3632 3261 3687 ducem
3331 3648 3502 3702 super

136 3737 213 3783 rat
229 3731 469 3805 gratiam
512 3738 570 3787 et
598 3738 708 3787 tam
739 3731 1073 3787 laudabilem
1106 3734 1546 3804 temperantiam,
1577 3742 1636 3789 ut
1663 3751 1767 3790 nec
1870 3727 2273 3783 Baowariorum
2303 3736 2526 3801 gentem
2570 3736 2681 3789 (an.
2723 3726 2876 3793 946).
2899 3726 3134 3780 Sanctus
3200 3741 3329 3781 vero
3362 3727 3500 3780 Bru-

135 3820 666 3891 perimpatientiam
733 3821 885 3875 illum
943 3819 1271 3889 offenderet,
1299 3830 1353 3878 et
1384 3831 1565 3878 tamen
1599 3825 1767 3899 digne
1870 3839 1963 3887 no,
1996 3830 2156 3878 aetate
2210 3823 2495 3887 minimus,
2565 3822 2747 3876 adhuc
2800 3820 3042 3894 degebat
3090 3820 3193 3875 sub
3260 3837 3499 3876 censura

133 3910 277 3985 regis
298 3912 521 3968 obitum
576 3913 880 3985 plangeret.
929 3915 1081 3969 Tune
1134 3914 1262 3970 filiis
1308 3916 1377 3970 ad
1430 3932 1491 3971 se
1535 3918 1767 3983 vocatis,
1870 3911 2123 3966 litteralis
2161 3911 2489 3981 disciplinae,
2548 3917 2603 3964 et
2654 3910 2776 3965 lata
2805 3910 2993 3964 indole
3049 3910 3118 3963 de
3139 3908 3231 3963 die
3262 3908 3320 3963 in
3345 3908 3496 3963 diem

136 3999 339 4055 talibus
367 4017 472 4056 eos
538 4001 725 4056 verbis
775 4003 1084 4070 admonuit,
1141 4004 1380 4060 dicens:
1422 4033 1441 4050 -
1475 4006 1513 4061 Ο
1553 4005 1650 4060 filii
1684 4006 1773 4060 ka-
1875 4004 2199 4073 proficiebat
2244 4004 2300 4058 in
2343 4002 2540 4056 Christi
2593 4001 2878 4058 servitute.
2927 4001 3060 4056 Cum
3106 4007 3288 4055 autem
3312 3999 3497 4071 profe-

137 4086 359 4154 rissimi,
398 4092 525 4146 haec
581 4091 778 4148 sedulo
800 4092 1046 4148 inducite
1075 4102 1271 4150 vestrae
1299 4095 1470 4150 menti
1502 4096 1567 4149 ’9.
1602 4097 1773 4151 Deum
1876 4097 2041 4150 cisset
2066 4103 2227 4150 aetate
2255 4102 2310 4150 et
2338 4094 2630 4164 sapientia,
2673 4111 2764 4148 rex
2797 4093 3047 4163 adjunxit
3085 4109 3211 4147 eum
3253 4092 3356 4146 sibi
3398 4108 3499 4162 per

137 4183 327 4240 timete
356 4185 426 4253 3°,
462 4192 520 4240 et
550 4185 730 4255 ipsum
763 4185 820 4240 in
871 4186 1133 4242 omnibus
1156 4204 1378 4260 semper
1406 4190 1675 4245 honorate
1705 4190 1773 4256 3‘,
1876 4203 2127 4243 amorem
2159 4185 2517 4242 fraternitatis
2543 4186 2599 4240 in
2647 4186 3015 4241 ministerium
3045 4184 3492 4256 archicapellani.

135 4274 226 4344 qui
259 4276 395 4330 talia
430 4283 636 4347 potens
657 4285 741 4331 est
766 4275 966 4331 facere.
1004 4277 1101 4332 Hic
1127 4278 1326 4333 merito
1359 4288 1586 4333 vocatur
1615 4295 1706 4333 rex
1722 4285 1776 4333 et
1880 4283 2103 4337 Interim
2135 4282 2276 4337 obiit
2301 4279 2604 4353 Wigfridus
2631 4281 2717 4334 vir
2768 4280 3140 4345 venerandus,
3185 4279 3281 4351 qui
3323 4278 3511 4333 archi-

136 4365 425 4434 dominus,
457 4368 556 4439 qui
588 4376 792 4423 tantam
826 4375 1150 4439 potestatem
1184 4370 1408 4425 exhibet
1438 4371 1778 4442 pauperibus
1879 4373 2257 4445 episcopalem
2303 4372 2547 4428 Colonize
2597 4373 2788 4427 sedem
2838 4371 3084 4443 possedit
3117 4389 3131 4437 ;
3182 4378 3238 4425 et
3275 4386 3509 4426 munere

137 4464 189 4512 et
218 4458 519 4515 divitibus.
548 4458 804 4514 Desistite
828 4460 944 4528 jam
999 4461 1335 4516 contendere
1387 4477 1484 4532 pro
1518 4462 1769 4519 transito-
1797 4515 1853 4537 “
1879 4465 2107 4537 superni
2139 4465 2489 4537 dispositoris
2510 4464 2755 4521 Brunbni
2788 4464 2954 4519 cessit
2983 4463 3319 4534 episcopalis
3332 4465 3513 4519 honor

137 4552 215 4607 ria
244 4554 535 4628 dignitate
567 4570 583 4618 ;
615 4553 779 4608 talem
828 4515 1015 4609 'finem
1072 4554 1220 4625 capit
1259 4515 1443 4611 omnis
1498 4515 1855 4611 mundanaD
1884 4515 2297 4632 dignitatism‘n.
2351 4558 2497 4619 953i.
2546 4558 2785 4612 Ascenso
2856 4556 2902 4589 ³³
2954 4515 3065 4627 (Ξέ)
3125 4515 3306 4610 aurtem
3360 4562 3513 4611 tanto

136 4642 332 4713 gloria.
372 4645 581 4699 Beatus
629 4652 713 4698 est
764 4643 877 4713 ille.
928 4644 1024 4715 (Ιυὶ
1077 4644 1184 4698 Sibi
1245 4652 1517 4716 praeparat
1575 4652 1784 4701 wlerna
1884 4652 2127 4709 culmine
2151 4651 2461 4722 potestatis,
2518 4666 2870 4721 nequaquam
2920 4649 3027 4705 sibi
3074 4650 3203 4706 inde
3230 4650 3516 4705 crescebat

137 4750 365 4807 semper
415 4735 826 4807 permanentia.
860 4735 971 4790 Nec
1036 4736 1164 4791 inde
1193 4745 1378 4791 vester
1403 4738 1623 4793 animus
1650 4754 1782 4793 con-
1886 4747 2069 4795 tumor
2088 4739 2344 4795 elationis
2375 4759 2392 4803 ;
2421 4739 2521 4795 sed
2543 4747 2733 4794 sancta
2757 4755 2918 4794 mens
2941 4739 3191 4810 episcOpi
3241 4755 3300 4794 se
3331 4740 3516 4810 potius

137 4826 411 4896 tristetur,
450 4827 582 4900 quis
607 4837 852 4884 vestrum
877 4828 1034 4884 alteri
1067 4836 1440 4900 praeponatur.
1471 4829 1787 4886 Memoriter
1889 4830 2175 4886 inclinavit
2205 4829 2522 4898 humilitati,
2563 4830 2699 4885 illud
2766 4830 2823 4885 in
2863 4830 3135 4913 memoria
3181 4830 3512 4898 recondens,

1515 5008 1734 5063 VARl/E
1774 5008 2155 5064 LECTIONES.

203 5132 263 5209 {5A
283 5132 365 5188 illi
404 5148 515 5209 pro
547 5131 805 5209 omnibus
836 5133 998 5209 bonis
1036 5132 1245 5209 sibi_ab
1276 5150 1342 5189 eo
1376 5135 1619 5209 benigne
1656 5135 1922 5209 impensis
1977 5135 2186 5209 gratias
2239 5135 2292 5209 2.
2340 5135 2491 5209 “vta
2520 5135 2574 5189 2.
2607 5135 2837 5189 adeldac
2867 5136 2915 5188 1.
2951 5133 2993 5168 ³⁸
3023 5135 3078 5188 in
3110 5133 3319 5209 Bremis
3346 5132 3509 5187 addit

140 5205 189 5258 1.
222 5206 268 5240 ²⁹
303 5203 517 5270 menti,
552 5205 1024 5276 quemadmodum
1051 5205 1278 5274 sapiens
1308 5203 1539 5276 quidam
1559 5222 1660 5261 nos
1692 5203 1945 5261 hortatur
1972 5203 2166 5261 dicens
2195 5223 2207 5260 :
2240 5206 2398 5260 Omni
2445 5214 2690 5276 tempore
2723 5221 3026 5260 memorare
3059 5203 3358 5276 novissima
3391 5213 3504 5265 tua,

140 5277 269 5348 etin
301 5275 592 5348 aeternum
628 5291 738 5331 non
773 5276 1052 5346 peccabis.
1088 5277 1286 5348 verum
1308 5275 1402 5348 qui
1438 5294 1530 5331 rex
1563 5284 1645 5332 est
1676 5285 1731 5332 et
1762 5278 2024 5332 dominus
2079 5292 2299 5348 semper
2351 5277 2537 5332 timete
2563 5275 2569 5276 ⁷
2593 5286 2648 5331 et
2682 5278 2968 5341 honorate,
3001 5275 3097 5348 qui
3127 5291 3238 5348 nos
3257 5276 3509 5348 deterra

142 5347 444 5420 plasmavit
477 5355 537 5401 et
575 5347 859 5420 interram
886 5348 1065 5402 redire
1119 5347 1268 5413 facit,
1305 5346 1399 5419 qui
1429 5348 1748 5403 dominatur
1778 5350 1835 5403 in
1866 5364 2037 5420 regno
2096 5346 2382 5405 hominum
2408 5357 2488 5420 "et
2514 5348 2846 5419 cuicumque
2886 5346 3124 5402 voluerit
3154 5347 3309 5401 dabit
3342 5346 3501 5411 illud,

139 5426 191 5472 et
219 5419 612 5475 humillimum
637 5417 918 5473 hominem
950 5420 1252 5473 constituet
1288 5417 1459 5489 super
1484 5436 1571 5475 eo.
1609 5420 1787 5476 Nolite
1819 5417 2180 5486 contendere,
2249 5426 2353 5475 etc.
2398 5419 2450 5474 2.
2481 5420 2656 5488 Igitur
2710 5417 2796 5474 hic
2826 5421 3073 5489 quaedam
3112 5422 3318 5474 omissa
3342 5422 3490 5473 sunt.

140 5490 184 5523 ³ο
202 5491 409 5546 timere
439 5491 466 5544 1
484 5529 498 5542 .
532 5489 573 5523 3|
617 5489 891 5545 honorare
917 5491 969 5544 1.
994 5489 1039 5525 ³³
1068 5491 1213 5546 deest
1238 5492 1288 5545 1.
1314 5490 1359 5525 ³⁸
1377 5506 1612 5547 accenso
1654 5493 1707 5549 1.

1704 5617 1899 5673 NOTAE
1932 5659 1944 5672 .

456 5714 932 5859 ῗὶῗιϐόιὲἒιξυᾶἱὲἶη
965 5787 1257 5852 Brunonis,
1298 5802 1347 5842 c.
1370 5787 1441 5843 3O
1471 5805 1484 5841 :
1518 5794 1683 5858 caput
1719 5788 1755 5841 5
1784 5786 1916 5842 Vitae
1942 5785 2169 5843 alterius
2198 5802 2266 5842 ex
2296 5792 2485 5842 nostro
2510 5787 2905 5858 transcriptum
2942 5792 3051 5843 est.
