3902 6454
430 407 536 464 899

1494 397 1765 454 SANCTXE
1804 395 2160 451 MATHILDIS
2200 395 2464 451 ΒΕΟΙΝᾹΞ
2502 398 2672 453 νιτΑ.

3678 403 3771 460 900

433 536 579 606 quod
632 534 916 603 Scriptura
945 537 1227 585 ammonet
1276 528 1470 582 dicens
1508 551 1535 576 κ
1567 525 1783 590 Quanto
1812 537 2047 597 magnus
2076 527 2123 593 Α
2149 525 2560 597 obsequiis,sed
2591 527 2889 582 incedebat
2925 529 3047 582 sine
3092 529 3335 585 humano
3368 529 3581 596 favore,
3606 530 3770 602 gratia

432 645 513 694 es,
535 627 765 681 humilia
797 634 848 680 te
889 626 944 679 in
976 625 1237 679 omnibus
1276 623 1441 691 (Eccl.
1485 637 1564 686 ιιι,
1601 617 1715 689 20).
1750 638 1779 667 ι)
1812 615 2046 690 Pervigil

431 716 533 771 fuit
571 715 865 786 sapientia,
926 712 1215 785 placabilis
1266 711 1494 765 lenitate
1544 708 1737 774 nimia,
1778 704 2055 775 serpentis

431 805 688 859 astutiam
729 820 852 859 cum
873 803 994 877 lege
1026 800 1345 865 custodivit,
1378 807 1433 853 et
1471 795 1743 853 columba:
1783 791 2055 863 simplicis

428 900 674 955 animum
701 914 813 954 non
867 898 1070 952 amisit.
1109 897 1341 971 Gregem
1374 894 1483 949 sibi
1524 890 1882 948 commissum
1914 887 2054 941 dile-

360 1026 363 1029 ‹
428 994 523 1058 xit,
567 1000 621 1047 et
652 1008 750 1063 per
779 991 1035 1046 baculum
1066 989 1373 1060 discipline
1402 987 1606 1041 multos
1633 985 1702 1039 ab
1734 997 1924 1038 errore
1947 979 2059 1034 eri-

430 1085 567 1156 puit,
592 1086 860 1156 quosdam
922 1083 1310 1139 collationibus
1366 1079 1605 1135 assiduae
1665 1073 2058 1146 disputationis

425 1177 492 1231 ad
520 1176 750 1231 meliora
783 1177 1011 1241 ducens,
1047 1175 1320 1247 quosdam
1349 1172 1583 1244 placida}
1616 1169 1933 1226 maturitate
1964 1166 2061 1221 do-

426 1266 615 1321 ctrina
654 1265 933 1320 desiderio
962 1275 1167 1319 sanctae
1211 1260 1650 1318 conversationis
1694 1257 1949 1329 implens.
1996 1255 2055 1308 In

426 1358 705 1412 sermone'
743 1357 923 1411 fuerat
970 1356 1138 1423 mitis,
1181 1356 1239 1409 in
1284 1353 1539 1409 doctrina
1591 1349 1835 1413 humilis,
1872 1347 2047 1402 malo-

425 1462 542 1500 rum
598 1435 904 1500 acerrimus
954 1445 1285 1510 destructor,
1354 1459 1415 1497 er
1469 1441 1717 1497 veritatis
1764 1437 2046 1493 studiosus

421 1546 699 1605 assertor;
744 1537 1049 1592 humilibus
1136 1536 1394 1601 blandus,
1471 1532 1733 1605 superbis
1796 1544 2043 1594 severus,

420 1632 692 1695 Quosdam
736 1630 878 1684 intra
903 1636 1061 1700 septa
1080 1628 1266 1702 gregis
1296 1626 1627 1697 suscipiens,
1657 1640 1723 1678 ex
1771 1621 1879 1693 ipis
1917 1636 2047 1675 oves

418 1718 566 1785 fecit,
598 1720 738 1775 alios
764 1726 915 1773 extra
969 1726 1127 1787 septa
1182 1715 1463 1770 enutrivit.
1527 1715 1589 1768 Et
1615 1710 1887 1784 quidquid
1907 1708 2048 1763 alios

421 1812 631 1879 docuit,
666 1812 786 1881 ipse
839 1810 1076 1882 primum
1137 1807 1403 1879 implevit.
1461 1806 1686 1861 Necnon
1744 1802 1803 1857 in
1856 1800 2051 1856 eadem

420 1901 645 1958 civitate
671 1899 911 1954 extruxit
949 1913 1112 1969 quam
1172 1896 1410 1968 plurima
1449 1894 1798 1950 monasteria.
1838 1894 1898 1946 In
1929 1907 2051 1945 om-

422 1996 592 2051 nibus
623 1996 787 2050 etiam
821 1993 1001 2049 extitit
1031 1993 1187 2047 fortis
1222 1992 1429 2045 athleta
1459 1989 1556 2045 Dei
1586 1996 1641 2044 et
1671 1992 2050 2059 propugnator

419 2087 740 2142 Christiana:
766 2086 916 2141 fidei.
955 2085 1095 2150 Quid
1151 2083 1377 2151 mirum,
1433 2081 1578 2137 ﬁlios
1634 2081 1692 2135 in
1750 2081 1895 2134 bono
1927 2094 2050 2148 pro-

419 2176 587 2231 licere
643 2190 878 2247 quorum
908 2183 1084 2229 mater
1136 2188 1436 2243 numquam
1470 2170 1721 2226 cessabat
1763 2170 1874 2223 Deo
1930 2184 2050 2222 ser-

420 2273 538 2328 vire
573 2271 602 2324 τ

489 2366 576 2420 10.
613 2366 859 2432 Qualiter
882 2370 1005 2435 post
1031 2366 1238 2419 obitum
1266 2365 1462 2419 mariti
1478 2363 1622 2416 uixit
1677 2358 1810 2423 Quis
1837 2355 2044 2426 scripto

414 2454 560 2509 valet
587 2455 1064 2525 comprehendere
1087 2453 1172 2508 vel
1203 2455 1364 2523 cujus
1392 2454 1581 2525 lingua
1614 2448 1818 2521 poterit
1866 2445 2046 2516 expli-

415 2559 563 2608 care,
598 2560 763 2614 quam
782 2543 1058 2615 gloriosus
1088 2558 1243 2597 amor
1292 2541 1488 2595 Christi
1518 2541 1748 2613 ﬂagrare
1787 2535 1959 2606 cwpit
1989 2533 2045 2587 in

418 2643 601 2691 mente
631 2635 862 2689 illustris
883 2632 1085 2704 reginae
1118 2631 1434 2685 Mahthildis
1474 2636 1598 2701 post
1627 2627 1841 2684 obitum
1876 2627 2044 2680 Hein-

418 2728 515 2782 rici
546 2727 694 2800 regis
722 2725 750 2777 ?
777 2723 1003 2778 Stabilis
1058 2722 1363 2793 permansit
1411 2722 1467 2775 in
1521 2720 1654 2787 fide,
1721 2719 1950 2774 humilis
1989 2717 2043 2771 in

418 2818 513 2871 Dei
545 2817 778 2881 timore;
829 2815 1099 2884 cujusque
1155 2812 1464 2883 disciplinae
1510 2826 1726 2866 memor
1756 2810 1956 2875 extitit,
1990 2815 2045 2864 et

410 2905 684 2975 justitiam
717 2921 838 2959 cum
898 2902 1171 2976 religione
1215 2901 1479 2967 retinuit;
1514 2900 1581 2954 ad
1635 2914 1855 2956 omnem
1902 2900 2041 2955 tole-

418 2995 648 3050 rantiam
692 2993 874 3059 fortis,
932 2999 987 3047 et
1041 2992 1108 3045 ad
1167 2990 1550 3045 sustinendam
1578 2989 1837 3059 injuriam
1868 2989 2038 3056 mitis,

416 3090 596 3146 facilis
630 3090 674 3123 ³⁵
705 3089 774 3144 ad
801 3088 1112 3143 faciendam
1136 3086 1595 3153 misericordiam,
1618 3102 1817 3158 gerens
1847 3102 2035 3157 pacem

2156 618 2353 676 Christi
2381 636 2569 676 secum
2619 622 2966 688 comitante;
3007 639 3216 693 pernox
3258 624 3315 677 in
3372 624 3623 679 oratione
3671 640 3769 679 non

2156 707 2410 762 cessabat
2457 709 2566 764 Deo
2625 711 2850 765 servire.
2913 711 3420 784 Quotienscumque
3485 712 3768 767 ecclesiam

2156 798 2397 866 intravit,
2430 816 2731 872 numquam
2758 818 2931 857 vacua
2982 819 3146 857 manu
3194 803 3262 857 ad
3323 803 3491 858 altare
3521 804 3768 871 accessit,

2159 907 2262 946 nec
2287 907 2420 967 rege
2450 893 2671 948 vivente
2704 911 2807 949 nec
2856 894 2910 948 in
2962 894 3233 949 viduitate
3288 895 3326 950 Ο
3348 912 3514 967 quam
3547 895 3771 951 feliciter

2163 986 2569 1042 consummavit
2617 988 3026 1060 longitudinem
3071 992 3248 1047 noctis
3289 992 3345 1046 in
3390 990 3544 1046 omni
3597 990 3770 1044 studio

2162 1073 2519 1147 boniOperis,
2561 1084 2615 1132 et
2643 1095 2808 1149 quam
2852 1079 3107 1135 familiari
3154 1098 3291 1138 voce
3337 1082 3407 1136 ad
3452 1082 3625 1136 Deum
3671 1080 3770 1134 cla-

2160 1166 2327 1221 mavit
2357 1174 2411 1222 et
2430 1169 2647 1223 veniam
2702 1178 3054 1241 peccatorum
3106 1172 3424 1244 postulavit,
3467 1179 3521 1227 et
3557 1170 3770 1243 qualem

2158 1270 2281 1310 cum
2333 1259 2538 1313 sanctis
2586 1261 2879 1316 animabus
2941 1262 3143 1317 meruit
3195 1261 3400 1316 habere
3457 1260 3771 1325 amicitiam,

2151 1354 2354 1424 quibus
2383 1371 2414 1408 a
2446 1354 2660 1410 Christo
2699 1354 3011 1426 imploravit
3060 1357 3309 1427 requiem
3340 1354 3770 1426 sempiternam!

2146 1446 2285 1500 Ante
2327 1445 2455 1517 galli
2506 1454 2726 1501 cantum
2784 1453 2960 1501 totum
3021 1444 3276 1500 ﬁniverat
3303 1446 3650 1517 psalterium,
3678 1447 3770 1501 nisi

2147 1534 2415 1590 brevitate
2461 1535 2639 1590 noctis
2692 1534 3073 1605 impediretur.
3107 1534 3367 1590 Sentiens
3408 1542 3593 1590 autem
3646 1544 3774 1589 tem-

2147 1643 2252 1697 pus
2281 1627 2731 1699 appropinquare
2783 1643 2893 1699 quo
2922 1628 3287 1684 conveniebat
3329 1628 3374 1662 3°
3425 1630 3774 1684 nocturnales

2151 1718 2346 1774 laudes
2373 1719 2662 1787 celebrari,
2692 1720 2921 1775 recessit
2951 1719 3018 1774 ad
3073 1720 3390 1774 cubiculum
3422 1735 3549 1774 cum
3599 1720 3772 1775 silen-

2151 1816 2250 1882 tio,
2283 1823 2338 1871 et
2365 1816 2645 1871 nesciente
2672 1816 2857 1886 aliquo
2916 1814 3205 1871 collocavit
3237 1830 3296 1869 se
3324 1815 3381 1869 in
3413 1815 3583 1880 lecto,
3618 1815 3773 1886 quasi

2152 1916 2319 1964 totam
2350 1915 2570 1963 noctem
2628 1907 2743 1962 illic
2792 1906 3121 1963 dormienda
3182 1906 3388 1979 egisset
3414 1916 3472 1961 et
3498 1923 3773 1978 nusquam

2147 1994 2278 2048 inde
2300 1996 2497 2066 pedem
2531 1994 2814 2052 movisset.
2840 1997 2971 2052 Dato
3002 2007 3184 2052 autem
3233 1998 3394 2070 signo
3448 1998 3517 2052 ad
3552 2007 3775 2055 noctur-

2152 2103 2242 2150 na,
2293 2088 2438 2143 haud
2493 2089 2683 2164 segnis
2729 2088 2989 2157 surrexit,
3058 2096 3111 2145 et
3163 2091 3518 2162 properando
3578 2092 3775 2147 iterum

2151 2179 2374 2236 intravit
2406 2181 2746 2247 ecclesiam,
2797 2180 3013 2235 divinas
3078 2181 3267 2236 laudes
3322 2182 3676 2249 auscultans,
3730 2190 3777 2236 et

2150 2268 2360 2324 intento
2386 2269 2555 2324 corde
2611 2269 2928 2325 orationum
2980 2269 3242 2325 instantia
3294 2271 3598 2326 desudans.
3660 2272 3773 2326 Post

2149 2364 2475 2413 nocturnam
2526 2373 2658 2413 vero
2730 2357 2992 2413 omnibus
3042 2358 3304 2432 egressis,
3371 2358 3521 2416 intus
3575 2360 3776 2414 mansit

2140 2449 2330 2517 januis
2349 2450 2570 2515 clausis,
2600 2450 2777 2505 oculis
2825 2466 2889 2504 ac
2945 2450 3203 2505 manibus
3236 2451 3535 2506 intendens
3573 2451 3636 2505 in
3669 2467 3776 2505 cu:-

2146 2543 2282 2610 lum,
2313 2542 2577 2599 invictum
2628 2542 2699 2596 ab
2758 2543 3009 2598 oratione
3062 2559 3175 2599 non
3206 2544 3466 2599 relaxavit
3496 2523 3773 2615 Spiritum.

2145 2651 2325 2706 usque
2374 2635 2504 2689 dum
2558 2649 2759 2690 aurora
2802 2632 2943 2688 lucis
2998 2632 3249 2688 umbram
3299 2632 3517 2703 depulit
3568 2634 3770 2688 noctis.

2149 2727 2340 2783 Postea
2372 2727 2623 2798 ingressa
2673 2724 3013 2790 cubiculum,
3065 2723 3351 2779 reclinavit
3377 2732 3460 2790 {se
3493 2724 3777 2795 paulisper

2143 2823 2214 2877 ad
2243 2821 2731 2893 requiescendum,
2763 2827 2823 2874 ut
2845 2819 2987 2874 lassa
3011 2819 3262 2874 membra
3299 2818 3578 2885 reticeret,
3613 2836 3686 2874 ne
3716 2819 3766 2873 in

2143 2913 2407 2969 famulatu
2462 2913 2663 2968 Christi
2741 2912 3004 2969 deficeret
3079 2913 3143 2967 ‘0.
3213 2911 3440 2967 Interim
3507 2911 3773 2967 conﬂuxit

2143 3005 2440 3061 multitudo
2494 3022 2821 3077 pauperum,
2903 3005 2971 3059 de
3052 3005 3172 3073 ejus
3217 3021 3381 3059 manu
3462 3012 3771 3075 acceptura

2138 3101 2342 3156 victum
2387 3108 2444 3156 et
2508 3100 2788 3155 vestitum.
2858 3100 3097 3164 Quorum
3170 3099 3469 3155 clamorem
3530 3114 3666 3154 mox
3719 3106 3771 3151 ut

412 3183 729 3238 fraternam.
776 3183 833 3236 ln
879 3179 1138 3236 omnibus
1160 3179 1282 3248 ejus
1308 3178 1524 3234 actibus
1555 3187 1610 3233 et
1638 3178 2042 3234 confabulatio-
2148 3190 2447 3262 persensit,
2478 3189 2716 3263 impigre
2748 3189 2818 3244 de
2847 3203 3043 3244 somno
3074 3189 3116 3223 ιι
3147 3187 3383 3243 surrexit
3409 3206 3426 3254 ;
3461 3189 3775 3243 esurientes

413 3278 577 3332 nibus
636 3276 932 3331 laudabilis
989 3275 1248 3345 apparuit
1315 3274 1551 3345 gravitas
1605 3281 1659 3328 et
1715 3273 2040 3327 admiranda

414 3366 679 3440 dignitas,
707 3372 928 3435 tamque
986 3380 1046 3417 se
1109 3363 1399 3417 honestam
1451 3361 1782 3417 exhibuitin
1802 3363 2037 3433 pudore,

413 3459 787 3530 utperplures
815 3459 860 3491 ³⁵
914 3457 1319 3512 arbitrarentur
1374 3456 1524 3512 illam
1567 3473 1688 3512 esse
1740 3458 2036 3530 virginem,

412 3550 469 3603 ni
508 3550 777 3604 vidissent
831 3549 877 3582 ³⁸
931 3549 1212 3622 egregiam
1272 3548 1444 3619 prolis
1500 3547 1946 3603 fcecunditatem.
1998 3549 2036 3603 0

410 3646 617 3711 quanta
649 3638 952 3693 reverentia
1005 3638 1098 3692 Dei
1148 3636 1396 3693 timoris!
1458 3637 1691 3709 Semper
1714 3637 2039 3692 intendebat

408 3732 593 3788 studio
619 3732 885 3787 orationis
913 3739 967 3786 et
1022 3749 1186 3804 quam
1244 3733 1287 3766 ³⁷
1338 3732 1462 3788 forti
1496 3732 1686 3788 animo
1717 3748 1776 3787 se
1818 3749 2037 3805 praepa-

411 3826 549 3881 ravit
604 3826 671 3878 ad
734 3825 1100 3879 resistendum
1152 3824 1401 3891 diabolo,
1461 3823 1790 3879 ﬁducialiter
1837 3841 2037 3897 gerens

409 3926 625 3973 scutum
657 3917 995 3972 fortitudinis
1048 3918 1118 3971 ad
1162 3918 1590 3990 expugnandum
1645 3918 1911 3973 secularis
1939 3935 2039 3988 pe-

409 4009 567 4083 lagus
625 4007 1022 4079 temptationis.
1079 4008 1434 4064 Transitoriis
1490 4009 1638 4063 enim
1707 4009 1875 4063 rebus
1922 4025 2034 4064 non

410 4097 712 4168 implicata,
741 4097 1017 4152 Christum
1069 4097 1419 4153 solummodo
1449 4106 1638 4153 secuta
1691 4104 1792 4152 est.
1851 4098 2036 4154 Noctis

407 4193 519 4262 (29)
576 4207 799 4264 quoque
853 4198 1124 4262 tempore,
1183 4192 1406 4263 quando
1469 4193 1728 4247 omnibus
1776 4208 1899 4247 mos
1934 4199 2035 4248 .est

408 4285 782 4355 requiescere,
828 4284 1117 4339 collocavit
1160 4284 1297 4339 sein
1343 4284 1485 4339 lecto
1518 4285 1675 4356 quasi
1707 4301 1872 4339 causa
1892 4285 2030 4340 dor-

405 4380 720 4447 miendi,ut
770 4382 851 4434 sic
902 4382 1109 4435 celaret
1155 4379 1520 4435 intentionem
1571 4380 1759 4450 operis
1789 4379 1942 4445 boni,
1977 4389 2033 4435 et

2146 3283 2582 3339 misericorditer
2637 3299 2891 3353 pascens,
2937 3291 2992 3338 et
3045 3283 3224 3338 nudos
3279 3283 3637 3338 vestimentis
3686 3284 3771 3338 in-

2141 3378 2345 3443 duens,
2379 3392 2490 3433 non
2522 3376 2797 3432 dubitavit
2826 3392 2885 3431 se
2921 3376 3121 3431 Christi
3161 3375 3411 3431 membra
3451 3383 3647 3448 tegere
3678 3376 3773 3432 sub

2140 3469 2370 3541 in0pum
2401 3478 2572 3526 veste.
2606 3469 2817 3534 Quibus
2845 3469 3012 3525 etiam
3046 3468 3287 3535 refectis,
3341 3475 3400 3523 et
3423 3485 3551 3541 quia
3579 3485 3775 3525 neces-

2141 3558 2288 3613 saria
2335 3565 2493 3613 erant
2554 3557 2939 3613 habundanter
2989 3557 3278 3629 impensis,
3326 3557 3671 3613 vestimenta
3696 3558 3775 3613 vi-

2140 3647 2337 3703 duitati
2359 3664 2605 3723 congrua
2636 3647 2839 3714 induit,
2867 3657 2922 3702 et
2952 3646 3245 3702 ecclesiam
3279 3662 3403 3702 cum
3456 3649 3772 3703 reverentia

2140 3740 2381 3794 intravit.
2431 3740 2620 3795 Nullus
2679 3739 2938 3809 praevalet
2995 3739 3180 3794 dicere
3230 3746 3437 3810 quanta
3500 3741 3772 3815 religione

2138 3835 2501 3884 consueverat
2554 3828 2777 3883 missam
2835 3827 3074 3883 audire:
3109 3828 3320 3882 nullum
3372 3828 3601 3884 interim
3639 3844 3769 3900 pro-

2138 3921 2261 3976 tulit
2295 3921 2548 3988 verbum,
2570 3921 2671 3975 scd
2718 3928 2841 3975 actu
2895 3921 3105 3992 pariter
3132 3928 3187 3975 et
3214 3920 3405 3974 habitu
3439 3921 3773 3976 intendebat

2136 4012 2192 4067 in
2228 4013 2418 4068 Deum.
2455 4012 2595 4078 Quid
2659 4013 2818 4083 plura
2846 4011 2875 4065 ‘P
2918 4013 2957 4065 A
3017 4013 3285 4067 matutina
3334 4012 3469 4068 hora
3492 4030 3680 4085 usque
3708 4014 3772 4068 ad

2137 4121 2423 4176 vesperam
2447 4105 2778 4161 nemoillam
2836 4111 3198 4175 conspexerat
3224 4121 3254 4159 a
3285 4106 3450 4161 bonis
3496 4108 3772 4177 cperibus

2135 4202 2389 4257 otiosam.
2424 4201 2542 4256 Non
2581 4208 2664 4256 est
2717 4201 2881 4256 etiam
2933 4200 3277 4256 reticendum
3314 4200 3664 4259 beatissima:
3690 4218 3773 4257 re-

2132 4295 2278 4369 ginae
2307 4300 2831 4365 temperamentum,
2862 4293 3010 4364 quod
3043 4294 3099 4347 in
3144 4293 3405 4348 omnibus
3429 4295 3546 4349 suis
3580 4295 3770 4352 lauda-

2132 4384 2323 4440 biliter
2342 4384 2613 4447 servavit;
2670 4399 2796 4438 nam
2837 4399 2942 4438 nec
2992 4383 3119 4438 cibo
3173 4390 3268 4437 aut
3297 4397 3496 4438 somno
3524 4386 3773 4456 amplius

405 4492 703 4548 parumper
748 4484 833 4532 est
890 4477 1078 4531 dedita
1129 4474 1387 4548 sompuo,
1451 4483 1512 4531 ut
1539 4476 1720 4547 polius
1749 4476 2103 4585 conforta-D
2134 4474 2480 4548 indulgebat,
2528 4474 2633 4528 nisi
2668 4479 2948 4545 quantum
2989 4480 3200 4528 natura:
3244 4472 3548 4528 necessitas
3590 4474 3772 4546 depo-

405 4574 556 4585 _-.__-
626 4566 687 4585 -_I
747 4565 954 4585 ‘_____!__
980 4567 1089 4585 ,I,_,__
1134 4567 1237 4585 Π--
1324 4566 1447 4585 Π--ι
1466 4582 1612 4585 ᾼᾉ-ᾼμμ
1684 4574 1851 4585 _-._,,_
1896 4584 1903 4585 ,
1942 4583 1991 4585 _,,
2136 4565 2309 4585 ,,___:L
2364 4564 2400 4585 n
2434 4566 2587 4585 L--L-
2683 4579 2798 4585 μη...
2842 4563 2961 4585 .l-l-
3026 4562 3194 4585 ,η---Ζι
3276 4568 3323 4585 ..ι
3375 4562 3428 4585 Ζ..
3463 4579 3565 4585 ..---
3592 4564 3772 4585 _2-n-_

404 4574 558 4620 retur
622 4566 689 4620 ad
743 4565 1098 4621 serviendum
1134 4567 1261 4622 Deo.
1324 4566 1620 4637 Postquam
1677 4574 1863 4622 autem
1895 4583 2025 4638 per-

404 4657 580 4712 sensit
631 4657 870 4712 dormire
922 4673 1119 4713 omnes
1142 4658 1199 4711 in
1256 4656 1512 4713 cubiculo
1569 4673 1758 4713 secum
1808 4673 2020 4727 perno-

404 4756 638 4815 ctantes,
680 4754 868 4819 spreto
904 4747 1136 4821 fulgenti
1191 4755 1366 4802 stratu
1394 4748 1536 4802 clam
1567 4748 1823 4811 surrexit,
1861 4758 2027 4819 atque

404 4834 779 4889 cubicularem
834 4836 1072 4905 puellam
1130 4836 1294 4890 tacita
1321 4836 1579 4891 excitavit
1637 4835 1804 4902 ;exin
1835 4852 2028 4909 gressu

404 4926 752 4998 “suspenso
810 4927 1001 4982 exiens
1054 4920 1397 4995 cubiculum,
1454 4927 1745 4983 ecclesiam
1806 4929 2030 4984 intravit

408 5023 596 5073 sancta
624 5017 945 5075 celebritate
1002 5033 1317 5090 ymnorum,
1352 5033 1464 5074 non
1507 5020 1709 5089 stipata
1746 5020 2027 5076 turbarum

2134 4565 2325 4638 poscit,
2363 4564 2402 4620 Ο
2434 4566 2616 4632 beata,
2678 4579 2801 4635 quae
2837 4563 2966 4618 dolo
3021 4562 3216 4629 caruit,
3272 4568 3326 4616 et
3375 4562 3432 4616 in
3459 4579 3573 4634 qua
3592 4564 3775 4634 pietas

2124 4656 2423 4731 apparuit!
2484 4657 2627 4711 Mitis
2692 4664 2747 4711 et
2801 4654 3030 4727 pacifica
3088 4664 3142 4710 et
3190 4654 3453 4711 omnibus
3506 4652 3768 4710 misereri

2130 4748 2564 4821 promptissima,
2604 4746 2883 4801 neminem
2929 4745 3211 4814 judicans,
3249 4744 3538 4800 neminem
3569 4736 3769 4816 damp-

2129 4854 2290 4899 nans.
2324 4836 2461 4892 nulli
2483 4836 2689 4891 malum
2740 4850 2839 4907 pro
2893 4833 3038 4888 malo
3070 4833 3330 4898 reddens,
3355 4832 3495 4887 nihil
3530 4833 3768 4887 arbitrio

2130 4947 2232 4987 suo
2249 4928 2466 5004 agebat,
2500 4928 2597 4983 sed
2656 4943 2758 4998 per
2806 4926 2994 4982 omnia
3019 4925 3088 4980 ad
3119 4934 3314 4981 nutum
3339 4932 3395 4980 et
3418 4926 3766 4981 voluntatem

2130 5020 2225 5077 Dei
2257 5018 2541 5075 tendebat.
2580 5019 2783 5073 Omnes
2829 5015 2973 5072 male
3010 5022 3239 5091 agentes
3296 5014 3448 5070 illam
3496 5015 3763 5077 oderunt,

1733 5181 1953 5237 VARl/E
2021 5180 2395 5238 LECTIONES.

481 5299 526 5336 “
560 5302 708 5375 mitis
739 5312 794 5358 et
819 5302 1057 5359 affabilis
1091 5303 1209 5359 fuit.
1248 5305 1388 5361 Raro
1428 5306 1722 5361 videbatur
1784 5307 1921 5362 irata
1976 5308 2062 5362 vel
2117 5314 2413 5375 commota,
2457 5321 2625 5361 nemo
2684 5304 2822 5359 vidit
2852 5319 2972 5359 eam
3005 5304 3147 5359 ultra
3189 5303 3415 5359 modum
3452 5312 3758 5358 merentem

416 5373 840 5459 uturid‘entem
904 5377 1263 5459 dampnavitgn
1304 5377 1439 5459 nulli
1526 5379 1729 5433 malum
1769 5394 1890 5459 .pro
1951 5379 2095 5436 malo
2154 5373 2408 5459 reddidit
2462 5378 2515 5432 2.
2576 5378 2620 5410 ³δ

2695 5377 2949 5431 videntes
3003 5377 3056 5429 2.
3125 5375 3171 5409 ³⁵
3227 5375 3335 5428 nisi
3390 5376 3643 5429 viderent
3703 5376 3753 5427 2.

408 5441 450 5472 ³⁷
509 5447 588 5496 ita
655 5447 719 5525 1.,
766 5441 1048 5569 Εθιψιδιῐί
1089 5449 1152 5515 L,
1220 5447 1264 5481 ³⁸
1316 5452 1399 5502 ita
1450 5465 1571 5503 corr
1636 5466 1700 5504 ex
1768 5441 2021 5531 ingressu
2071 5452 2186 5505 cod.
2251 5456 2305 5505 et
2354 5450 2606 5524 ingressu
2667 5450 2728 5503 L.
2790 5447 2836 5481 39
2891 5447 3296 5502 conveniebant
3351 5447 3405 5500 1.
3460 5448 3505 5479 ⁸ο
3548 5446 3758 5499 Deinde

418 5525 651 5569 surgens
708 5531 761 5569 In
809 5531 957 5569 rmos
1004 5518 1341 5569 ubicumque
1385 5520 1595 5569 audivit
1644 5520 1698 5569 in
1747 5521 1931 5569 vicino
1977 5521 2240 5569 visitavit-
2319 5520 2631 5569 necessaria
2678 5518 2912 5569 nrrabuit
2960 5520 2994 5569 '2
3069 5518 3110 5551 ⁴¹
3161 5532 3399 5569 somnne
3446 5521 3646 5569 sumius
3710 5520 3753 5569 l.

418 5525 651 5585 surgens
708 5515 761 5569 in

809 5531 957 5571 rmos
1004 5518 1341 5588 ubicumque
1385 5520 1595 5575 audivit
1644 5520 1699 5574 in
1747 5518 1931 5576 vicino
1977 5521 2240 5587 visitavit,

2319 5518 2631 5576 necéssaria
2678 5518 2912 5589 praebuit
2960 5520 2994 5573 ‘2.
3069 5518 3110 5551 "
3161 5532 3399 5587 sompno
3446 5521 3646 5587 saeuus
3710 5520 3753 5570 ι.

1966 5678 2157 5734 NOTAE
2184 5721 2196 5733 .

490 5777 595 5845 (29)
624 5776 944 5836 Widukind.
980 5783 1072 5847 ιιι,
1093 5784 1164 5837 74
