3902 6470
168 455 251 512 901

1219 448 1493 503 SANCTAE
1536 448 1892 505 MATHILDIS
1933 448 2197 503 BEGlN/E
2236 451 2404 505 VITA.

3381 465 3485 520 902

166 590 212 637 et
237 587 371 636 recte
390 580 646 634 viventes
663 578 998 633 dilexerunt.
1023 575 1272 649 Magnam
1291 576 1337 610 ⁸³
1366 575 1633 630 adversus
1652 590 1771 629 om-
1795 579 1842 643 Α
1871 586 1927 633 et
1971 577 2269 648 psalmictaa
2323 577 2579 632 versiculi
2635 596 2746 635 non
2780 581 3108 639 immemor:
3155 606 3178 635 (ι
3224 586 3487 644 Dominus

166 690 251 728 nes
293 672 516 741 injurias
575 673 892 743 patientiam
935 672 1217 735 assumsit,
1259 679 1317 723 et
1347 686 1468 740 quae
1495 669 1771 722 excellens

166 762 252 817 fuit
295 762 503 833 regina,
548 768 773 831 propter
811 761 984 814 Deum
1026 760 1193 813 multa
1237 758 1498 812 sustinuit
1540 758 1770 811 adversa

166 851 286 904 Baro
327 849 619 904 videbatur
667 849 803 903 irata
865 848 952 902 vel
1008 848 1171 902 etiam
1224 854 1544 907 commota;
1607 860 1769 899 nemo

163 944 292 998 illam
332 943 471 998 vidit
501 943 645 998 ultra
692 942 916 998 modum
966 947 1294 996 nuerentem
1351 948 1440 993 aut
1472 939 1765 993 ridentem.

165 1034 280 1089 Iiro
306 1035 551 1090 caritatis
590 1034 889 1105 splendore
920 1032 1143 1098 effulsit,
1185 1031 1471 1086 modestiae
1502 1031 1772 1085 mirabilis

160 1124 364 1178 amatrix
433 1131 490 1178 et
546 1123 877 1177 humilitatis
954 1121 1173 1193 placida
1246 1120 1536 1182 sectatrix;
1600 1120 1653 1172 in
1706 1135 1767 1173 se

161 1214 468 1287 plerumque
507 1214 773 1279 severior,
818 1214 873 1268 in
924 1212 1125 1268 ceteris
1184 1219 1367 1266 autem
1420 1210 1764 1274 clementior,

98 1290 107 1297 ﬁ
160 1306 404 1361 omnibus
453 1305 557 1361 fuit
585 1305 754 1361 totius
783 1304 1046 1359 bonitatis
1076 1304 1412 1374 exemplum,
1456 1302 1765 1375 largiendo,

160 1396 477 1462 miserando,
508 1403 759 1451 errantes
789 1395 1186 1450 convertendo.
1230 1394 1496 1459 Quotiens
1535 1394 1642 1447 sibi
1669 1393 1767 1447 tri-

158 1489 274 1543 buta
301 1489 665 1545 solvebantur
694 1506 724 1543 a
760 1488 1145 1562 vectigalibus,
1181 1486 1425 1541 decimas
1457 1486 1587 1540 inde
1617 1486 1771 1540 dedit

162 1581 481 1651 pauperibus
540 1591 597 1635 et
654 1580 865 1635 Christo
927 1578 1357 1643 famulantibus;
1417 1584 1472 1632 et
1526 1592 1635 1648 quo
1690 1576 1770 1631 ire

159 1675 285 1745 pede
322 1691 435 1731 non
484 1682 720 1746 poterat,
767 1673 936 1728 misso
968 1688 1198 1727 munere
1244 1671 1528 1727 circuibat.
1581 1670 1772 1741 Neque

158 1764 292 1818 enim
320 1771 453 1819 sunt
504 1771 613 1819 tam
648 1778 813 1834 parva
842 1778 966 1833 quae
1023 1761 1215 1837 gessit,
1251 1769 1311 1815 ut
1341 1760 1528 1814 omnia
1579 1759 1774 1813 litteris

157 1855 545 1925 comprehendi
617 1853 833 1925 possint
889 1852 1021 1925 quia
1072 1852 1120 1907 si
1178 1851 1305 1923 quis
1360 1851 1617 1906 universa
1669 1866 1775 1904 nu-

1872 666 2008 720 mihi
2062 667 2279 735 adjutor
2327 675 2429 734 est,
2500 684 2609 723 non
2662 669 2871 725 timebo
2952 672 3083 743 quid
3140 673 3300 730 faciat
3357 679 3488 733 mihi

1876 761 2038 814 homo
2096 760 2261 829 (Psal.
2325 776 2487 826 cxvn,
2539 762 2629 827 6);
2692 786 2716 808 »
2790 763 2910 818 leve
2966 765 3291 822 existimans
3358 770 3489 840 quid

1872 846 2059 912 ferret,
2088 854 2299 902 tantum
2334 865 2403 903 ne
2436 848 2647 904 Christo
2671 850 2977 908 vilesceret.
3012 854 3152 908 Nulli
3187 857 3488 920 maledixit,

1871 942 1968 996 sed
2024 940 2264 1013 propriis
2321 941 2605 1012 deputavit
2662 944 2872 998 meritis
2915 946 3182 1017 quicquid
3224 950 3493 1021 angustiae

1876 1030 2097 1100 pertulit
2152 1030 2221 1084 ab
2281 1029 2706 1085 adversantibus
2755 1031 2917 1099 ﬁliis;
2966 1050 3191 1105 semper
3243 1037 3495 1091 retinens

1873 1123 1928 1177 in
1987 1123 2255 1192 memoria
2307 1124 2454 1194 quod
2516 1122 2569 1177 in
2624 1140 2776 1178 sacra
2842 1125 3112 1181 didicerat
3176 1128 3489 1199 Scriptura:

1874 1236 1897 1266 α
1940 1217 2074 1281 Quia
2106 1232 2205 1286 per
2243 1216 2441 1270 multas
2470 1216 2851 1271 tribulationes
2881 1225 2936 1272 et
2964 1220 3244 1290 angustias
3274 1229 3493 1291 oportet

1872 1325 1973 1364 nos
2025 1310 2259 1365 introire
2302 1326 2533 1383 regnum
2578 1310 2672 1364 Dei
2719 1312 2842 1381 (Act
2914 1329 3025 1379 xiv,
3056 1312 3167 1382 21).
3215 1338 3239 1359 η
3282 1314 3337 1367 Si
3369 1316 3494 1385 quis

1870 1408 2054 1456 autem
2128 1402 2520 1476 calumpniam,
2602 1419 2766 1474 quam
2849 1404 3180 1474 patiebatur,
3265 1406 3494 1479 igemuit

1876 1496 1994 1567 ipsa
2027 1503 2321 1566 praesente,
2352 1498 2507 1568 quasi
2529 1497 2762 1567 cupiens
2790 1514 3080 1553 moerorem
3100 1499 3274 1568 ipsius
3295 1500 3491 1566 lenire,

1876 1584 2076 1638 talibus
2128 1585 2311 1638 verbis
2368 1595 2594 1639 econtra
2651 1584 2826 1639 fertur
2883 1586 3266 1657 respondisse:
3312 1613 3335 1634 «
3382 1587 3493 1642 Rex

1875 1672 1996 1727 Otto
2044 1674 2451 1744 calumpniatur
2508 1674 2714 1740 nobis,
2766 1674 2821 1727 id
2880 1675 3083 1729 nostris
3144 1675 3498 1749 exigentibus

1877 1764 2116 1829 meritis;
2160 1765 2300 1818 Deus
2356 1773 2540 1818 autem
2589 1764 2726 1818 sciat
2784 1764 2960 1831 illum,
3015 1766 3109 1836 qui
3151 1774 3339 1821 contra
3396 1780 3497 1820 nos

1876 1853 2195 1910 excitaverit
2234 1854 2275 1887 ‘7
2320 1860 2565 1907 nostrum
2610 1853 2899 1907 amabilem
2945 1853 3118 1908 ﬁlium
3164 1854 3496 1917 Heinricum,

157 1964 355 2003 merare
412 1948 703 2015 voluisset,
754 1949 1082 2002 immensum
1141 1946 1454 2020 legentibus
1512 1944 1771 2000 volumen
1804 1909 2032 2013 Bcujus
2069 1943 2337 1998 solamine
2380 1942 2743 2014 sperabamus
2791 1952 3015 1998 enatare
3046 1943 3311 2014 quicquid
3338 1944 3501 1999 nobis

158 2035 436 2092 edidisset.

224 2128 278 2180 11
324 2131 398 2181 De
437 2126 791 2180 tribulatione
829 2141 994 2195 quam
1032 2141 1067 2179 a
1114 2125 1246 2193 ﬁliis
1293 2125 1548 2178 sustinuit
1582 2124 1774 2189 regina

156 2216 492 2269 Mahthitdis.
530 2213 682 2268 Tunc
737 2214 1029 2269 diabolica:
1089 2211 1299 2267 fraudis
1357 2212 1601 2275 astutia,‘
1635 2226 1782 2265 sem-

159 2323 250 2376 per
290 2307 552 2362 invidens
590 2306 845 2377 operanti
887 2306 1054 2371 bona,
1096 2306 1305 2360 studuit
1363 2306 1471 2360 Deo
1522 2306 1779 2360 dilectam

157 2399 394 2473 reginam
470 2416 501 2453 a
557 2398 787 2454 servitio
844 2397 1037 2452 Christi
1113 2398 1382 2469 impedire
1463 2414 1563 2451 sua
1627 2396 1782 2452 calli-

154 2490 368 2545 dissima
426 2490 795 2561 temptatione
853 2497 908 2543 et
960 2496 1152 2543 contra
1201 2488 1571 2543 venerandam
1626 2487 1785 2541 Chri-

156 2578 220 2631 sti
289 2579 553 2633 famulam
641 2578 911 2649 quosdam
969 2577 1227 2635 excitavit
1281 2592 1608 2647 perversos,
1666 2577 1786 2645 ejus

157 2666 274 2721 vita:
295 2676 349 2722 et
370 2666 673 2723 virtutibus
694 2666 934 2733 invidos,
958 2667 1090 2738 quid
1113 2666 1183 2721 ad
1204 2682 1367 2721 aures
1388 2664 1624 2721 ﬁliorum
1653 2681 1784 2736 per-

155 2758 449 2833 vulgabant
509 2759 662 2830 quod
726 2759 1163 2814 innumerabiles
1228 2758 1497 2828 pecunias
1553 2772 1789 2831 congre—

153 2861 352 2923 gasset,
393 2862 450 2909 et
482 2853 686 2927 regalis
737 2854 781 2887 ‘3
834 2869 1034 2909 census
1081 2854 1126 2887 “
1169 2853 1513 2924 opulentiam
1564 2852 1788 2923 penitus

154 2947 609 3017 consumpsisset.
661 2945 795 3001 Cum
829 2953 1012 3001 autem
1075 2946 1195 3000 huic
1221 2952 1276 3001 et
1303 2945 1412 3000 alia
1468 2944 1780 3001 istiusmodi

155 3037 616 3112 pervulgarentur
686 3038 801 3110 regi
878 3037 1079 3103 Ottoni,
1144 3037 1387 3110 graviter
1451 3045 1780 3103 commotus,

158 3134 326 3183 totum
380 3130 746 3202 imperialiter
791 3131 837 3165 ‘3
889 3130 1237 3201 reposcebat,
1279 3130 1427 3202 quod
1468 3137 1657 3184 sancta
1689 3130 1783 3184 Dei

159 3224 500 3294 pauperibus
540 3224 936 3290 distribuebat;
979 3225 1184 3296 ubique
1232 3225 1458 3279 mittens
1487 3226 1791 3296 explorato-

157 3328 262 3379 res,
304 3316 401 3387 qui
433 3316 556 3382 ejus
592 3315 839 3382 nuntios,
882 3316 1264 3389 indigentibus
1304 3331 1533 3370 munera
1560 3324 1790 3387 portan-

156 3414 255 3473 tes,
287 3410 643 3481 expoliarent
682 3420 737 3464 et
778 3410 1114 3465 contumelia
1144 3409 1369 3465 affectos
1421 3410 1785 3466 remitterent.

160 3502 279 3558 Haec
327 3512 385 3560 et
416 3506 504 3559 his
530 3505 735 3559 similia
776 3521 899 3559 cum
931 3505 1210 3560 immerito
1256 3506 1560 3560 sustineret
1591 3504 1785 3560 Christi

159 3592 387 3664 famula,
436 3597 587 3668 quod
622 3596 700 3650 illi
740 3596 1035 3652 videbatur
1075 3597 1380 3663 molestius,
1438 3598 1569 3652 haut
1606 3597 1789 3651 minus

160 3704 383 3761 gravem
434 3692 696 3760 injuriam
737 3692 842 3747 sibi
892 3692 1079 3748 intulit
1113 3693 1419 3759 Heinricus,
1462 3709 1626 3764 quem
1659 3692 1798 3747 miro

160 3782 357 3840 affectu
388 3787 598 3842 amoris
657 3787 873 3842 cunctis
903 3794 1280 3858 praeposuerat
1326 3786 1472 3841 ﬁliis.
1506 3787 1584 3841 Ad
1615 3795 1799 3841 extre-

161 3887 311 3926 mum
353 3875 635 3949 cogebant
665 3892 810 3942 eam,
858 3875 1076 3931 dotales
1104 3875 1362 3949 regiones
1400 3875 1714 3947 relinquere
1745 3882 1800 3929 et

159 3978 316 4018 sacro
351 3965 630 4020 velamine
681 3982 742 4019 se
781 3966 1131 4041 consignare.
1166 3966 1205 4022 0
1238 3968 1455 4021 beatam
1488 3966 1797 4033 Dominam,

160 4071 284 4123 quat
336 4058 397 4111 in
448 4058 636 4112 multis
697 4065 987 4130 temptata,
1048 4076 1151 4114 nec
1208 4067 1390 4115 tamen
1450 4059 1797 4129 temptationi

160 4149 463 4204 succubuit
488 4148 697 4205 evicta!
741 4149 879 4214 Quid
921 4151 1168 4206 creditur
1198 4151 1276 4205 illi
1318 4152 1499 4206 inesse
1528 4151 1801 4217 maeroris,

160 4234 290 4289 dum
350 4237 607 4309 undique
670 4238 982 4311 angebatur
1041 4245 1190 4293 tanta
1257 4239 1308 4295 vi
1371 4239 1804 4295 tribulationis?

161 4323 347 4380 Minus
385 4327 620 4381 moleste
669 4325 856 4394 ferret,
905 4327 969 4393 si,
1017 4328 1322 4394 Heinricus,
1365 4345 1531 4400 quem
1582 4330 1805 4402 egregie

164 4419 392 4484 amavit,
436 4417 586 4474 fratri
621 4434 731 4475 non
761 4421 1171 4476 concordasset.
1217 4416 1401 4492 lmpia'
1426 4437 1559 4494 ergo
1591 4422 1808 4477 discor-

1873 2036 2162 2091 accidisset
2192 2036 2378 2091 triste:
2439 2051 2584 2089 nunc
2639 2036 2738 2089 iste
2785 2035 3108 2090 adversatur
3164 2037 3346 2102 nobis,
3400 2037 3500 2108 qui

1875 2124 2070 2179 debuit
2112 2140 2236 2178 esse
2300 2125 2635 2179 consolator.
2716 2124 3074 2195 Nequaquam
3136 2133 3325 2179 tamen
3388 2124 3501 2196 pati

1878 2229 2193 2284 possumus,
2224 2213 2431 2285 utquid
2453 2212 2521 2266 de
2545 2228 2613 2267 eo
2637 2212 3030 2267 inclementius
3050 2212 3159 2267 dici
3179 2214 3504 2281 audiamus;

1879 2305 2009 2376 quia
2036 2322 2181 2360 nunc
2220 2323 2250 2359 a
2279 2306 2439 2360 nobis
2470 2305 2904 2376 praecordialiter
2939 2305 3210 2379 diligitur,
3251 2307 3506 2377 quamvis

1881 2397 2138 2452 inimicus
2159 2404 2402 2468 putetur.
2424 2398 2560 2452 lllud
2584 2405 2768 2451 autem
2793 2412 2894 2452 nos
2912 2398 3155 2472 graviter
3180 2398 3509 2472 compungit

1885 2490 2213 2555 recolentes,
2250 2490 2401 2545 illum
2444 2490 2606 2545 nobis
2650 2489 3031 2544 dulcissimum
3070 2506 3200 2563 erga
3241 2506 3342 2545 nos
3383 2506 3507 2544 esse

1888 2586 1993 2634 tam
2022 2597 2290 2635 amarum.
2324 2582 2429 2636 Sed
2463 2582 2541 2635 nil
2591 2589 2800 2653 ageret,
2841 2582 2887 2636 si
2919 2582 3065 2657 regis
3107 2583 3367 2651 juvamen
3399 2582 3508 2635 sibi

1886 2668 2138 2726 deesset:
2172 2671 2317 2724 Deus
2344 2678 2527 2725 autem
2556 2671 2637 2724 illi
2671 2678 2879 2741 pareat,
2902 2686 2971 2726 ne
3003 2672 3071 2726 ab
3096 2670 3216 2741 ipso
3244 2671 3511 2726 ultionem

1888 2758 2139 2828 recipiat.
2178 2760 2389 2814 Utinam
2450 2761 2693 2816 donante
2732 2762 2843 2816 Deo
2897 2762 3018 2816 sine
3048 2760 3338 2816 amborum
3392 2758 3516 2813 ﬁeri

1889 2860 2076 2921 posset
2129 2854 2394 2923 periculo,
2445 2862 2505 2909 ut
2562 2863 2788 2927 prepter
2846 2871 2948 2910 nos
3005 2862 3152 2910 tanta
3211 2855 3353 2910 inter
3420 2869 3517 2909 eos

1884 2940 2196 2997 ﬁrmaretur
2234 2944 2388 3013 pacis
2426 2943 2629 3010 unitas,
2663 2960 2731 2999 ne
2772 2943 3007 3000 ulterius
3039 2944 3243 2999 inirent
3272 2943 3518 2998 inimici-

1886 3032 2014 3088 tiasl
2062 3059 2085 3079 -
2129 3039 2259 3089 Cum
2319 3043 2505 3090 autem
2552 3043 2741 3101 sancta
2784 3036 2876 3090 Dei
2936 3036 3177 3099 vicisset,
3234 3034 3520 3090 molestias

1886 3124 2128 3179 ﬁliorum
2155 3124 2259 3177 sibi
2312 3140 2424 3178 non
2454 3125 2651 3192 minui,
2708 3126 2805 3178 sed
2835 3125 2906 3178 de
2936 3125 3028 3178 die
3087 3125 3140 3177 in
3175 3124 3324 3177 diem
3387 3124 3518 3193 plus

1839 3216 2097 3289 ‘augeri,
2174 3215 2497 3285 relinquens
2561 3214 2833 3285 quidquid
2898 3229 2990 3268 rex
3060 3212 3347 3266 Reinricus
3411 3211 3515 3265 sibi

1888 3306 2115 3359 dederat
2146 3304 2200 3357 iu
2244 3304 2452 3367 dotem,
2496 3304 2552 3356 in
2602 3302 2931 3357 occidentali
2974 3301 3199 3375 regione
3239 3301 3378 3354 adiit
3407 3301 3519 3354 An-

1887 3395 2239 3468 gerinensem
2282 3395 2325 3427 ⁴⁸
2380 3394 2509 3461 {30),
2550 3382 2785 3462 cupiens
2824 3390 3249 3445 adversantibus
3289 3405 3519 3460 parcere

1890 3487 2040 3554 tiliis,
2073 3503 2144 3542 ne
2177 3488 2527 3541 incurrerent
2554 3484 2689 3538 iram
2723 3484 2926 3539 divinae
2952 3483 3197 3539 ultionis.
3232 3483 3371 3549 lllic,
3415 3484 3522 3537 Deo

1895 3588 2250 3652 coeperante,
2280 3578 2428 3633 haud
2457 3577 2641 3631 minus
2668 3593 2831 3647 quam
2863 3583 3226 3632 consueverat
3263 3575 3524 3648 quodque

1899 3670 2107 3728 bonum
2138 3668 2450 3723 exercebat.
2484 3667 2614 3722 Post
2652 3667 2768 3720 hac
2794 3665 2981 3719 divina
3013 3666 3382 3736 dispositione
3406 3664 3524 3739 regi

1899 3762 2331 3820 innumerabilia
2366 3775 2739 3832 supervenere
2779 3758 2997 3834 ﬂagella
3029 3759 3154 3828 (3t).
3201 3766 3525 3813 retroversns

1899 3855 2139 3910 victoriae
2185 3850 2478 3922 triumphis
2525 3852 2633 3921 (an.
2675 3849 2823 3916 944),
2871 3847 3108 3918 aliisque
3140 3863 3324 3901 rerum
3364 3846 3520 3900 nihi-

1901 3946 2141 4002 lominus
2199 3945 2308 4013 (32)
2368 3941 2647 3996 secundis.
2709 3938 3020 3994 Heinricum
3081 3948 3263 3992 autem
3319 3936 3524 3992 invasit

1903 4033 2082 4090 morbi
2122 4032 2384 4106 gravedo,
2417 4047 2540 4102 quae
2584 4037 2637 4084 et
2668 4029 2823 4083 illum
2863 4027 3116 4101 purgavit
3144 4043 3176 4080 a
3203 4026 3423 4080 delicto.
3463 4025 3524 4079 Et

1906 4139 2088 4185 tamen
2148 4143 2393 4198 superna
2444 4126 2725 4181 miseratio
2790 4124 2870 4178 illi
2942 4122 3190 4194 pepercit
3246 4120 3519 4185 feriendo,

1905 4218 2062 4289 quasi
2095 4216 2340 4271 Christus
2376 4215 2719 4271 satisfaceret
2757 4223 2885 4269 voto
2931 4212 3142 4279 matris,
3183 4226 3305 4283 quae
3332 4211 3527 4265 sedula

1907 4330 2072 4386 prece
2102 4313 2153 4368 ei
2183 4312 2431 4368 exoravit
2453 4312 2670 4366 veniam
2702 4307 3089 4364 remisssionis.

1978 4412 2046 4467 12
2102 4412 2348 4479 Qualiter
2396 4410 2621 4465 reducta
2648 4413 2738 4464 sit.
2788 4407 2994 4461 Videns
3030 4412 3213 4459 autem
3260 4419 3353 4458 rex
3409 4403 3530 4457 Otto

161 4507 278 4577 dia,
338 4510 647 4582 quaeinter
705 4513 857 4582 ipsos
885 4514 1209 4568 versabatur
1249 4514 1318 4569 ab
1370 4513 1622 4579 infantia,
1678 4514 1806 4570 illos
1906 4505 2038 4577 quia
2075 4503 2215 4558 nihil
2246 4502 2540 4574 proﬁceret
2587 4502 2642 4555 in
2698 4498 2975 4571 prOSperis
3017 4506 3077 4552 ut
3120 4496 3296 4567 prius,
3351 4494 3535 4550 timuit

165 4607 299 4655 tunc
353 4604 705 4659 consociavit
742 4604 812 4657 ad
843 4604 1215 4676 iniquitatem,
1248 4621 1387 4676 quos
1431 4605 1582 4675 prius
1617 4589 2086 4676 prohi~Dusque
2137 4597 2207 4651 ad
2276 4603 2508 4651 mortem
2556 4594 2934 4649 contristatus.
3003 4591 3153 4646 Tunc
3220 4587 3538 4644 sacerdotes

163 4691 368 4750 buerat
425 4695 726 4751 fraternam
784 4712 978 4773 gerere
1036 4698 1082 4731 ⁴⁶
1142 4714 1352 4768 pacem.
1425 4697 1625 4751 Contra
1693 4697 1811 4751 haec
1912 4697 1967 4746 et
2012 4690 2182 4746 ceteri
2217 4688 2518 4759 principes,
2558 4701 2790 4759 quorum
2838 4686 3006 4741 corda
3038 4685 3182 4739 Deus
3226 4683 3540 4737 illustrave-

162 4786 357 4840 omnia
397 4787 741 4842 venerabilis
774 4771 967 4861 regina
996 4789 1196 4843 miram
1231 4789 1286 4843 in
1318 4788 1533 4844 cunctis
1562 4788 1815 4843 exhibuit
1914 4788 2016 4846 rat.
2045 4777 2282 4852 ingressi
2314 4776 2381 4832 δά
2413 4774 2788 4830 venerabilem
2823 4773 3071 4848 reginam
3116 4772 3300 4837 Edim.
3331 4771 3537 4826 00110?-

164 4876 503 4944 patlentiam
569 4884 624 4932 et
694 4875 891 4933 fortem
968 4878 1024 4932 in
1104 4878 1353 4933 adversis
1412 4877 1812 4941 constantiam;
1916 4880 2104 4928 tantur
2169 4870 2343 4935 illam,
2386 4868 2715 4923 admoneret
2774 4882 2989 4940 regem,
3071 4865 3331 4936 quatinus
3406 4877 3536 4916 cum

162 4973 361 5021 custos
394 4966 510 5022 oris
536 4967 646 5034 sui,
674 4983 745 5022 ne
775 4966 910 5038 quid
931 4967 1204 5038 proferret
1228 4966 1817 5042 incongrui,studiosa
1916 4967 2125 5021 honore
2174 4977 2330 5018 suam
2379 4961 2434 5015 in
2497 4975 2728 5034 regnum
2788 4974 3046 5014 revocare
3103 4965 3352 5013 matrem.
3412 4954 3541 5019 Quae

162 5059 233 5115 ad
278 5059 572 5116 continuae
610 5059 877 5115 orationis
937 5075 1120 5126 usum,
1171 5066 1230 5114 ut
1275 5059 1525 5115 vinceret
1585 5058 1816 5114 insidias
1916 5057 2103 5114 statim
2143 5055 2395 5129 ingressa
2424 5053 2492 5107 ad
2524 5068 2735 5126 regem,
2765 5052 2845 5107 sic
2875 5051 2982 5106 ait:
3028 5072 3051 5100 ιι
3087 5050 3163 5104 Ne
3192 5048 3547 5104 contristetur

164 5151 618 5219 adversantium,
667 5152 842 5207 immo
869 5151 1019 5207 illata
1067 5151 1175 5207 sibi
1206 5151 1409 5221 injuria
1447 5151 1811 5215 constantior,
1915 5156 2109 5206 noster
2133 5147 2414 5213 dominus,
2442 5144 2648 5201 divinis
2667 5143 2901 5219 ﬂagellis
2924 5148 3228 5213 correptus,
3258 5145 3550 5197 revocetur

1550 5279 1772 5335 VABUE
1811 5274 2192 5333 LECTIONES.

1534 5379 1703 5436 ublici
1739 5383 1968 5446 questus
2020 5372 2409 5446 pessumdaret
2447 5366 2714 5446 omnia
2781 5365 2834 5446 :5
2857 5361 3206 5432 imperaliter
3229 5361 3280 5414 1.
3364 5360 3409 5393 “
3441 5374 3546 5433 ge-

236 5382 286 5416 ⁴²
315 5399 557 5458 magnas
593 5382 647 5437 1.
737 5382 783 5416 ⁸³
810 5384 1026 5456 regales
1057 5384 1110 5439 1.
1206 5384 1251 5417 “
1281 5382 1435 5454 quasi
1489 5382 1703 5487 publici
1737 5383 1968 5507 guestus
2018 5382 2409 5455 pessumdaret
2447 5383 2635 5449 omnia
2660 5382 2714 5420 z.
2790 5382 2834 5398 κω

236 5470 302 5509 ns
335 5455 393 5509 1.
476 5455 518 5488 ‘7
543 5454 930 5509 excitauerunt
962 5457 1012 5509 1.
1044 5454 1306 5509 excitauit
1331 5453 1383 5509 3.
1466 5453 1486 5485 "
1537 5455 1619 5507 ita
1650 5453 1701 5506 1.
1779 5493 1791 5504 .
1825 5466 1880 5504 in
1913 5443 2287 5503 occidentales
2315 5449 2546 5497 secessu
2573 5444 2755 5509 partes
2779 5435 2834 5490 2.

236 5398 285 5416 ἰ
315 5399 557 5458 magnas
593 5398 647 5437 1.
737 5398 783 5416 ὀ
810 5398 1026 5456 regales
1057 5398 1110 5439 1.
1206 5398 1251 5417 ὀ
1281 5398 1435 5454 quasi
1489 5398 1701 5487 publici

166 5470 302 5509 rens
335 5455 393 5509 1.
476 5455 518 5488 ‘7
543 5454 930 5510 excitauerunt
962 5457 1012 5510 1.
1044 5454 1306 5510 excitauit
1331 5453 1383 5509 3.
1466 5453 1486 5485 ίδ
1537 5455 1619 5507 ita
1650 5453 1701 5506 1.

1761 5574 1971 5631 NOTIE.

241 5679 358 5749 (30)
406 5678 590 5753 Enger
633 5678 805 5754 igitur
833 5686 1061 5751 paterna
1121 5679 1242 5748 ejus
1294 5678 1495 5735 domus
1540 5682 1693 5741 erat;
1740 5674 1810 5730 cf.
1916 5672 2010 5728 bio
2060 5667 2368 5748 Kinlingam
2407 5663 2593 5718 villam
2622 5657 2896 5721 contulit;
2926 5658 2981 5713 d.
3025 5656 3096 5711 3O
3149 5655 3303 5727 Sept.
3335 5669 3387 5708 a.
3418 5651 3544 5707 944.

236 5766 344 5821 pra
388 5766 494 5820 cap
551 5751 606 5805 3.
1544 5819 1553 5821 Α
1728 5818 1738 5821 _
1916 5740 2290 5821 Thggubprgl-
2346 5805 2377 5821 η
2407 5806 2438 5821 η
2488 5802 2657 5821 __,A__
2700 5815 2856 5821 ___‘_

240 5802 362 5893 (r31)
400 5802 611 5894 licet;
646 5821 974 5894 Lindgardis
1024 5821 1150 5878 tiliae
1182 5821 1393 5894 Ottonis
1419 5819 1673 5894 morbum
1725 5818 1816 5872 in-
1987 5813 2094 5882 (32)
2133 5813 2176 5867 Ι.
2207 5802 2251 5864 ξ’.
2306 5805 2441 5861 nihil
2473 5802 2661 5858 minus
2691 5815 2886 5873 quam.

171 5890 357 5948 nuere
390 5892 632 5955 videtur.
662 5893 736 5948 ob
764 5890 931 5963 q'uem
962 5908 1057 5949 rex
1094 5890 1596 5962 Quedlinburgensi
1624 5903 1817 5946 caeno-

164 5765 231 5803 811

512 6037 543 6053 ..ρ
