3902 6410
422 409 531 464 903

1501 394 1778 451 SANCT/E
1817 392 2172 449 MATHILDIS
2215 394 2479 450 REGlN/E
2517 397 2685 451 VITA.

3665 406 3775 461 904

415 545 597 590 vestra
639 539 814 587 mater
841 529 1212 585 sanctissima.
1261 539 1628 599 regnumque,
1671 529 1731 577 ut
1760 522 2036 578 convenit.
2070 526 2116 590 A
2214 522 2303 579 14.
2352 527 2427 577 De
2469 527 2898 582 reconciliatione
2950 531 3210 586 Hetnrici.
3254 530 3617 603 Comperieus
3666 551 3773 589 au-

420 625 595 696 prima
650 620 958 692 possideat;
1019 628 1075 671 et
1120 625 1187 687 ut
1248 630 1558 685 speramus,
1624 619 1800 666 vestra
1853 611 2039 666 omnia

416 711 895 786 prosperabuntur
949 714 1002 761 et
1032 706 1087 759 in
1128 704 1420 775 pristinum
1462 702 1821 757 restituentur
1849 702 1892 735 ‘9
1923 716 2048 775 gra-

418 805 570 860 dum.
614 826 641 848 ιι
686 802 796 854 Rex
827 804 1006 851 autem
1055 794 1381 865 pcenitentia
1410 799 1775 863 compunctus
1807 798 1863 846 et
1889 807 2046 845 com-

421 899 577 955 missi
634 898 769 952 haut
819 896 1114 949 immemor
1165 899 1367 956 reatus,
1433 892 1544 945 Deo
1602 890 1931 960 inspirante,
1988 888 2044 941 in

414 999 599 1045 sancta
651 994 821 1041 matre
874 1000 935 1038 se
994 982 1297 1052 deliquisse
1337 979 1615 1053 cognovit.
1671 978 1806 1032 Haut
1864 993 2037 1044 mora,

415 1082 563 1138 missi
613 1079 909 1150 episcOpis,
953 1075 1192 1131 ducibus
1234 1091 1298 1130 ac
1336 1072 1636 1131 comitibus
1694 1081 1749 1128 et
1776 1071 2037 1127 omnibus

415 1167 839 1242 sapientissimis
880 1166 1117 1220 militum
1152 1172 1380 1218 matrem
1432 1180 1553 1218 cum
1618 1164 1829 1217 honore
1886 1176 2045 1215 revo-

417 1261 669 1321 candam,
707 1255 971 1327 prazcepit
1013 1254 1208 1308 Christi
1239 1253 1462 1307 famula:
1495 1252 1810 1321 hujusmodi
1843 1250 2044 1320 scripta

415 1352 653 1408 deferri:
703 1372 722 1398 α
768 1349 806 1403 0
854 1346 1191 1402 venerabilis
1244 1346 1490 1410 domina,
1557 1344 1652 1399 Dei
1701 1342 2041 1398 iracundiam

410 1443 522 1511 jam
574 1440 705 1495 satis
736 1438 1084 1508 nimiumque
1116 1435 1567 1490 exacerbavimus
1606 1434 1663 1488 in
1694 1448 1797 1487 nos
1855 1448 2044 1503 perse-

414 1529 632 1584 cutione
671 1518 873 1582 vestra.
924 1525 1179 1578 Fatemur
1221 1524 1372 1595 quod
1427 1521 1799 1593 peccavimus,
1841 1528 1895 1575 et
1954 1520 2043 1574 in-

408 1625 553 1696 juste
602 1629 792 1678 contra
838 1637 935 1675 vos
964 1608 1210 1691 egimus;
1262 1627 1490 1689 pr0pter
1535 1617 1701 1671 Deum
1751 1615 1912 1671 nobis
1957 1616 2043 1670 di-

413 1716 632 1780 mittite,
667 1722 723 1769 ct
770 1730 801 1767 a
828 1712 1040 1767 Christo
1089 1710 1309 1765 veniam
1346 1708 1693 1763 remissionis
1726 1707 2035 1778 implorate.

416 1807 713 1873 Quodlibet
755 1804 1090 1875 supplicium
1142 1802 1377 1857 libenter
1416 1801 1673 1871 patimur,
1724 1806 1931 1854 tantum
1985 1806 2042 1852 ut

416 1909 595 1954 vestra
638 1897 813 1971 gratia
861 1898 1123 1950 fruamur.
1160 1896 1235 1947 Ad
1288 1894 1405 1948 huic
1435 1901 1493 1947 ut
1521 1893 1591 1945 ad
1639 1908 1739 1946 nos
1771 1892 1874 1946 iter
1904 1890 2041 1944 diri-

414 1992 574 2066 gatis,
618 1990 891 2061 petimus;
935 2004 1035 2043 nos
1065 1996 1120 2043 et
1159 1988 1344 2042 omnia
1399 1995 1583 2041 nostra
1617 1985 1812 2040 ditioni
1843 1991 2038 2039 vestra:

414 2083 724 2148 subdimus,
778 2082 1010 2151 insuper
1060 2090 1115 2134 et
1165 2079 1516 2133 restituemus
1570 2077 1841 2150 quidquid
1881 2075 2040 2131 vobis

411 2176 615 2245 injuste
675 2174 1061 2229 abstraximus.
1140 2171 1225 2226 Nil
1303 2172 1467 2226 nobis
1548 2170 1855 2239 jocundum
1914 2168 2038 2232 erit,

410 2277 705 2339 antequam
739 2283 837 2321 vos
880 2266 1072 2319 videre
1124 2263 1433 2338 contigerit.
1476 2285 1497 2313 ι
1548 2262 1869 2318 Beatissima
1913 2274 2042 2315 vero

413 2364 605 2437 regina
634 2362 961 2432 petitionem
994 2358 1091 2413 filii
1127 2359 1284 2413 hilari
1309 2365 1494 2413 mente
1515 2357 1850 2429 percipiens,
1874 2356 2043 2427 quid-

412 2451 544 2523 quid
597 2450 897 2521 pertulerat
949 2449 1164 2503 adversi
1224 2448 1447 2519 penitus
1476 2448 1702 2502 tradidit
1747 2446 2039 2512 oblivioni,

412 2564 515 2603 nec
545 2547 755 2601 diutius
785 2545 1014 2607 distulit,
1048 2544 1146 2599 sed
1181 2544 1287 2599 iter
1313 2544 1629 2599 accelerans
1655 2543 1712 2597 in
1745 2542 1966 2598 Gruona
1994 2540 2040 2575 ⁵ο

411 2636 584 2691 venit.

483 2728 574 2781 13.
627 2731 701 2782 De
754 2727 1187 2781 reconciliatione
1237 2726 1447 2780 Ottom's
1495 2728 1545 2777 et
1597 2723 1793 2776 matris
1857 2720 2034 2789 (θοι).

415 2821 544 2875 Cum
578 2828 762 2876 autem
801 2820 1071 2874 adventus
1116 2816 1451 2872 venerabilis
1481 2815 1684 2887 regina:
1726 2812 2041 2868 Mahthildis

414 2909 832 2981 pervulgaretur
876 2906 945 2960 ad
981 2922 1142 2960 aures
1182 2905 1327 2977 regis
1372 2903 1600 2963 Ottonis.
1652 2903 1824 2957 multo
1855 2901 2035 2957 comi-

414 3009 527 3057 tatu
562 2999 781 3055 obviam
826 2998 1023 3064 tendit,
1064 3014 1251 3052 secum
1283 2997 1583 3052 comitante
1625 2996 1810 3069 regina
1856 2994 2034 3047 Edith.

415 3094 480 3150 Ut
508 3110 639 3149 vero
682 3093 918 3164 primum
961 3091 1095 3145 vidit
1126 3090 1236 3145 Deo
1267 3090 1525 3145 dilectam
1565 3088 2033 3160 appropinquare,

412 3185 481 3239 ab
513 3200 658 3256 equo
701 3182 931 3248 desiliit,
963 3190 1017 3237 et
1047 3182 1275 3253 prOpius
1303 3181 1597 3247 accedens,
1629 3195 1777 3255 genu
1808 3177 1949 3232 ﬂexo
1980 3177 2038 3231 in

411 3286 634 3345 terram,
659 3278 873 3332 veniam
907 3276 1225 3346 postulavit,
1258 3275 1450 3328 dicens
1479 3291 1491 3327 :
1538 3295 1564 3323 (ι
1608 3274 1645 3327 Ο
1676 3289 1838 3327 omne
1867 3271 2039 3325 decus

413 3371 584 3426 nostri
623 3368 860 3433 decoris,
894 3376 948 3422 et
983 3367 1242 3422 solatium
1277 3366 1545 3437 cujusque
1590 3365 1818 3432 laboris,
1879 3366 2037 3435 cujus

412 3459 626 3514 meritis
692 3455 1081 3527 deputabimus
1155 3472 1385 3529 regnum
1446 3455 1595 3526 quod
1665 3454 2013 3525 possidemus

413 3549 624 3604 Sumite
656 3549 724 3601 de
774 3547 938 3602 nobis
976 3549 1347 3618 quodcunque
1396 3547 1732 3618 supplicium
1762 3546 1948 3613 vultis,
1976 3553 2037 3600 ut

413 3642 575 3698 nobis
620 3649 830 3697 tantum
864 3642 1023 3697 liceat
1054 3643 1234 3697 redire
1281 3643 1333 3697 in
1366 3642 1595 3716 gratiam
1627 3642 2037 3697 reconciliatio-

411 3735 513 3789 nis.
564 3735 682 3789 Jam
711 3734 845 3789 satis
886 3733 1090 3789 luimus
1127 3735 1399 3806 quidquid
1438 3742 1629 3790 contra
1674 3749 1770 3788 vos
1795 3734 2036 3805 deliqui-

410 3847 571 3897 mus;
631 3848 757 3885 nam
812 3847 878 3885 ex
930 3831 1025 3885 illo
1074 3838 1349 3901 tempore
1430 3846 1541 3902 quo
1603 3830 1948 3886 abscessistis
2004 3847 2036 3885 a

408 3931 589 3977 vestra
620 3922 786 3977 dotali
834 3922 1079 3995 regione,
1116 3930 1423 3978 retroversa
1454 3929 1535 3977 est
1567 3922 1748 3977 omnis
1802 3937 2036 3993 prospe-

410 4012 539 4066 ritas
588 4013 740 4077 belli,
793 4028 1009 4068 necnon
1058 4013 1241 4068 fractaa
1292 4020 1421 4067 sunt
1485 4022 1688 4069 nostra:
1761 4014 1927 4078 vires,
1980 4024 2035 4070 et

408 4102 603 4155 crehro
658 4111 848 4156 contra
900 4117 1003 4156 nos
1057 4103 1464 4173 prievaluerunt
1511 4104 1718 4158 hostes.
1764 4124 1789 4155 ι)
1833 4102 2034 4159 Contra

410 4195 526 4249 hazc
595 4204 770 4249 mater
824 4196 1179 4261 venerabilis,
1239 4197 1473 4252 decoros
1547 4198 1739 4252 oculos
1809 4196 2031 4267 perfusa

412 4283 671 4349 lacrimis,
723 4283 836 4338 tilio
868 4283 1048 4338 statim
1104 4282 1341 4353 praebuit
1383 4284 1631 4339 osculum
1671 4284 1843 4352 pacis,
1871 4283 2026 4355 quasi

407 4371 476 4425 ab
500 4387 567 4425 eo
600 4372 735 4425 nihil
766 4372 1083 4443 pertulisset
1117 4372 1482 4439 adversitatis,
1517 4381 1572 4427 et
1601 4373 1845 4427 animum
1893 4388 2030 4443 sup-

408 4460 668 4531 plicantis
725 4460 925 4515 talibus
1003 4459 1397 4516 consolabatur
1448 4460 1661 4516 verbis:
1714 4480 1738 4510 α
1777 4460 1874 4515 Fili
1939 4461 2033 4528 mi,

410 4555 578 4610 nolite
627 4555 975 4621 contristari;
1020 4571 1309 4626 speramus
1358 4555 1530 4619 enim,
1588 4571 1689 4610 vos
1748 4555 1965 4611 veniam
2005 4572 2037 4611 a

412 4645 644 4702 Domino
675 4645 975 4716 consequi;
1008 4661 1135 4701 nam
1165 4646 1211 4700 si
1239 4652 1550 4702 nostrorum
1582 4660 1691 4700 non
1732 4645 2037 4719 exigissent

409 4738 792 4808 peccaminum
842 4738 1057 4800 merita,
1118 4746 1298 4794 vestra
1343 4755 1409 4793 ex
1458 4745 1613 4809 parte
1663 4737 1813 4793 nulla
1873 4738 2035 4793 nobis

404 4828 724 4884 obviassent
772 4829 1025 4884 adversa.
1076 4830 1221 4885 Deus
1268 4838 1451 4886 autem
1495 4829 1656 4886 vobis
1699 4830 1901 4885 tribuat
1949 4830 2037 4884 in-

2064 3221 2113 3290 C

2149 620 2255 668 tem
2316 615 2625 683 Heinricus,
2666 620 2888 687 juvenis
2932 622 3169 678 decorus
3216 631 3271 679 et
3301 625 3538 701 egregiae
3583 628 3773 681 matris

2147 705 2379 760 nimium
2427 707 2684 775 dilectus,
2753 726 2941 785 regem
2997 712 3249 767 Ottonem
3315 731 3478 769 suum
3545 714 3771 771 fratrem

2146 799 2299 849 tanta
2335 796 2712 853 satisfactione
2768 799 3012 855 inclitam
3071 801 3180 856 sibi
3234 810 3463 858 matrem
3523 805 3777 859 reconci-

2145 885 2333 949 liassc,
2404 886 2535 941 haut
2587 888 2768 944 minus
2831 891 3160 961 poenitentia
3217 902 3604 964 compunctus,
3671 897 3776 949 iter

2145 976 2341 1042 tendit,
2387 983 2440 1031 et
2488 976 2582 1031 ubi
2623 991 2873 1035 sanctam
2920 981 3015 1036 Dei
3075 983 3289 1039 invenit
3341 984 3545 1040 talibus
3588 985 3778 1039 verbis

2142 1079 2260 1117 eam
2294 1077 2378 1118 est
2434 1082 2757 1139 aggressus:
2808 1092 2833 1120 ι
2872 1070 2910 1125 Ο
2942 1072 3280 1128 venerabilis
3316 1074 3544 1131 domina
3591 1083 3667 1139 et,
3730 1072 3778 1127 si

2146 1160 2228 1215 fas
2258 1169 2340 1216 est
2374 1162 2581 1228 dicere,
2638 1171 2816 1219 mater
2842 1164 3151 1232 karissima,
3185 1183 3285 1223 nos
3314 1169 3555 1240 graviter
3582 1181 3778 1226 contra

2144 1261 2449 1310 maternam
2480 1256 2650 1311 vestri
2680 1256 3038 1312 dulcedinem
3068 1259 3373 1332 deliquisse
3403 1261 3774 1325 confitemur;

2144 1352 2243 1405 sed
2273 1368 2421 1407 nunc
2448 1353 2667 1406 veniam
2701 1354 3064 1423 postulamus,
3108 1372 3271 1427 quam
3316 1374 3426 1414 non
3472 1375 3771 1414 meremur.

2144 1445 2395 1500 Attamen
2457 1446 2817 1500 obsecramus
2867 1462 2965 1501 vos
3023 1463 3122 1518 per
3177 1450 3415 1505 animam
3466 1459 3523 1506 et
3570 1467 3776 1507 nomen

2144 1536 2318 1590 nostri
2358 1535 2547 1605 patris,
2571 1536 2714 1591 utin
2742 1536 3034 1606 pristinum
3076 1546 3269 1593 vestra:
3301 1541 3490 1611 gratia:
3540 1543 3776 1614 gradum

2143 1644 2244 1684 nos
2325 1630 2505 1684 redire
2581 1630 2917 1685 concedatis.
2976 1631 3094 1686 Non
3155 1631 3473 1688 dubitamus
3536 1635 3676 1705 quin
3749 1652 3778 1689 a

2142 1718 2358 1774 Christo
2388 1735 2797 1791 consequamur
2837 1720 3057 1774 veniam
3107 1719 3474 1787 remissionis,
3505 1721 3553 1775 si
3586 1738 3689 1777 vos
3713 1739 3777 1776 ex

2071 1846 2117 1911 Β
2145 1816 2257 1864 toto
2280 1809 2447 1864 corde
2466 1810 2790 1880 ignoscitis;
2825 1810 2975 1881 quia,
3004 1826 3071 1865 ex
3098 1826 3207 1881 quo
3237 1818 3473 1866 vestram
3507 1813 3776 1882 pietatem

2144 1896 2199 1951 in
2265 1898 2397 1952 iram
2454 1898 2894 1969 provocavimus,
2953 1900 3131 1955 morbi
3198 1901 3497 1972 gravedine
3538 1902 3778 1957 nimium

2143 1986 2435 2057 periclitati
2489 2004 2700 2043 sumus.
2746 2011 2768 2036 ι
2815 1990 2986 2053 Quem
3035 1990 3369 2045 venerabilis
3433 1992 3668 2048 domina
3722 2006 3782 2049 ut

2140 2081 2279 2135 vidit
2344 2081 2724 2136 lacrimantem
2789 2089 2845 2137 et
2891 2098 2989 2153 pro
3063 2083 3409 2158 indulgentia
3486 2084 3782 2141 humiliter

2143 2170 2549 2242 supplicantem
2585 2171 2795 2227 diutius
2836 2172 2948 2243 pati
2992 2188 3104 2228 non
3144 2174 3341 2244 potuit,
3375 2174 3470 2228 sed
3521 2174 3579 2229 in
3634 2177 3779 2230 hanc

2143 2277 2334 2317 vocem
2367 2262 2618 2318 celeriter
2664 2265 2942 2335 prorupit:
2990 2292 3009 2311 ι
3057 2264 3155 2318 Fili
3200 2264 3275 2318 mi
3330 2264 3606 2329 Heinrice,
3664 2269 3779 2322 noli

2142 2350 2314 2416 ﬂere;
2376 2352 2605 2417 desiste,
2653 2351 2753 2419 fili,
2799 2351 3036 2408 desiste!
3088 2352 3257 2408 Mater
3298 2354 3446 2409 enim
3476 2362 3569 2410 tua
3616 2373 3684 2411 ex
3727 2366 3782 2412 te

2142 2443 2335 2497 audire
2368 2459 2478 2499 non
2510 2444 2771 2515 prmvalet
2819 2445 2934 2500 haec
2978 2446 3263 2516 precantia
3291 2447 3476 2503 verba.
3542 2451 3781 2519 l’rOpius

2140 2536 2365 2603 accede,
2410 2548 2465 2591 et
2496 2538 2656 2592 matri
2701 2546 2809 2593 tuae
2850 2538 3098 2594 osculum
3144 2540 3348 2610 praebe.
3413 2543 3559 2595 Deus
3590 2542 3781 2598 fidelis

2139 2630 2213 2683 sit
2268 2627 2368 2682 tibi
2416 2628 2736 2698 placabilis;
2779 2644 2881 2684 nos
2930 2637 2982 2683 te
3035 2630 3341 2705 diligimus,
3391 2632 3535 2687 sicut
3588 2635 3774 2704 prius;

2141 2737 2266 2775 nam
2295 2736 2405 2776 non
2457 2721 2775 2795 ignoramus
2806 2722 2954 2794 quod
3001 2729 3057 2777 te
3087 2723 3379 2779 adversum
3437 2742 3541 2781 nos
3571 2727 3779 2782 excita-

2141 2810 2218 2864 vit
2240 2813 2525 2881 persuasio
2550 2811 2920 2866 inimicorum.
2966 2835 2991 2859 ιι
3035 2812 3173 2867 Haut
3190 2828 3362 2876 mora,
3388 2815 3773 2872 satisfactione

2141 2900 2235 2956 tali
2280 2908 2540 2971 percepta
2588 2902 2630 2935 ⁵³
2677 2917 2770 2955 rex
2801 2900 2922 2956 Otto
2954 2909 3016 2957 et
3048 2903 3157 2957 dux
3202 2903 3489 2959 lleinricus
3518 2913 3772 2960 sanctam

2143 2993 2237 3047 Dei
2290 2992 2717 3048 introduxerunt
2764 2992 2818 3047 in
2852 2994 2897 3028 ⁵³
2929 2993 3142 3049 dotales
3192 2996 3469 3070 regiones,
3524 3004 3581 3051 et
3631 2998 3776 3052 sicut

2139 3084 2366 3159 dignum
2449 3090 2565 3137 erat
2631 3082 2861 3153 primam
2928 3083 3359 3140 constituebant.
3446 3086 3576 3141 Post
3658 3088 3776 3141 haec

2140 3177 2278 3231 mira
2324 3176 2467 3231 inter
2498 3182 2727 3230 matrem
2758 3183 2813 3231 et
2858 3175 3002 3231 ﬁlios
3037 3186 3153 3232 erat
3188 3177 3339 3248 pacis
3377 3178 3775 3250 tranquillitas,

2140 3282 2193 3326 et
2224 3272 2292 3325 ad
2331 3288 2499 3327 omne
2538 3272 2743 3327 bonum
2785 3272 2938 3327 unita
2966 3273 3251 3339 voluntas;
3292 3272 3349 3326 in
3384 3274 3776 3329 consolatione

2138 3384 2445 3439 pauperum
2509 3367 2730 3422 fuerunt
2787 3367 3104 3433 unanimes,
3151 3367 3206 3421 in
3260 3369 3775 3423 constructionibus

2136 3461 2498 3517 ecclesiarum
2531 3468 2584 3516 et
2623 3460 3081 3515 monasteriorum
3134 3460 3457 3515 concordes.
3503 3461 3561 3514 In
3600 3469 3775 3515 matre

2135 3570 2266 3628 erga
2296 3552 2439 3609 filios
2478 3553 2616 3608 mira
2646 3552 2746 3608 fuit
2775 3551 2992 3618 caritas,
3026 3551 3081 3605 in
3126 3549 3256 3606 ﬁliis
3301 3550 3553 3607 obedivit
3580 3562 3774 3607 sancta

2139 3646 2455 3710 humilitas;
2484 3654 2539 3701 et
2565 3654 2625 3700 ut
2647 3645 2889 3700 breviter
2915 3644 3300 3711 concludatur,
3334 3644 3775 3714 perseverabant

2138 3737 2290 3807 pacis
2344 3735 2640 3791 stabilitate
2696 3750 2876 3806 usque
2920 3734 2990 3789 ad
3021 3733 3231 3790 obitum
3276 3734 3425 3800 vitae,
3486 3734 3773 3789 diabolum

2137 3828 2529 3885 conculcantcs
2573 3844 2671 3898 per
2708 3827 3014 3894 caritatem,
3068 3827 3162 3899 qui
3207 3842 3385 3898 nuper
3418 3827 3564 3882 inter
3620 3827 3774 3897 ipsos

2136 3919 2504 3974 seminaverat
2524 3917 2635 3971 litis
2663 3916 2930 3972 fomitem.

2206 4012 2291 4066 15.
2326 4014 2395 4066 De
2434 4011 2586 4065 obitu
2626 4009 2795 4064 Edith
2832 4011 3030 4075 reginae
3103 4007 3324 4063 Interim
3356 4008 3593 4080 contigit
3622 4010 3769 4080 piam

2136 4104 2296 4159 Edith
2372 4102 2644 4175 reginam,
2724 4107 2994 4172 perpetuo
3061 4101 3353 4166 victuram,
3435 4110 3768 4172 praesentem

2131 4194 2384 4249 amittere
2425 4194 2592 4248 vitam
2625 4194 2719 4261 (an
2766 4192 2891 4258 946,
2920 4194 3046 4246 Jan.
3087 4192 3197 4260 26).
3260 4192 3368 4247 Rex
3400 4198 3589 4246 autem
3623 4192 3770 4257 Otto,

2124 4300 2239 4369 jam
2279 4293 2554 4355 provectae
2593 4282 2767 4338 astatis
2797 4281 2909 4352 (33)
2966 4281 3131 4337 simul
3179 4298 3303 4337 cum
3335 4290 3532 4342 matre.
3582 4284 3770 4337 eccle-

2138 4374 2248 4428 sias
2303 4382 2357 4428 et
2394 4372 2731 4428 monasteria
2784 4373 3122 4438 construxit;
3180 4380 3407 4443 portans
3470 4388 3666 4443 pacem
3723 4382 3773 4427 et

2140 4478 2287 4524 recte
2334 4468 2613 4537 judicans,
2673 4474 2958 4537 paternam
3025 4466 3081 4521 in
3109 4467 3323 4522 cunctis
3384 4467 3637 4521 imitatus
3690 4475 3771 4521 est

2140 4562 2419 4631 pietatem.
2467 4560 2594 4615 Post
2638 4558 2851 4614 obitum
2912 4559 3068 4613 Edith
3120 4559 3351 4614 illustris
3392 4559 3600 4633 reginae
3662 4568 3772 4614 tres

2140 4648 2248 4718 (34)
2315 4663 2492 4703 annos
2548 4647 2661 4721 egit
2700 4647 2754 4700 in
2808 4646 3092 4713 viduitate,
3146 4648 3361 4703 cunctis
3402 4647 3569 4704 bonis
3634 4663 3771 4718 0pc-

2136 4738 2291 4797 ribus
2313 4738 2612 4811 diligenter
2635 4737 2898 4805 instabat,
2921 4747 2977 4793 et
2994 4755 3176 4794 sacras
3214 4740 3492 4794 lectiones
3520 4740 3770 4795 studiose

2139 4833 2377 4907 legebat.
2415 4833 2670 4889 Jamdum
2722 4832 2911 4889 multis
2954 4834 3342 4905 comprobarat
3394 4834 3652 4889 castitate
3684 4836 3763 4888 vi-

417 4883 426 4884 ,
613 4883 617 4884 ν
713 4883 719 4884 ,
958 4883 963 4884 ,
1078 4883 1086 4884 ,
1134 4883 1139 4884 ,
1204 4883 1215 4885 -
1509 4883 1554 4886 _-
1615 4883 1648 4884 η
1706 4883 1764 4885 η
1991 4883 1998 4884 ,
2139 4883 2377 4907 ηυντ--
2417 4883 2670 4889 -_-____---
2725 4883 2909 4889 ---πη
2959 4883 3341 4905 --ητα-η---
3400 4883 3650 4889 -_--------
3696 4883 3734 4888 --

405 4924 749 5000 dulgentiam
795 4941 898 4995 per
954 4924 1292 4981 ineffabilem
1347 4942 1502 4981 suam
1566 4883 2107 4994 misericordiam,D
2132 4926 2357 4982 duitatis
2420 4932 2477 4981 et
2532 4925 2852 4980 assiduitate
2909 4925 3258 4991 orationum,
3338 4925 3447 4980 sibi
3520 4926 3763 4980 animum

406 5020 501 5091 qui
540 5026 762 5090 paratus
793 5025 876 5074 est
918 5019 1171 5075 misereri
1218 5021 1421 5093 cuique
1451 5020 1768 5091 paenitenti,
1800 5021 1844 5076 si
1877 5037 2029 5078 com-

408 5109 576 5164 missa
613 5108 859 5179 perfecte
901 5108 1190 5165 deﬂeverit
1239 5115 1294 5164 et
1350 5108 1700 5180 postmodum
1753 5125 1865 5165 non
1921 5111 2027 5166 ad-

412 5200 638 5256 miserit.
686 5221 715 5251 ι)

2129 5031 2274 5083 esse,
2317 5032 2348 5071 a
2378 5016 2658 5091 conjugali
2691 5017 2972 5073 consortio
3002 5033 3064 5072 se
3091 5017 3232 5072 velle
3262 5017 3621 5089 postmodum
3653 5018 3769 5072 abs-

2130 5107 2328 5163 tinere.
2378 5106 2528 5162 Tunc
2572 5108 2877 5163 construxit
2926 5107 3247 5162 beatissima
3277 5107 3475 5182 aegina
3506 5106 3763 5163 Mahthild

2132 5202 2533 5259 monasterium
2565 5202 2621 5257 in
2653 5201 2829 5257 Palidi
2858 5203 2991 5273 (35),
3034 5202 3146 5257 illic
3180 5218 3530 5277 congregans
3558 5210 3763 5259 turmu—

1763 5329 1985 5385 VARUE
2014 5330 2285 5386 LECTION
2296 5330 2392 5385 ES.

484 5423 529 5457 ‘9
567 5422 940 5478 restituuntur
962 5427 1015 5480 1.
1075 5426 1119 5461 δυ
1140 5443 1311 5500 grona
1335 5428 1386 5483 1.
1419 5430 1485 5483 ad
1517 5445 1786 5503 gruonam
1818 5430 2010 5485 hilaris
2050 5432 2379 5486 accelerauit
2409 5430 2459 5485 3.
2519 5432 2560 5465 ⁵1
2594 5430 3022 5501 perceptionei.
3091 5430 3137 5466 ⁵³
3165 5431 3309 5485 deest
3339 5431 3390 5485 1.
3414 5432 3512 5486 sed
3539 5433 3686 5487 adest
3712 5428 3757 5481 3.

1986 5529 2197 5587 ΝΟΤᾹΞ.

485 5616 596 5701 (β3)
637 5620 751 5701 I_te_x_
801 5633 1072 5701 anpprum
1120 5627 1452 5701 tantum‘34
1511 5634 1646 5701 erat,
1703 5628 1887 5701 igitur
1923 5628 2039 5684 haec

408 5690 576 5764 verba
605 5692 689 5764 ad,
710 5689 1027 5764 Mathildcm
1059 5694 1247 5764 potius
1278 5697 1567 5754 referenda
1598 5689 1692 5755 aut
1721 5689 1893 5757 errori
1924 5715 2031 5756 au-

412 5762 578 5817 ctoris
605 5759 902 5819 tribuenda
922 5759 1069 5818 sunt.

481 5830 586 5903 (34)
626 5835 831 5891 Auctor
872 5829 1080 5889 Edithe
1112 5831 1327 5891 obitum
1368 5853 1516 5895 anno
1564 5839 1669 5894 947
1712 5841 2038 5913 ascripsisse

2139 5630 2526 5781 Vl((lfiglrl’oldc
2570 5716 2740 5772 prope
2774 5699 3068 5774 Herzberg,
3107 5699 3175 5755 ad
3218 5697 3437 5757 radicas
3462 5702 3613 5758 silvae
3648 5702 3758 5756 Her-

2138 5787 2333 5842 cynue.
