3902 6454
156 394 249 449 905
1232 390 1506 445 8ΑΝΟΤΑΞ
1546 390 1771 445 ΜΑΤΗἸΙ

1880 390 1897 445 5
1942 388 2205 445 REGINA‘J
2244 387 2413 442 VITA.

3382 387 3487 443 906

154 523 246 576 lam
267 522 311 555 ⁵³
339 520 694 583 clericorum,
756 520 959 591 quibus
1008 520 1157 596 larga
1212 536 1378 575 manu
1410 520 1771 592 impendebat
1799 528 1847 593 Α
1876 519 1993 586 ιιιιί,
2024 517 2122 572 sed
2154 517 2330 592 magis
2361 515 2646 591 magisque
2701 513 2917 589 augeri,
2959 514 3064 569 iter
3101 513 3380 569 festinavit
3432 514 3489 569 in

153 625 368 681 quaeque
416 607 733 664 necessaria
791 608 917 680 (36).
984 609 1212 664 Interim
1252 624 1382 666 vero
1413 609 1771 665 obiitLotlia-

1876 613 2070 679 Palidi,
2099 613 2243 683 piam
2298 619 2528 666 matrem
2581 609 2830 666 videndi.
2889 608 3007 664 lllic
3042 616 3095 664 et
3120 617 3365 663 sanctam
3396 608 3492 663 Dei

154 702 255 755 rius
308 710 414 767 (an.
462 700 615 771 950),
663 701 981 755 Latinorum
1042 701 1301 772 princeps
1355 701 1634 777 egregius,
1687 717 1777 777 cui
1879 711 2156 775 postremo
2181 703 2340 769 vidit,
2372 712 2537 775 atque
2586 701 2643 756 in
2694 701 2972 773 propriam
3005 701 3291 775 regionem
3324 697 3495 771 proﬁ-

152 795 329 864 regina
377 794 639 849 Adelheit
694 794 749 847 in
807 794 1220 849 matrimonium
1262 794 1519 865 copulata
1577 795 1773 861 fuerat,

153 884 418 937 excellens
471 898 689 937 morum
741 882 1018 953 probitate
1068 890 1122 938 et
1178 884 1399 956 generis
1465 884 1773 940 nobilitate.

156 974 289 1028 Hanc
346 974 573 1047 quidam
636 991 954 1046 perversus,
1012 974 1239 1030 nomine
1298 976 1664 1051 Berengarius
1713 977 1779 1051 5‘,

152 1067 330 1121 multis
361 1066 663 1122 infestabat
694 1068 931 1137 injuriis,
990 1075 1048 1123 ut
1079 1085 1144 1123 ea
1175 1068 1352 1139 potita
1367 1070 1626 1143 conjuge,
1677 1072 1781 1127 do-

150 1156 373 1210 minium
408 1157 617 1227 pariter
665 1156 772 1210 sibi
822 1163 1116 1227 usurparet
1146 1157 1201 1210 in
1234 1172 1406 1229 regno
1440 1156 1777 1213 Latinorum.

152 1243 296 1307 Quod
325 1260 450 1298 cum
479 1244 825 1315 pervenisset
852 1244 919 1298 ad
950 1260 1114 1298 aures
1155 1244 1328 1299 incliti
1359 1244 1505 1317 regis
1545 1245 1779 1319 Ottonis,

151 1335 364 1390 fratrem
388 1352 552 1390 suum
614 1335 930 1390 Heinricum
980 1344 1035 1391 et
1090 1352 1284 1392 omnes
1327 1336 1605 1408 principes
1634 1336 1784 1390 mili—

153 1435 257 1483 tum
285 1428 634 1494 convocavit,
674 1435 727 1483 et
778 1429 845 1482 ad
900 1427 1107 1483 bellum
1160 1445 1312 1483 arma
1341 1428 1636 1499 praeparari
1664 1428 1784 1499 jus-

150 1522 234 1587 sit,
295 1522 492 1576 dicens
545 1520 652 1575 sibi
709 1537 831 1575 esse
897 1520 1142 1575 animum
1213 1522 1500 1594 regionem
1558 1522 1781 1575 visitare

151 1615 541 1680 Romanorum,
566 1614 912 1686 superbienti
941 1616 1272 1689 Berengario
1322 1623 1382 1670 ut
1415 1616 1699 1671 resisteret
1728 1623 1782 1670 et

149 1703 323 1758 vidum
345 1719 633 1775 oppressae
674 1704 1017 1758 subveniret.
1047 1703 1186 1769 Quid
1220 1704 1377 1775 plura
1411 1703 1439 1756 ‘P
1468 1705 1591 1759 Rite
1626 1720 1779 1775 para-

1877 793 2121 849 ciscendi
2148 792 2427 848 licentiam
2457 791 2775 863 postulavit.
2817 789 3029 864 Regina
3056 803 3189 845 vero
3217 797 3495 860 aegrotan-

1881 886 1988 935 tem
2042 879 2215 935 ﬁlium
2271 895 2459 934 secum
2512 894 2719 950 paucos
2784 879 2904 933 dies
2961 877 3208 943 retinuit,
3264 876 3498 948 eiusque

1882 968 2188 1024 inﬁrmitati
2220 985 2440 1025 omnem
2503 986 2689 1024 curam
2731 978 2786 1024 et
2840 968 3172 1023 medicinam
3222 967 3500 1023 adhibuit.

1882 1062 2374 1134 ApprOpinquante
2428 1070 2609 1118 autem
2664 1064 2758 1117 die
2801 1078 2911 1134 quo
2970 1061 3125 1117 abire
3156 1062 3499 1127 decreverat,

1881 1160 2072 1207 sancta
2096 1160 2273 1207 mater
2310 1152 2392 1206 illi
2431 1152 2667 1224 plurima
2714 1150 2987 1223 praedixit,
3014 1166 3077 1205 ac
3109 1160 3388 1220 postremo
3412 1151 3501 1206 his

1882 1247 2217 1302 salutaribus
2278 1247 2464 1301 verbis
2518 1246 2806 1302 admonuit
2860 1267 2885 1299 ι(
2934 1246 3032 1300 Fili
3070 1247 3146 1301 mi
3213 1246 3501 1302 karissime

1886 1339 2076 1393 matris
2102 1346 2205 1393 tua:
2237 1340 2281 1374 ⁵⁵
2312 1339 2481 1393 verba
2497 1339 2793 1414 diligenter
2845 1338 3091 1405 attende,
3120 1347 3176 1393 et
3223 1338 3504 1410 paeniten-

1885 1433 2015 1489 tiam
2049 1441 2268 1489 tuorum
2310 1450 2413 1507 age
2446 1442 2819 1504 peccatorum,
2852 1440 2913 1489 ut
2942 1450 2974 1488 a
3000 1434 3111 1490 Deo
3143 1433 3506 1505 consequaris

1882 1525 2121 1581 veniam.
2182 1526 2313 1580 Nam
2370 1534 2621 1581 versatur
2676 1525 2731 1580 in
2800 1524 2994 1593 dubio,
3054 1540 3314 1597 quorsum
3384 1526 3505 1580 haec

1883 1625 2093 1688 spectet
2122 1617 2392 1689 aegritudo
2418 1635 2432 1684 ;
2466 1626 2525 1673 ut
2552 1617 2700 1673 enim
2735 1616 3015 1686 timemus,
3044 1623 3193 1672 tuam
3220 1615 3506 1672 desidera-

1882 1709 2048 1764 bilem
2091 1708 2285 1764 faciem
2334 1710 2477 1765 ultra
2518 1724 2628 1765 non
2680 1708 3009 1763 videbimus.
3064 1730 3090 1758 ιι
3144 1709 3346 1763 Praeter
3389 1708 3507 1763 haec

151 1792 217 1845 tis
273 1791 467 1857 rebus,
528 1807 1012 1892 prosperoncursu
1068 1792 1124 1846 in
1153 1792 1363 1847 Italiam
1408 1799 2251 1892 perveneruntBperspiritum
2310 1801 2615 1871 prophetia;
2670 1800 2840 1856 multa
2906 1800 2984 1854 illi
3041 1799 3314 1870 prmdixit,
3380 1814 3505 1869 quae

150 1884 254 1949 (an.
285 1881 438 1951 951),
481 1886 537 1934 et
565 1879 743 1953 gratia
798 1880 893 1934 Dei
948 1896 1066 1935 sors
1127 1881 1370 1936 victoria:
1402 1882 1633 1954 contigit
1663 1882 1778 1955 regi

152 1971 330 2026 Ottoni
360 1971 417 2025 in
446 1970 855 2043 expugnatione
900 1971 1218 2046 Berengarii
1280 1973 1427 2044 regis
1481 1982 1535 2027 et
1566 1972 1622 2026 in
1646 1988 1776 2027 ere-

152 2068 343 2138 ptione
393 2066 738 2123 Adelheidis.
801 2067 894 2122 His
934 2067 1120 2139 itaque
1174 2072 1431 2139 peractis,
1496 2086 1591 2124 rex
1655 2084 1779 2123 cum

146 2155 393 2211 exercitu
450 2170 552 2211 suo
612 2155 828 2210 Christo
883 2154 1148 2212 offerebat
1199 2156 1531 2212 sacrificium
1573 2157 1777 2223 laudis,

145 2246 235 2316 qui
259 2246 318 2300 in
341 2244 606 2301 omnibus
634 2261 794 2299 suum
826 2245 1226 2317 adimpleverat
1263 2255 1472 2314 votum,
1505 2254 1560 2302 et
1590 2254 1781 2301 contra

146 2336 410 2392 inimicos
459 2336 865 2392 confortaverat
926 2354 1170 2393 manum.
1221 2338 1418 2395 Postea
1482 2355 1575 2394 rex
1628 2353 1781 2393 com-

146 2430 433 2485 mendavit
487 2430 881 2504 Berengarium
964 2430 1115 2486 fratri
1168 2447 1269 2488 suo
1328 2432 1453 2487 duci
1523 2431 1778 2486 Heinrico

145 2519 573 2574 custodiendum
629 2520 760 2588 (37;,
817 2520 1169 2591 praecipiens,
1205 2521 1377 2590 .illum
1407 2520 1463 2575 in
1494 2521 1777 2592 regionem

148 2610 579 2679 Bajowariorum
630 2610 769 2665 mitti
825 2620 879 2666 et
930 2610 1043 2666 illic
1074 2611 1178 2666 sub
1210 2621 1327 2667 arta
1360 2611 1614 2667 custodia
1645 2627 1784 2666 con-

144 2702 344 2776 stringi
374 2720 389 2761 ;
417 2701 513 2756 ubi
544 2701 711 2757 etiam
739 2710 1072 2774 prmscntem
1095 2703 1263 2758 vitam
1291 2700 1470 2758 finivit
1490 2704 1600 2773 (an.
1630 2703 1779 2773 964).

149 2790 438 2845 Ρηεῑδιειηι
462 2806 593 2845 vero
624 2790 907 2845 dominam
927 2791 1287 2846 Adelheidam
1320 2792 1571 2866 gaudens
1594 2807 1779 2877 secum

1882 1896 2114 1945 eventus
2162 1890 2239 1945 rei
2292 1890 2651 1961 postmodum
2682 1889 3085 1961 comprobavit.
3148 1889 3341 1944 Postea
3383 1904 3507 1943 sese

1883 1981 2121 2037 invicem
2177 1982 2599 2052 amplectentes,
2666 1981 2859 2037 oscula
2908 1979 3205 2047 dederunt,
3270 1979 3504 2034 multum

1882 2073 2256 2128 lacrimantes.
2301 2073 2439 2137 Quid
2497 2073 2655 2142 plura
2695 2070 3040 2125 ‘Hieinricus
3108 2070 3166 2124 in
3217 2070 3503 2143 regionem

1884 2166 2308 2234 Bajowariorum
2338 2165 2601 2235 perrexit,
2633 2170 2687 2219 et
2741 2163 2815 2218 ibi
2850 2179 3016 2235 quam
3069 2162 3338 2233 plurimos
3386 2162 3509 2217 dies

1880 2255 2200 2330 aegrotando
2231 2254 2521 2320 laboravit,
2550 2270 2725 2326 usque
2756 2253 2885 2308 dum
2913 2253 3025 2308 Deo
3070 2251 3297 2319 iubenLe
3326 2251 3509 2306 anima

1881 2349 1949 2402 de
1967 2363 2196 2418 corpore
2227 2348 2412 2412 exivit,
2459 2354 2514 2401 et
2571 2353 2631 2401 ut
2679 2352 2958 2416 speratur,
3016 2341 3253 2413 paradisi
3281 2343 3509 2411 januam

1881 2439 2130 2495 introivit
2162 2442 2271 2511 (an,
2296 2439 2422 2504 955,
2456 2440 2590 2494 Nov.
2616 2438 2689 2507 1).
2739 2437 2830 2492 liis
2872 2436 2948 2491 ita
2995 2435 3253 2506 peractis,
3288 2434 3343 2489 in
3369 2433 3507 2489 urbe

1884 2532 2183 2603 Ratispona
2230 2531 2574 2601 sepelierunt
2630 2545 2830 2600 corpus
2901 2527 3076 2584 incliti
3142 2527 3317 2581 ducis.
3362 2526 3513 2581 Tunc

1882 2621 2215 2677 venerabilis
2245 2620 2471 2675 domina
2511 2618 2684 2682 Judit,
2709 2617 2907 2673 illustri
2938 2617 3057 2673 viro
3097 2616 3261 2690 legali
3290 2614 3510 2670 vinculo

1885 2710 2200 2779 conjuncta,
2234 2708 2382 2762 misit
2437 2707 2683 2774 nuntios,
2716 2722 2881 2781 grave
2940 2706 3193 2761 nuntium
3222 2705 3325 2776 pia:
3354 2704 3513 2759 matri

1887 2804 2244 2860 indicaturos.
2290 2802 2390 2868 Qui
2425 2818 2549 2858 cum
2607 2810 2756 2857 recto
2797 2818 2960 2857 cursu
2988 2801 3045 2856 in
3079 2801 3519 2875 Quitilingoburc

147 2883 309 2937 duxit
342 2899 444 2954 per
464 2883 716 2937 civitates
751 2883 1085 2939 Latinorum.
1125 2884 1329 2939 Videas
1376 2892 1584 2949 autem,
1636 2883 1771 2954 quod

1887 2899 2193 2963 venissent,
2232 2905 2286 2952 et
2317 2896 2526 2951 tristem
2573 2897 2731 2952 ducis
2771 2895 2986 2952 obitum
3044 2895 3396 2967 principibus
3427 2894 3517 2950 in-

150 2973 308 3030 mim
340 2981 491 3029 esset
536 2974 848 3045 prudentiae
878 2984 932 3030 et
974 2975 1278 3047 probabilis
1298 2976 1446 3041 vitae,
1479 2992 1640 3030 suum
1672 2974 1789 3030 ani-
1890 2991 2189 3058 meassent,
2218 3007 2320 3062 per
2373 2998 2545 3047 totum
2576 2991 2723 3046 diem
2774 3006 2970 3046 omnes
3024 2990 3081 3044 in
3121 2989 3292 3045 dubio
3333 3004 3521 3044 versa-

149 3082 306 3120 mum
361 3065 512 3120 illius
549 3066 723 3121 amori
781 3066 1035 3135 ίηάυιδίῑι
1098 3076 1152 3123 ei
1206 3067 1263 3122 ίη
1319 3068 1641 3141 coniugium
1682 3066 1829 3156 Sibi.
1892 3082 2114 3150 bantur,
2145 3098 2306 3154 aquo
2337 3091 2542 3137 sanctas
2597 3082 2694 3136 Dei
2734 3080 3519 3152 haacplacidenuntiarentur.

148 3158 462 3231 copulavit.
521 3159 720 3214 Postea
776 3159 1119 3231 aliquantum
1180 3160 1447 3232 temporis
1517 3160 1573 3214 in
1639 3159 1771 3215 itali:

1890 3175 2070 3230 Altera
2126 3190 2257 3230 vero
2300 3174 2392 3230 die
2442 3180 2735 3246 postquam
2799 3173 3023 3228 missam
3074 3172 3345 3238 audierat,
3397 3186 3522 3226 cum

147 3254 666 3319 00mm01‘3bamllr.
727 3261 780 3309 οι
838 3270 949 3310 ηοη
1008 3255 1181 3311 miluo
1219 3263 1340 3327 POSt
1405 3255 1461 3309 ίη
1503 3254 1787 3326 regionem
1823 3254 1865 3263 ν
1891 3267 2169 3341 dialogum
2201 3266 2508 3336 accepisset
2536 3265 2592 3319 in
2625 3280 2847 3319 manum
2881 3272 2937 3320 et
2962 3261 3209 3318 studiose
3251 3262 3524 3318 intendis-

149 3345 439 3402 Saxonum
500 3345 997 3417 proﬁciscebantur
1026 3349 1138 3418 (an,
1180 3348 1468 3417 951-952).
1492 3348 1571 3401 llli
1605 3354 1788 3401 autem
1892 3368 1977 3415 se;
2002 3359 2320 3433 legendum,
2376 3358 2690 3413 Richburch
2721 3372 2821 3412 sua
2849 3355 3030 3411 ﬁdelis
3074 3356 3412 3428 pedissequa
3444 3357 3525 3411 in-

152 3455 257 3510 Per
283 3440 516 3513 longum
543 3446 758 3510 tempus
787 3440 943 3511 τθεηί
976 3441 1177 3495 sonum
1224 3439 1593 3510 Ροεείάθηῑθδν
1618 3438 1792 3512 gratia
1898 3449 2081 3514 travit,
2115 3455 2169 3502 et
2208 3447 2435 3503 nuntios
2461 3447 2530 3502 de
2575 3446 2806 3520 regione
2840 3445 3260 3515 Bajowariorum
3306 3446 3525 3501 venisse

157 3530 257 3585 DCi
278 3528 772 3597 fwcundabantur,
802 3529 993 3585 sobole
1014 3529 1207 3605 regali.
1237 3530 1419 3585 Primo
1435 3527 1799 3600 procreabant
1900 3538 2182 3594 indicaviL
2217 3539 2345 3603 Qua
2374 3538 2555 3594 statim
2585 3552 2826 3593 mmrorc
2869 3553 3160 3604 concussa,
3223 3537 3526 3609 quasi

160 3622 442 3692 puellam,
473 3621 689 3692 inclytae
703 3620 1020 3676 Mahthildis
1042 3622 1246 3696 reginae
1276 3620 1546 3677 vocabulo
1574 3619 1800 3686 dictam,
1903 3628 2051 3700 quod
2082 3627 2357 3682 acciderat
2387 3626 2646 3698 praescia:
2678 3626 3015 3693 «Jubeillos,
3034 3626 3529 3698 inquit,accersiri,

162 3731 341 3786 quam
376 3729 473 3767 rex
525 3712 646 3767 Οῐῐο
699 3714 986 3782 coniunxil
1030 3715 1085 3768 ίη
1115 3713 1559 3785 Quitilingoburc
1606 3720 1805 3766 Comu-
1904 3727 1966 3773 ut
1993 3716 2399 3787 comperiamus
2438 3715 2717 3787 quomodo
2758 3731 2820 3770 se
2869 3716 3074 3770 habeat
3108 3714 3402 3770 inﬁrmitas
3432 3714 3527 3770 ﬁlii

159 3807 377 3863 bernio
399 3805 905 3862 sanctimonialium
945 3806 1103 3875 juxta
1134 3806 1323 3860 matris
1354 3811 1560 3860 votum.
1598 3801 1805 3857 Exinde
1910 3809 2101 3866 nostri.
2128 3829 2153 3860 ι)
2184 3808 2285 3872 Qui
2307 3824 2432 3863 cum
2449 3806 2680 3863 fuissent
2706 3806 2941 3879 ingressi
2971 3813 3226 3862 etcoram
3244 3807 3531 3863 datacssel

159 3900 488 3976 gignebant
525 3898 840 3969 puerulum,
894 3898 1061 3968 patris
1094 3897 1317 3952 nomine
1356 3902 1648 3960 vocatum;
1679 3892 1809 3948 huic
1910 3897 2071 3968 c0pia
2098 3896 2590 3968 fandi(V1ao.zEn.
2623 3913 2661 3959 ι,
2685 3895 2829 3965 520),
2853 3896 3101 3970 reginam
3132 3895 3531 3963 salutaverunt,

163 3998 305 4062 post
336 3987 554 4044 obitum
580 3987 747 4057 patris
779 3987 873 4042 Dei
891 3987 1243 4043 ordinatione
1275 3986 1527 4057 provenit
1570 3984 1811 4059 dignitas
1914 3997 1968 4042 et
1986 3986 2167 4041 adhuc
2197 3986 2274 4040 nil
2306 3986 2459 4042 triste
2490 3986 2771 4041 dixerunt.
2808 3985 2904 4040 illa
2950 3993 3135 4040 autem
3167 3986 3340 4040 multa
3369 3985 3537 4040 inter-

164 4078 389 4151 regalis
438 4076 552 4146 (an.
608 4075 756 4143 955).
808 4076 1313 4148 Quotienscumque
1368 4075 1687 4131 beatissima
1712 4074 1813 4129 do-
1913 4076 2124 4151 rogavit
2152 4092 2321 4147 super
2348 4073 2463 4130 ﬁlio
2485 4073 2921 4140 cordesollicito,
2940 4074 2988 4129 si
3013 4089 3072 4128 se
3102 4073 3288 4128 lenius
3310 4074 3540 4128 haberet

164 4171 335 4225 mina
384 4167 650 4222 Mahthild
701 4183 815 4222 suae
849 4167 1059 4223 sobolis
1087 4174 1303 4238 partum
1339 4166 1632 4239 comperit,
1660 4165 1817 4221 Chri-
1917 4165 2224 4232 inﬁrmitas,
2261 4165 2349 4219 vel
2371 4164 2650 4236 quomodo
2682 4163 2829 4234 apud
2858 4163 3037 4235 ipsum
3067 4175 3327 4238 ageretur
3356 4178 3539 4218 rerum

167 4271 263 4319 sto
308 4261 520 4335 gratias
575 4260 782 4323 retulit,
835 4260 994 4328 cujus
1052 4261 1451 4317 misericordiae
1512 4259 1814 4331 deputavit,
1920 4256 2256 4329 prosperitas
2307 4256 2490 4331 Legati
2523 4271 2652 4312 vero
2699 4256 2769 4311 de
2797 4256 2882 4313 his
2907 4272 3082 4327 pauca
3111 4256 3540 4326 respondentes,

169 4350 463 4425 quicquid
486 4349 593 4404 sibi
616 4350 750 4405 boni
768 4356 821 4404 et
848 4350 1139 4405 hilaritatis
1156 4351 1405 4425 contigit.
1921 4349 2183 4420 epistolas
2220 4349 2632 4420 praesentabant
2679 4348 2984 4419 pertristes,
3017 4363 3142 4419 quae
3164 4363 3383 4403 causam
3410 4361 3544 4403 con-

256 4445 438 4499 16.De
494 4445 819 4511 inﬁrmitate
865 4448 914 4497 et
982 4444 1134 4498 obitu
1201 4445 1452 4498 Heinrici
1501 4442 1676 4503 ducis.
1716 4441 1821 4511 ﬁlii
1922 4442 2195 4507 tinebant,
2228 4459 2391 4514 quam
2452 4442 2558 4514 ipsi
2613 4442 2909 4497 iudicaturi
2963 4450 3249 4497 venerant.
3304 4441 3369 4497 Ut
3412 4455 3544 4514 ergo

170 4532 543 4591 Mahthildis.
577 4531 747 4604 lgitur
776 4532 1115 4587 venerabilis
1143 4531 1335 4603 regina
1362 4531 1593 4586 multum
1630 4530 1820 4585 hilaris
1840 4563 1898 4632 D
1923 4538 2182 4609 cognovit
2222 4534 2463 4609 gloriosa
2512 4534 2703 4608 regina
2734 4550 2802 4589 ex
2832 4533 3055 4599 litteris,
3079 4533 3340 4589 dilectum
3365 4530 3543 4587 ﬁlium

173 4624 410 4692 effecta,
448 4623 579 4696 quia
607 4622 704 4677 ﬁlii
771 4624 841 4678 de
881 4622 1084 4680 ﬁnibus
1110 4624 1279 4679 Italiaa
1310 4634 1575 4679 venerant
1604 4622 1820 4678 incolu-
1840 4622 1888 4632 ”
1923 4640 2085 4679 suum
2115 4640 2181 4678 ex
2203 4624 2306 4678 hac
2336 4625 2449 4679 vita
2478 4623 2770 4698 migrasse,
2807 4622 2984 4695 pallor
3012 4623 3068 4678 in
3102 4622 3242 4678 facie
3272 4622 3548 4694 apparuit,

172 4732 333 4782 mes,
386 4723 444 4768 et
475 4714 532 4767 in
578 4719 815 4785 utroque
855 4730 989 4769 sexu
1018 4714 1165 4769 clara
1186 4730 1301 4770 suae
1319 4714 1527 4770 sobolis
1552 4711 1818 4783 multipli-
1923 4720 1979 4768 et
2013 4712 2232 4787 gelidus
2257 4718 2465 4767 tremor
2486 4727 2584 4783 per
2605 4712 2794 4767 omnia
2827 4712 3080 4766 membra
3105 4711 3368 4775 cucurrit,
3409 4719 3463 4764 et
3489 4709 3555 4763 li-

175 4809 427 4864 cabatur
484 4806 779 4879 progenies
843 4823 858 4873 ;
910 4806 1009 4861 sed
1065 4807 1343 4879 insperate
1401 4808 1559 4863 dolor
1625 4806 1823 4880 ingens
1924 4805 2044 4872 ber,
2076 4821 2242 4877 quem
2298 4805 2352 4859 in
2410 4804 2671 4860 manibus
2719 4805 2960 4872 tenebat,
3016 4804 3305 4859 cadentem
3345 4803 3552 4858 vultum

175 4896 422 4960 accidit,
460 4894 553 4965 qui
586 4894 693 4948 hoc
742 4894 1008 4967 gaudium
1068 4894 1125 4948 in
1179 4910 1419 4950 maerore
1448 4893 1671 4966 penitus
1697 4907 1831 4948 con-
1932 4894 2192 4966 suscepit.
2224 4892 2354 4948 Cum
2385 4901 2569 4947 autem
2622 4892 2907 4964 paululum
2940 4891 3325 4964 refrigesceret
3355 4905 3557 4946 moero-

177 4984 460 5055 sumpsit,
503 4989 559 5036 et
588 4998 755 5054 quem
804 4981 1072 5038 oblivioni
1117 4997 1230 5038 non
1271 4982 1518 5050 tradidit,
1548 4980 1829 5055 quamdiu
1932 4984 2007 5038 ris
2034 4982 2325 5055 asperitas,
2371 4982 2553 5036 statim
2586 4980 2838 5053 prorupit
2892 4980 2946 5035 in
2989 4981 3264 5049 lacrimas,
3297 4985 3352 5033 et
3383 4984 3556 5033 totum

180 5080 457 5136 mortalis
503 5078 629 5133 vitm
675 5077 931 5148 spiritum
976 5076 1157 5133 traxit.
1214 5076 1525 5141 Heinricus,
1578 5074 1686 5128 dux
1731 5074 1832 5129 Ba-
1932 5072 2080 5127 diem
2108 5070 2293 5126 ﬂendo
2344 5067 2577 5142 peregit,
2623 5085 2728 5124 nec
2777 5083 2887 5140 prae
2929 5068 3140 5124 doloris
3192 5066 3561 5122 amaritudine

169 5172 558 5243 jowariorum
592 5170 911 5240 praeclarus,
960 5168 1133 5223 nimia
1186 5167 1503 5223 inﬁrmitate
1547 5173 1835 5237 correptus
1935 5162 2231 5234 quicquam
2288 5160 2400 5216 cibi
2443 5176 2510 5216 eo
2567 5159 2657 5215 die
2698 5160 2962 5234 gustavit.
3015 5158 3337 5216 Convocans
3378 5166 3562 5213 autem

180 5261 438 5326 est.Qui
467 5276 595 5315 cum
624 5260 874 5325 sentiret,
932 5256 1115 5314 morbi
1173 5256 1535 5331 gravedinem
1594 5270 1706 5310 non
1729 5255 1834 5308 mi-
1937 5253 2388 5309 sanctimoniales
2414 5252 2482 5307 ad
2514 5251 2829 5320 ecclesiam,
2862 5252 2985 5306 illas
3044 5249 3437 5306 exhortabatur
3465 5265 3565 5321 pro

1581 5362 1802 5418 νΑιιιΑε
1842 5362 2119 5418 LECTION
2127 5363 2202 5417 ES
2218 5407 2227 5417 .

266 5480 325 5516 ⁵³
352 5482 439 5535 ita
454 5478 625 5534 eodem
654 5496 669 5543 ;
704 5477 807 5532 tria
828 5476 1005 5531 millia
1027 5478 1141 5530 Act.
1167 5475 1264 5530 SS.
1292 5478 1344 5528 et
1372 5473 1562 5528 Leibn.
1590 5472 1635 5506 5‘
1664 5469 1995 5544 berngarius
2014 5470 2068 5524 1.
2093 5471 2138 5505 ⁵⁵
2166 5468 2367 5524 Ultima
2398 5485 2473 5523 m.
2497 5476 2535 5524 t.
2566 5485 2621 5523 v.
2652 5467 2728 5522 ﬁli
2761 5484 2791 5523 c
2833 5468 2889 5521 2.

1801 5579 2010 5636 NOTAE.

1941 5681 2093 5748 dem,
2116 5680 2217 5736 sed
2247 5680 2303 5734 in
2318 5694 2506 5752 regno
2520 5679 2757 5752 relictus
2787 5683 2892 5752 est,
2915 5684 2972 5732 et
3004 5693 3137 5734 cum
3167 5676 3373 5733 deinde
3404 5679 3574 5748 cape"

275 5689 394 5761 (36)
430 5689 509 5744 Cf.
536 5687 783 5759 diploma
807 5687 1060 5760 spurium
1089 5685 1235 5757 apud
1259 5683 1538 5739 Maderum
1570 5681 1791 5753 Antiqq.
1941 5681 2093 5748 dem,
2116 5681 2217 5736 sed
2247 5681 2303 5734 in
2333 5694 2506 5761 regno
2527 5681 2757 5760 relictus
2787 5683 2892 5743 est,
2915 5684 2972 5732 et
3004 5693 3041 5732 c

275 5778 457 5818 unsv.
491 5777 547 5822 p.
578 5759 697 5815 107.
1943 5760 2116 5819 retur,
2134 5752 2248 5822 jam
2280 5750 2495 5806 obierat
2519 5750 2830 5806 Heinrlcus.
2854 5748 3041 5804 Lemn.

193 5759 547 5835 anvap.
578 5759 697 5815 107.
737 5829 749 5835 _
841 5759 850 5760 ί
946 5828 958 5835 Δ
1244 5826 1280 5835 υ
1314 5825 1324 5835 ,
1510 5825 1520 5835 ,
1564 5831 1572 5835 _
1747 5824 1756 5835 _

282 5834 400 5905 (3'7)
449 5826 823 5904 Berengarius
878 5828 1055 5900 prima
1084 5826 1439 5897 expeditione
1470 5826 1785 5894 victusqui-

542 5956 847 6018 PATROL.
901 5948 1237 6016 CXXXV.
3208 5944 3289 6007 29
