3902 6498
149 468 240 522 909
1213 454 1484 510 SANCT/E
1522 455 1878 510 MATHILDIS
1921 452 2161 509 REGNA‘I
2200 454 2367 508 Vl'l‘A.
3348 452 3454 510 9l0

146 621 314 663 omnes
339 597 653 660 cubiculum
681 591 1003 656 introduxit,
1037 591 1447 647 essurientibus
1478 590 1618 644 dans
1638 589 1731 643 ali-
1756 593 1807 660 Α
1838 588 2054 661 integer
2083 586 2333 657 pervenit
2386 586 2441 639 in
2495 585 2779 656 cujusdam
2816 588 3075 658 pauperis
3106 590 3310 658 sinum,
3335 594 3456 647 cui-

148 698 305 746 menta
364 695 416 743 et
469 686 637 742 nudis
684 681 1213 753 vestimenta;quia
1260 696 1369 736 non
1436 680 1728 744 dubitavit,
1837 676 1988 729 illum
2041 676 2361 729 decreverat
2399 676 2665 744 dandum,
2721 693 2906 732 coram
2957 686 3172 735 astante
3217 682 3455 752 plurima

143 783 359 838 membra
379 779 577 835 Christi
610 778 722 852 tegi
752 776 856 831 sub
874 776 1070 849 largita
1096 783 1245 829 veste
1269 774 1442 844 inepi.
1462 774 1734 827 Laboran—
1836 768 2188 823 multitudine
2218 768 2427 838 p0puli,
2457 769 2550 839 qui
2572 769 2822 837 ejusdem
2852 778 3018 826 testes
3033 770 3253 828 fuerant
3291 775 3461 829 mira-

145 877 271 933 tibus
291 881 464 929 autem
494 871 554 925 in
602 869 940 933 inﬁrmitate,
997 868 1092 938 qui
1133 868 1201 921 ad
1242 882 1434 922 senon
1477 872 1733 936 poterant
1834 863 1963 916 culi.
1998 862 2075 915 Ad
2107 863 2224 916 haec
2283 863 2607 917 beatissima
2665 865 2859 939 regina
2888 865 3098 923 Christo
3124 870 3327 941 gratias
3359 871 3464 926 hu-

142 966 327 1027 venire,
356 962 504 1016 misit
532 976 700 1031 poma
742 968 800 1014 et
828 975 951 1030 qua).
980 959 1123 1013 inter
1151 958 1364 1032 regales
1394 957 1548 1012 cibos
1577 956 1735 1010 vide-
1837 951 2038 1006 militer
2067 951 2198 1025 egit,
2241 953 2399 1019 cujus
2438 968 2665 1007 munere
2689 961 2742 1007 et
2771 954 2971 1009 virtute
3003 955 3058 1009 id
3074 965 3301 1012 noverat
3339 974 3464 1014 eve-

144 1058 322 1112 bantur
344 1056 550 1127 optima
580 1072 595 1115 ;
627 1060 681 1107 et
700 1068 847 1122 saepe
907 1052 1109 1107 accidit
1148 1051 1322 1124 gratia
1361 1051 1477 1115 Dei,
1538 1056 1598 1104 ut
1639 1048 1735 1120 qui
1838 1046 2003 1100 uisse.
2040 1046 2145 1100 Sed
2177 1053 2230 1101 et
2258 1046 2367 1101 alio
2408 1047 2773 1102 nihilominus
2830 1048 2885 1103 in
2916 1050 3118 1105 eadem
3156 1052 3377 1107 civitate
3417 1054 3464 1087 ⁷³

140 1146 265 1201 infra
290 1146 480 1201 decem
510 1144 634 1198 dies
663 1143 740 1197 nil
766 1148 1081 1215 gustaverat
1110 1142 1239 1204 cibi,
1272 1157 1372 1210 per
1393 1141 1514 1207 ejus
1540 1138 1734 1193 merita
1839 1143 1921 1191 est
1945 1136 2221 1204 declarata
2248 1137 2533 1193 miraculo.

141 1240 428 1310 perciperet
459 1236 822 1293 refectionem
850 1238 1056 1307 pariter
1095 1244 1150 1290 et
1200 1236 1454 1290 salutem.
1491 1235 1601 1288 Nec
1630 1234 1737 1288 hoc
1910 1229 1994 1281 l9.
2053 1231 2127 1282 Dc
2163 1244 2337 1289 cerva.
2396 1245 2515 1298 quo:
2572 1231 2868 1299 ampullam
2916 1232 3286 1289 devoraverat.
3355 1234 3468 1290 Mos

135 1331 388 1385 silendum
409 1346 538 1385 esse
564 1344 789 1394 censeo,
822 1345 993 1400 quare
1026 1328 1119 1382 tali
1179 1326 1489 1381 reverentia
1543 1333 1732 1379 custo-
1841 1314 2049 1388 quippe
2072 1316 2249 1372 fuerat
2278 1325 2478 1373 sanctae
2518 1318 2781 1387 dominae,
2836 1321 3040 1376 cotidie
3088 1323 3362 1379 sacerdoti
3398 1326 3469 1379 ad

136 1421 259 1475 diret
285 1420 595 1474 sabbatum.
653 1417 835 1472 Primo
856 1417 1080 1488 quidem
1122 1424 1348 1488 prOpter
1372 1415 1614 1488 vigiliam
1641 1414 1740 1467 do-
1845 1407 2067 1461 missam
2113 1414 2451 1477 praesentare
2506 1408 2844 1464 oblationem
2914 1411 3071 1481 panis
3120 1422 3175 1467 et
3202 1412 3316 1467 vini
3369 1431 3469 1485 pro

138 1514 334 1568 minicae
366 1509 808 1572 resurrectionis,
863 1524 987 1579 quae
1037 1507 1092 1561 in
1161 1509 1263 1561 hac
1293 1507 1385 1561 die
1430 1505 1744 1560 celebratur
1844 1503 2019 1556 salute
2067 1509 2122 1557 et
2178 1504 2414 1559 utilitate
2473 1504 2642 1559 totius
2667 1510 2869 1559 sanctae
2926 1505 3196 1561 ecclesiae.
3224 1508 3466 1573 Quadam

137 1620 225 1673 per
249 1603 511 1658 circulum
564 1599 748 1664 orbis;
783 1598 987 1653 dehinc
1039 1598 1169 1669 quia
1223 1596 1523 1650 venerandi
1574 1595 1739 1667 regis.
1846 1609 1977 1669 ergo
2019 1594 2131 1660 die,
2167 1592 2320 1648 finita
2349 1594 2539 1658 missa,
2581 1611 2691 1649 una
2744 1610 2913 1650 aurea
2960 1599 3208 1668 ampulla
3252 1598 3471 1654 incaute

136 1691 360 1747 Heinrici
385 1691 576 1745 anima
627 1689 680 1742 in
710 1687 905 1742 eadem
944 1687 1032 1740 die
1064 1687 1133 1740 de
1164 1702 1396 1756 corpore
1425 1686 1605 1739 soluta
1636 1690 1741 1748 est,
1846 1697 1930 1741 est
1960 1685 2269 1757 perdita,in
2297 1703 2404 1758 qua
2434 1696 2623 1741 sancta
2683 1688 2778 1742 Dei
2810 1690 2880 1743 ad
2909 1689 3239 1745 sacriﬁcium
3282 1692 3468 1747 vinum

134 1791 204 1846 et,
236 1789 291 1835 ut
312 1785 588 1851 speratur,
615 1776 856 1848 paradisi
879 1777 1105 1844 januam
1137 1784 1221 1830 est
1249 1776 1519 1847 ingressa.
1554 1774 1747 1837 Quam-
1847 1775 2124 1830 obtulerat
2181 1775 2454 1831 Richburc
2511 1785 2693 1831 autem
2755 1778 3089 1851 pedissequa
3120 1781 3240 1849 ejus
3270 1789 3324 1836 et
3353 1782 3473 1836 ali-ae

133 1876 218 1929 diu
246 1891 374 1946 ergo
429 1880 625 1929 sancta
684 1872 777 1925 Dei
817 1872 970 1938 vixit,
1013 1872 1262 1926 studiose
1327 1869 1643 1924 observavit
1673 1868 1751 1921 in-
1778 1903 1824 1968 Β
1852 1866 1957 1920 sibi
1983 1866 2378 1933 ministrantes,
2412 1867 2584 1922 nimio
2606 1868 2804 1923 timore
2836 1879 3231 1946 coangustatm,
3264 1874 3475 1947 ubique

133 1966 237 2020 cliti
266 1966 410 2039 regis
441 1972 722 2031 octavum,
758 1963 1093 2018 tricesimum
1150 1969 1203 2015 et
1248 1961 1395 2014 diem
1424 1959 1750 2013 anniversa-
1778 1954 1823 1968 "
1856 1954 2228 2025 requirebant,
2260 1962 2315 2008 et
2346 1954 2598 2010 invenire
2621 1972 2734 2011 non
2754 1966 3030 2028 poterant.
3053 1959 3316 2032 Sequenti
3345 1978 3475 2018 vero

133 2054 294 2110 rium.
342 2053 541 2108 Nullus
579 2053 743 2107 etiam
797 2051 1032 2115 dubitet,
1083 2050 1215 2120 quin
1243 2049 1363 2117 ejus
1408 2048 1552 2101 bona
1583 2060 1753 2115 Opera
1856 2051 1946 2104 die
1968 2066 2090 2105 cum
2148 2058 2461 2106 cantaretur
2499 2053 2689 2121 missa,
2748 2054 2940 2111 Christi
3002 2057 3205 2111 famula
3257 2058 3473 2114 solitam

132 2146 463 2215 placuissent
494 2146 627 2212 Deo,
655 2160 777 2216 quae
801 2150 950 2198 tanta
988 2141 1282 2196 devotione
1321 2138 1654 2210 Operabatur
1697 2136 1753 2189 in
1857 2144 2179 2213 reposcebat
2206 2144 2502 2213 ampullam
2532 2161 2563 2199 a
2586 2147 2992 2202 sanctimoniali
3026 2148 3291 2219 praedicta
3322 2167 3477 2222 ;quaa

132 2236 357 2292 sabbato
392 2253 409 2305 ἱ
440 2253 572 2291 nam
604 2235 724 2305 ipsa
743 2248 966 2306 quoque
994 2232 1188 2285 eadem
1213 2231 1303 2284 die
1337 2230 1406 2283 de
1433 2230 1537 2283 1100
1566 2225 1755 2281 seel110
1863 2233 2085 2303 perfusa
2116 2233 2315 2288 rubore
2347 2234 2502 2294 dixit.
2537 2234 2679 2291 furto
2707 2252 2829 2291 esse
2860 2238 3154 2293 sublatam.
3187 2240 3314 2295 Post
3343 2240 3480 2295 mis-

126 2332 398 2403 migravit,
431 2338 491 2386 et
515 2331 585 2385 de
626 2329 817 2384 labore
850 2328 918 2381 ad
949 2326 1195 2398 requiem
1224 2324 1497 2395 pervenit.
1860 2342 1974 2381 sam
2008 2326 2199 2400 regina
2242 2327 2531 2381 ecclesiam
2598 2343 2822 2401 egressa
2853 2336 2955 2396 est,
2985 2330 3289 2401 paullulum
3324 2348 3480 2386 com-

194 2426 276 2480 18.
308 2426 456 2492 Quia
484 2437 769 2492 nunquam
797 2424 908 2475 ocio
934 2420 1230 2473 indulserit
1259 2434 1273 2481 ;
1307 2417 1440 2471 etde
1458 2431 1755 2485 panepau-
1859 2418 2341 2488 mota;statimque
2362 2418 2579 2473 obviam
2608 2420 3112 2492 habuitquamdam
3131 2424 3408 2479 cei-vulam
3432 2425 3477 2459 τι

122 2520 240 2586 peri
268 2518 335 2571 de
359 2521 544 2573 monte
568 2515 825 2585 projecto.
846 2511 1252 2573 Festisdiebus,
1278 2509 1484 2580 quibus
1507 2523 1615 2561 non
1635 2506 1752 2559 lici-
1855 2505 1993 2559 infra
2023 2506 2260 2561 claustra
2292 2508 2609 2561 monasterii
2638 2509 2936 2564 edomitam
2965 2529 2978 2577 ;
3021 2529 3183 2584 quam
3208 2520 3264 2567 ut
3324 2514 3479 2599 vidit,

124 2617 232 2662 tum
264 2615 348 2663 est
379 2606 647 2661 insistere
674 2618 932 2657 manuum
964 2599 1248 2671 cperibus,
1284 2599 1402 2668 ipsa
1434 2597 1567 2669 legit
1593 2597 1633 2629 ⁷¹
1662 2595 1746 2650 vel
1851 2596 2054 2651 blando
2076 2606 2211 2651 nutu
2241 2598 2308 2651 ad
2340 2614 2398 2653 se
2420 2600 2653 2667 vocavit,
2674 2601 2937 2670 adiurans
2962 2619 3060 2673 per
3086 2620 3289 2659 nomen
3314 2595 3475 2658 Chrii

118 2697 436 2769 legentibus
467 2710 658 2751 aurem
701 2690 1159 2750 accommodavit,
1186 2697 1241 2743 et
1271 2686 1541 2758 quidquid
1592 2700 1746 2738 sacra
1850 2687 1938 2752 sti,
1973 2697 2030 2741 ut
2075 2687 2181 2740 sibi
2230 2703 2323 2741 vas
2380 2689 2659 2753 redderet,
2711 2691 2861 2762 quod
2921 2692 3261 2749 devorasset,
3303 2694 3482 2749 Bestia

120 2790 401 2861 Scriptura
480 2786 752 2859 pmcipit,
829 2783 1150 2839 memoriter
1228 2780 1421 2835 tenuit.
1512 2777 1751 2833 Cotidia-
1852 2786 2032 2832 autem
2057 2779 2243 2834 virtuti
2274 2781 2599 2850 imperantis
2650 2783 2945 2850 obediens,
2980 2785 3128 2840 dicto
3169 2785 3334 2841 citius
3358 2803 3479 2841 em-

120 2885 205 2937 nis
232 2899 363 2938 vere
392 2881 601 2937 diebus
630 2877 953 2951 psalmodiae
975 2884 1029 2931 et
1058 2875 1259 2930 divinae
1311 2870 1538 2927 lectioni
1572 2870 1751 2923 inhaa-
1856 2875 2062 2944 pullam
2089 2876 2351 2941 evomuit,
2386 2877 2531 2930 haud
2588 2876 2864 2933 immerito
2896 2878 3043 2933 illius
3084 2892 3361 2952 praecepto
3390 2899 3488 2953 ρςι-

123 2975 297 3038 rebat,
329 2989 439 3027 nec
469 2971 658 3025 minus
689 2983 951 3022 manuum
1020 2962 1331 3035 operationi
1390 2959 1652 3015 instabat.
1696 2958 1752 3011 Si
1860 2980 2011 3031 rens,
2045 2981 2169 3035 quae
2188 2966 2301 3020 Deo
2327 2964 2663 3035 semperfuit
2691 2968 2979 3022 obediens.
3006 2968 3207 3024 Omnes
3233 2973 3328 3042 qui
3358 2972 3486 3027 ade-

120 3065 348 3139 quando
390 3071 578 3119 autem
612 3060 1017 3132 impediebatur
1046 3058 1264 3111 diverso
1295 3055 1624 3126 populorum
1652 3067 1756 3106 ser-
1862 3060 1982 3110 rant
2038 3056 2149 3110 Deo
2206 3057 2409 3129 gratias
2462 3058 2720 3128 agebant,
2782 3060 2910 3130 quia
2964 3061 3153 3132 regina
3200 3063 3268 3118 de
3328 3064 3491 3119 bruto

120 3173 310 3221 mone,
354 3155 525 3211 solito
562 3167 716 3206 more
765 3150 935 3204 divini
966 3148 1149 3219 Operis
1174 3146 1415 3201 studium
1450 3143 1754 3209 celebrare,
1793 3203 1834 3221 η
1863 3144 2085 3198 animali
2116 3160 2210 3198 vas
2239 3144 2472 3199 illaesum
2499 3147 2728 3215 recepit,
2761 3148 2911 3218 quod
2965 3164 3067 3204 nec
3094 3150 3213 3220 ipsa
3244 3151 3488 3207 devora-

114 3250 253 3303 hora
310 3248 517 3303 saltem
570 3241 891 3298 refectionis
924 3248 1075 3295 stans
1131 3248 1259 3293 ante
1297 3253 1567 3302 mensam,
1622 3233 1759 3288 nihil
1788 3203 1837 3271 Ο
1866 3244 1979 3290 tum
1996 3236 2231 3302 viderat,
2254 3252 2359 3290 nec
2395 3235 2464 3289 ab
2497 3237 2684 3307 aliquo
2718 3239 2989 3296 audierat,

116 3338 227 3392 cibi
260 3335 536 3411 gustavit,
560 3333 881 3404 priusquam
913 3329 1122 3400 aliquid
1152 3327 1339 3397 operis
1369 3324 1595 3389 faceret,
1626 3320 1761 3376 illud
1934 3328 2007 3382 20
2053 3332 2126 3382 De
2140 3329 2430 3397 prophetia
2451 3335 2651 3384 sanctae
2689 3334 2800 3385 Dei.
2848 3333 2966 3387 Non
2985 3333 3148 3388 etiam
3183 3335 3491 3406 prophetia;

115 3446 227 3484 non
261 3428 620 3484 obliviscens
643 3422 941 3495 quoddicit
963 3420 1255 3492 Apostolus
1288 3419 1431 3484 :Qui
1452 3430 1764 3483 nonopera—
1868 3420 2014 3474 dono
2041 3419 2235 3482 caruit,
2268 3435 2389 3490 qua:
2416 3419 2698 3493 signorum
2747 3420 2994 3477 efﬁcacia
3048 3425 3264 3480 enituit.
3316 3426 3493 3499 Rega-

118 3527 227 3585 tur,
247 3538 349 3575 nec
398 3518 690 3574 manducet
721 3516 791 3583 (ΙΙ
836 3515 969 3568 Thes
1032 3528 1114 3579 ιιι,
1146 3510 1254 3576 10).
1300 3507 1603 3562 Clementia
1632 3520 1763 3559 vero
1867 3512 1938 3565 lis
1970 3511 2264 3586 pregenies
2282 3511 2521 3582 quodam
2563 3522 2814 3584 tempore
2846 3516 2898 3570 in
2933 3517 3094 3574 Fraso
3141 3519 3246 3588 (39)
3281 3534 3490 3575 conve—

115 3612 213 3665 Dei
245 3606 667 3680 omnipotentis
687 3603 948 3658 meritum
973 3599 1309 3656 venerabilis
1338 3597 1540 3666 reginae
1570 3595 1766 3650 nolens
1871 3603 2052 3672 niens,
2079 3604 2282 3674 pariter
2310 3611 2585 3659 venerunt
2632 3607 2848 3680 regales
2878 3611 3058 3679 pueri,
3118 3610 3357 3667 filiorum
3388 3614 3498 3669 sci-

120 3706 344 3761 diutius
406 3705 608 3767 latere,
644 3715 745 3771 per
799 3698 949 3752 illam
1006 3694 1339 3766 operabatur
1397 3691 1684 3756 miracula,
1716 3694 1776 3743 ut
1878 3694 2007 3749 licet
2036 3691 2157 3760 filii,
2204 3694 2324 3748 Otto
2371 3710 2507 3763 puer
2554 3692 2700 3749 filius
2749 3695 2963 3753 Ottonis
3005 3699 3372 3771 imperatoris,
3441 3710 3498 3758 οι

120 3798 351 3870 liquido
384 3794 610 3852 cunctis
640 3785 1430 3859 innotesceret,quantumsibi
1457 3785 1775 3854 obsequen-
1878 3784 2162 3838 Heinricus
2213 3789 2374 3838 natus
2434 3784 2670 3839 Heinrici
2729 3784 2886 3840 ducis
2930 3788 3364 3855 Bajowariorum
3397 3811 3412 3855 ς
3442 3803 3497 3849 et

116 3891 188 3944 tis
242 3889 369 3943 vita
420 3886 685 3958 placeret.
755 3880 887 3934 Nam
944 3878 1073 3932 dum
1115 3876 1352 3947 quodam
1415 3880 1665 3943 tempore
1718 3871 1775 3924 in
1878 3874 2019 3929 sicut
2046 3872 2382 3928 venerabilis
2412 3874 2603 3948 regina
2658 3874 2806 3929 hunc
2832 3891 2944 3946 prae
2975 3879 3175 3933 ceteris
3201 3880 3318 3935 suis
3351 3884 3497 3937 ηοιίε

114 3975 594 4050 Quitilingoburc
649 3968 1084 4026 anniversarium
1140 3967 1287 4021 diem
1340 3965 1484 4037 regis
1538 3962 1777 4017 Heinrici
1876 3964 2163 4028 dilexerat,
2196 3964 2269 4017 ita
2296 3974 2350 4018 et
2377 3961 2551 4018 filium
2582 3964 2703 4033 ejus
2737 3964 3071 4035 Heinricum,
3095 3985 3255 4025 suum
3294 3987 3498 4042 parvu-

114 4087 334 4147 magno
369 4072 652 4140 apparatu
678 4062 1008 4125 celebraret,
1041 4067 1340 4129 utsemper
1388 4064 1774 4120 consueverat,
1875 4057 1987 4111 lum
2018 4062 2300 4126 nepotem,
2333 4056 2457 4110 aliis
2486 4058 2783 4127 nepotibus
2816 4060 2872 4113 in
2930 4076 3119 4116 amore
3160 4066 3494 4136 praeposuit.

111 4146 275 4220 tanta
304 4158 601 4217 conﬂuxit
653 4153 948 4211 multitudo
1004 4164 1331 4223 pauperum,
1361 4154 1421 4203 ut
1460 4148 1611 4203 nullo
1650 4162 1780 4217 pos-
1881 4148 2119 4204 Sedente
2142 4148 2308 4221 igitur
2336 4146 2638 4204 Mahthilda
2660 4151 2957 4205 venerabili
2988 4153 3056 4207 ad
3078 4156 3270 4224 epulas
3300 4158 3501 4229 regalis

110 4260 247 4308 sent
273 4243 703 4319 comprehendi
762 4255 1016 4297 numero.
1046 4238 1254 4313 Regina
1269 4251 1398 4292 vero
1430 4234 1648 4289 illorum
1680 4232 1778 4287 ad-
1878 4256 2084 4295 mensa;
2114 4247 2167 4294 ει
2214 4255 2405 4294 secum
2447 4239 2748 4295 Adelheida
2777 4241 2822 4275 τε
2873 4242 3083 4316 regina,
3137 4260 3319 4302 comm
3352 4257 3502 4305 ³5ιᾶ-

109 4356 295 4403 item“
363 4341 573 4399 hilaris
612 4338 827 4401 Θίῗθοιδν
889 4333 1139 4406 ρνεθείρίι
1193 4331 1462 4403 QUOSdam
1519 4327 1776 4383 COIlocal‘i
1886 4335 2020 4388 bant
2072 4333 2225 4403 pueri
2274 4333 2528 4401 jocantes
2572 4336 2702 4391 ludo
2732 4336 2993 4391 infantili.
3036 4337 3186 4395 Tunc
3219 4340 3505 4397 Heinricus

114 4439 175 4492 in
209 4434 541 4493 cacumine
596 4429 819 4496 montis,
861 4434 916 4481 et
963 4433 1175 4481 ceteros
1215 4423 1270 4477 in
1300 4422 1412 4476 imo
1452 4420 1632 4489 vallis,
1666 4419 1784 4489 ipsa
1884 4440 2091 4480 mensae
2119 4426 2349 4480 accessit
2378 4427 2622 4498 prepior,
2654 4427 2747 4500 qui
2779 4437 2983 4484 sanctae
3043 4430 3135 4485 Dei
3169 4431 3270 4488 fuit
3305 4435 3505 4502 carior,

112 4527 481 4583 ministrans
524 4521 581 4576 in
627 4524 815 4574 monte
876 4513 1255 4579 vescentibus,
1285 4512 1423 4566 alios
1452 4525 1581 4566 vero
1626 4524 1653 4563 c

1966 4515 2166 4587 regiam
2188 4515 2363 4571 aviam
2394 4516 2692 4588 diligenter
2716 4516 2961 4587 intuens,
2987 4536 3050 4575 ac
3076 4522 3424 4579 familiariter
3450 4540 3507 4579 se

110 4625 426 4680 mendans
461 4615 965 4690 dispensatoribus.
986 4614 1119 4667 Cum
1147 4618 1330 4666 autem
1348 4625 1543 4666 omnes
1574 4606 1854 4679 regales”
1889 4607 2174 4662 reclinavit
2196 4606 2250 4660 in
2277 4606 2399 4675 ejus
2443 4608 2734 4682 gremium,
2763 4616 3043 4683 tamquam
3075 4614 3143 4668 ab
3186 4617 3509 4688 eajdeside-

107 4718 285 4774 cibos
320 4711 736 4785 impendisset,
760 4714 817 4764 et
840 4708 995 4779 larga
1021 4721 1190 4760 manu
1220 4719 1454 4775 quaeque
1479 4702 1791 4757 necessaria
1892 4719 2018 4758 rans
2063 4703 2329 4758 osculum.
2381 4702 2551 4767 Quem
2603 4705 2936 4761 venerabilis
2986 4704 3178 4782 regina
3233 4720 3514 4787 gratanter

110 4809 555 4865 habundanter
604 4801 996 4865 ministrasset,
1042 4797 1222 4852 adhuc
1285 4802 1489 4851 tortum
1523 4809 1720 4865 panem
1744 4793 1790 4827 ⁷³
1889 4794 2158 4864 suscepit,
2198 4801 2253 4848 et
2282 4794 2622 4863 amplectens
2661 4794 2814 4850 illum
2869 4796 3133 4864 brachiis,
3157 4801 3237 4856 sic
3255 4803 3330 4857 ait
3367 4820 3380 4856 :
3412 4825 3441 4854 ‹‹
3472 4804 3510 4859 0

108 4918 233 4958 non
285 4900 712 4973 perceperant,
739 4892 834 4964 qui
874 4891 932 4945 in
957 4888 1102 4945 valle
1142 4886 1432 4943 sedebant.
1463 4886 1625 4940 Stans
1657 4900 1790 4958 ergo
1892 4884 2117 4940 domine
2147 4885 2291 4938 Deus
2311 4884 2687 4955 omnipotens,
2719 4887 2925 4961 gratias
2954 4895 3061 4944 tuae
3094 4890 3283 4961 pietati
3318 4892 3514 4947 referi-

108 4993 215 5047 illa
245 5005 453 5062 supra
507 4985 716 5041 montis
765 4982 1050 5047 verticem,
1093 4980 1275 5035 subito
1304 4977 1536 5048 arripuit
1564 4993 1787 5048 panem,
1893 4990 2015 5028 mus
2044 4980 2098 5028 et
2127 4973 2342 5039 laudes,
2373 4973 2467 5045 qui
2501 4974 2649 5029 hunc
2677 4992 2904 5046 parvum
2945 4988 3200 5050 nepotem
3228 4982 3391 5037 nobis
3423 4999 3513 5038 re-

106 5098 302 5154 super
332 5092 532 5152 quem
559 5074 779 5149 signum
801 5071 980 5127 crucis
1009 5069 1329 5140 imponens,
1351 5068 1604 5122 invocato
1638 5064 1795 5154 Chri-
1895 5064 2123 5121 servasti
2153 5065 2510 5132 incolumem,
2566 5067 2724 5136 cujus
2754 5077 2964 5139 patrem
3012 5077 3129 5126 atra
3172 5072 3293 5128 dies
3325 5076 3517 5130 mortis

108 5153 192 5226 stt
219 5168 520 5231 nomine,
552 5163 786 5235 projecit
814 5161 883 5216 ab
937 5159 1050 5214 alto
1083 5157 1372 5214 cacumine
1407 5173 1422 5220 ;
1455 5154 1549 5226 qui
1578 5153 1798 5209 volutus
1898 5155 2146 5211 abstulit.
2200 5155 2310 5209 Sed
2354 5156 2559 5229 gratias
2588 5157 2710 5225 tibi,
2740 5160 2834 5230 qui
2866 5160 2972 5216 hoc
3000 5175 3203 5216 nomen
3230 5163 3299 5218 de
3332 5174 3519 5220 nostra

109 5266 189 5322 de
224 5264 377 5323 loco
406 5260 479 5315 in
508 5259 713 5325 locum,
744 5254 1473 5312 interdensitatessaxorum
1504 5255 1558 5304 et
1578 5248 1799 5320 sepium
1901 5244 2266 5319 generatione
2292 5245 2481 5301 delere
2509 5247 2756 5303 noluisti.
2792 5249 2947 5305 Hunc
2966 5249 3150 5317 nobis,
3180 5268 3518 5324 quzesumus,

1544 5371 1766 5426 VARI/li
1806 5370 2079 5425 LECTION
2089 5371 2182 5426 ES.

192 5489 247 5522 ⁷²
284 5480 684 5543 Ekkehardus
710 5494 778 5533 ea:
815 5475 1153 5532 Wtdukindo
1181 5475 1264 5547 III_
1314 5472 1399 5527 ⁵74.
1423 5470 1617 5537 tradit,
1641 5485 1775 5547 eam
1780 5470 2019 5547 ancillas
2052 5472 2249 5547 litteris
2278 5471 2603 5547 instituisse,
2627 5476 2676 5525 et
2690 5475 2868 5547 pergit
2897 5490 2909 5526 :
2945 5473 3143 5547 Namgt
3169 5474 3287 5547 ipsa
3317 5470 3527 5535 litteras

116 5541 334 5624 novit:
356 5567 526 5626 quas
555 5551 738 5605 adhuc
765 5547 1186 5626 adulescentula
1251 5545 1308 5626 i_n
1369 5542 1714 5626 monasterio
1759 5541 2172 5626 lien-ordiensi,
2227 5541 2360 5626 avia.
2402 5558 2501 5596 sua
2553 5549 2727 5626 matre
2781 5544 3109 5626 Theoderici
3141 5541 3393 5626 ejusdem
3422 5551 3529 5626 loci

111 5612 463 5688 abbatissa
486 5623 747 5687 docente,
789 5620 1057 5674 didicerat
1087 5634 1101 5682 ;
1126 5616 1273 5688 quod
1288 5629 1477 5688 supra
1532 5629 1632 5683 cap
1679 5613 1733 5667 2.
1774 5615 1991 5681 legerat.
2034 5612 2079 5647 ⁷³
2137 5628 2275 5684 quos
2330 5614 2460 5668 dare
2512 5613 2726 5669 solebat
2777 5621 2947 5672 tortos
2978 5633 3151 5687 panes
3172 5612 3233 5685 ἒ,
3266 5620 3311 5653 τ³
3335 5624 3533 5678 eodem

109 5686 392 5759 castello
430 5696 501 5750 2.
527 5693 572 5728 π
604 5686 917 5764 capreolam
940 5690 997 5755 2,
1026 5688 1071 5722 ⁷⁵
1094 5686 1376 5743 adilheida
1406 5686 1457 5740 1.

191 5872 331 5945 (39)
364 5867 562 5925 Frose
584 5862 654 5917 ad
681 5860 874 5917 Albim
1756 5781 1969 5837 NOT/E-
