3902 6422
431 433 526 486 911

1522 417 1793 473 ΒΑΝΟΤᾸΞ
1831 414 2188 471 MATHILDIS
2230 412 2470 469 REGNIE
2510 412 2681 466 VITA.

3662 405 3757 461 912

431 557 640 610 salvum
668 568 909 616 reserva,
939 548 1202 621 quamdiu
1244 545 1382 600 velis
1437 543 1653 598 mortali
1710 558 1811 597 nos
1869 550 2055 597 tenere
2086 540 2134 608 Ᾱ
2160 540 2387 594 virtutes
2450 537 2654 611 reginae
2716 533 3054 600 Mahthildis,
3095 532 3234 587 mira
3288 530 3558 602 opinione
3613 531 3770 585 laudis

434 646 635 712 invita,
660 650 719 698 ut
751 648 997 697 nostrum
1028 636 1321 692 amabilem
1381 634 1553 690 filium
1609 634 1927 689 Heinricum
1959 649 2056 705 per

434 751 637 791 nomen
679 732 871 789 saltem
906 730 1151 785 imitetur
1181 737 1235 781 et
1266 742 1477 782 vocem.
1512 746 1536 775 »
1570 725 1721 780 Tunc
1753 733 2055 779 etvenera-

434 828 563 882 bilis
594 824 784 898 regina
812 820 1165 875 Adelheitsic
1195 819 1270 871 ait
1302 835 1315 871 :
1348 843 1370 864 α
1400 820 1569 881 Quam
1598 816 1934 888 exoptabilis
1974 820 2056 869 est

435 916 601 985 hujus
632 913 789 985 pueri
811 917 1087 981 aspectus,
1114 915 1169 963 et
1188 923 1351 979 quam
1371 907 1606 961 decorus
1622 905 1690 959 ad
1722 904 2054 960 intuendum

433 1009 620 1064 vultus
652 1006 665 1060 l
702 1004 801 1060 Ubi
828 1018 961 1076 ergo
993 1001 1308 1057 invenietur
1333 999 1509 1072 virgo,
1541 1014 1665 1070 quae
1690 997 1740 1053 ei
1762 996 2057 1053 conveniat

436 1098 609 1155 forma
636 1104 691 1150 et
730 1092 1004 1168 ingenio?
1057 1092 1165 1148 Nos
1208 1099 1393 1146 natam
1440 1088 1711 1144 habemus
1752 1087 2051 1158 parvulam,

438 1186 662 1243 nomine
686 1184 965 1239 Hemmam
995 1181 1108 1253 (40)
1142 1198 1156 1244 ;
1199 1177 1435 1235 hancilli
1468 1191 1836 1241 reservemus,
1868 1174 1915 1229 si
1942 1175 2054 1230 Deo

433 1280 613 1351 placet
643 1283 699 1331 et
727 1275 905 1338 vobis,
938 1280 997 1329 ut
1019 1272 1181 1328 nobis
1209 1272 1503 1342 copuletur
1516 1269 1607 1324 hic
1623 1284 1799 1344 gener
1826 1273 2056 1338 exopta-

434 1372 580 1427 bilis.
627 1391 651 1421 »
698 1369 931 1424 Econtra
969 1364 1165 1421 Christi
1233 1362 1438 1419 famula
1489 1361 1730 1428 reticuit,
1784 1367 1839 1415 et
1878 1359 1973 1414 diu
1996 1358 2051 1413 in

435 1460 796 1533 responsione
835 1457 1128 1513 haesitavit.
1179 1456 1306 1512 Post
1353 1456 1474 1509 haec
1501 1453 1667 1526 longa
1707 1452 1932 1508 trahens
1959 1468 2057 1506 su-

433 1550 624 1622 spiria,
660 1550 778 1604 haec
833 1546 1074 1602 reddidit
1126 1545 1333 1602 verba:
1368 1565 1390 1594 ι
1439 1543 1611 1610 Absit,
1670 1549 1731 1598 ut
1766 1543 1840 1597 de
1871 1548 2058 1596 nostra

436 1651 587 1714 parte
620 1639 777 1696 vobis
806 1637 1027 1693 eveniat
1052 1644 1263 1692 tantum
1286 1635 1440 1691 triste
1466 1653 1480 1700 ;
1508 1635 1735 1707 expedit
1760 1634 1908 1689 enim
1933 1632 2059 1689 filia:

433 1738 628 1786 vestrae
662 1727 894 1784 feliciori
927 1743 989 1782 se
1027 1726 1144 1782 viro
1174 1725 1499 1797 adjungere.
1533 1725 1643 1779 Hoc
1697 1738 1901 1778 nomen
1930 1731 2062 1778 tunc

434 1820 783 1877 solummodo
823 1817 994 1872 decus
1023 1815 1238 1878 habuit,
1281 1814 1545 1885 quamdiu
1593 1813 1854 1869 dominus
1878 1820 2068 1869 noster

435 1908 725 1964 Heinricus
754 1906 907 1961 vixit.
943 1905 1237 1976 Postquam
1269 1911 1454 1958 autem
1489 1903 1543 1957 in
1590 1911 1841 1972 posteros
1890 1903 2063 1970 venit,

434 2016 736 2072 numquam
771 1996 1078 2054 infortunio
1109 1995 1309 2051 caruit.
1345 1995 1482 2060 Quid
1512 1994 1749 2050 dicimus
1793 1995 1862 2050 de
1889 2011 2065 2071 angu-

432 2093 551 2148 stiis
573 2100 627 2147 et
657 2089 1108 2145 tribulationibus
1159 2104 1298 2160 quas
1352 2087 1613 2143 sustinuit
1659 2096 1813 2158 pater
1842 2088 2015 2159 ipsius
2036 2088 2064 2143 ?

435 2184 545 2241 Sed
566 2184 714 2239 enim
748 2182 933 2237 adhuc
959 2182 1018 2236 in
1056 2181 1243 2235 divina
1273 2179 1639 2250 dispositione
1670 2187 1753 2234 cst
1777 2180 1905 2250 quid
1938 2180 2063 2237 huic

436 2278 639 2332 debeat
663 2275 937 2331 accidere.
967 2274 1267 2345 Speramus
1295 2280 1498 2335 autem,
1554 2272 1660 2327 hoc
1703 2287 1909 2327 nomen
1949 2288 2061 2327 non

435 2369 692 2425 excidere
715 2368 784 2422 de
815 2382 1020 2439 genere
1045 2374 1255 2432 nostro,
1287 2365 1609 2436 priusquam
1639 2364 1841 2436 aliquis
1869 2380 2062 2434 parvu-

442 2458 526 2514 lus
557 2473 733 2529 nepos
765 2457 976 2512 oriatur
1024 2456 1093 2509 de
1124 2455 1373 2523 ejusdem
1434 2454 1645 2525 parvuli
1691 2454 1922 2521 semine,
1965 2455 2058 2526 qui

438 2547 770 2602 sublimetur
800 2545 969 2619 regali
1003 2543 1293 2619 dignitate.
1323 2566 1347 2595 ι)
1381 2544 1512 2610 Quis
1534 2544 1581 2578 ⁷⁸
1600 2552 1784 2598 autem
1820 2544 2057 2612 dubitet,

439 2639 629 2694 electa:
648 2637 846 2691 Christi
868 2636 1085 2691 famula:
1119 2634 1465 2706 prephetiam
1498 2634 1555 2689 in
1601 2634 2060 2690 christianissimo

437 2744 565 2801 rege
599 2725 852 2781 Heinrico
883 2740 1031 2779 nunc
1088 2739 1209 2778 esse
1262 2722 1542 2794 impletum
1579 2739 1592 2788 ;
1623 2723 1716 2793 qui
1750 2721 1873 2777 sine
1928 2723 1978 2777 vi
2007 2732 2062 2779 et

438 2823 608 2879 armis
637 2821 881 2891 suscepit
934 2820 1153 2875 culmen
1209 2819 1519 2893 regiminis,
1580 2825 1635 2873 et
1684 2818 2063 2889 tranquilitate

441 2914 593 2986 pacis
626 2928 774 2967 nunc
804 2917 955 2966 tenet
985 2911 1253 2965 honorem
1276 2909 1565 2983 dignitatis
1592 2908 1620 2962 ?
1663 2909 1701 2964 Ο
1725 2925 1816 2963 rex
1851 2909 2065 2963 Heinri-

438 3022 523 3071 ce,
564 3004 761 3059 merito
780 3002 1075 3065 laudande,
1110 3000 1282 3057 induc
1308 3001 1472 3056 etiam
1503 3008 1669 3072 atque
1702 3000 1867 3056 etiam
1892 3003 2064 3057 menti

438 3106 545 3153 tua:
578 3094 925 3167 pr0phetiam
957 3093 1194 3166 insignis
1218 3092 1423 3168 regium
1446 3101 1502 3148 et
1524 3100 1869 3167 cognoscete
1900 3100 2063 3149 tanta;

2161 637 2390 684 vocatus
2417 635 2499 683 est
2531 626 2678 682 ﬁlius
2730 626 2852 694 ejus
2890 640 2981 679 rex
3013 622 3136 680 Otto
3176 624 3232 678 in
3263 638 3498 697 regnum
3543 621 3718 677 Romae
3744 638 3770 675 a

2158 721 2393 790 praesule
2424 718 2575 773 sedis
2613 716 2953 788 apostolicae,
2986 725 3047 769 ut
3089 713 3323 789 gloriam
3354 712 3663 784 imperialis
3691 728 3773 766 co-

2158 828 2306 867 ronas
2364 811 2692 881 perciperet,
2747 815 2803 862 et
2859 805 3137 862 Romanis
3186 802 3592 876 prmesset(an.
3639 801 3769 871 961).

2156 907 2307 961 Tunc
2356 904 2760 961 commendans
2815 916 3048 974 regnum
3105 906 3162 953 et
3229 898 3505 961 Ottonem,
3566 912 3772 968 parvum

2160 996 2332 1053 filium
2355 1013 2537 1061 suum,
2570 995 2677 1066 pie
2711 993 2872 1048 matri
2903 1000 2960 1047 et
2990 989 3413 1062 archiepiscopo
3471 988 3772 1051 Wilhelmo,

2156 1105 2344 1146 secum
2376 1088 2498 1145 tulit
2524 1086 2689 1142 fortia
2718 1085 2965 1140 virorum
3017 1089 3266 1155 pectora,
3300 1087 3354 1136 et
3405 1079 3625 1135 Christo
3650 1078 3774 1133 duce

2157 1183 2386 1238 Romam
2407 1179 2762 1252 properabat,
2797 1178 2941 1233 sicut
2972 1192 3117 1247 papa
3173 1174 3555 1241 mandaverat,
3588 1172 3774 1227 "secum

2155 1273 2453 1329 comitante
2483 1271 2680 1345 regina
2713 1268 3037 1324 Adelheida.
3072 1268 3204 1323 Cum
3233 1272 3416 1322 autem
3448 1264 3777 1337 pervenisset

2155 1363 2222 1417 ad
2252 1360 2566 1417 cathedram
2597 1359 2772 1415 sancti
2808 1359 2971 1420 Petri,
3034 1358 3196 1413 simul
3251 1372 3378 1411 cum
3409 1370 3586 1411 uxore
3616 1354 3780 1424 impe-

2158 1453 2346 1508 rialem
2378 1467 2641 1508 coronam
2675 1450 2889 1521 accepit
2913 1465 3143 1504 munere
3174 1448 3394 1515 Christi,
3422 1454 3481 1502 et
3509 1454 3669 1503 totus
3686 1459 3775 1516 po-

2158 1548 2322 1619 pulus
2354 1547 2721 1601 Romanorum
2754 1560 2815 1598 se
2836 1549 3037 1613 sponte
3066 1541 3384 1614 subjugavit
3408 1540 3595 1611 ipsius
3622 1536 3784 1593 domi.

2161 1636 2333 1703 natui,
2358 1643 2412 1691 et
2434 1634 2543 1689 sibi
2570 1633 2868 1689 solvebant
2903 1632 3129 1698 tributa,
3162 1638 3217 1686 et
3246 1637 3374 1703 post
3404 1630 3565 1684 illum
3599 1628 3781 1685 ceteris

2160 1724 2277 1779 suis
2304 1722 2542 1794 posteris
2581 1725 2690 1791 (an.
2723 1721 2849 1787 982,
2884 1721 3037 1775 Febr.
3090 1721 3165 1785 2).
3194 1719 3423 1775 Interim
3458 1718 3781 1774 venerabilis

2169 1816 2360 1890 regina
2386 1815 2533 1869 inter
2560 1829 2716 1885 spem
2745 1821 2800 1868 et
2820 1820 3030 1867 metum
3056 1812 3363 1886 angebatur
3387 1810 3585 1879 dubia,
3614 1817 3781 1865 utrum

2119 1882 2145 1917 ’
2171 1910 2284 1966 tilio
2317 1925 2418 1965 suo
2449 1909 2768 1965 evenissent
2801 1923 3067 1980 prospera
3091 1923 3159 1963 an
3193 1907 3443 1973 adversa,
3475 1917 3535 1962 et
3574 1922 3675 1978 pro
3700 1907 3781 1960 in-

2168 2000 2494 2056 columitate
2522 1998 2644 2067 ejus
2669 1998 2797 2053 vitae
2839 1998 2951 2052 Deo
2981 2012 3204 2067 semper
3231 1995 3432 2052 obtulit
3460 1993 3783 2050 sacriﬁcium

2164 2094 2580 2151 continuatione
2632 2108 2856 2163 precum
2902 2099 2958 2146 et
3022 2091 3277 2166 largitate
3337 2091 3777 2146 elemosinarum.

2162 2187 2312 2242 Tunc
2350 2187 2513 2241 etiam
2547 2184 2852 2240 construxit
2875 2183 3271 2239 monasterium
3300 2182 3357 2236 in
3388 2182 3619 2237 civitate
3645 2181 3782 2236 Nort-

2163 2276 2467 2331 husunensi
2493 2275 2536 2308 ⁷⁷
2577 2289 2855 2330 consensu
2916 2275 3001 2328 sui
3059 2272 3273 2345 parvuli
3303 2272 3528 2343 nepotis
3559 2271 3781 2336 Ottonis,

2164 2386 2261 2443 pro
2287 2370 2470 2424 anima
2500 2369 2646 2441 regis
2700 2368 2944 2422 Heinrici
3005 2374 3059 2421 et
3109 2366 3195 2422 sui
3243 2366 3517 2422 carissimi
3556 2364 3678 2431 ﬁlii,
3703 2364 3780 2419 cui

2161 2459 2332 2531 patris
2352 2473 2556 2513 nomen
2588 2458 2944 2528 imposuerat,
2996 2463 3051 2511 et
3093 2471 3262 2528 quem
3294 2456 3351 2511 in
3385 2455 3625 2527 praefata
3661 2456 3783 2510 civi-

2163 2557 2271 2604 tate
2299 2556 2702 2620 procreaverat.
2760 2547 2878 2601 lllic
2932 2552 3364 2622 congregaverat
3419 2547 3720 2600 turmulam
3746 2544 3784 2577 τε

2163 2656 2414 2696 sororum
2446 2642 2555 2695 Deo
2585 2647 2640 2695 et
2684 2640 2862 2694 beatae
2894 2639 3073 2695 Maria;
3124 2638 3323 2712 virgini
3379 2638 3763 2694 famulantium

2163 2734 2387 2790 Interea
2426 2733 2858 2806 pervulgabatur
2899 2732 3082 2788 Ottoni
3130 2732 3450 2804 imperatori
3507 2732 3569 2787 in
3604 2732 3780 2796 Roma,

2165 2846 2317 2884 suam
2359 2829 2626 2901 Optimam
2657 2836 2888 2883 matrem
2919 2828 3152 2883 nimium
3180 2827 3493 2883 contristari
3552 2827 3623 2883 de
3679 2827 3783 2895 ejus

2154 2920 2417 2991 absentia
2445 2939 2459 2987 ;
2491 2921 2586 2992 qui
2614 2919 2754 2975 miro
2781 2935 3052 2975 accensus
3081 2935 3269 2974 amore
3298 2919 3510 2975 Christo
3537 2920 3781 2975 dilectam

2163 3014 2374 3080 videre,
2413 3013 2595 3069 statim
2617 3012 2844 3085 reliquit
2873 3013 3100 3067 Romam
3129 3021 3185 3068 et
3208 3011 3461 3082 pervenit
3495 3013 3576 3067 'in
3605 3014 3783 3071 civita-

2164 3111 2273 3159 tem
2307 3104 2611 3170 Coloniam,
2678 3103 2776 3158 ubi
2808 3102 2981 3159 frater
3027 3104 3149 3175 ejus
3205 3104 3387 3160 Bruno
3438 3106 3783 3161 venerandus

437 3187 722 3263 dignitatis
761 3186 1078 3242 ascendisse
1108 3185 1307 3241 solium
1339 3202 1439 3256 per
1488 3185 1664 3257 ipsius
1691 3185 2061 3242 interventum
2096 3194 2649 3292 Carchipmsulatus
2708 3193 2936 3248 tenebat
2986 3193 3212 3249 infulam
3266 3196 3378 3262 (αη⁶
3443 3195 3578 3261 963,
3637 3197 3785 3251 Mai,

437 3295 492 3340 et
520 3283 802 3339 meritum.
836 3282 1103 3336 Dominus
1125 3281 1267 3335 Deus
1285 3281 1663 3352 omnipotens,
1693 3279 1788 3351 qui
1818 3286 1871 3335 te
1897 3279 2066 3352 elegit
2101 3279 2145 3292 ν’
2166 3285 2340 3347 Jun.).
2376 3284 2490 3339 lllic
2540 3291 2731 3339 sancta
2787 3283 3121 3338 venerabilis
3182 3284 3376 3359 regina
3429 3284 3549 3340 tilio
3578 3285 3782 3340 obviam

437 3386 492 3431 ct
518 3375 644 3430 sine
692 3373 745 3428 vi
777 3374 995 3429 culmen
1064 3372 1294 3428 honoris
1348 3372 1644 3438 concessit,
1706 3372 1909 3427 tribuat
1965 3371 2065 3426 tibi
2168 3373 2320 3427 venit
2345 3388 2469 3427 cum
2487 3378 2693 3443 nepote
2711 3372 2956 3442 parvulo,
2982 3387 3148 3444 quem
3181 3372 3409 3428 Romam
3461 3382 3666 3443 petens
3693 3373 3783 3427 sibi

441 3470 656 3541 c0piam
678 3468 1086 3524 benedictionis
1111 3484 1247 3535 suae,
1279 3476 1619 3538 coronetque
1664 3472 1716 3521 te
1756 3483 1960 3523 corona
1975 3467 2069 3536 ju-
2168 3465 2672 3531 commendaverat,
2690 3479 2877 3520 secum
2910 3464 3074 3519 etiam
3099 3463 3399 3520 comitante
3430 3465 3598 3519 herili
3627 3479 3785 3536 puero

441 3557 603 3613 stitia:
638 3575 652 3623 ;
682 3554 844 3610 faciat
871 3563 923 3611 te
954 3555 1217 3610 blandum
1239 3556 1405 3627 justis
1435 3562 1490 3611 et
1520 3555 1826 3610 terribilem
1860 3554 2062 3625 impiis,

444 3643 993 3717 quatinusjustitiam
1026 3650 1301 3699 sectantes
1332 3660 1429 3715 per
1459 3643 1703 3698 lenitatis
1744 3651 2067 3700 mansuetu-

444 3735 633 3789 dinem
664 3733 1013 3799 corrobores,
1044 3740 1097 3788 et
1119 3743 1370 3788 errantes
1403 3749 1499 3804 per
1514 3733 1744 3802 justitiae
1766 3734 2067 3790 districtio—

446 3841 569 3880 nem
594 3822 877 3878 terrificos.
924 3823 1164 3898 Angelus
1195 3823 1411 3878 Domini
1433 3830 1486 3877 te
1516 3839 1737 3893 semper
1766 3824 2064 3893 praecedat,

442 3916 735 3972 comitetur
770 3922 825 3970 ct
855 3915 1248 3986 subsequatur,
1292 3913 1386 3986 qui
1427 3930 1624 3970 omnes
1650 3924 1805 3970 actus
1830 3922 1955 3970 tuos
1981 3914 2069 3969 di-

442 4006 605 4079 rigat,
638 4011 692 4059 et
720 4013 950 4060 cunctos
982 4003 1239 4058 inimicos
1261 4002 1365 4058 sub
1395 4004 1504 4058 tuis
1532 4003 1769 4075 pedibus
1792 4011 2065 4069 conterat,

443 4105 504 4153 ut
530 4096 598 4152 ad
630 4095 936 4168 profectum
958 4103 1164 4149 sancta:
1187 4094 1438 4149 ecclesias
1469 4094 1733 4150 diuturno
1752 4094 1902 4150 vivas
1929 4102 2069 4150 tem-

444 4202 598 4258 pore,
632 4193 685 4241 et
725 4185 1077 4257 postmodum
1106 4182 1270 4237 vitam
1304 4181 1585 4254 percipias
1641 4183 1762 4237 sine
1794 4181 1924 4237 fine.
1955 4183 2068 4237 Au-

444 4293 529 4338 tor
585 4281 748 4351 hujus
801 4280 1040 4335 dictatus
1092 4294 1203 4333 non
1257 4277 1556 4345 omitteret,
1615 4277 1750 4348 quin
1788 4277 1912 4343 tibi,
1972 4293 2063 4332 rex

442 4374 703 4450 gloriose,
736 4378 1019 4444 perpetuas
1046 4369 1326 4426 felicitatis
1368 4376 1423 4424 et
1460 4368 1757 4424 mundanae
1780 4369 2066 4439 prosperi-

443 4466 575 4520 tatis
605 4463 732 4535 plus
761 4468 1066 4533 exoptaret,
1107 4461 1153 4515 si
1176 4475 1285 4517 non
1308 4460 1378 4515 ab
1433 4459 1636 4516 invidis
1662 4460 1839 4533 magis
1889 4461 2070 4532 depu-

443 4566 653 4615 taretur
701 4555 1092 4628 vituperationi
1132 4554 1487 4619 adulationis,
1520 4571 1684 4627 quam
1729 4555 1944 4611 caritati
1972 4571 2070 4612 ve-

444 4652 635 4706 ritatis.
663 4650 968 4720 Supersunt
999 4648 1234 4719 plurima
1264 4647 1332 4703 de
1356 4654 1406 4703 te
1428 4646 1786 4703 laudabiliter
1811 4648 2068 4714 dicenda;

444 4744 545 4799 sed
573 4743 693 4798 hac
722 4740 1196 4814 prsetermittenda
1246 4746 1397 4808 sunt,
1430 4746 1491 4795 ut
1518 4756 1614 4796 ora
1641 4740 1955 4797 invidorum
1976 4740 2074 4797 ob-

446 4841 747 4890 struantur.

518 4927 609 4981 21.
655 4929 729 4981 De
778 4926 1028 4979 unctione
1086 4924 1293 4980 Ottoni:
1328 4926 1493 4992 regis.
1551 4923 1959 4980 Revertendum
1990 4934 2072 4982 est

447 5029 532 5079 est
560 5022 629 5077 ad
671 5019 874 5092 priora,
896 5025 954 5074 ut
985 5019 1052 5073 ad
1076 5016 1241 5073 ﬁnem
1266 5018 1641 5091 perducantur
1661 5020 1905 5092 incepta.
1944 5019 2074 5076 Cum

2170 3554 2447 3621 Heinrico,
2471 3571 2639 3626 quem
2669 3554 2725 3608 in
2779 3555 2901 3609 loco
2931 3553 3032 3608 filii
3060 3554 3275 3619 dilexit,
3309 3563 3610 3626 postquam
3656 3558 3785 3610 idem

2166 3647 2275 3702 dux
2304 3647 2640 3718 Bajowariae,
2670 3645 2817 3702 ﬁlius
2846 3646 3061 3702 scilicet
3090 3646 3233 3715 ejus,
3275 3662 3341 3702 ex
3394 3648 3499 3703 hac
3538 3650 3652 3704 vita
3694 3650 3786 3702 dis-

2168 3740 2356 3795 cessit.
2388 3739 2551 3794 Venit
2579 3747 2634 3793 et
2663 3740 2855 3814 regina
2885 3738 3133 3805 Gerbirc,
3162 3745 3368 3794 sanctae
3390 3740 3486 3794 Dei
3524 3740 3659 3796 ﬁlia.
3688 3741 3787 3795 Illic

2167 3828 2368 3901 regalis
2398 3836 2705 3884 conventus
2761 3835 3072 3899 postremos
3113 3827 3441 3883 alterutrum
3503 3831 3789 3885 deditam-

2168 3922 2457 3993 plexus,et
2508 3920 2621 3976 illic
2676 3920 2856 3976 sortiti
2912 3927 3041 3976 sunt
3113 3926 3359 3976 extrema
3408 3921 3791 3978 collocutionis

2168 4011 2360 4076 verba,
2393 4009 2448 4063 id
2505 4009 2580 4065 ita
2630 4009 2965 4080 disponente
3023 4008 3211 4064 divina
3250 4008 3572 4066 clementia.
3608 4012 3787 4066 Postea

2170 4100 2320 4156 enim
2373 4116 2431 4155 se
2489 4115 2600 4155 non
2658 4099 2913 4155 viderunt
2964 4099 3022 4153 in
3080 4100 3186 4155 hoc
3251 4101 3475 4156 mortali
3545 4117 3789 4174 corpore,

2168 4193 2265 4247 sed
2296 4201 2661 4262 utsperamus
2690 4192 2748 4247 in
2784 4198 2991 4247 aeterna
3021 4207 3170 4247 nunc
3199 4193 3561 4266 congaudent
3587 4195 3788 4265 requie.

2240 4288 2329 4343 22.
2364 4287 2633 4355 Quomodo
2690 4290 2925 4356 uestigia
2966 4289 3075 4357 ﬁlii
3135 4289 3346 4345 Ottonis
3385 4291 3788 4347 deosculavm‘t.

2173 4377 2310 4452 Ergo
2343 4377 2531 4432 inclita
2583 4376 2775 4450 regina
2828 4376 3069 4447 primum
3115 4393 3146 4432 a
3174 4392 3381 4433 caesare
3440 4388 3498 4434 et
3530 4380 3653 4436 ﬁlio
3699 4394 3792 4433 suo

2175 4467 2596 4539 archiepisc0po
2631 4468 2888 4522 Rrunone
2946 4465 3261 4538 ceterisque
3316 4466 3429 4523 illic
3469 4468 3795 4525 conﬂuenti-

2177 4562 2281 4617 bus
2308 4561 2617 4618 honoriﬁce
2660 4568 2937 4633 suscepta,
2979 4575 3109 4617 suos
3137 4562 3327 4637 gavisa
3358 4570 3442 4617 est
3482 4579 3544 4618 se
3601 4564 3793 4619 vidisse

2172 4649 2317 4706 titius
2334 4655 2389 4705 et
2418 4656 2674 4721 nepotes,
2716 4665 2934 4706 necnon
2974 4648 3191 4706 Christo
3218 4650 3500 4706 referebat
3528 4652 3721 4707 laudes
3749 4657 3795 4704 et

2172 4743 2376 4815 gratias
2406 4758 2506 4813 pro
2533 4742 2913 4798 incolumitate
2953 4742 3222 4798 omnium.
3257 4742 3452 4797 Postea
3472 4759 3610 4799 vero
3640 4759 3792 4815 quam

2173 4852 2235 4892 se
2259 4843 2451 4892 mutuo
2472 4838 2800 4902 salutarunt,
2832 4836 3068 4912 ingressi
3110 4842 3239 4891 sunt
3280 4835 3631 4903 cubiculum,
3664 4838 3796 4892 inter

2175 4942 2236 4982 se
2266 4926 2640 4997 producentes
2665 4925 2938 4982 familiare
2955 4927 3273 4997 coloquium
3334 4928 3566 4983 Interim
3594 4928 3794 4983 introiit

2177 5020 2476 5089 episcOpus
2502 5018 2824 5075 Baldericus
2846 5018 2978 5092 (41),
3015 5019 3109 5091 qui
3157 5018 3262 5074 fuit
3291 5020 3561 5094 magister
3594 5001 3795 5075 Brund-

449 5113 615 5189 igitur
678 5111 845 5185 longe
897 5111 1117 5183 lateque
1170 5110 1585 5182 divulgarentur
1640 5110 2077 5167 innumerabiles
2177 5112 2266 5166 nis
2296 5111 2701 5183 archiepiscopi
2732 5111 3522 5183 temporibusregislleinrici,
3548 5123 3606 5169 et
3625 5110 3795 5169 omni-

1809 5235 2032 5292 VARUE
2072 5235 2348 5292 LECTION
2356 5236 2451 5291 ES.

521 5332 731 5418 “Quis
759 5334 1006 5418 dubitet,
1040 5335 1183 5418 hanc
1214 5336 1566 5418 prpphetiam
1598 5336 1671 5418 in
1696 5335 1968 5418 Heinricon
1982 5335 2451 5418 Rabenbergense
2521 5336 2698 5408 ipsius
2728 5336 2887 5408 pueri
2927 5334 3262 5418 posteaﬁlio
3292 5335 3677 5418 adimpletam,
3708 5336 3791 5407 qui

467 5414 592 5478 post
612 5408 870 5480 ducatum
904 5408 1151 5480 Bajoarie
1178 5408 1383 5480 optime
1416 5408 1884 5480 administratum,
1934 5408 2132 5480 Ottone
2174 5408 2344 5464 tercio
2399 5409 2732 5480 imperatore
2775 5409 3091 5465 reverenda!
3122 5408 3298 5480 ipsius
3326 5408 3651 5480 Mahthildis
3673 5424 3792 5479 pro-

456 5473 659 5551 nepote
689 5473 1114 5551 defunctoﬁpse
1148 5473 1540 5535 nichilominus
1569 5495 1850 5551 pronepos
1871 5473 2094 5550 imperii
2125 5480 2372 5549 suscepit
2401 5473 2663 5535 coronam
2708 5479 2737 5534 7
2775 5480 3033 5537 Preterea
3064 5473 3257 5535 eadem
3312 5480 3411 5535 Dei
3438 5473 3789 5547 famula,'etc.

452 5547 510 5617 2,
542 5549 585 5582 ⁷⁷
619 5547 1046 5605 northusanensi
1078 5550 1133 5605 1.
1167 5555 1495 5608 constanter.
1524 5547 1596 5591 —'
1621 5552 1676 5606 in
1708 5547 1887 5608 castro
1908 5547 2231 5607 Nbrthusun
2264 5547 2308 5605 2—
2345 5551 2390 5586 ⁷⁸
2420 5555 2502 5608 ita
2538 5557 2588 5608 et
2615 5551 2671 5609 2.

2022 5652 2231 5709 NOTAE.

525 5790 634 5865 (41)
659 5790 1028 5860 Trajectensis
1056 5812 1074 5861 ;
1107 5807 1222 5848 non
1249 5801 1310 5847 ut
1339 5790 1694 5851 Ekkéhardus
1724 5796 1858 5863 vult,
1893 5794 2268 5853 Leodicensis.

524 5717 632 5795 (40)
656 5717 856 5795 ljupsit
885 5734 932 5773 a.
964 5720 1070 5795 966
1102 5722 1373 5795 Lothariq
1384 5720 1504 5795 regi
1528 5722 1826 5780 Gallorum.
