3902 6430
140 424 237 479 913

1216 409 1486 466 ΞΑΝΟΤᾹΞ
1522 408 1877 465 ιιΑτιιιιυιε
1922 404 2187 461 ΚΕΜΝᾸΞ
2228 401 2393 457 νιτΑ.

3375 393 3485 446 ιιιι

140 553 232 606 bus
257 552 420 619 caput
450 544 757 610 inclinans,
808 540 1051 612 regalem
1092 548 1424 596 conventum
1454 537 1756 594 benedixit.
1790 541 1835 608 Α
1865 536 1996 590 dulo
2026 532 2273 589 inducite
2310 535 2506 586 vestra!
2536 526 2817 583 memoriae
2843 522 3029 580 omnia
3068 536 3192 595 qua:
3223 520 3279 575 in
3311 519 3356 555 ⁸⁰
3385 520 3491 575 hoc

144 641 255 695 Post
280 638 399 693 haec
436 635 509 690 ad
542 639 793 689 sanctam
836 630 1117 687 dominam
1150 627 1506 684 Mahthildam
1540 625 1761 697 specia-

140 733 252 787 liter
316 727 468 784 inﬁt:
515 750 542 774 κ
587 726 816 791 Laetare,
883 720 1219 778 venerabilis
1275 720 1489 795 regina,
1558 716 1763 773 talibus

142 818 457 876 muneribus
510 833 542 871 a
568 816 680 871 Deo
735 815 1038 877 honorata;
1093 824 1242 866 nunc
1271 809 1427 863 vides
1458 807 1599 862 ﬁlios
1640 812 1764 861 tuos

140 920 188 968 et
223 913 440 968 illorum
484 905 661 963 ﬁlios!
718 906 860 961 Vere
907 903 1240 975 adimpletus
1293 909 1377 957 est
1432 900 1488 956 in
1546 909 1599 954 te
1640 914 1767 953 ver-

139 1005 334 1061 siculus
362 1000 689 1074 psalmistae,
736 996 833 1070 qui
870 996 980 1052 ait:
1034 998 1105 1051 Et
1132 996 1319 1050 videas
1355 996 1495 1063 ﬁlios
1522 994 1763 1063 ﬁliorum

138 1106 343 1155 tuorum
381 1097 547 1167 (Psal.
583 1110 780 1158 cxxvn,
810 1093 880 1162 6).
929 1115 956 1139 ι
1002 1091 1235 1146 Econtra
1283 1088 1474 1162 regina
1504 1089 1615 1143 Deo
1636 1103 1765 1161 gra-

139 1192 236 1247 tias
276 1188 414 1261 egit,
448 1187 593 1242 sicut
623 1199 845 1256 semper
892 1182 1055 1238 solita
1086 1181 1189 1236 fuit
1217 1181 1281 1233 7°.
1326 1181 1477 1235 Tunc
1511 1178 1771 1233 disseruit

138 1285 260 1339 ﬁliis
287 1290 345 1337 et
383 1280 686 1352 nepotibus
714 1277 831 1333 suis
860 1276 930 1331 de
978 1274 1391 1331 constructione
1446 1272 1769 1328 monasterii

138 1368 629 1435 Northusunensis,
662 1375 717 1422 et
747 1365 895 1438 quali
927 1366 973 1400 ⁸ο
1010 1370 1308 1437 angeretur
1353 1363 1571 1429 timore,
1601 1369 1660 1416 ut
1690 1362 1772 1416 in'

136 1468 355 1532 ceptum
410 1474 552 1531 opus
581 1472 694 1514 non
725 1438 917 1528 posset
961 1453 1231 1525 perﬁcere
1261 1470 1275 1517 ;
1327 1452 1547 1507 tandem
1582 1450 1661 1505 sic
1688 1450 1766 1504 ait

135 1550 376 1605 lacrimis
394 1548 617 1619 perfusa
640 1562 655 1600 :
700 1570 726 1594 κ
768 1544 918 1599 Istud
945 1541 1343 1598 monasterium
1368 1550 1569 1596 nostrae
1594 1540 1762 1596 aediﬁ-

135 1638 371 1695 cationis
425 1647 729 1693 extremum
770 1640 853 1688 est
906 1648 1066 1702 opus,
1123 1637 1181 1685 ut
1219 1630 1571 1684 aestimamus.
1620 1629 1767 1684 mtas

135 1738 317 1786 nostra
363 1729 434 1785 ad
490 1726 854 1784 laborandum
906 1734 989 1779 est
1020 1723 1252 1799 fragilis,
1283 1723 1513 1794 insuper
1562 1723 1766 1777 ceteris

1864 631 1985 686 loco
2004 626 2515 685 commendavimus
2546 623 2675 678 ﬁdei
2701 628 2917 677 vestrae.
2948 619 3107 689 Saepe
3132 618 3224 671 hic
3242 615 3491 685 jucunde

1864 724 2119 787 viximus,
2152 727 2206 775 et
2227 720 2296 774 de
2319 715 2721 790 periclitatione
2744 719 2933 785 partus
2963 726 3061 767 nos
3093 708 3296 779 eripuit
3326 708 3487 762 Deus.

1868 816 1931 870 ln
1964 815 2065 869 hac
2094 812 2314 868 civitate
2344 811 2567 865 fratrem
2603 812 2846 863 vestrum
2879 802 3193 857 Heinricum
3235 814 3489 870 procrea-

1868 904 2069 970 vimus,
2102 917 2267 973 quem
2298 905 2523 970 propter
2572 903 2862 968 paternum
2894 907 3098 947 nomen
3129 889 3361 944 nimium
3394 887 3486 943 di-

1867 995 2119 1057 leximus,
2157 1007 2373 1047 necnon
2415 998 2470 1044 et
2521 987 2610 1043 hic
2663 993 2789 1041 nata
2838 992 2919 1039 est
2949 998 3108 1039 soror
3136 988 3316 1036 vestra
3346 980 3485 1035 Ger-

1866 1087 2005 1160 birg.
2069 1084 2207 1158 Ergo
2251 1081 2380 1153 quia
2426 1094 2525 1151 per
2564 1075 3018 1131 intercessionem
3054 1078 3258 1126 sanctae
3309 1069 3489 1125 Maria:

1870 1163 2097 1256 virginis
2132 1180 2188 1233 in
2219 1178 2323 1232 hoc
2350 1176 2471 1231 loco
2501 1174 2587 1228 bis
2614 1170 3025 1243 enavigavimus
3053 1166 3336 1241 angustias
3363 1181 3493 1235 par-

1873 1281 1979 1338 tus,
2015 1270 2178 1337 hujus
2205 1264 2525 1323 monasterii
2558 1264 2633 1335 [in
2662 1262 2785 1332 ejus
2817 1262 3023 1316 honore
3054 1257 3117 1329 9°]
3170 1256 3495 1311 fundamen-

1873 1374 1986 1421 tum
2020 1363 2327 1435 posuimus,
2360 1358 2666 1414 etmaxime
2694 1370 2793 1426 pro
2823 1352 3006 1408 anima
3031 1349 3198 1405 vestri
3228 1348 3494 1421 genitoris

1874 1463 1928 1511 et
1981 1454 2161 1508 fratris
2214 1459 2268 1506 et
2320 1466 2418 1521 pro
2474 1445 2851 1503 incolumitate
2881 1448 3082 1507 vestra,
3130 1440 3272 1495 sicut
3328 1453 3496 1509 supra

1866 1546 2295 1605 memoravimus
2345 1547 2688 1614 Quapropter
2719 1538 2978 1595 convenit
3010 1542 3090 1602 ut,
3115 1535 3370 1608 quotiens
3399 1533 3496 1588 lio-

1867 1659 1983 1697 rum
2025 1642 2067 1676 θί
2101 1637 2485 1702 memineritis,
2528 1640 2748 1706 pr0pter
2791 1646 2892 1687 nos
2924 1630 3186 1697 majorem
3236 1642 3494 1696 compas-

1863 1736 2078 1791 sionem
2129 1732 2185 1787 in
2219 1733 2324 1787 hoc
2363 1730 2483 1785 loco
2532 1723 3005 1783 commorantibus
3051 1719 3377 1776 exhibeatis.
3413 1718 3491 1771 Ad

135 1820 524 1879 distribuimus
582 1816 935 1873 monasteriis
966 1814 1355 1885 possessiones
1385 1820 1439 1866 et
1469 1828 1651 1867 rerum
1685 1812 1764 1865 fa-
1791 1847 1839 1914 Β
1869 1827 2003 1890 hate,
2036 1831 2094 1878 ut
2123 1823 2433 1893 opinamur,
2482 1824 2726 1873 extrema
2765 1811 3149 1870 οοιιοουιὶοηίε
3185 1808 3354 1865 verba
3402 1806 3493 1862 hic

135 1917 404 1978 cultates;
445 1919 783 1984 quapropter
810 1907 1265 1964 commendamus
1296 1906 1452 1960 vobis
1481 1903 1761 1966 omnibus,

137 2016 192 2064 ut
218 2008 507 2077 inceptum
539 2019 681 2074 opus
710 1999 1039 2073 perﬁciatis,
1085 1998 1216 2071 quia
1254 1996 1635 2051 inchoavimus
1665 2011 1764 2066 pro

136 2096 314 2151 anima
354 2093 528 2149 nostri
564 2090 778 2148 domini
819 2096 873 2145 et
902 2088 1169 2144 carissimi
1204 2086 1301 2141 ﬁlii
1350 2086 1613 2152 Heinrici,
1660 2101 1764 2140 nec

136 2205 245 2243 non
272 2203 377 2259 pro
412 2185 571 2261 regni
604 2183 927 2245 stabilitate,
961 2190 1016 2235 et
1044 2186 1284 2235 vestrum
1313 2178 1353 2212 ⁸¹
1397 2176 1647 2233 omnium
1675 2176 1760 2230 in-

133 2277 449 2333 columitate
512 2296 536 2327 u
584 2274 662 2329 Ad
706 2273 821 2337 huic
869 2271 1169 2341 imperator
1197 2268 1318 2324 Otto
1346 2283 1528 2323 coram
1576 2265 1760 2321 omni-

133 2368 232 2423 bus
261 2366 591 2439 respondit:
641 2385 663 2415 ι
706 2364 850 2419 Deus
874 2362 1145 2417 secundet
1167 2368 1350 2416 vestra
1383 2360 1631 2430 incepta;
1666 2375 1762 2414 no—

129 2468 236 2515 stra
286 2476 399 2515 non
447 2459 687 2537 deerunt
730 2455 956 2521 auxilia,
1016 2453 1149 2525 quin
1200 2453 1373 2539 Stizm
1406 2453 1759 2507 cohortamur

130 2547 300 2604 ﬁlium
319 2557 575 2603 nostrum
607 2545 861 2601 Ottonem
894 2551 950 2599 et
979 2551 1209 2599 caeteros
1249 2549 1472 2597 nostros
1503 2549 1756 2613 nepotes,

127 2644 183 2691 ut
203 2637 316 2692 illis
334 2634 651 2691 subsidium
666 2634 968 2705 praebeant,
989 2632 1253 2703 quamdiu
1270 2631 1472 2686 vivant.
1505 2656 1525 2676 ι»
1565 2630 1753 2684 Postea

126 2726 333 2796 pariter
365 2729 727 2796 perrexerunt
746 2722 803 2777 in
823 2722 1101 2777 civitatem
1128 2721 1666 2786 Northusunensem,
1684 2720 1753 2774 ad

122 2818 428 2873 videndum
472 2817 650 2887 ipsam
689 2815 1200 2890 congregationem.
1232 2815 1383 2869 Tunc
1410 2815 1521 2869 Deo
1553 2814 1755 2870 dilecta

122 2907 318 2980 regina
344 2905 798 2961 sanctimoniales
822 2904 1147 2960 convocavit
1175 2904 1241 2969 ⁸³,
1275 2910 1329 2957 et
1354 2918 1548 2958 omnes
1580 2901 1755 2972 impe-

120 3000 286 3055 ratori
311 2999 744 3055 commendavit.
780 2999 874 3055 llle
905 3008 1088 3054 autem
1102 3014 1296 3053 omnes
1316 2997 1533 3068 placido
1566 2998 1753 3052 animo

120 3095 173 3143 et
202 3088 371 3143 hilari
390 3090 546 3143 vultu
575 3088 908 3159 suscipiens,
932 3089 1042 3143 Deo
1073 3087 1498 3153 commendavit,
1520 3087 1712 3142 dicens
1737 3107 1750 3143 :

122 3202 145 3229 α
188 3182 395 3237 Sancta
432 3180 529 3235 Dei
573 3180 809 3255 genitrix
854 3180 1008 3254 virgo
1050 3179 1238 3247 Maria,
1288 3179 1530 3235 caelestis
1571 3180 1616 3213 ⁸³
1657 3196 1748 3235 re-

116 3273 265 3343 gina,
300 3273 428 3329 illas
454 3272 500 3306 ⁸⁸
540 3272 845 3327 clementer
881 3271 1145 3343 suscipiat
1175 3278 1227 3326 et
1261 3287 1355 3342 per
1386 3287 1627 3327 amorem
1657 3270 1753 3327 ﬁlii

120 3365 202 3420 sui
235 3366 283 3400 ⁸³
314 3380 544 3435 semper
580 3363 877 3431 custodiat,
928 3371 989 3419 ut
1016 3364 1185 3419 Deum
1219 3364 1394 3419 solum
1425 3381 1535 3435 prae
1565 3365 1753 3419 omni-

119 3452 223 3507 bus
251 3453 517 3527 diligant,
550 3458 607 3507 et
651 3452 729 3506 illi
758 3459 871 3507 tota
903 3461 1085 3507 mente
1127 3453 1462 3518 deserviant,
1515 3470 1624 3509 non
1658 3470 1756 3525 pro

116 3545 370 3617 appetitu
404 3546 661 3600 humanae
711 3544 911 3611 laudis,
943 3545 1039 3599 sed
1072 3544 1191 3599 solo
1230 3544 1509 3600 desiderio
1537 3555 1757 3601 mtcrne

117 3636 594 3693 remunerationis
636 3637 701 3691 ⁸⁸.
759 3637 836 3691 Ad
869 3637 984 3692 haec
1015 3653 1325 3708 precamur,
1358 3645 1417 3693 ut
1449 3637 1544 3692 ﬁlii
1588 3647 1758 3707 nostri

113 3745 175 3785 ac
207 3739 450 3800 nepotes
479 3729 575 3784 tali
603 3728 986 3784 misericordia
1019 3739 1473 3786 commoveantur
1499 3749 1630 3808 erga
1661 3735 1759 3790 has

113 3818 605 3885 sanctimoniales,
653 3826 713 3873 ut
751 3818 1017 3891 quamdiu
1068 3827 1352 3874 remaneat
1396 3838 1506 3875 una
1541 3821 1755 3876 scintil-

114 3914 224 3969 lula
257 3918 471 3969 nostra:
510 3909 742 3978 sobolis,
775 3911 884 3965 illis
940 3927 1223 3984 nunquam
1265 3912 1409 3967 desit
1440 3913 1754 3969 adminicu-

114 4006 225 4058 lum
258 4000 670 4059 consolationis
727 4022 745 4051 ι
782 4000 935 4055 Tunc
952 4000 996 4034 ⁸⁷
1020 4016 1193 4072 prose
1223 4018 1560 4075 suorumque
1581 4005 1757 4063 salute

115 4099 419 4163 parentum
440 4090 529 4145 vel
553 4095 821 4160 nepotum
846 4089 964 4144 haec
984 4091 1171 4145 omnia
1194 4091 1447 4148 iterando
1478 4092 1755 4163 ﬁrmabat,

113 4200 235 4255 quae
265 4188 467 4239 sancta
494 4181 593 4236 Dei
631 4197 909 4238 consensu
947 4184 1164 4254 nepotis
1195 4184 1279 4238 sui
1314 4195 1472 4239 antea
1505 4187 1754 4255 dederat,

112 4273 352 4345 insuper
383 4279 440 4328 et
468 4272 563 4327 illa
579 4272 793 4327 addidit
818 4290 943 4345 qua)
973 4281 1147 4329 mater
1173 4276 1525 4333 desideravit.
1557 4281 1753 4336 Postea

112 4369 331 4433 septem
371 4361 497 4415 dies
526 4361 571 4395 ⁸⁸
600 4361 656 4414 in
680 4362 875 4417 eadem
916 4363 1133 4418 civitate
1165 4368 1669 4436 commorabantur,
1703 4378 1757 4426 et

110 4456 303 4506 sancta
322 4449 526 4524 regina
552 4448 668 4505 ﬁlio
689 4451 1096 4507 commendavit
1137 4455 1566 4525 quamplurima,
1600 4458 1755 4530 quasi

108 4541 164 4595 in
207 4543 318 4598 hoc
366 4540 587 4596 mortali
621 4557 851 4613 corpore
899 4543 1129 4600 ulterius
1161 4561 1285 4600 eum
1329 4563 1437 4602 non
1481 4509 1633 4605 esse:
1677 4509 1833 4605 vi-D

108 4650 256 4690 sura.
306 4634 379 4690 Ut
420 4639 605 4688 autem
636 4634 756 4689 dies
786 4636 963 4691 illuxit
1010 4653 1119 4708 quo
1164 4654 1252 4693 rex
1301 4639 1455 4695 abire
1489 4642 1757 4698 decreve-

110 4732 211 4791 rat,
234 4740 414 4779 mane
440 4731 734 4797 surgentes
756 4725 811 4779 in
830 4725 1057 4800 longum
1086 4728 1398 4798 produxere
1415 4747 1755 4801 sermonem,

108 4812 351 4867 multum
412 4810 783 4868 lacrimantes.
818 4813 945 4870 Post
982 4816 1103 4871 haec
1142 4816 1374 4891 ingressi
1420 4829 1547 4875 sunt
1578 4822 1759 4879 eccle-

104 4902 268 4969 siam,
305 4900 528 4973 pariter
554 4903 796 4958 audituri
829 4905 1075 4974 missam,
1103 4913 1159 4963 et
1202 4911 1537 4967 venerabilis
1567 4914 1757 4988 regina

110 4994 460 5049 hilaritatem
499 4993 651 5049 vultu
700 4996 1014 5067 simulabat,
1059 5002 1159 5055 sed
1200 5020 1457 5078 magnum
1510 5009 1758 5066 dolorem

112 5087 282 5141 corde
323 5086 639 5158 premebat.
672 5087 850 5145 Finita
879 5097 1060 5147 autem
1113 5095 1300 5165 missa,
1356 5097 1527 5155 ﬁlium
1560 5102 1762 5158 talibus

116 5177 306 5233 verbis
338 5177 550 5233 iterum
580 5185 665 5234 est
693 5195 988 5256 aggressa:
1032 5206 1062 5236 α
1103 5185 1203 5241 Fili
1232 5189 1305 5243 mi
1336 5191 1640 5260 carissime,
1673 5211 1761 5251 se-

1779 3223 1828 3291 Ο

1868 1916 2013 1968 inter
2042 1927 2142 1966 nos
2173 1910 2452 1966 sortimur.
2489 1906 2629 1971 Quid
2675 1902 2874 1975 plura?
2906 1902 3029 1956 Haec
3071 1899 3262 1954 ultima
3296 1902 3488 1951 vestrae

1866 2008 2056 2062 matris
2082 2006 2219 2060 visio
2242 2004 2405 2073 hujus
2424 1999 2747 2057 monasterii
2773 1998 2845 2053 sit
2873 1997 2918 2031 ⁹²
2943 1992 3272 2050 admonitio.
3292 2013 3312 2042 ι
3338 1991 3490 2045 Tunc

1864 2103 2165 2173 imperator
2192 2102 2557 2169 compunctus
2582 2094 2769 2160 corde,
2798 2091 3050 2163 promisit
3077 2105 3136 2142 se
3166 2087 3352 2143 omnia
3382 2086 3487 2139 im-

1864 2193 2135 2262 pleturum
2182 2202 2305 2259 quas
2345 2185 2730 2256 postulaverat.
2772 2179 2981 2236 Deinde
3021 2178 3227 2249 pariter
3276 2175 3485 2251 egressi

1863 2280 2176 2344 ecclesiam,
2194 2275 2597 2331 substituerunt
2616 2279 2740 2326 ante
2758 2271 3003 2340 ianuam,
3021 2275 3075 2323 ct
3089 2267 3487 2338 amplectentes

1862 2386 1919 2424 sc
1961 2368 2220 2431 invicem,
2263 2366 2424 2418 fletus
2472 2369 2834 2431 utrorumque
2884 2356 3213 2413 humectavit
3268 2354 3483 2410 faciem.

1861 2462 2153 2530 Postquam
2183 2463 2367 2511 autem
2395 2453 2583 2509 oscula
2622 2458 2813 2507 mutuo
2839 2450 3136 2514 dederunt,
3165 2463 3361 2502 omnes
3390 2445 3485 2517 qui

1860 2552 2089 2607 aderant
2144 2547 2396 2603 lacrimas
2445 2543 2773 2599 fundebant.
2819 2541 3028 2613 Regina
3078 2556 3209 2595 vero
3263 2540 3318 2594 in
3352 2540 3488 2610 ipsis

1857 2641 2064 2697 foribus
2093 2639 2297 2693 sistens
2327 2636 2582 2710 gradum,
2615 2640 2837 2688 euntem
2871 2632 3043 2686 ﬁlium
3073 2631 3386 2687 deducebat
3412 2631 3482 2686 ad

1856 2747 2060 2803 equum
2084 2731 2231 2784 claro
2264 2726 2463 2780 intuitu
2496 2725 2803 2780 oculorum.
2838 2722 3046 2776 Exinde
3075 2721 3361 2776 ecclesiam
3395 2721 3484 2775 in-

1856 2840 2068 2898 gressa,
2103 2835 2343 2893 propere
2373 2818 2441 2873 ad
2477 2820 2657 2873 locum
2688 2816 2996 2881 contendit,
3022 2814 3079 2867 in
3107 2829 3216 2885 quo
3250 2815 3489 2885 impera-

1859 2920 1961 2977 tor,
1997 2913 2127 2966 dum
2160 2909 2326 2964 missa
2373 2906 2719 2972 cantabatur,
2751 2911 2996 2971 steterat,
3049 2910 3104 2957 et
3133 2903 3364 2958 flectens
3392 2918 3489 2975 ge-

1858 3017 1987 3066 nua,
2019 2998 2279 3055 abeuntis
2306 2996 2404 3050 ﬁlii
2430 2994 2772 3051 lacrimando
2799 2992 3223 3048 deosculabatur
3238 2990 3480 3062 vestigia.

1858 3094 1982 3149 Haec
2012 3098 2072 3147 ut
2101 3090 2240 3145 vidit
2271 3088 2472 3160 Witigo
2496 3102 2683 3142 comes
2712 3091 2768 3139 et
2796 3084 2990 3149 ceteri,
3022 3083 3115 3154 qui
3141 3083 3324 3137 adhuc
3350 3082 3488 3137 sub-

1856 3188 2126 3250 stiterant,
2156 3181 2387 3246 milites,
2417 3179 2627 3254 gemitu
2664 3176 2905 3248 perculsi
2936 3175 3206 3240 exierunt,
3262 3182 3317 3229 et
3370 3174 3489 3229 haec

1859 3278 2177 3353 imperatori
2219 3276 2497 3331 dixerunt.
2531 3273 2631 3338 Qui
2679 3272 2861 3326 statim
2900 3270 2970 3324 ab
3002 3285 3148 3341 equo
3194 3269 3484 3337 desiliens,

1857 3374 1927 3429 ad
1955 3369 2245 3427 ecclesiam
2279 3363 2658 3421 revertebatur
2688 3363 3081 3437 ingemiscens,
3114 3368 3169 3417 et
3195 3361 3486 3431 ingressus

1859 3463 2067 3521 invenit
2094 3461 2239 3516 illam
2272 3459 2455 3513 adhuc
2498 3456 2553 3510 in
2595 3455 2795 3511 eodem
2833 3455 2952 3511 loco
2977 3461 3226 3510 orantem
3258 3462 3312 3508 et
3341 3454 3488 3508 mul-

1862 3564 1977 3611 tum
1999 3552 2399 3616 lacrimantem,
2446 3546 2741 3618 statimque
2796 3562 3006 3618 pronus
3052 3544 3111 3599 in
3140 3551 3342 3600 terram
3390 3560 3486 3599 ca-

1862 3649 2021 3710 dens,
2056 3645 2129 3699 ita
2160 3645 2375 3698 locutus
2402 3646 2512 3695 est:
2558 3664 2583 3686 οι
2627 3638 2664 3694 0
2694 3638 3030 3694 venerabilis
3061 3638 3306 3704 domina,
3338 3637 3487 3709 quali

1859 3739 2121 3796 servitute
2149 3738 2248 3790 has
2272 3734 2525 3789 lacrimas
2552 3731 2714 3807 vobis
2742 3746 3041 3801 possumus
3065 3730 3375 3800 rependere
3398 3729 3425 3782 ?
3460 3752 3480 3779 ι

1858 3833 2174 3901 lterumque
2221 3825 2486 3899 aggressi,
2535 3838 2812 3895 perpauca
2843 3821 3102 3876 dixerunt
3154 3835 3289 3875 voce
3319 3820 3484 3875 lacri-

1858 3922 2070 3978 mabili.
2104 3921 2387 3976 Postremo
2435 3914 2771 3971 venerabilis
2800 3913 2992 3987 regina
3020 3913 3099 3968 sic
3127 3912 3233 3967 ait:
3277 3938 3300 3958 σι
3347 3912 3484 3978 Quid

1860 4012 2025 4067 nobis
2074 4008 2299 4080 prodest
2350 4005 2561 4061 diutius
2615 4002 2857 4059 morari?
2920 4000 3177 4066 Quamvis
3209 4000 3485 4066 nolentes,

1857 4104 2109 4174 cogimur
2129 4108 2311 4155 tamen
2342 4098 2411 4154 ab
2437 4097 2670 4153 invicem
2691 4095 2913 4161 divelli;
2938 4100 2992 4150 et
3017 4109 3118 4149 nos
3140 4094 3186 4128 93
3218 4094 3485 4149 intuendo

1858 4193 2108 4247 dolorem
2138 4205 2246 4243 non
2272 4187 2609 4254 minuemus,
2646 4185 2744 4239 sed
2774 4184 2958 4255 potius
2980 4182 3483 4254 augmentabimus.

1858 4288 1933 4342 lte
1956 4286 2070 4355 jam
2116 4284 2173 4339 in
2215 4298 2348 4353 pace
2389 4281 2628 4345 Christi;
2674 4286 2919 4334 nostram
2952 4276 3147 4332 faciem
3200 4276 3343 4331 ultra
3373 4291 3485 4332 non

1856 4377 2119 4435 videbitis
2151 4376 2206 4430 in
2230 4390 2394 4431 carne
2418 4372 2658 4430 mortali.
2692 4372 2757 4427 Ut
2782 4371 3138 4436 aestimamus,
3167 4368 3243 4423 nil
3268 4374 3489 4439 praeter-

1860 4468 2132 4529 misimus,
2183 4466 2281 4520 sed
2320 4470 2516 4519 vestrae
2566 4461 2696 4517 ﬁdei
2732 4458 3244 4515 commendavimus
3298 4458 3486 4512 omnia

1860 4576 1984 4633 quae
2016 4564 2200 4613 mente
2238 4556 2588 4631 gerebamus.
2630 4553 2861 4609 Tantum
2900 4550 3099 4606 animae
3138 4556 3339 4606 nostrae
3370 4550 3489 4606 haec

1860 4666 2096 4707 munera
2126 4648 2404 4712 remittite,
2462 4653 2521 4702 ut
2552 4647 2699 4701 hunc
2754 4645 2936 4700 locum
2964 4642 3159 4698 sedulo
3211 4640 3488 4697 inducatis

1860 4750 2054 4799 vestra:
2084 4740 2382 4796 memoriae.
2427 4759 2454 4790 ιι
2501 4739 2803 4809 Imperator
2856 4750 2986 4791 vero
3040 4734 3167 4789 inde
3222 4748 3483 4807 pergens,

1861 4834 2171 4911 peragravit
2201 4833 2338 4888 alias
2368 4831 2535 4887 urbes
2565 4829 2878 4904 Thuringize
2909 4826 3156 4902 regionis
3194 4831 3308 4893 (an.
3332 4826 3482 4892 966),

1862 4934 2053 4999 postea
2082 4927 2280 4981 iterum
2314 4924 2540 4979 Romam
2592 4922 2853 4994 perrexit,
2887 4919 3001 4976 ﬁlio
3030 4934 3131 4974 suo
3177 4934 3365 4973 secum
3392 4932 3488 4973 co-

1862 5017 2094 5072 mitante
2126 5014 2239 5086 (an.
2272 5012 2422 5085 967).

1931 5109 2021 5175 2‘2,
2034 5110 2125 5164 23.
2148 5111 2217 5164 De
2226 5109 2579 5177 aegrotatione
2589 5104 2932 5161 Mahthildis.
2946 5102 3177 5172 Jamjam
3191 5100 3486 5173 appropin-

1862 5200 2052 5273 quavit
2101 5200 2239 5257 hora
2293 5198 2482 5255 multis
2516 5197 2788 5263 luctuosa,
2821 5194 2878 5249 in
2917 5210 3027 5266 qua
3050 5194 3195 5248 Deus
3249 5191 3490 5247 animam

1498 5385 1718 5442 VARle
1762 5389 2142 5446 LECTIONES.
2186 5444 2192 5449 ,

197 5529 245 5562 ’⁸ο
275 5525 442 5607 quod
473 5526 582 5609 sibi
598 5529 881 5609 “Dominus
919 5550 985 5609 ex
1011 5536 1159 5609 Syon
1191 5539 1247 5593 in
1281 5546 1491 5597 tantum
1534 5545 1815 5603 benedixit
1843 5549 2004 5603 addit
2032 5548 2084 5601 2.

120 5598 443 5655 conuocari
474 5600 523 5653 1.
598 5599 643 5634 ⁸³
666 5602 791 5657 οωιί
818 5603 870 5660 2.
950 5608 996 5642 ³⁴
1026 5598 1127 5664 Has
1165 5610 1401 5668 famulas
1451 5598 1643 5671 suasi2

124 5671 166 5753 ξῖ
196 5672 324 5726 Mox
378 5686 561 5753 manu‘
581 5674 998 5753 sua_conﬁr_mat
1026 5659 1660 5753 ᾇιῖἑθ’ἔῖ”“ἑὲ”ιηὲἶι’ὲέε”ἐ

128 5741 416 5815 frequens
443 5756 495 5795 a.
527 5742 584 5796 2.
663 5744 709 5779 93
738 5760 841 5803 uos
872 5749 923 5804 1.

1322 5617 1401 5668 las
1451 5632 1579 5670 suas
1608 5618 1660 5671 2.
1744 5620 1789 5654 ⁸⁵
1819 5636 1863 5674 s.
1922 5619 2135 5674 domini
2188 5617 2359 5675 nostri
2415 5619 2546 5675 Jesu
2586 5617 2787 5673 Christi
2814 5618 2868 5671 2.

1321 5685 1366 5718 88
1398 5703 1615 5718 νηιηιοηι.
1646 5689 1682 5718 ω
1772 5690 1817 5718 an
1848 5691 1916 5718 ,1η
1942 5692 1976 5718 ω
2082 5691 2128 5718 nn
2160 5690 2172 5718 :
2250 5706 2278 5718 η
2326 5691 2357 5718 ι.
2419 5691 2606 5718 AM...”
2644 5690 2667 5718 .I
2778 5689 2819 5718 ιιι
2855 5704 2868 5718 .

1398 5703 1619 5742 menses
1646 5689 1701 5744 2.
1772 5690 1817 5725 ⁸9
1847 5691 1916 5745 de
1942 5692 1994 5744 2.

2572 5546 2611 5580 ⁸¹
2637 5545 2878 5601 virorum
2910 5545 2961 5599 1.
3058 5543 3105 5577 ⁸³
3133 5546 3214 5598 ita
3242 5546 3493 5613 corrigo;

2949 5617 2995 5649 ⁸⁸
3025 5615 3412 5720 retribqtiongi's

2949 5703 3179 5720 "nn-unm
3425 5691 3488 5720 ml

3424 5691 3493 5740 sit

2171 5548 2216 5583 ⁸ο
2245 5547 2402 5620 quasi
2427 5548 2488 5620 71.

2082 5691 2128 5725 9°
2160 5690 2195 5744 i.
2248 5706 2301 5745 e.
2326 5691 2381 5747 h.
2415 5691 2606 5745 desunt
2644 5690 2698 5744 1.
2778 5689 2819 5722 ⁰¹
2855 5695 2915 5743 ιιι
2944 5703 3181 5758 quorum
3215 5688 3264 5742 1.
