3902 6402
400 386 506 442 915

1492 383 1761 439 SANCTAS
1800 383 2159 438 MATHILDIS
2204 382 2448 438 REGINA
2488 383 2657 439 VITA.

3647 386 3745 440 916

402 523 603 578 inclita?
634 523 843 599 reginaa
874 523 942 577 dc
981 522 1162 577 carnis
1190 522 1468 596 ergastulo
1498 521 1669 576 voluit
1698 520 1947 587 dissolvi,
1969 527 2027 575 ut
2051 526 2099 593 Α
2131 528 2315 576 vester
2343 520 2583 587 animus,
2640 528 2695 575 et
2735 519 3002 575 inferetur
3046 519 3203 574 vobis
3231 519 3507 574 calumnia
3534 519 3582 553 ⁹⁹
3633 519 3749 579 des-

403 615 713 687 perciperet
740 614 1024 686 praemium
1072 614 1274 669 laboris
1312 620 1366 668 et
1404 613 1633 688 gloriam
1686 620 1905 668 teternaa
1935 630 2028 668 re-

402 704 823 760 munerationis.
859 704 961 758 Per
1000 703 1045 737 νδ
1084 702 1349 758 circulum
1383 703 1548 759 totius
1578 704 1709 758 anni
1740 704 2029 759 laborabat

401 792 761 863 tegrotatione
791 792 964 866 gravi,
998 793 1097 848 sed
1147 801 1329 847 tamen
1362 793 1628 849 circuibat
1674 794 1792 850 loca
1824 796 2030 870 regalia

401 885 654 958 quamvis
686 884 987 941 deﬁcerent
1018 887 1268 958 corporis
1296 888 1463 943 vires.
1498 886 1629 943 Cum
1662 894 1844 943 autem
1876 904 2031 958 pera—

403 983 617 1053 grasset
666 977 915 1032 civitates
970 977 1221 1033 Saxoniae
1263 978 1523 1053 regionis,
1559 986 1613 1033 et
1670 994 1904 1050 qumque
1937 995 2038 1033 ne-

406 1070 647 1126 cessaria
702 1068 940 1139 singulis
978 1068 1343 1138 impendisset
1387 1069 1759 1135 monasteriis,
1814 1070 2036 1131 iterum,

409 1161 918 1216 Northusunensem
988 1158 1266 1212 civitatem
1319 1158 1495 1222 adiit,
1573 1174 1736 1229 quam
1805 1160 2037 1215 nimium

410 1251 623 1317 dilexit,
657 1257 717 1306 ut
743 1250 956 1304 videret
986 1250 1354 1322 Richburgam
1386 1250 1452 1316 95,
1481 1266 1642 1321 quam
1676 1267 1857 1322 nuper
1892 1268 2034 1307 eon-

409 1342 663 1397 stituerat
701 1339 1057 1395 abbatissam.
1117 1339 1308 1394 Statim
1335 1346 1518 1395 autem
1568 1348 1628 1395 ut
1674 1341 1848 1407 venit,
1897 1341 2038 1397 hanc

406 1434 474 1488 ad
506 1449 567 1488 se
605 1433 787 1488 vocari
844 1432 1123 1503 praecepit,
1182 1431 1353 1486 multa
1409 1432 1756 1505 interrogans
1787 1433 1855 1486 de
1901 1449 2037 1488 con-

408 1529 731 1605 gregatione
769 1528 875 1583 sibi
907 1528 1219 1583 commissa.
1269 1527 1396 1584 Post
1435 1529 1552 1583 haec
1605 1528 1723 1598 ipsa
1765 1535 2041 1583 monaste-

413 1623 552 1677 rium
585 1631 668 1675 est
698 1620 972 1693 ingressa,
1011 1619 1312 1693 diligenter
1357 1619 1708 1691 investigavit
1736 1618 1883 1691 quali
1926 1627 2043 1677 stu-

412 1712 504 1766 dio
542 1710 853 1781 disciplina:
906 1724 1255 1781 unaquaeque
1312 1708 1508 1764 fuisset
1546 1710 1840 1764 exercitata
1908 1712 2040 1766 Nam

412 1818 475 1857 ex
506 1818 617 1874 quo
648 1802 883 1871 primum
916 1801 1312 1857 monasterium
1351 1801 1677 1868 construxit,
1720 1803 1863 1857 hanc
1901 1819 2040 1858 con-

2131 613 2424 681 pectionis,
2480 611 2525 666 si
2569 620 2845 667 mortuum
2899 627 3099 682 corpus
3144 610 3304 666 vobis
3347 610 3631 668 auferetur
3675 616 3746 670 in-

2130 704 2259 759 vitis
2336 705 2426 760 Haa
2459 704 2624 778 igitur
2653 720 2834 760 causa:
2888 704 3189 758 admonent
3217 718 3319 758 nos
3371 704 3504 759 hinc
3531 705 3636 761 iter
3662 724 3745 763 ac-

2130 794 2393 849 celerare.
2447 792 2585 857 Quid
2628 790 2839 863 plura?
2885 793 3059 847 Deum
3110 807 3331 864 semper
3378 791 3611 865 diligite,
3652 806 3747 845 nec

2134 887 2307 942 alium
2348 894 2549 958 praeter
2574 903 2700 942 eum
2739 893 3040 942 amatorem
3071 885 3369 950 admittite,
3400 886 3496 940 sed
3540 901 3751 955 semper

2138 976 2260 1044 ejus
2309 975 2589 1029 famulatui
2623 974 2917 1031 intendite.
2967 975 3149 1031 Estote
3188 975 3243 1029 in
3277 975 3526 1030 oratione
3581 973 3752 1045 pervi-

2141 1067 2299 1139 giles,
2332 1074 2387 1121 et
2418 1067 2471 1121 in
2505 1074 2694 1122 sancto
2738 1067 3020 1139 proposito
3051 1076 3461 1138 permanentes.
3492 1066 3754 1120 Memores

2144 1165 2321 1213 estote
2353 1157 2682 1224 animarum,
2717 1172 2815 1228 pro
2846 1156 3051 1228 quibus
3101 1157 3207 1213 hoc
3252 1156 3543 1228 posuimus
3572 1171 3756 1210 mona-

2137 1253 2387 1317 sterium,
2424 1253 2651 1323 insuper
2680 1258 2735 1306 et
2764 1259 3027 1322 nepotum
3062 1260 3374 1307 nostrorum
3407 1252 3595 1306 adhuc
3619 1266 3758 1305 mor-

2140 1343 2232 1398 tali
2286 1344 2338 1397 in
2389 1344 2495 1398 vita
2526 1344 2871 1416 degentium,
2905 1360 3122 1399 necnon
3184 1345 3528 1399 mentionem
3589 1343 3750 1401 nostri

2139 1436 2332 1501 facite;
2375 1451 2500 1490 nam
2534 1436 2601 1470 ¹⁰⁰
2628 1436 2906 1490 neminem
2939 1435 3078 1490 ultra
3106 1434 3367 1490 videbitis
3396 1434 3562 1489 vobis
3588 1434 3759 1504 placa—

2146 1528 2414 1583 biliorem.
2437 1527 2900 1582 Commendamus
2927 1543 3025 1582 vos
3056 1528 3165 1582 Deo
3197 1528 3599 1597 orphanorum,
3630 1525 3758 1596 patri

2143 1630 2195 1674 et
2226 1627 2427 1675 sanctze
2461 1621 2640 1675 Maria:
2680 1620 2902 1695 virgini,
2956 1627 3010 1674 et
3052 1627 3367 1675 sanctorum
3418 1619 3762 1673 intercessio-

2144 1712 2330 1773 nibus,
2367 1727 2600 1782 quorum
2631 1712 2894 1783 reliquias
2926 1711 3014 1766 hic
3041 1711 3432 1766 collocavimus
3461 1728 3476 1774 ;
3519 1726 3634 1766 non
3663 1717 3765 1764 tur-

2145 1803 2304 1857 betur
2330 1819 2427 1858 cor
2453 1812 2713 1858 vestrum'
2746 1804 2844 1859 sed
2866 1821 2964 1874 spe
2994 1804 3205 1858 tendite
3237 1803 3293 1857 in
3328 1803 3497 1857 Deum
3532 1820 3547 1867 ;
3581 1817 3764 1872 quam—

413 1891 767 1946 suetudinem
800 1906 1022 1961 semper
1052 1890 1260 1954 habuit,
1308 1897 1366 1943 ut
1398 1889 1515 1961 ipsa
1546 1892 1749 1946 scolam
1792 1892 2042 1959 intraret,
2077 1891 2232 1979 Bvis
2280 1892 2427 1945 enim
2484 1908 2719 1963 corpore
2777 1892 2952 1946 simus
3013 1892 3291 1954 absentes,
3341 1906 3532 1946 amore
3598 1898 3765 1944 tamen

416 1995 471 2041 et
499 1985 840 2061 singularum
893 1985 940 2020 ⁹⁶
978 1984 1163 2040 studia
1220 1986 1433 2040 intente
1479 1995 1871 2056 pernosceret;
1923 1988 2053 2059 quia

418 2084 526 2139 sibi
560 2083 740 2137 fuerat
788 2082 893 2137 hoc
922 2097 1124 2136 munus
1162 2082 1565 2154 gratissimum,
1618 2082 1806 2136 videre
1847 2083 1930 2137 vel
1961 2093 2061 2140 au'

422 2174 544 2228 dire
592 2173 866 2244 cujusque
922 2170 1164 2227 hominis
1219 2170 1548 2242 profectum.
1587 2171 1721 2226 Tum
1750 2188 2053 2228 commora-

423 2265 585 2319 batur
615 2263 671 2317 in
698 2263 893 2318 eadem
925 2262 1146 2317 civitate
1176 2278 1208 2316 a
1240 2270 1491 2332 tempore
1522 2262 1771 2317 autumni
1802 2263 1845 2297 97
1878 2279 2052 2335 usque

423 2354 491 2407 ad
535 2352 889 2407 festivitatem
942 2351 1242 2407 nativitatis
1272 2351 1493 2406 Christi.
1556 2352 1684 2408 Post
1728 2352 2055 2424 sollempni-

425 2451 592 2501 tatem
631 2458 761 2498 vero
799 2442 974 2498 sancti
1014 2442 1248 2513 apostoli
1289 2442 1512 2497 Thomae
1563 2442 1700 2503 (Dec.
1728 2443 1821 2513 21)
1859 2443 2056 2499 iterum

424 2532 762 2587 abbatissam
795 2532 863 2585 ad
904 2547 964 2586 se
1020 2531 1253 2598 vocavit,
1287 2535 1342 2585 et
1381 2531 1527 2585 hunc
1580 2546 1895 2587 sermonem
1936 2550 2059 2588 cum

427 2625 546 2696 ipsa
613 2624 839 2679 habuit:
889 2644 912 2674 α
952 2623 991 2677 Ο
1039 2623 1203 2678 nobis
1253 2639 1475 2693 semper
1512 2622 1620 2677 fida
1658 2632 1713 2678 et
1744 2631 2057 2680 nostrorum

430 2716 679 2770 laborum
733 2716 972 2769 maxime
1051 2713 1301 2769 conscia!
1353 2715 1466 2783 jam
1518 2715 1909 2788 cognoscimus
1957 2713 2060 2769 fre-

430 2811 659 2883 quentia
686 2808 1044 2869 infirmitatis,
1079 2815 1280 2862 nostrae
1310 2806 1695 2861 dissolutionis
1720 2807 1864 2861 diem
1900 2806 2061 2862 nobis

430 2900 902 2972 appropinquare,
943 2905 996 2952 et
1043 2898 1250 2952 idcirco
1304 2896 1528 2966 expedit
1580 2897 1741 2951 nobis
1793 2897 1918 2952 hinc
1959 2897 2062 2951 iter

430 2990 761 3056 accelerare,
795 3004 865 3043 ne
894 2988 981 3042 hic
1027 2987 1328 3059 praeveniat
1367 3002 1469 3041 nos
1497 2985 1722 3041 ultimus
1751 2985 1871 3041 dies
1912 3003 2058 3056 prte—

432 3083 607 3137 sentis
632 3082 776 3136 vitae.
829 3106 851 3126 ιι
896 3082 1125 3137 Econtra
1156 3079 1433 3134 abbatissa
1485 3096 1595 3150 prae
1627 3079 1873 3154 singultu
1905 3089 1959 3134 et
1981 3081 2062 3134 la-

431 3170 618 3226 crimis
674 3170 854 3241 primo
907 3169 1150 3234 reticuit,
1193 3177 1248 3222 et
1304 3167 1488 3238 paullo
1547 3175 1669 3238 post
1693 3169 1774 3223 sic
1804 3169 1903 3223 ait:
1957 3192 1975 3218 σ
2024 3171 2061 3225 0

431 3267 691 3321 amabilis
726 3265 973 3332 domina,
1031 3265 1165 3336 quid
1215 3264 1317 3318 sibi
1368 3267 1482 3320 vult
1543 3266 1661 3319 haec
1717 3267 2065 3336 prophetia?

432 3361 536 3415 Cur
567 3359 727 3415 nobis
763 3359 980 3412 miseris
1023 3365 1129 3412 tam
1174 3357 1326 3411 triste
1382 3357 1581 3412 malum
1606 3358 1937 3428 praedicitis,
1972 3366 2064 3414 aut

433 3449 522 3504 cui
563 3464 664 3503 nos
701 3448 975 3503 desolatas
1025 3447 1341 3518 relinquitis
1368 3445 1396 3499 Ῥ
1452 3448 1748 3517 Speramus
1787 3448 1957 3511 enim,
2006 3459 2065 3502 ut

434 3539 545 3592 Deo
579 3537 940 3607 {prepitiante
979 3536 1227 3591 nondum
1275 3536 1383 3590 tale
1412 3536 1544 3607 quid
1590 3536 1827 3591 eveniat.
1867 3537 2063 3591 Verum

440 3631 573 3701 quia
629 3635 878 3683 versatur
926 3628 982 3681 in
1030 3627 1220 3692 dubio,
1272 3643 1538 3698 quorsum
1597 3635 1838 3682 vertatur
1882 3630 1925 3661 9³
1960 3630 2076 3683 haec

435 3734 617 3782 vestra
646 3725 942 3799 aegritudo,
994 3723 1273 3779 humiliter
1305 3740 1403 3779 vos
1443 3723 1704 3795 petimus,
1735 3733 1794 3780 ut
1835 3725 1922 3779 hic
1961 3741 2073 3780 ma-

436 3817 613 3873 neatis
639 3833 751 3887 *per
779 3816 990 3887 aliquot
1018 3822 1258 3885 tempus,
1298 3831 1475 3887 usque
1514 3816 1645 3870 dum
1682 3816 1990 3882 videamus,
2020 3816 2065 3871 si

434 3907 548 3960 Deo
598 3904 840 3959 donante
893 3903 1131 3958 leniatur
1178 3908 1359 3958 vester
1398 3903 1647 3969 morbus,
1694 3912 1773 3969 ut,
1808 3905 1855 3959 si
1899 3921 2065 3979 grave

436 3992 797 4049 infortunium
828 3991 1069 4058 eveniat,
1102 3992 1249 4063 quod
1282 4007 1430 4047 mors
1462 4003 1661 4048 nostra:
1683 3993 1846 4049 saluti
1879 3994 2063 4049 invida

437 4102 538 4142 nos
580 4095 763 4142 vestra
810 4085 918 4139 vita
965 4084 1247 4149 destituat,
1296 4085 1486 4139 saltem
1543 4086 1644 4141 hac
1682 4088 2061 4143 consolatione

435 4177 797 4247 respiremus,
829 4183 890 4232 ut
919 4176 973 4229 in
1006 4176 1108 4231 hoc
1150 4176 1271 4231 loco
1300 4176 1590 4231 nobiscum
1628 4177 1939 4247 requiescat
1963 4193 2061 4232 ve-

435 4278 614 4324 strum
658 4268 897 4323 amabile
951 4282 1174 4337 corpus.
1225 4290 1249 4313 ·
1290 4265 1424 4321 Tum
1474 4268 1584 4322 Deo
1616 4268 1815 4322 dilecta
1868 4270 2062 4343 regina

437 4362 558 4416 ἰ]ωο
581 4376 845 4431 responsa
870 4360 1052 4415 dedit:
1102 4380 1128 4409 α
1168 4358 1418 4426 Haecjam
1450 4358 1663 4429 pridem
1696 4376 1727 4413 a
1758 4360 1922 4415 nobis
1948 4363 2062 4417 tue-

438 4463 559 4511 rant
590 4453 983 4526 pra'cogitata;
1011 4452 1062 4507 ei
1112 4459 1378 4523 quantum
1412 4450 1576 4505 nobis
1613 4451 1928 4521 placuisset,
1960 4469 2059 4508 no-

435 4554 607 4602 strum
638 4560 841 4616 corpus
872 4544 925 4598 in
955 4542 1060 4598 hoc
1088 4540 1316 4612 sepeliri
1346 4540 1490 4608 loco,
1530 4541 1575 4595 si
1606 4542 2056 4613 praedestinatum

439 4645 590 4694 esset
619 4653 650 4692 a
699 4638 832 4701 Deo,
892 4642 952 4689 ut
1000 4632 1099 4688 ﬁlii
1129 4634 1303 4689 nostri
1333 4633 1544 4689 Ottonis
1590 4642 1644 4689 et
1690 4634 1924 4690 aliorum
1956 4652 2059 4692 no-

438 4740 674 4789 strorum
708 4738 973 4801 nepotum
1021 4745 1152 4803 erga
1194 4745 1294 4784 vos
1336 4729 1511 4798 major
1536 4738 1683 4785 esset
1708 4731 2060 4801 procuratio!

441 4828 549 4882 Sed
583 4828 686 4882 hoc
720 4826 851 4879 haut
880 4823 1183 4879 consentiri
1216 4824 1680 4895 pertimescimus,
1721 4826 1852 4897 quia
1881 4827 2066 4881 domi-

441 4934 547 4974 nus
594 4927 783 4973 noster
812 4917 1102 4971 Heinricus
1145 4917 1201 4970 in
1257 4916 1695 4991 Quitilingoburc
1753 4919 2065 4989 requiescit,

437 5016 591 5083 juxta
652 5030 816 5085 quem
849 5020 1067 5086 oportet
1097 5030 1198 5069 nos
1244 5013 1625 5069 commendari
1657 5014 1976 5084 sepulturae,
2018 5022 2072 5070 et

444 5110 590 5163 diem
646 5109 899 5164 ultimum
951 5116 1289 5181 exspectare.
1354 5109 1507 5165 Nunc
1550 5116 1730 5164 autem
1783 5110 1826 5165 si
1881 5110 1934 5165 in
1965 5111 2072 5167 hoc

447 5199 567 5254 loco
602 5199 853 5253 evenerit
900 5199 1087 5257 obitus
1125 5207 1330 5263 noster,
1371 5200 1592 5273 gravius
1622 5201 2073 5273 coangustabitur

2160 1999 2382 2053 semper
2409 1984 2569 2039 vobis
2599 1994 2899 2055 przesentes
2926 1985 3149 2040 erimus.
3198 2008 3218 2035 ι

2228 2072 2319 2125 24.
2362 2075 2437 2126 De
2467 2077 2712 2127 unctione
2748 2077 2966 2141 reginae.
3012 2075 3181 2148 Igitur
3220 2074 3475 2129 discessit
3526 2074 3639 2127 Deo
3696 2071 3766 2125 di-

2153 2161 2293 2215 lecta
2346 2161 2538 2234 regina
2569 2162 2638 2216 de
2693 2162 2914 2217 civitate
2972 2164 3425 2219 Northusunense
3469 2164 3528 2217 in
3559 2163 3618 2216 11
3681 2161 3767 2215 Ka-

2157 2251 2445 2306 lendarum
2474 2253 2720 2307 Januarii
2756 2256 2893 2317 (De-1.
2928 2253 3036 2325 22),
3069 2262 3126 2309 et
3157 2254 3452 2308 maximum
3485 2267 3766 2307 mterorem

2154 2343 2268 2397 illic
2301 2344 2773 2400 commorantibus
2815 2345 3035 2417 reliquit
3073 2345 3621 2411 sanctimonialibus,
3652 2358 3772 2416 quas

2162 2452 2383 2507 semper
2435 2444 2686 2493 materno
2719 2438 2911 2493 dilexit
2956 2455 3181 2503 amore;
3234 2439 3362 2511 quia
3391 2439 3545 2493 illam
3601 2439 3654 2492 in
3685 2438 3773 2490 hoc

2164 2534 2376 2589 mortali
2410 2550 2664 2605 corpore,
2710 2550 2809 2605 pro
2840 2533 3033 2589 dolorl
3090 2534 3323 2589 ulterius
3358 2550 3465 2588 non
3520 2543 3676 2589 erant
3702 2533 3768 2585 vi-

2163 2643 2326 2693 surze,
2364 2642 2487 2697 qua:
2520 2626 2733 2681 illarum
2772 2627 2871 2681 fuit
2902 2627 3101 2693 honor,
3145 2626 3353 2689 laetitia,
3386 2627 3563 2680 decus
3589 2633 3643 2679 et
3678 2625 3774 2697 glo-

2163 2720 2262 2775 ria.
2310 2721 2461 2775 Tunc
2504 2721 2559 2774 in
2604 2720 3047 2795 Quitilingoburc
3096 2721 3447 2792 preperabat,
3504 2721 3601 2775 ubi
3654 2721 3774 2775 Deus

2138 2819 2405 2867 .sanctam
2440 2812 2678 2868 animam
2712 2815 2780 2868 de
2802 2813 2984 2868 carnis
3010 2814 3284 2888 ergastulo
3316 2813 3551 2868 dissolvi
3586 2828 3773 2883 praeor-

2162 2904 2479 2969 dinaverat;
2528 2905 2716 2977 ibique
2748 2906 2918 2960 nimia
2949 2906 3276 2980 zegritudine
3305 2914 3585 2977 correpta,
3618 2920 3770 2976 usque

2161 2996 2228 3049 ad
2282 2997 2467 3051 obitus
2502 2997 2649 3051 diem
2701 2996 3085 3052 infirmabatur
3128 2998 3242 3064 (an.
3282 2997 3429 3065 968).
3481 2998 3769 3069 ApprOpin-

2163 3094 2367 3157 quante
2388 3094 2570 3141 autem
2596 3087 2979 3143 dissolutionis
3001 3087 3113 3154 die,
3136 3087 3204 3142 ad
3229 3103 3288 3141 se
3309 3087 3492 3142 vocari
3528 3085 3768 3159 praecepit

2118 3219 2135 3240 η
2166 3196 2332 3249 supra
2353 3189 2711 3235 memoratam
2729 3180 3063 3235 abbatissam
3087 3180 3480 3252 Bichburgam,
3505 3178 3769 3235 euiomnia

2166 3273 2286 3341 ejus
2302 3280 2515 3328 secreta
2548 3280 2679 3328 tunc
2693 3272 2909 3328 fuerant
2932 3274 3240 3341 notissima,
3259 3283 3317 3328 ut
3333 3273 3483 3327 diem
3504 3274 3684 3329 obitus
3703 3270 3771 3325 sui

2169 3365 2279 3419 illic
2310 3372 2672 3435 exspectaret,
2730 3375 2785 3421 et
2816 3366 2871 3420 in
2904 3366 3184 3433 extremis,
3237 3366 3377 3422 sicut
3405 3373 3596 3431 antea,
3648 3363 3772 3419 tide-

2166 3456 2293 3511 liter
2359 3458 2717 3513 ministraret.
2774 3458 3028 3514 Sentiens
3086 3465 3267 3513 autem
3324 3464 3521 3512 saneta
3577 3456 3774 3512 domina

2176 3545 2321 3599 diem
2346 3546 2601 3600 ultimum
2632 3546 2741 3601 sibi
2770 3547 3053 3612 advenire,
3086 3546 3365 3617 episc0pis
3389 3555 3445 3601 et
3476 3544 3773 3617 presbiteris

2175 3658 2395 3696 omnem
2450 3659 2675 3697 censum
2704 3642 2988 3715 erogabat,
3033 3658 3194 3714 quem
3230 3642 3449 3697 utilitati
3495 3654 3773 3713 pauperum

2172 3733 2419 3788 nondum
2467 3736 2997 3792 accommodaverat.
3033 3742 3087 3788 et
3141 3732 3401 3788 munifica
3434 3750 3601 3787 manu
3654 3732 3774 3786 inter

2171 3826 2500 3881 monasteria
2531 3827 2817 3883 dividebat
2848 3828 2953 3897 (42)
2986 3846 3000 3894 ;
3063 3826 3194 3881 illud
3224 3825 3538 3881 recondens
3591 3826 3641 3879 in
3678 3838 3775 3877 me-

2167 3918 2359 3985 moria,
2386 3918 2532 3990 quod
2556 3919 2878 3991 evangelica
2907 3918 3155 3990 praecipit
3178 3919 3483 3989 scriptura:
3537 3938 3557 3967 ι
3605 3913 3767 3969 Vende

2165 4009 2350 4064 omnia
2373 4024 2497 4081 quae
2523 4008 2696 4064 habes
2722 4009 2861 4064 etda
2883 4007 3222 4079 pauperibus
3244 4008 3459 4071 (Matth.
3486 4023 3601 4074 XIX,
3619 4006 3714 4067 ‘lll.
3746 4027 3765 4046 -

2166 4099 2296 4156 Cum
2351 4100 2521 4174 igitur
2569 4099 2862 4154 innumera
2906 4097 3214 4154 conﬂueret
3254 4096 3577 4162 multitudo,
3615 4107 3766 4168 aegro-

2165 4199 2367 4248 tantem
2402 4192 2647 4266 reginam
2690 4192 2935 4257 visitare,
2984 4190 3136 4245 venit
3181 4196 3236 4245 et
3283 4185 3761 4245 Willehelmusw'.

2164 4282 2498 4354 Moguntina:
2540 4280 2689 4335 sedis
2743 4279 3214 4350 archiepiscopus,
3265 4287 3321 4333 et
3372 4277 3625 4350 quamvis
3673 4275 3764 4330 Deo

2155 4374 2386 4443 jubente
2415 4374 2564 4444 prior
2593 4381 2825 4429 mortem
2856 4379 3002 4427 esset
3024 4371 3327 4436 subiturus,
3380 4377 3566 4425 tamen
3594 4381 3767 4441 aggre-

2161 4470 2311 4524 ditur
2353 4476 2599 4524 sanctam
2658 4470 2775 4535 Dei,
2824 4469 2995 4523 verba
3042 4467 3437 4523 consolationis
3517 4466 3771 4521 ministra-

2080 4568 2351 4661 Dturus:
2405 4560 2657 4616 obiturus
2702 4557 3273 4623 visitavitohituram,
3334 4563 3388 4610 et
3418 4571 3537 4611 suae
3598 4550 3767 4608 mortis

2167 4650 2409 4712 nescius,
2470 4647 2864 4703 consolabatur
2909 4647 3187 4702 modicum
3230 4652 3351 4715 post
3396 4660 3459 4699 se
3502 4644 3763 4699 victuram-

2170 4741 2333 4795 Beata
2385 4753 2517 4794 vero
2558 4738 2749 4811 regina
2779 4737 3098 4808 episcopum
3148 4743 3209 4790 ut
3259 4734 3415 4800 vidit,
3448 4733 3611 4789 hilari
3637 4729 3765 4786 vultu

2170 4836 2224 4883 et
2255 4844 2418 4900 quam
2447 4826 2700 4881 familiari
2732 4826 2976 4896 suscepit
3007 4824 3198 4879 affatu:
3239 4845 3257 4875 ι
3304 4823 3421 4879 Non
3455 4823 3763 4880 dubitamus,

2172 4923 2371 4994 inquit,
2404 4923 2683 4977 voluntate
2733 4920 2826 4975 Dei
2859 4935 2956 4974 vos
2987 4935 3135 4974 nunc
3161 4917 3228 4972 ad
3286 4934 3389 4973 nos
3418 4917 3613 4991 dirigi;
3662 4925 3763 4966 nam

2171 5029 2337 5069 nemo
2378 5014 2540 5069 nobis
2577 5011 2900 5067 familiarior
2928 5019 2983 5065 et
3021 5011 3088 5064 ad
3123 5011 3228 5065 hoc
3257 5026 3397 5079 Opus
3427 5018 3575 5064 esset
3606 5007 3665 5041 ¹⁰²
3689 5018 3765 5057 ac-

2170 5107 2429 5178 ceptior;
2485 5105 2938 5178 quandoquidem
3003 5103 3166 5159 nobis
3221 5103 3335 5157 haec
3409 5102 3653 5156 absumta
3699 5104 3767 5148 est

2171 5217 2321 5272 spes,
2364 5208 2424 5255 ut
2454 5200 2690 5254 dilectus
2716 5197 2861 5252 ﬁlius
2893 5205 3082 5252 noster
3112 5197 3294 5252 Bruno
3326 5202 3577 5250 maneret
3599 5203 3762 5261 super-

1792 5332 2012 5389 VARUE
2057 5330 2448 5387 LECTIONES.

519 5428 762 5505 “Beata
790 5430 965 5505 igitur
997 5431 1066 5486 M.
1096 5431 1209 5505 jam
1263 5432 1421 5487 senio
1460 5431 1627 5499 fessa,
1662 5448 1773 5488 non
1807 5433 1992 5488 minus
2045 5433 2194 5488 enim
2249 5450 2413 5504 quam
2448 5439 2875 5505 septuagenarta
2901 5435 3040 5505 erat,
3072 5436 3176 5484 etc.
3206 5428 3259 5505 f2.
3319 5430 3470 5505 certe
3500 5441 3633 5482 anno
3660 5420 3761 5505 90?.

449 5503 642 5566 nupta,
689 5501 834 5553 (mnu
870 5501 997 5557 968.
1050 5504 1125 5557 ad
1178 5506 1469 5558 minimum
1520 5504 1605 5556 75'
1642 5521 1812 5559 annos
1862 5506 2111 5559 habebat.

449 5568 493 5601 9“
524 5579 774 5649 versatur
814 5573 863 5625 1.
940 5575 983 5606 ⁹⁰
1012 5573 1327 5649 calumpnia
1354 5576 1404 5629 1.

449 5644 758 5695 animarum
792 5651 1097 5698 nostrarum
1131 5644 1271 5699 ultra
1300 5646 1551 5715 poteritis
1583 5647 1853 5702 invenire.

2200 5494 2591 5586 9?.rigburgam
2818 5494 3254 5586 singulorum}.
3347 5499 3395 5533 π
3422 5494 3762 5586 autumpn‘il.

1478 5575 1544 5607 ¹⁰⁰
1571 5577 1679 5630 haec
1720 5578 1771 5629 2.
1827 5578 1905 5630 ita
1931 5577 2113 5646 effert:
2148 5570 2355 5630 nullam
2408 5570 2555 5630 enim
2587 5570 3018 5646 sollicitudinem
3070 5571 3360 5646 meliorem
3389 5571 3534 5628 circa
3564 5570 3759 5625 salutem

1943 5648 2006 5682 ¹⁰ί
2045 5647 2371 5702 Wilhelmus
2400 5648 2449 5701 1.
2485 5652 2534 5701 et
2573 5647 2744 5713 infra.

2840 5644 2906 5679 ²⁰²
2935 5659 3058 5700 esse
3090 5645 3113 5698 1
3132 5687 3143 5697 .

2016 5749 2057 5803 Ν
2063 5748 2206 5804 ΟΤᾹΞ

520 5812 623 5882 (42)
666 5813 745 5869 lta
774 5818 829 5867 et
856 5810 1229 5870 Widukindus
1262 5814 1363 5872 Ill.
1394 5818 1483 5873 74.
