3902 6410
152 371 251 427 917

1248 371 1521 426 SANCT/E
1560 374 1918 430 MATHILDIS
1957 376 2194 431 REGNA‘.
2232 375 2397 429 VlTA.

3400 377 3504 431 918

146 499 268 554 stes,
297 505 473 561 usque
504 491 638 546 dum
688 496 876 547 nostra
927 498 1171 547 extrema
1199 492 1430 559 videret,
1472 502 1527 550 et
1566 512 1771 568 corpus
1800 503 1846 571 Α
1876 514 2011 569 pace
2066 498 2284 565 Christi,
2358 514 2709 571 quocumque
2767 498 3021 553 voluntas
3078 498 3254 570 ipsius
3304 497 3500 554 decre-

153 592 299 637 terra?
337 582 778 637 commendaret.
839 582 994 637 Nunc
1049 589 1232 638 autem
1292 584 1528 654 primum
1584 588 1771 642 audite

150 684 379 733 nostram
412 676 849 745 confessionem,
882 686 937 733 et
980 679 1105 733 date
1154 679 1318 735 nobis
1366 680 1770 749 remissionem,

150 786 241 839 per
268 775 599 840 potestatem
633 786 755 841 qua)
788 769 1161 824 vobistradita
1182 778 1265 825 est
1286 786 1317 825 a
1342 772 1452 826 Deo
1498 779 1553 826 et
1582 782 1772 828 sancto

148 859 300 914 Petro
333 857 585 929 principe
640 857 1035 929 apostolorum,
1092 866 1147 913 et
1197 865 1328 914 tunc
1357 860 1553 915 intrate
1587 862 1769 916 eccle-

146 951 295 1013 siam,
323 959 379 1005 et
412 956 631 1005 cantate
662 949 885 1004 missam
917 966 1015 1021 pro
1046 950 1287 1021 peccatis
1317 959 1371 1006 et
1415 952 1772 1026 negligentiis

147 1043 366 1108 nostris,
426 1041 654 1112 insuper
707 1057 805 1113 pro
886 1042 1069 1097 anima
1124 1043 1334 1099 domini
1388 1045 1562 1099 nostri
1623 1046 1771 1120 regis

147 1129 405 1194 Heinrici,
437 1139 492 1184 et
514 1146 614 1201 pro
644 1130 906 1185 omnibus
939 1129 1135 1187 Christi
1196 1132 1261 1165 ¹⁰³
1293 1132 1572 1197 fidelibus,
1629 1134 1770 1189 vivis

140 1234 189 1281 et
220 1224 517 1281 defunctis.
543 1244 573 1275 τ)
606 1224 887 1295 Completa
932 1234 1114 1280 autem
1152 1226 1526 1293 confessione,
1558 1228 1771 1298 episco-

143 1333 240 1385 pus
270 1316 499 1371 intravit
524 1316 840 1383 ecclesiam,
898 1317 1085 1371 omnia
1136 1318 1375 1388 implens
1423 1335 1546 1390 quae
1577 1319 1770 1391 regina

140 1407 571 1463 desideraverat.
628 1406 805 1462 Finita
845 1407 1032 1475 missa,
1091 1425 1309 1464 rursum
1341 1409 1561 1464 intravit
1611 1410 1770 1465 cubi-

139 1501 343 1568 culum,
373 1510 432 1555 et
456 1501 709 1557 iterando
738 1501 893 1557 dedit
940 1502 1020 1557 illi
1078 1504 1462 1559 remissionem
1511 1514 1770 1577 peccato-

141 1607 275 1644 rum.
342 1589 703 1645 Postmodum
758 1591 1014 1661 perunxit
1070 1608 1192 1646 eam
1246 1601 1458 1649 sacrato
1526 1595 1671 1661 oleo,
1713 1605 1769 1650 et

141 1676 411 1735 recreavit
439 1684 793 1733 sacrosancto
847 1680 1095 1749 corporis
1141 1689 1198 1734 et
1254 1682 1543 1752 sanguinis
1572 1681 1764 1737 Christi

141 1769 425 1839 mysterio.
468 1768 621 1823 Tunc
677 1769 814 1824 inibi
842 1772 1291 1827 commorabatur
1350 1789 1447 1843 per
1499 1774 1765 1842 triduum,

137 1861 263 1931 quia
292 1859 561 1915 credebat
581 1860 809 1930 jamjam
833 1862 1121 1918 imminere
1153 1864 1275 1932 ejus
1306 1865 1537 1920 obitum.
1565 1866 1766 1929 Quarto

138 1961 318 2006 autem
352 1951 444 2005 die
485 1967 608 2006 cum
642 1951 1000 2025 intelligeret,
1041 1954 1191 2009 diem
1214 1956 1596 2011 dissolutionis
1625 1972 1767 2011 non-

133 2041 260 2095 dum
285 2041 518 2105 instare,
562 2039 631 2093 ad
674 2048 1035 2111 aegrotantem
1097 2043 1345 2117 reginam
1396 2044 1650 2109 accessit,
1711 2052 1766 2099 et

129 2135 295 2190 eundi
328 2134 612 2190 licentiam
662 2137 981 2205 postulavit,
1027 2138 1295 2209 plangens
1342 2138 1475 2194 ﬂetu
1506 2139 1766 2194 inconso-

128 2226 296 2283 labili.
370 2226 505 2299 quia
562 2226 858 2292 sentiebat,
920 2228 1042 2297 ejus
1096 2228 1471 2285 infirmitatem
1533 2231 1762 2284 minime

125 2318 280 2373 leniri
308 2338 323 2386 ;
361 2320 463 2374 sed
491 2319 539 2374 si
574 2320 824 2375 maeroris
854 2320 1119 2391 asperitas
1149 2321 1332 2377 animo
1391 2322 1531 2377 ullas
1573 2324 1765 2378 remit—

127 2415 262 2462 teret
313 2408 591 2474 inducias,
650 2423 761 2464 non
833 2408 1045 2474 dolere,
1097 2409 1231 2481 quin
1291 2411 1475 2481 potius
1529 2411 1763 2467 deberet

124 2500 406 2570 gaudere;
436 2500 568 2571 quia
636 2508 838 2555 sanctae
884 2500 980 2555 Dei
1011 2500 1195 2556 anima
1221 2518 1505 2556 recessura
1534 2502 1603 2556 de
1627 2519 1757 2558 cor-

124 2608 277 2662 pore,
333 2590 408 2647 de
463 2591 660 2649 labore
704 2592 774 2647 ad
826 2593 1078 2665 requiem
1144 2595 1391 2649 creditur
1440 2597 1753 2665 pervenire.

124 2686 322 2741 Sancta
353 2693 540 2742 autem
574 2687 803 2742 domina
844 2696 899 2742 et
948 2688 1249 2759 epiSCOpus
1294 2690 1758 2762 colloquebantur

118 2773 263 2827 inter
290 2790 350 2829 se
394 2774 655 2845 plurima,
714 2792 840 2847 quae
900 2791 1228 2832 enumerare
1287 2788 1417 2832 sunt
1464 2779 1751 2853 perlonga.

115 2866 339 2921 Interim
377 2866 569 2940 regina
597 2867 665 2921 ad
712 2883 772 2922 se
821 2868 1037 2923 vocavit
1092 2868 1427 2925 abbatissam
1483 2871 1755 2926 Richbur-

111 2971 258 3024 gam,
317 2955 675 3031 interrogans
742 2955 790 3009 si
848 2956 982 3028 quid
1039 2957 1144 3012 sibi
1203 2968 1542 3030 superesset,
1602 2962 1752 3033 quod

113 3047 383 3118 episcopo
414 3047 545 3103 dare
593 3053 798 3118 posset.
867 3048 965 3102 llla
1019 3065 1149 3105 vero
1208 3052 1554 3122 respondens
1617 3052 1741 3108 ait:

116 3154 140 3186 α
170 3134 308 3200 Quid
331 3134 533 3203 ;vobis,
584 3137 697 3191 Deo
755 3135 1135 3205 dilectissima,
1177 3147 1359 3210 potest
1394 3157 1686 3210 superesse
1716 3142 1745 3196 ?

114 3225 305 3281 Omnia
334 3234 517 3283 vestra
548 3227 604 3281 in
656 3227 1017 3283 necessitates
1047 3247 1355 3302 pauperum
1402 3241 1532 3287 sunt
1564 3234 1749 3288 distri-

116 3317 262 3373 buta.
325 3339 356 3368 ιο
415 3318 479 3374 At
516 3317 660 3373 illa:
705 3339 731 3369 α
784 3319 885 3373 Ubi
934 3328 1083 3388 sunt,
1136 3321 1336 3394 inquit,
1381 3324 1566 3395 pallia,
1629 3341 1750 3396 quae

113 3414 312 3461 nostrae
341 3406 646 3476 sepultura
686 3406 955 3476 jussimus
1001 3409 1397 3466 abscondenda
1423 3413 1451 3466 τ
1478 3414 1573 3467 Illa
1593 3415 1752 3469 nobis

116 3507 541 3570 prmsententur,
589 3507 649 3556 ut
706 3509 894 3558 nostro
949 3503 1137 3574 nepoti
1180 3504 1235 3559 in
1293 3505 1493 3580 pignus
1548 3510 1753 3564 amoris

114 3592 394 3646 donentur
427 3607 442 3656 ;
476 3607 601 3645 nam
646 3592 764 3662 ipse
798 3592 950 3664 prior
982 3594 1142 3649 nobis
1169 3596 1253 3650 his
1294 3596 1528 3670 indiget,
1558 3607 1616 3654 ut
1648 3616 1752 3671 pu-

113 3688 309 3748 tamus,
346 3682 481 3754 quia
514 3682 620 3738 iter
649 3682 1041 3741 difﬁcillimum
1071 3696 1154 3741 est
1211 3688 1559 3761 incepturus.
1595 3691 1754 3746 Sem-

115 3791 209 3843 per
239 3775 397 3829 enim
429 3783 684 3831 versatur
709 3775 768 3829 in
789 3776 983 3843 dubio,
1033 3794 1144 3850 quo
1183 3796 1244 3835 se
1274 3790 1449 3837 vertat
1480 3783 1753 3841 instabilis

115 3862 349 3919 fortunae
382 3863 655 3931 conditio,
690 3864 777 3920 vel
809 3866 877 3920 ad
935 3882 1076 3938 quos
1106 3869 1326 3925 labores
1364 3871 1596 3928 miseros
1626 3891 1750 3945 per-

112 3959 283 4013 trahat
313 3958 598 4013 homines.
625 3957 759 4013 Cum
799 3968 983 4015 autem
1027 3970 1216 4018 noster
1264 3965 1449 4020 obitus
1480 3968 1749 4036 evenerit,

117 4049 219 4104 hoc
251 4049 620 4121 proverbium
648 4050 702 4103 in
733 4050 896 4106 nobis
926 4061 1109 4123 potest
1133 4054 1447 4126 adimpleri,
1481 4060 1630 4129 quod
1658 4076 1751 4117 ore

113 4138 257 4211 vulgi
291 4138 406 4193 dici
437 4137 580 4193 solet
610 4155 623 4191 :
663 4158 684 4187 α
718 4137 1027 4211 Propinqui
1051 4158 1198 4213 saepe
1219 4143 1506 4200 invenient
1537 4150 1754 4219 nuptia-

123 4245 147 4276 α
177 4227 285 4281 lem
299 4233 516 4281 vestem
549 4232 604 4281 et
628 4226 941 4302 lugubrem.
983 4230 1248 4285 ulnterim
1262 4232 1392 4288 dum
1421 4236 1536 4290 haec
1567 4237 1754 4310 loque-

117 4327 267 4374 retur
295 4317 520 4393 regina,
554 4318 708 4374 venit
736 4319 1017 4375 abbatissa
1073 4321 1309 4378 aﬂ‘erens
1341 4326 1542 4396 pallia;
1578 4336 1630 4383 at
1661 4330 1753 4386 illa

118 4409 231 4465 haec
261 4409 576 4481 accipiens,
628 4410 784 4466 dedit
838 4412 1124 4485 epiSCOpo,
1166 4422 1220 4470 et
1249 4417 1367 4472 ait:
1403 4439 1428 4470 α
1466 4421 1588 4477 Haec
1626 4439 1753 4477 mu-

117 4517 246 4556 nera
286 4506 483 4556 nostra
511 4500 627 4557 sint
660 4502 1106 4559 monimenta‘“.
1142 4525 1167 4556 ι»
1196 4506 1257 4560 Et
1287 4524 1411 4563 cum
1444 4510 1561 4566 haec
1591 4528 1749 4568 acce-

118 4591 291 4661 pisset
323 4589 652 4662 episcopus,
692 4592 898 4666 gratias
945 4594 1079 4668 egit,
1130 4602 1184 4650 et
1224 4612 1345 4651 eam
1412 4598 1752 4657 benedicens

120 4685 368 4741 recessit.
415 4684 722 4741 Conversus
777 4694 962 4742 autem
1013 4689 1082 4742 ad
1130 4688 1566 4762 circumstantes,
1630 4712 1755 4752 cum

117 4777 339 4833 silentio
381 4777 466 4831 sic
496 4777 712 4833 locutus
739 4784 861 4833 est:
899 4798 925 4830 α
965 4779 1105 4836 Hinc
1155 4782 1211 4836 in
1239 4783 1608 4842 Radulveroth
1633 4794 1757 4844 ten-

119 4868 326 4935 dimus,
351 4875 412 4923 et
442 4885 615 4924 unum
655 4885 723 4925 ex
752 4870 969 4927 clericis
1029 4874 1236 4929 nostris
1275 4876 1365 4932 hic
1393 4877 1458 4912 ίοδ
1491 4879 1761 4954 relinqui-

119 4973 262 5024 mus,
291 4967 357 5013 ut
386 4958 434 5013 si
468 4959 707 5015 dominae
768 4967 969 5016 nostra;
1021 4961 1207 5019 obitus
1254 4965 1492 5035 eveniat,
1554 4970 1662 5026 cito
1693 4971 1760 5026 ad

120 5063 219 5102 nos
250 5048 470 5113 redeat,
514 5054 569 5102 et
596 5046 761 5103 nobis
788 5051 1105 5119 annuntiet,
1140 5060 1199 5108 ut
1232 5055 1432 5111 iterum
1457 5058 1762 5127 veniamus,

123 5138 434 5195 etdeeenti
477 5138 690 5195 honore
747 5156 952 5212 corpus
1000 5150 1161 5200 terra
1221 5149 1759 5210 commendemus.»

129 5233 341 5308 Regina
362 5248 499 5288 vero
521 5240 687 5303 caput
738 5236 980 5309 erigens,
1013 5239 1173 5310 quasi
1221 5242 1519 5314 episcopus
1548 5245 1667 5301 haec
1697 5247 1763 5302 ad

130 5339 186 5376 se
217 5324 459 5378 dixisset
491 5341 505 5378 :
537 5351 559 5370 σε
583 5325 702 5380 Νοη
734 5332 821 5381 est
844 5342 1005 5399 opus,
1042 5329 1246 5402 inquit,
1279 5341 1340 5388 ut
1372 5335 1461 5390 hic
1490 5337 1771 5410 relinqua-

132 5420 237 5476 tur,
299 5412 408 5467 sed
463 5411 746 5468 vobiscum
799 5417 983 5487 potius
1038 5418 1419 5490 proficiscatur
1475 5441 1490 5489 ;
1551 5442 1648 5481 vos
1678 5427 1772 5484 illo

134 5507 258 5575 plus
314 5505 585 5580 indigetis
630 5508 687 5563 in
756 5512 1019 5569 comitatu
1070 5515 1242 5572 vestri
1293 5518 1523 5577 itineris.
1586 5523 1663 5577 [te
1718 5524 1775 5578 in

1774 4551 1829 4620 D

1876 604 2034 650 verit.
2081 618 2103 639 η

1944 686 2033 740 25.
2064 687 2312 741 Deobitu
2364 687 2616 756 episcopi.
2672 684 2975 756 EpiscOpus
3030 692 3213 740 autem
3264 685 3397 741 inde
3445 686 3500 741 iu

1876 780 2243 837 Radulveroth
2272 795 2533 854 pergens,
2576 779 2766 851 ibique
2797 778 3185 834 medicinalem
3218 778 3501 850 accipiens

1876 872 2181 943 potionem,
2225 871 2521 927 subitanea
2580 879 2755 926 morte
2805 869 3131 943 defungitur
3189 871 3372 937 (Mart.
3419 870 3497 924 2i.

1871 964 2079 1018 Euntcs
2098 970 2280 1018 autem
2331 962 2514 1018 nuntii
2547 963 2665 1018 haec
2704 962 2762 1016 in
2806 960 3248 1037 Quitilingoburc
3286 961 3501 1019 indica-

1871 1050 2025 1105 bant.
2056 1050 2189 1106 Cum
2239 1058 2423 1105 autem
2464 1066 2658 1106 omnes
2712 1050 3032 1105 dubitarent
3087 1048 3325 1120 qualiter
3380 1050 3500 1105 haec

1871 1142 2077 1216 regina:
2130 1142 2527 1209 iudicarentur,
2569 1157 2639 1197 ne
2684 1140 3020 1197 inﬁrmitatis
3077 1140 3200 1209 ejus
3227 1140 3499 1212 asperitas

1870 1232 2260 1303 adaugeretur,
2307 1231 2640 1286 venerabilis
2701 1229 2898 1286 Christi
2927 1228 3154 1297 famula,
3185 1229 3342 1302 quasi
3376 1230 3499 1302 spi-

1871 1323 1979 1381 ritu
2035 1322 2344 1394 prOphetiae
2398 1322 2688 1389 illustrata,
2747 1320 3165 1377 lacrimabiliter
3202 1319 3500 1377 subridens

1871 1417 1947 1473 ait
1981 1434 2038 1470 εει
2073 1414 2213 1480 Quid
2258 1414 2403 1469 intra
2457 1430 2557 1470 vos
2609 1412 2963 1469 murmuratis
3010 1412 3039 1466 ?
3082 1412 3154 1468 Et
3190 1428 3289 1467 cur
3344 1413 3501 1469 triste

1878 1506 2080 1561 malum
2139 1521 2241 1561 nos
2293 1505 2473 1560 celare
2532 1503 2862 1559 desideratis
2915 1502 2943 1557 ?
2995 1502 3256 1559 Novimus
3324 1502 3498 1570 enim,

1867 1595 2273 1649 Willehelmum
2300 1592 2623 1664 episcopum
2650 1592 2719 1647 de
2752 1592 2854 1647 hoc
2883 1592 3090 1647 mundo
3123 1591 3410 1664 migrasse,
3441 1600 3500 1647 et

1872 1688 1974 1742 hoc
2000 1695 2083 1741 est
2111 1702 2343 1760 magnus
2372 1686 2628 1741 cumulus
2652 1682 3002 1756 ginﬁrmitatis
3047 1692 3265 1740 nostrae.
3293 1683 3495 1739 Praeci-

1794 1812 1843 1880 B
1870 1779 1983 1851 pite
2004 1779 2163 1852 signa
2192 1778 2442 1833 ecclesiae
2467 1776 2694 1849 pulsari,
2727 1785 2782 1831 et
2838 1792 3112 1847 pauperes
3139 1776 3491 1850 congregari,

1867 1880 1926 1923 ut
1955 1869 2288 1924 elemosinas
2342 1867 2633 1939 accipiant,
2696 1882 2819 1938 quae
2866 1882 2963 1937 pro
3013 1866 3195 1920 anima
3246 1866 3368 1934 ejus
3424 1865 3494 1921 ad

1868 1959 2039 2014 Deum
2070 1957 2430 2014 intercedant.
2470 1977 2494 2007 ι)
2538 1956 2666 2012 Post
2694 1956 2813 2010 haec
2853 1954 3146 2015 duodecim
3179 1955 3299 2009 dies
3345 1970 3494 2009 mor-

1866 2050 1990 2103 talis
2007 2050 2130 2104 vitae
2148 2048 2401 2119 spiritum
2432 2046 2605 2101 duxit.

1935 2143 2024 2198 26.
2052 2143 2301 2209 Qualiter
2319 2156 2441 2196 suos
2456 2140 2729 2194 consolata
2740 2140 2807 2194 sit
2825 2180 2838 2192 .
2858 2138 3057 2193 Sancto
3084 2143 3265 2193 autem
3290 2137 3492 2192 sabba-

1866 2235 1959 2290 tho
2003 2235 2187 2304 (Mart.
2227 2234 2335 2303 H),
2366 2232 2420 2286 in
2447 2247 2558 2303 quo
2600 2230 2797 2285 Christi
2830 2229 3035 2285 famula
3065 2245 3348 2285 recessura
3374 2237 3492 2284 erat

1864 2341 1894 2379 a
1922 2324 2135 2391 seculo,
2165 2330 2224 2378 ut
2255 2323 2492 2394 primum
2537 2321 2812 2393 persensit
2866 2320 3168 2386 lucescere,
3209 2335 3404 2375 omnes
3432 2319 3489 2373 in

1863 2413 2118 2469 cubiculo
2134 2428 2323 2467 secum
2336 2420 2743 2467 commorantes
2760 2408 3131 2464 admonuitde
3155 2425 3351 2464 somno
3369 2424 3490 2463 sur-

1861 2518 2016 2576 gere,
2039 2509 2099 2557 ut
2130 2499 2466 2571 presbitcros
2489 2506 2542 2553 et
2558 2497 3006 2557 sanctimoniales
3022 2504 3411 2562 convocarent,
3435 2503 3492 2551 et

1861 2612 1984 2668 quae
2016 2596 2231 2667 agenda
2261 2602 2449 2649 essent
2511 2598 2755 2667 agerent.
2820 2591 2953 2645 Cum
3007 2606 3139 2664 ergo
3194 2590 3490 2644 innumera

1860 2687 2145 2758 utriusque
2166 2683 2642 2740 sexusmultitudo
2658 2681 3000 2748 conveniret,
3023 2680 3275 2752 praecipit
3298 2686 3489 2735 sancta

1858 2780 1954 2835 Dei
1984 2779 2120 2834 nulli
2159 2778 2444 2833 introitum
2499 2775 2801 2847 prohiberi.
2836 2775 3006 2846 Igitur
3028 2772 3287 2828 omnibus
3309 2772 3488 2828 intro-

1856 2872 2084 2947 gressis,
2115 2868 2450 2925 salutaribus
2490 2866 2720 2924 monitis
2752 2866 2875 2920 illos
2906 2865 3181 2930 instruxit,
3238 2863 3432 2917 dicens
3473 2881 3486 2917 :

1858 2990 1880 3010 -
1926 2964 2135 3020 Servite
2158 2962 2389 3018 Domino
2429 2961 2486 3016 in
2542 2961 2762 3023 timore,
2791 2965 2845 3013 et
2876 2957 3115 3012 exultate
3146 2957 3198 3011 ei
3227 2972 3350 3011 cum
3378 2962 3491 3011 tre-

1855 3071 2010 3111 more
2043 3072 2059 3121 ;
2088 3051 2495 3125 apprehendite
2524 3050 2896 3121 disciplinam,
2932 3064 3000 3102 ne
3031 3046 3253 3119 quando
3284 3047 3488 3101 irasca-

1850 3154 1937 3201 tur
1963 3143 2251 3206 Dominus,
2284 3148 2340 3195 et
2400 3140 2644 3210 pereatis
2696 3139 2765 3192 de
2795 3137 2882 3193 via
2916 3137 3071 3205 justa
3108 3136 3274 3205 (Psal.
3310 3152 3368 3200 ιι,
3395 3135 3481 3189 11.

1849 3235 1959 3304 21).
1987 3232 2268 3287 Declinate
2296 3246 2327 3284 a
2357 3228 2500 3283 malo
2532 3238 2587 3282 et
2606 3226 2767 3282 facite
2798 3226 3031 3291 bonum,
3064 3232 3124 3280 ut
3151 3225 3206 3278 in
3240 3232 3485 3278 extrema

1852 3328 1984 3381 hora
2013 3330 2204 3380 vestra:
2236 3321 2434 3376 animae
2454 3319 2524 3374 ab
2558 3318 2773 3373 insidiis
2820 3316 3029 3372 diaboli
3064 3315 3398 3387 eripiantur,
3428 3325 3485 3370 et

1853 3424 2060 3472 aeterna
2092 3414 2251 3470 vobis
2297 3411 2526 3483 praemia
2552 3428 2583 3466 a
2613 3412 2723 3465 Deo
2782 3409 3081 3465 donentur.
3146 3430 3165 3459 ι
3204 3409 3331 3463 Post
3362 3407 3485 3462 hac

1853 3505 2138 3578 praecepit,
2168 3513 2227 3557 ut
2254 3517 2448 3557 omnes
2486 3500 2701 3555 exirent
2731 3499 2787 3554 in
2820 3515 2956 3571 pace
2985 3498 3206 3564 Christi,
3230 3497 3335 3552 nisi
3386 3495 3482 3568 qui

1852 3597 2165 3655 necessaria
2195 3595 2297 3650 sibi
2332 3601 2520 3651 essent
2569 3593 2955 3648 ministraturi.
2998 3592 3152 3647 Tunc
3200 3592 3269 3646 ad
3298 3608 3355 3646 se
3377 3607 3482 3646 vo-

1852 3691 1997 3747 cavit
2034 3706 2190 3745 suam
2218 3687 2500 3759 neptulam
2528 3684 2861 3740 abbatissam
2909 3683 3286 3747 Mahthildam,
3313 3683 3480 3737 ﬁliam

1853 3781 2066 3836 Ottonis
2095 3777 2467 3849 imperatoris,
2527 3774 2786 3831 salutaria
2845 3774 2926 3828 illi
2976 3774 3116 3828 dans
3154 3774 3388 3840 monita,
3423 3780 3484 3829 ut

1852 3880 1997 3929 esset
2029 3873 2119 3943 pia
2148 3878 2200 3925 et
2237 3870 2486 3935 humilis,
2529 3868 2777 3939 prudens
2807 3873 2862 3922 et
2882 3873 3063 3933 cauta,
3095 3881 3160 3921 ac
3184 3865 3293 3920 sibi
3325 3881 3481 3921 com-

1854 3962 2080 4016 missum
2113 3974 2337 4035 gregem
2393 3956 2719 4024 custodiret,
2750 3963 2805 4012 et
2835 3963 2896 4010 ut
2937 3954 3332 4012 monasterium
3356 3968 3479 4009 raro

1856 4051 2235 4126 egrederetur,
2269 4063 2340 4102 ne
2368 4046 2712 4102 secularibus
2734 4045 2923 4101 dedita
2959 4061 2991 4100 a
3029 4043 3227 4099 Christi
3255 4043 3481 4099 servitio

1854 4145 2237 4217 impediretur.
2302 4142 2463 4197 Dedit
2518 4142 2682 4197 etiam
2741 4141 2792 4196 ei
2868 4141 2923 4196 in
2980 4156 3204 4195 manum
3258 4154 3484 4209 compu-

1853 4235 2158 4303 tarium,in
2184 4250 2293 4306 quo
2350 4233 2578 4289 nomina
2627 4232 3013 4289 defunctorum
3064 4230 3271 4301 scripta
3322 4237 3482 4284 erant

1855 4342 2183 4399 procerum;
2216 4324 2627 4381 commendavit
2666 4323 2745 4378 illi
2786 4322 2996 4379 domini
3028 4321 3115 4376 sui
3139 4320 3286 4396 regis
3320 4318 3481 4374 Hein-

1853 4422 1954 4477 rici
2012 4421 2274 4486 animam,
2328 4418 2740 4476 commendavit
2783 4426 2836 4473 et
2884 4433 3067 4484 suam,
3124 4422 3180 4471 et
3233 4413 3481 4469 omnium

1854 4510 2126 4577 fidelium,
2156 4525 2390 4582 quorum
2445 4508 2769 4564 memoriam
2821 4506 3121 4562 recolebat.
3173 4501 3482 4559 Novissima

1856 4608 2039 4657 autem
2071 4600 2348 4655 Richburc
2377 4599 2659 4654 abbatissa
2688 4605 2887 4653 moesta
2932 4596 3225 4669 processit,
3250 4602 3306 4650 et
3334 4609 3483 4666 genu

1858 4693 2001 4748 ﬂexo
2030 4692 2088 4747 in
2128 4700 2351 4757 terram,
2373 4690 2552 4762 pedes
2578 4689 2787 4764 reginae
2818 4689 3157 4744 lacrimando
3189 4683 3484 4756 amplecti-

1860 4796 1969 4853 tur,
1997 4785 2073 4841 ita
2094 4784 2354 4856 inquiens
2387 4800 2400 4836 :
2434 4807 2458 4832 ω
2481 4782 2714 4838 Domina
2735 4782 2811 4836 mi
2843 4781 3177 4848 carrissima,
3210 4778 3298 4835 cui
3320 4776 3485 4833 relin-

1863 4882 2032 4955 quitis
2056 4880 2541 4955 congregationem
2601 4877 2924 4941 desolatam,
2985 4893 3154 4947 super
3208 4890 3371 4947 quam
3395 4889 3485 4927 me

1865 4971 2153 5045 indignam
2207 4968 2574 5025 constituistis
2630 4966 2964 5021 abbatissam
3006 4965 3035 5019 ?
3078 4964 3311 5020 Difﬁcile
3350 4962 3487 5018 mihi

1866 5075 2189 5121 estservare
2219 5077 2445 5136 gregem
2474 5058 2852 5126 commissum,
2885 5058 3016 5129 quia
3046 5064 3287 5113 vestrum
3310 5054 3492 5110 aberit

1865 5157 2195 5213 subsidium.
2226 5180 2249 5202 »ι
2280 5154 2479 5208 Sancta
2498 5166 2629 5207 vero
2661 5149 3049 5223 reginajsuper
3077 5149 3196 5204 haec
3216 5146 3386 5202 verba
3409 5155 3495 5201 to-

1872 5253 1942 5308 tis
1958 5250 2264 5308 visceribus
2283 5253 2575 5311 commota,
2590 5244 2730 5300 dixit
2755 5262 2768 5298 :
2797 5264 2822 5295 α
2851 5244 3078 5300 Summo
3090 5259 3186 5298 vos
3206 5257 3495 5298 commen—

1875 5346 2069 5401 damus
2099 5340 2377 5397 defensori
2411 5357 2425 5406 ;
2462 5354 2575 5393 non
2631 5335 2996 5408 relinquimus
3021 5351 3118 5391 vos
3148 5334 3370 5403 alienis,
3401 5334 3501 5390 sed

1875 5434 1989 5490 ﬁlio
2020 5441 2208 5489 nostro
2256 5429 2439 5485 Ottoni
2483 5426 2724 5497 aliisque
2778 5424 3078 5496 nepotibus
3118 5423 3343 5480 nostris.
3382 5444 3402 5472 ι
3440 5423 3503 5477 At

1877 5525 1971 5579 illa
1997 5524 2116 5579 ait:
2151 5548 2171 5570 -
2216 5520 2474 5576 Versatur
2520 5516 2706 5585 nobis,
2749 5515 2998 5584 domina,
3053 5516 3112 5571 in
3164 5514 3358 5583 dubio,
3393 5530 3504 5587 quo

1509 5649 1729 5706 VARI/ﬁ
1762 5649 2036 5708 LECTION
2044 5650 2145 5707 ES.

214 5738 283 5773 ¹⁰³
312 5753 428 5795 vos:
456 5739 601 5797 deest
624 5742 676 5797 1.
705 5742 772 5778 ¹⁰⁴
803 5751 937 5801 sunt
963 5749 1307 5809 munimenta
1343 5754 1395 5810 1.
1427 5755 1575 5812 Istud
1602 5757 1851 5816 caritatis
1877 5758 2084 5815 donum
2115 5756 2227 5813 mei
2252 5754 2465 5828 apudte
2485 5753 2556 5809 sit
2582 5751 3073 5809 commonitorium
3095 5751 3149 5807 2.
3186 5751 3251 5786 ¹⁰⁵
3282 5750 3414 5805 hinc
3444 5751 3498 5810 1.
