3902 6410
416 392 523 447 919

1575 389 1907 444 GUMPOLDI
1951 391 2240 446 EPISCOPI
2286 391 2624 447 MANTUAM.

3672 398 3775 453 920

418 535 478 574 se
502 524 675 573 vertat
696 516 915 571 animus
947 515 1188 570 illorum.
1231 534 1253 565 υ
1279 514 1406 569 Cum
1441 531 1573 590 ergo
1623 516 1865 572 abatissa
1891 534 2037 573 ama-
2064 522 2113 590 Α
2141 518 2481 592 dragesimaa.
2507 517 2637 574 Cum
2669 527 2852 575 autem
2881 536 3085 593 corpus
3114 522 3378 579 lavissent
3408 530 3463 579 et
3484 523 3554 579 ad
3591 524 3771 581 eccle-

420 627 478 666 re
517 610 674 664 ilcret
725 618 779 662 et
834 607 1228 661 consolationis
1274 607 1442 661 verba
1492 616 1793 678 expeteret,
1844 612 2037 686 regina

418 714 710 755 maerorem
731 697 852 765 ejus
889 696 1062 750 lenire
1092 696 1326 766 cupiens
1354 697 1429 751 ait
1453 714 1465 750 :
1502 718 1526 746 «ι
1549 699 1663 763 Quo
1690 715 1820 770 spes
1851 710 2038 758 nostra

419 785 718 852 tendenda,
775 801 885 856 quo
944 784 1161 839 animus
1199 793 1385 840 noster
1438 786 1784 860 dirigendus,
1832 791 1936 845 nisi
1968 793 2036 846 ad

422 879 639 935 Deum?
688 877 930 932 Primum
970 876 1196 947 quaerite
1240 892 1471 951 regnum
1524 878 1618 932 Dei
1677 886 1731 934 et
1765 879 2037 948 justitiam

422 973 566 1041 ejus,
588 977 642 1025 et
672 967 991 1024 haecomnia
1025 967 1359 1035 adjicientur
1406 968 1565 1023 vobis
1615 971 1761 1039 (Luc.
1795 989 1891 1039 xu,
1924 974 2037 1045 3i).

421 1063 727 1127 Credimus,
754 1060 928 1114 tilium
960 1068 1207 1114 nostrum
1244 1059 1519 1126 Ottonem,
1562 1062 1762 1133 prioris
1793 1065 2049 1135 promissi

424 1157 567 1211 haud
597 1155 1000 1218 immemorem,
1043 1152 1201 1207 vobis
1226 1152 1552 1222 impendere
1590 1156 1861 1211 solamen.
1905 1159 2042 1223 Qui-

420 1262 659 1319 cumque
682 1253 864 1300 autem
898 1244 1305 1315 possessionem
1330 1245 1757 1301 ecclesiasticam
1774 1264 1839 1303 ex
1861 1256 2047 1305 nostra

423 1352 574 1416 parte
615 1351 810 1398 vestrae
852 1340 1172 1395 necessitati
1204 1340 1457 1395 traditam
1516 1341 1722 1410 injusta
1765 1344 2048 1416 despolia-

421 1437 570 1493 tione
626 1433 831 1490 scindit
875 1432 961 1487 vel
1008 1431 1353 1496 comminuit,
1410 1434 1716 1503 provideat,
1771 1437 1905 1507 quid
1937 1439 2047 1493 Deo

424 1525 779 1596 respondeat,
802 1529 993 1579 contra
1022 1538 1151 1578 vero
1186 1523 1441 1595 quisquis
1472 1525 1687 1580 muniat
1712 1526 1797 1581 vel
1821 1538 2046 1600 augeat,

424 1636 455 1674 a
514 1620 665 1683 Deo,
730 1616 880 1671 fideli
945 1623 1397 1683 remuneratore,
1451 1615 1677 1692 dignam
1736 1621 2047 1675 mercedem

427 1708 675 1779 recipiat.
704 1728 731 1753 ιι

495 1800 587 1853 27.
641 1797 885 1865 Qualiter
932 1795 1150 1850 abierit.
1215 1795 1341 1850 Post
1405 1796 1524 1850 haec
1572 1795 1737 1850 verba
1785 1798 2051 1868 praecepit

428 1892 768 1965 presbiteros
813 1896 869 1945 et
915 1888 1371 1944 sanctimoniales
1426 1888 1653 1960 propius
1683 1889 2055 1956 accedere,ut

427 1984 547 2053 ejus
595 1981 1008 2038 confessionem
1059 1979 1313 2034 audirent
1373 1979 1481 2034 sibi
1532 1996 1563 2034 a
1610 1981 1723 2035 Deo
1776 1981 2056 2036 remissio-

428 2092 555 2130 nem
598 2072 960 2146 postularent.
991 2070 1105 2135 Quo
1160 2069 1324 2136 facto,
1351 2069 1755 2138 jussitmissam
1784 2071 2058 2135 celebrari

429 2178 484 2228 et
516 2182 719 2239 corpus
763 2162 964 2219 Christi
1015 2162 1123 2216 sibi
1154 2160 1359 2228 afferri,
1403 2170 1461 2217 ut
1497 2177 1596 2233 per
1631 2162 1770 2217 sacri
1810 2158 2058 2235 mysterii

431 2255 882 2316 communionem
914 2251 1164 2307 securius
1185 2250 1443 2305 evaderet
1468 2250 1653 2305 callidi
1675 2251 1847 2306 hestis
1876 2252 2058 2309 laesio-

432 2367 580 2406 nem.
616 2348 708 2402 His
736 2343 997 2400 omnibus
1028 2343 1129 2397 rite
1154 2342 1407 2414 peractis,
1450 2342 1556 2396 sibi
1581 2349 1822 2397 astantes
1859 2344 2056 2399 admo-

432 2441 575 2505 nuit,
604 2447 666 2494 ut
706 2438 945 2509 psalmos
990 2435 1284 2508 vigilanter
1327 2435 1689 2490 decantarent
1731 2442 1785 2489 et
1817 2452 2057 2510 evange-

433 2535 567 2590 lium
598 2533 867 2604 legerent,
890 2544 1065 2600 usquc
1081 2528 1210 2583 dum
1223 2527 1409 2582 anima
1424 2528 1582 2598 jussu
1616 2528 1709 2583 Dei
1732 2528 1802 2583 de
1825 2544 2058 2599 corpore

435 2628 768 2684 discederet.
799 2624 927 2679 Post
957 2624 1076 2677 haec
1142 2622 1353 2676 nullum
1409 2620 1639 2676 verbum
1682 2622 1928 2692 protulit,
1960 2623 2059 2678 sed

434 2718 611 2774 oculis
633 2714 890 2785 expansis
919 2720 974 2768 et
994 2711 1249 2766 manibus
1306 2711 1747 2777 elevatis,animo
1781 2719 1835 2767 et
1864 2712 2059 2783 spiritu

436 2811 491 2865 in
545 2810 748 2864 caelum
802 2804 1060 2860 intendit.
1142 2804 1632 2875 Appmpinquante
1685 2811 1868 2860 autem
1926 2806 2059 2861 hora

437 2918 607 2965 nona,
618 2900 781 2970 jussit
802 2898 1041 2953 cilicium
1069 2895 1223 2953 humi
1253 2898 1407 2968 poni,
1439 2912 1639 2968 corpus
1665 2898 2055 2954 moribundum

436 3010 605 3066 supra
635 2990 914 3057 collocari,
975 2990 1213 3061 pr0priis
1266 2990 1523 3045 manibus
1570 2990 1811 3045 cinerem
1868 2992 2055 3062 impo-

438 3100 578 3139 nens
617 3081 823 3152 capiti:
860 3101 884 3131 ‹‹
913 3078 1029 3135 Non
1060 3080 1239 3144 decet,
1271 3079 1469 3151 inquit,
1499 3079 1921 3135 christinianum
1949 3082 2055 3136 nisi

439 3173 494 3228 in
517 3172 696 3227 cilicio
752 3178 806 3225 et
849 3170 1037 3224 cinere
1093 3169 1253 3224 mori.
1292 3191 1317 3218 υ
1370 3170 1503 3223 Dein
1555 3178 1758 3225 sanctze
1790 3171 1969 3226 crucis
1997 3190 2056 3227 se

2138 606 2277 662 siam
2307 608 2654 675 detulissent,
2686 617 2957 664 venerunt
2992 610 3172 665 nuntii
3206 611 3413 687 reginas
3443 612 3767 688 Gerburgis,

2139 694 2265 751 ﬁliae
2279 696 2611 751 venerabilis
2636 696 2853 753 domnae
2872 698 3209 766 Mahthildis,
3227 699 3521 756 afferentes
3537 703 3760 773 pallium

2139 788 2669 855 aurointertextum,
2737 796 2925 861 aptum
2983 793 3269 863 c00perire
3316 793 3579 849 loculum.
3617 794 3766 851 Tunc

2140 877 2329 933 electae
2385 877 2580 932 Christi
2626 877 2843 934 famulae
2903 880 3199 952 pr0phetia
3249 881 3306 937 in
3374 882 3644 937 omnibus
3667 882 3765 938 fuit

2147 966 2468 1037 adimpleta,
2541 975 2596 1023 et
2651 966 2719 1022 de
2804 970 3286 1044 transmigratione
3360 972 3769 1045 archiepiscopi

2150 1058 2487 1114 Willehelmi
2509 1067 2564 1114 et
2594 1056 2746 1115 veste
2775 1061 3018 1136 lugubri.

2220 1150 2291 1203 28
2325 1154 2398 1205 De
2435 1154 2717 1220 sepultura
2745 1153 2886 1222 ejus.
2922 1154 3093 1225 Igitur
3115 1154 3460 1226 sepelierunt
3494 1170 3703 1226 corpus
3726 1155 3776 1209 in

2147 1236 2377 1292 basilica
2404 1239 2577 1293 sancti
2609 1239 2863 1307 Servatii,
2897 1240 3052 1310 juxta
3097 1243 3413 1314 sepulcrum
3433 1243 3586 1317 regis
3613 1243 3777 1299 Hein-

2148 1332 2393 1405 rici(43),
2428 1349 2552 1387 cum
2603 1350 2805 1408 magno
2859 1336 3092 1404 honore,
3150 1338 3246 1392 ubi
3307 1339 3429 1409 ipsa
3456 1338 3779 1393 decreverat

2148 1425 2495 1496 requiescere
2528 1432 2582 1481 et
2610 1427 2756 1481 diem
2782 1428 2979 1496 judicii
3007 1438 3321 1501 expectare.
3353 1431 3492 1506 Ergo
3518 1431 3779 1486 discessit

2149 1517 2219 1571 de
2250 1532 2503 1589 corpore,
2538 1520 2741 1575 nobilis
2759 1538 2988 1595 genere,
3013 1523 3253 1580 nobilior
3280 1525 3529 1580 moribus
3560 1533 3619 1580 et
3650 1541 3775 1579 san-

2150 1610 2545 1677 ctitatc,senex
2577 1621 2632 1667 et
2650 1614 2811 1684 plena
2842 1615 3078 1683 dierum,
3110 1617 3370 1672 omnibus
3392 1618 3507 1672 suis
3545 1617 3779 1689 posteris

2152 1701 2361 1756 bonum
2382 1702 2702 1774 relinquens
2734 1707 3067 1777 exemplum.
3093 1710 3446 1765 Cumhonore
3470 1710 3631 1764 enim
3652 1725 3779 1780 prae-

2155 1800 2368 1848 sentern
2400 1794 2567 1849 vitam
2628 1797 2878 1864 duxerat,
2912 1805 2966 1852 et
3010 1815 3134 1853 cum
3192 1801 3402 1855 honore
3455 1800 3531 1855 de
3580 1800 3782 1854 mundo

2160 1884 2430 1955 migrabat
2462 1904 2475 1952 ;
2508 1894 2561 1940 et
2582 1885 2853 1958 quidquid
2879 1889 3257 1957 temporaliter
3275 1890 3500 1953 vixerat,
3532 1890 3593 1944 in
3625 1888 3781 1945 bonis

2157 1976 2421 2046 Operibus
2450 1981 2890 2035 consummabat.
2911 1982 3028 2037 Non
3057 1982 3300 2036 estenim
3317 1991 3536 2037 mortua
3555 1983 3785 2038 creden-

2159 2066 2250 2134 da,
2282 2068 2390 2136 cui,
2434 2080 2493 2125 ut
2546 2080 2819 2142 speratur,
2877 2074 3090 2128 reddita
3130 2083 3215 2130 est
3260 2075 3488 2143 justitias
3534 2090 3785 2137 corona;

2160 2161 2287 2233 quia
2318 2163 2696 2234 temporaliter
2750 2164 2961 2231 vivens,
3010 2181 3204 2220 omnes
3243 2164 3587 2220 desideravit
3615 2165 3787 2220 salvos

2158 2269 2282 2308 esse
2309 2262 2364 2308 et
2396 2255 2679 2310 neminem
2704 2256 2771 2312 de
2798 2274 2965 2332 grege
2994 2257 3190 2312 Christi
3206 2258 3388 2329 perire
3420 2258 3505 2325 ;in
3545 2258 3784 2329 profectu

2159 2342 2427 2414 cujusque
2484 2344 2690 2404 hilaris.
2727 2345 2782 2399 in
2840 2347 3168 2402 adversitate
3227 2354 3407 2402 autem
3442 2347 3783 2418 pertristris;

2159 2450 2289 2509 erga
2330 2452 2525 2491 omnes
2586 2437 2676 2507 pia
2734 2445 2789 2492 et
2843 2439 3271 2510 compassibilis,
3341 2440 3598 2509 exceptis
3628 2439 3783 2503 vitiis,

2161 2528 2366 2597 quibus
2394 2544 2502 2584 non
2535 2530 2845 2601 compassio
2899 2532 2997 2585 sed
3039 2533 3311 2587 rectitudo
3352 2531 3614 2587 debetur.
3651 2531 3781 2585 Mul-

2161 2627 2339 2675 torum
2374 2620 2698 2677 festivitates
2728 2634 3043 2678 sanctorum
3074 2625 3131 2679 in
3164 2625 3399 2680 ecclesia
3437 2624 3786 2679 celebrantur

2160 2726 2395 2782 quorum
2437 2712 2647 2766 meritis
2688 2727 2797 2767 non
2835 2713 3013 2784 impar
3045 2723 3151 2779 est,
3199 2721 3257 2769 ut
3314 2730 3634 2785 speramus,
3670 2720 3722 2767 et
3761 2729 3785 2764 a

2161 2816 2398 2872 quorum
2447 2801 2711 2856 societate
2746 2817 2854 2857 non
2896 2802 3243 2872 scparabitur
3275 2802 3329 2856 in
3384 2809 3602 2856 aeterna
3631 2801 3786 2856 beati-

2166 2890 2380 2946 tudine.
2416 2890 2551 2945 Vere
2580 2889 2755 2945 luerat
2781 2890 3012 2964 dignum
3046 2891 3329 2961 templum,
3374 2889 3430 2943 in
3462 2906 3581 2962 quo
3615 2889 3784 2945 Domi-

2159 3004 2263 3042 nus
2334 2987 2693 3053 habitaverat,
2761 2987 2969 3057 jejunis
3030 2987 3378 3063 castigatum,
3436 2987 3780 3042 orationibus

2159 3076 2426 3131 refectum
2462 3076 2548 3142 ‘0’,
2580 3076 2817 3147 puritate
2874 3077 3199 3131 mandatum
3282 3076 3388 3130 Sed
3404 3075 3545 3147 quid
3575 3076 3645 3130 de
3673 3076 3779 3143 ejus

2164 3169 2326 3223 laude
2363 3168 2529 3241 digne
2584 3176 2767 3240 potest
2818 3167 2975 3223 dici?
3009 3168 3272 3224 Dominus
3299 3168 3355 3222 in
3389 3167 3483 3221 illa
3514 3167 3781 3229 laudetur,

437 3265 695 3319 muniens
716 3261 1025 3336 signaculo,
1076 3278 1199 3316 cum
1252 3278 1387 3333 pace
1417 3269 1473 3317 et
1504 3263 1692 3335 requie
1725 3263 2061 3319 obdormivit
2084 3231 2132 3298 Ο
2164 3267 2217 3313 et
2244 3261 2362 3330 ipsa
2403 3262 2458 3315 in
2501 3261 2730 3316 Domino
2764 3278 2779 3327 ;
2814 3260 2929 3331 ipse
2970 3260 3119 3315 enim
3150 3267 3235 3314 est
3266 3260 3385 3314 laus
3414 3259 3618 3329 ipsius,
3642 3258 3782 3325 cujus

439 3354 493 3408 in
524 3353 756 3409 Domino
782 3353 816 3406 2
844 3351 1002 3421 leus
1031 3351 1225 3406 Martii.
1286 3352 1351 3407 Ut
1402 3352 1711 3408 rectissime
1764 3355 1942 3425 potuit
1975 3355 2062 3408 in-
2165 3350 2285 3405 laus
2334 3352 2401 3406 ab
2442 3352 2563 3421 ejus
2602 3368 2697 3408 ore
2739 3368 3038 3424 numquam
3072 3352 3322 3421 recessit,
3355 3351 3445 3406 cui
3495 3357 3587 3405 est
3624 3352 3781 3404 honor

437 3443 720 3519 vestigari,
745 3443 930 3496 anima
955 3451 1158 3497 sancta).
1186 3443 1282 3497 Dei
1335 3459 1556 3518 egressa
1596 3452 1678 3499 est
1710 3446 1779 3500 de
1836 3461 2070 3516 corpore
2170 3452 2224 3498 et
2247 3444 2442 3516 gloria,
2467 3445 2637 3500 decus
2666 3451 2721 3500 et
2776 3445 3070 3517 imperium
3131 3444 3186 3499 in
3216 3444 3405 3499 secula
3451 3444 3778 3504 seculorum,

441 3537 495 3590 in
529 3533 651 3605 ipsa
680 3532 749 3566 ¹⁰⁶
780 3532 913 3587 hora
932 3531 1063 3599 diei,
1097 3548 1204 3603 qua
1226 3548 1449 3603 semper
1473 3533 1939 3589 consuetudinem
1971 3535 2073 3589 ha-
2171 3538 2361 3592 Amen.

442 3626 562 3681 buit
584 3638 858 3697 pauperes
889 3640 1141 3679 recreare
1157 3624 1211 3678 in
1231 3624 1457 3680 nomine
1477 3625 1694 3680 Domini
1723 3625 1925 3680 diebus
1938 3643 2071 3698 qua-

1310 3721 1607 3777 EXPLICIT
1639 3720 1793 3776 νιΤΑ
1824 3720 2168 3777 GLORIOS/E
2208 3720 2475 3776 REGINE
2516 3720 2932 3775 MAHTHILDIS.

1801 3822 2023 3877 VARl/E
2053 3822 2431 3879 LECTIONES.

515 3921 581 3955 ¹υ⁶
607 3920 659 3975 id
686 3929 772 3977 est
801 3936 947 3977 nona
976 3921 1137 3976 addit
1166 3919 1199 3976 3
1231 3920 1295 3954 ‘07
1328 3927 1382 3975 et
1413 3918 1761 3986 mundatum,
1795 3918 2032 3991 puritate
2062 3918 2382 3972 decoratum
2408 3916 2463 3970 2.

2002 4016 2210 4071 NOT/E.

512 4092 624 4161 (43)
661 4091 757 4145 Ubi
784 4092 968 4148 adhuc
994 4090 1353 4162 conspicitur,
2039 4098 2043 4102 '

444 4210 3094 4233 Μ

1272 4301 1509 4344 INTRA
1555 4300 1825 4344 ANNUM
1872 4296 2950 4342 DCCCCLXVII-DCCCCLXXXV.

1411 4435 2818 4610 GUMPOLDUS

1110 4678 1988 4783 EPISCOPUS
2107 4685 3118 4785 MANTUANUS.

1663 4863 2559 5076 θυῇἷὸιῡι

882 5124 1203 5212 VITA
1301 5125 2109 5217 VENCEZLAVI
2203 5129 2580 5219 DUCIS
2673 5080 3339 5220 BOHE'MI/E.

1054 5273 1253 5344 (Pertz,
1283 5276 1630 5332 Monumenta
1661 5277 1966 5334 Germaniae
1996 5277 2276 5345 historica,
2311 5277 2510 5350 Script.
2544 5286 2676 5335 tom.
2713 5279 2799 5349 IV,
2831 5296 2958 5356 pag.
2986 5278 3136 5350 2H).

1416 5467 2259 5551 UBSERVATIONES
2347 5466 2807 5555 PR/EVI/E.

512 5583 661 5676 I’Evo
686 5596 809 5656 post
837 5594 1043 5650 caedem
1107 5597 1429 5655 Venceslavi
1459 5600 1616 5656 ducis
1648 5609 1897 5673 peracto,
1927 5618 2050 5657 cum
2075 5673 2107 5676 _
2156 5601 2286 5657 miae
2319 5601 2459 5657 ﬁnes
2490 5601 3072 5676 transgredereturm,
3105 5607 3161 5655 et
3185 5601 3298 5670 jam
3313 5602 3545 5674 jamque
3573 5602 3761 5656 decon-

441 5672 827 5731 miraculorum
858 5681 1051 5741 virtute
1072 5688 1193 5756 ejus
1216 5697 1655 5759 perpetratorum
1697 5691 1841 5747 fama
1875 5673 2128 5748 Bohe-D
2154 5697 2338 5752 dendo
2368 5672 2951 5773 Pragensi'episcopio
2991 5703 3045 5750 et
3099 5696 3367 5754 Bohemia
3418 5672 3758 5768 R‘atisponen-

513 5847 585 5917 (1)
626 5847 948 5920 Widukind,
984 5858 1023 5911 ι.
1064 5858 1152 5914 35.
1994 5797 2208 5865 ΝΟΤίἘ,
