3902 6400
179 394 278 448 921
865 394 1011 448 VlTA
1056 393 1457 450 VENCEZLAVI
1498 392 1691 449 DUCIS
1730 392 2047 449 BOHEMUE
2108 428 2176 437 —
2217 397 2491 452 OBSERV.
2536 396 2841 451 PRIEVIIE.
3418 399 3525 453 922

176 520 316 575 sium
345 519 647 591 prmsulum
679 522 938 594 potestati
969 523 1260 579 eximenda
1297 523 1655 596 cogitaretur,
1682 522 1802 579 Otto
1826 527 1882 596 Α
1906 524 2173 593 dextram,
2197 541 2305 598 qua
2351 525 2561 582 Christo
2619 525 2912 598 Gumpoldi
2964 526 3165 582 librum
3196 528 3265 583 ab
3301 527 3527 583 Hemma

179 609 527 680 Himperator
556 612 864 683 Gumpoldo
897 612 1193 669 Mantuano
1216 613 1479 684 episeopo
1520 614 1600 684 (2)
1625 611 1801 667 Vitam
1904 615 2009 669 sibi
2065 625 2375 687 porrectum
2424 616 2719 680 obtulerat,
2771 618 3007 672 adorans
3056 618 3255 673 elevat.
3303 618 3526 675 Hemma

178 698 501 753 Veneezlavi
550 700 902 756 scribendam
964 702 1219 770 injunxit.
1301 704 1400 767 Qui
1454 717 1801 775 quaecunque
1903 710 2103 766 vestitu
2135 711 2385 767 violaceo
2443 727 2579 766 auro
2618 727 2918 783 eonsperso
2972 719 3027 767 et
3067 713 3239 770 limbo
3270 721 3325 768 et
3353 730 3526 785 eappa

177 795 328 843 [³ηιο
359 789 628 859 temporis
656 791 836 860 δρθίίο
867 791 1057 861 elapso
1108 794 1383 846 νθνδϐίιιῐη
1426 793 1667 847 Virorum
1711 801 1801 845 ιθ·
1905 801 2089 855 aureis
2120 803 2304 857 utitur.
2324 802 2473 857 Folio
2488 803 2735 857 secundo
2772 803 2876 874 [19]
2912 820 3069 876 aeque
3098 820 3341 876 purpura
3362 820 3519 860 auro-

171 879 435 937 stimonio
465 883 776 953 eomperire
803 891 1017 954 poterat
1038 884 1375 955 (3),eollegit
1395 892 1448 939 et
1475 882 1797 955 stylodilfu-

171 983 257 1035 so,
292 980 547 1025 contorto
579 980 632 1025 et
664 988 812 1042 saepe
843 973 1079 1028 obscuro
1100 973 1415 1044 explicavit.
1444 973 1605 1029 Liber
1651 975 1797 1030 intra

170 1074 351 1113 annos
388 1061 495 1116 968
522 1062 600 1132 (4)
630 1071 685 1116 et
713 1062 817 1115 973
844 1062 1214 1133 conscriptus,
1247 1069 1301 1118 et
1350 1062 1403 1118 b.
1436 1080 1510 1118 m.
1553 1064 1796 1135 Josepho

172 1152 512 1223 Dobrowsky
538 1153 775 1208 docente
802 1154 877 1225 (5)
914 1158 1164 1209 omnium
1197 1154 1312 1209 fere
1342 1156 1418 1224 (6)
1448 1172 1571 1226 qua:
1604 1164 1796 1226 postea

168 1246 240 1299 de
271 1245 596 1300 Vencezlavi
650 1246 760 1301 vita
810 1247 1136 1319 prodierunt
1188 1248 1340 1303 radix
1364 1258 1418 1303 et
1456 1249 1795 1304 fundamen-

168 1343 309 1402 tum,
342 1335 523 1389 statim
556 1334 817 1389 claruisse
849 1336 1064 1390 videtur
1095 1353 1110 1403 ;
1145 1354 1269 1391 nam
1304 1339 1422 1409 ipso
1455 1338 1657 1393 saeculo
1689 1339 1794 1393 de-

164 1423 316 1479 cimo
370 1425 427 1478 in
478 1440 637 1479 usum
692 1424 945 1480 breviarii
1005 1442 1114 1482 non
1177 1428 1348 1483 semel
1398 1430 1470 1498 (7)
1512 1434 1791 1498 exceptus,

164 1521 379 1574 seculo
445 1518 741 1575 undecimo
784 1520 1011 1575 ineunte
1062 1522 1270 1577 auctori
1330 1522 1460 1575 Vitae
1518 1523 1792 1577 Adalberti

163 1611 423 1682 episcopi
456 1612 520 1681 t8)
547 1612 809 1678 innotuit,
834 1618 887 1667 et
916 1614 1132 1668 saeculis
1183 1614 1657 1685 subsequentibus
1685 1629 1794 1669 non

163 1702 347 1756 solum
380 1700 731 1774 aSigeberto
773 1701 1154 1756 Gemblacensi
1204 1704 1269 1771 (9)
1321 1710 1376 1756 et
1429 1701 1624 1757 Cosma
1683 1702 1795 1772 (10)

159 1789 261 1844 sed
302 1805 335 1843 a
362 1788 592 1861 reliquis
620 1790 978 1865 legendarum
1005 1791 1180 1847 sancti
1232 1791 1553 1845 Venczelavi
1605 1799 1792 1846 aucto-

162 1882 345 1945 ribus,
377 1898 517 1954 quos
548 1883 693 1938 inter
725 1883 949 1939 Karolus
980 1884 1063 1938 ιν.
1099 1884 1399 1953 imperator
1415 1884 1793 1952 emicuittli),

162 1975 480 2045 exscriptus
507 1983 591 2029 est
642 1976 776 2045 (12).
836 1975 1044 2041 Quibus
1088 1975 1308 2029 omissis
1336 1975 1470 2045 (13),
1501 1975 1795 2046 Gumpoldi

164 2074 384 2122 tantum
442 2083 584 2137 opus
640 2068 918 2123 erroribus
970 2068 1194 2140 quidem
1245 2068 1474 2122 minime
1538 2084 1791 2134 vacuum,

168 2167 369 2233 utpote
399 2162 544 2217 fama
568 2169 777 2217 tantum
830 2164 1104 2231 innixum,
1127 2164 1225 2218 sed
1254 2164 1405 2235 quod
1439 2164 1686 2233 proxime
1725 2164 1791 2217 ad

170 2257 496 2312 Vencezlavi
520 2265 769 2329 tempora
791 2259 1026 2325 accedit,
1056 2260 1437 2330 proponimus.

241 2347 539 2418 Gumpoldi
566 2348 789 2411 librum,
816 2365 979 2419 quem
1010 2365 1257 2403 summus
1287 2350 1617 2420 Dobrowsky
1649 2364 1796 2403 anno

166 2437 316 2492 1819
343 2454 410 2493 ex
438 2439 630 2493 codice
648 2438 1003 2493 bibliothecae
1034 2440 1477 2509 metroliolitanaa
1504 2440 1798 2513 Pragensis

166 2529 376 2585 saeculo
406 2546 497 2584 xxv
524 2530 857 2601 conscripto,
887 2530 986 2584 sed
1047 2546 1150 2585 nec
1183 2532 1399 2603 integro
1454 2546 1557 2584 nec
1588 2538 1794 2585 textum

166 2622 379 2675 bonum
438 2620 721 2691 praebente
783 2620 991 2691 quique
1048 2621 1289 2675 auctoris
1361 2636 1566 2675 nomen
1635 2625 1795 2681 tacet,

164 2710 538 2781 exscripserat
565 2710 699 2779 (H),
730 2725 838 2780 ope
891 2710 1144 2764 codicum
1178 2709 1534 2780 optimorum,
1565 2724 1798 2780 quorum

164 2800 405 2854 alterum
421 2813 569 2855 anno
596 2799 736 2854 1823
765 2798 821 2852 in
852 2798 1191 2853 bibliotheca
1240 2798 1423 2852 ducali
1477 2797 1802 2869 Guelferby-

166 2899 324 2955 tana,
355 2890 587 2946 alterum
620 2906 765 2945 anno
804 2890 942 2945 1826
996 2891 1054 2944 in
1082 2890 1427 2946 bibliotheca
1471 2892 1624 2965 regia
1658 2892 1795 2945 Bru-

166 2985 410 3042 xellensi
435 2985 611 3039 evolvi
628 2985 991 3055 proponimus

240 3077 298 3142 1)
328 3076 383 3133 C.
420 3074 880 3145 Guelferbytanus
936 3074 1083 3128 inter
1136 3076 1442 3148 Augusteos
1497 3074 1552 3127 in
1598 3076 1657 3128 4ο
1689 3091 1796 3129 nu-

1825 1829 1871 1895 B
1898 1805 2022 1895 dam
2078 1806 2189 1895 (16)

1895 912 2003 967 que
2022 906 2213 952 ornato
2236 897 2573 967 praefationis
2598 897 2813 951 initium
2847 898 3068 973 legitur,
3100 898 3282 954 littera
3313 898 3501 954 initia-

1898 987 1964 1041 lis
1987 987 2021 1041 S
2052 988 2238 1042 colore
2268 986 2435 1043 rubro
2487 987 2651 1042 viridi
2708 1004 2954 1060 auroque
2995 997 3210 1043 ornata.
3245 989 3397 1045 Folio
3436 990 3507 1045 20

1898 1080 2220 1153 praefatione
2255 1078 2429 1145 ﬁnita,
2468 1096 2627 1135 caena
2671 1097 2782 1152 qua
2810 1081 3180 1136 Veneezlavus
3206 1080 3359 1135 fratri
3405 1081 3533 1137 reli-

1900 1171 2137 1243 quisque
2168 1172 2418 1226 convivis
2469 1172 2727 1241 poculum
2768 1172 3022 1243 porrigit,
3091 1172 3188 1228 fol.
3246 1174 3307 1227 21
3367 1173 3527 1228 ducis

1899 1265 2077 1319 caedes
2111 1280 2283 1334 prope
2316 1264 2608 1319 ecclesiam
2655 1274 2711 1319 et
2771 1265 2992 1320 initium
3041 1264 3315 1336 passionis
3358 1282 3525 1322 aurea

1898 1358 2077 1413 littera
2108 1359 2163 1412 in
2195 1359 2519 1413 membrana
2550 1376 2826 1430 purpurea
2857 1360 3153 1415 habentur.
3187 1361 3386 1416 Textus
3418 1359 3515 1416 fol.

1896 1445 1962 1501 37
1985 1447 2230 1516 explieit,
2264 1447 2467 1520 pagina
2514 1447 2601 1503 37’
2632 1463 2802 1502 vacua
2836 1448 3022 1502 relicta
3080 1447 3300 1502 Librum
3325 1446 3514 1522 igitur,

1898 1553 2021 1592 eum
2057 1547 2281 1610 prepter
2319 1540 2515 1594 litterae
2540 1538 2741 1594 formas
2772 1540 2839 1593 ad
2876 1540 3138 1594 saeculum
3161 1557 3194 1594 x
3224 1548 3317 1595 aut
3341 1537 3523 1594 unde-

1896 1627 2021 1681 eimi
2058 1628 2271 1682 initium
2304 1628 2489 1682 referri
2516 1636 2779 1699 nequeat,
2808 1644 2916 1683 non
2942 1628 3453 1684 Hemmanolizlavi
3476 1629 3521 1683 ll

1898 1716 2105 1779 uxoris,
2139 1733 2260 1789 quis
2293 1733 2343 1770 a.
2389 1717 2525 1771 1006
2577 1716 2737 1791 obiit,
2798 1717 2894 1771 sed
2927 1723 3021 1771 aut
3074 1717 3302 1772 alterius
3334 1716 3523 1786 cujus-

2259 1805 2498 1859 Hemmaa
2543 1806 2701 1874 jussu
2760 1805 3071 1861 confectum
3103 1811 3196 1860 aut
3225 1822 3291 1859 ex
3327 1805 3521 1861 codice

1898 1892 2211 1963 antiquiore
2233 1892 2467 1961 jubente
2509 1892 2839 1948 Hemmailla
2862 1894 3065 1965 scripto
3080 1900 3369 1964 exceptum
3400 1909 3521 1949 esse

1895 1984 2245 2038 crediderim.
2291 1983 2445 2039 Certe
2488 1984 2671 2058 magni
2720 1985 3009 2040 habendus
3048 1992 3161 2050 est,
3207 1992 3261 2039 et
3308 1991 3515 2040 textum

1896 2072 2025 2127 licet
2076 2072 2223 2126 haud
2278 2087 2399 2127 raro
2441 2072 2722 2141 scriptoris
2801 2073 3079 2144 imperitia
3126 2073 3511 2143 depravatum,

1896 2161 2138 2230 proxime
2164 2168 2348 2214 tamen
2376 2161 2441 2214 ad
2471 2160 2763 2230 Gumpoldi
2793 2161 3197 2236 autographum
3228 2161 3506 2217 acceden-

1899 2256 2005 2304 tem
2052 2249 2281 2320 praebet,
2337 2265 2507 2320 quare
2551 2249 2772 2303 nonnisi
2821 2265 2965 2318 raro,
3029 2251 3304 2305 sententia
3362 2250 3510 2305 haud

1899 2342 2070 2397 dubie
2107 2342 2359 2411 jubente,
2383 2343 2452 2397 ab
2470 2358 2537 2396 eo
2552 2342 2901 2397 recessimus.

1968 2433 2019 2503 2)
2080 2436 2134 2490 C.
2198 2433 2384 2508 regius
2438 2434 2812 2489 Bruxellensis
2868 2434 3038 2489 hodie
3097 2449 3327 2490 numero
3373 2434 3518 2490 9289

1899 2525 2154 2597 insignis,
2180 2523 2312 2578 olim
2332 2523 2516 2577 Sancti
2568 2522 2846 2578 Laurentii
2879 2523 2936 2577 in
2979 2522 3205 2585 Leodio,
3237 2522 3520 2577 membra-

1902 2632 2128 2681 naceus,
2150 2631 2276 2669 saec.
2310 2631 2383 2668 xu
2411 2614 2675 2679 ineuntis,
2716 2624 2916 2685 praeter
2964 2614 3257 2684 Gumpoldi
3286 2613 3520 2669 librum.

1902 2709 2049 2764 Vitas
2079 2708 2169 2761 SS.
2206 2706 2784 2779 Trudonis,Pigmenii
2817 2712 2871 2760 et
2900 2706 3134 2760 duorum
3169 2703 3512 2759 Evvaldorum

1902 2804 2173 2868 continet,
2224 2807 2278 2856 et
2315 2817 2346 2855 a
2387 2801 2729 2854 Bethmanno
2780 2799 2836 2853 in
2884 2815 3017 2853 usus
3046 2805 3268 2854 nostros
3302 2814 3513 2862 versus,

1903 2903 2107 2952 textum
2140 2894 2195 2947 in
2246 2893 2564 2947 universum
2620 2891 2843 2963 quidem
2884 2890 3115 2956 bonum,
3176 2891 3274 2944 sed
3334 2896 3524 2961 aperte

1902 2990 2210 3037 correctum
2236 2988 2291 3035 et
2345 2996 2445 3052 pro
2486 2988 2733 3051 tempore
2782 2980 3131 3035 emendatum
3164 2979 3323 3036 sistit.
3354 2978 3520 3047 Cujus

1901 3077 1978 3130 rei
2009 3083 2202 3131 testem
2234 3077 2379 3132 haud
2408 3076 2641 3131 dubium
2667 3076 2935 3131 habemus
2962 3082 3126 3145 caput
3156 3073 3360 3142 15,ubi
3389 3091 3516 3129 ver-

168 3162 429 3218 mero11.
456 3163 511 3232 2,
531 3162 800 3235 signatus,
833 3161 1215 3233 compluribus
1244 3162 1531 3217 codicibus
1560 3171 1795 3229 constat,
1826 3199 1874 3267 Ο
1903 3165 1973 3219 ba
2031 3166 2347 3221 Bohemiam
2427 3164 2816 3235 Ratisponensi
2885 3162 3158 3217 cathedrae
3216 3162 3524 3230 subjectam

165 3270 408 3328 quorum
469 3255 750 3309 secundus
800 3254 951 3309 foliis
1008 3255 1174 3310 18-37
1239 3255 1534 3327 Gumpoldi
1597 3256 1799 3311 librum
1829 3251 1874 3267 ν
1903 3254 2259 3330 ριέθάίοθηῑίδ
2285 3253 2634 3309 omittuntur.
2677 3253 2791 3317 Qua
2821 3251 2879 3305 in
2898 3267 2956 3306 re
2986 3258 3044 3305 ut
3083 3252 3271 3307 multis
3312 3252 3369 3306 in
3401 3252 3528 3307 aliis

161 3348 413 3404 exhibet.
462 3348 720 3401 Exaratus
775 3357 857 3401 est
885 3364 1049 3401 manu
1112 3346 1341 3417 pulchra
1391 3348 1577 3403 saeculi
1612 3364 1668 3402 xi
1702 3366 1800 3404 ex-

162 3442 357 3498 euntis
375 3446 471 3496 aut
497 3457 595 3495 xu.
630 3439 880 3510 Capitum
914 3440 1074 3495 initia
1124 3439 1308 3494 littera
1340 3457 1509 3495 aurea
1541 3441 1797 3497 indican-

162 3542 274 3589 tur.
309 3533 491 3587 Prima
518 3531 719 3606 pagina
743 3531 852 3602 (15)
895 3532 1043 3601 (18’.)
1072 3530 1340 3601 picturam
1373 3532 1596 3586 exhibet
1623 3549 1799 3588 mem-

165 3623 361 3676 branae
384 3636 681 3693 purpurea:
730 3636 863 3675 auro
902 3626 957 3674 et
980 3619 1262 3676 coloribus
1290 3620 1527 3676 diversis
1570 3622 1795 3689 illatam,

165 3713 455 3767 Hemmam
499 3710 882 3781 principissam
942 3716 1102 3763 term
1166 3716 1492 3780 prostratam
1545 3720 1599 3765 et
1627 3712 1799 3782 pedes

162 3801 495 3859 Veneezlavi
517 3800 674 3857 ducis
702 3801 1131 3872 amplexantem,
1160 3802 1319 3869 cujus
1347 3801 1515 3872 capiti
1556 3802 1800 3859 Christus

163 3892 317 3957 vitae,
340 3891 500 3959 cujus
530 3889 730 3944 librum
760 3889 984 3945 sinistra
1013 3897 1184 3958 tenet,
1217 3890 1503 3962 premium
1534 3907 1794 3947 coronam

162 3982 416 4054 martyrii
440 3981 711 4052 triplicem
744 3981 934 4037 dextra
983 3998 1149 4036 manu
1185 3982 1439 4053 imponit,
1474 3983 1573 4038 hac
1601 3983 1796 4039 inseri-

162 4076 360 4147 ptione
394 4089 561 4129 aurea
607 4073 793 4129 littera
821 4073 1047 4128 addita:
1078 4076 1232 4129 Hunc
1290 4075 1529 4130 libellum
1571 4077 1796 4131 Hemma

162 4167 497 4223 venerabilis
515 4168 851 4236 principissa
877 4181 978 4235 pro
999 4168 1229 4220 remedio
1259 4170 1457 4221 anima:
1478 4171 1659 4223 suain
1699 4170 1796 4225 ho-

158 4280 293 4320 nore
325 4265 470 4318 beati
515 4264 829 4319 Vencezlavi
851 4266 1097 4318 martiris
1147 4267 1268 4333 ﬁeri
1288 4265 1454 4334 jussi.
1495 4266 1610 4321 Dux
1640 4275 1793 4322 veste

160 4354 330 4409 viridi
353 4352 528 4408 limbo
554 4367 724 4409 aureo
752 4361 967 4416 ornata,
1003 4352 1291 4408 tibialibus
1320 4354 1526 4421 rubris,
1557 4354 1799 4412 fasciolis

160 4441 552 4498 etcalearibus
577 4441 761 4496 aureis
808 4441 1054 4509 indutus,
1110 4441 1246 4498 laeva
1314 4442 1562 4497 lanceam
1594 4450 1794 4518 gestat.

1900 3345 2197 3402 assentitur
2225 3343 2296 3397 ei.

1969 3440 2017 3505 3)
2044 3438 2101 3493 C.
2135 3436 2491 3492 bibliothecae
2506 3435 2949 3508 metr0politane
2964 3434 3258 3510 Pragensis
3273 3450 3521 3501 saec.xiv,

1900 3526 2120 3597 qualem
2154 3542 2185 3579 a
2222 3525 2579 3581 Dobrowskio
2630 3540 2954 3597 expressum
3010 3525 3267 3602 legimus,
3309 3524 3407 3580 sed
3465 3524 3521 3579 in

1902 3619 2012 3674 ﬁne
2040 3618 2366 3674 miraculum
2396 3618 2545 3689 quod
2568 3633 2716 3674 anno
2744 3618 2875 3673 1091
2922 3618 3008 3674 vel
3034 3617 3175 3673 1092
3201 3617 3432 3692 contigit
3459 3633 3526 3672 ex

1904 3711 2109 3768 Cosmae
2140 3711 2409 3767 Chronico
2449 3709 2620 3765 addit.

1971 3806 2023 3868 4)
2069 3804 2126 3861 C.
2185 3803 2317 3858 olim
2368 3803 2422 3857 8.
2480 3802 2759 3858 Adalberti
2826 3800 3309 3877 Aquisgranensis,
3369 3801 3526 3872 cujus

1898 3898 2279 3971 apOgrapbum
2321 3894 2666 3951 Bollandiani
2720 3910 2782 3948 se
2838 3892 3105 3948 habuisse
3155 3891 3211 3946 in
3256 3892 3401 3947 Actis
3423 3891 3523 3947 SS.

1898 3988 2050 4059 Sept.
2084 3987 2196 4053 Vll,
2229 3985 2353 4050 771,
2386 3984 2651 4052 referunt,
2705 3982 2870 4039 hodie
2900 3981 3051 4037 latet.

1963 4081 2018 4153 5)
2049 4080 2210 4135 Liber
2238 4080 2372 4135 olim
2393 4078 2449 4133 in
2474 4077 2664 4133 codice
2693 4075 3046 4131 bibliothecae
3073 4073 3412 4128 Brunnensis
3454 4073 3510 4128 in

1894 4171 2135 4227 Moravia
2183 4169 2410 4236 exstitit,
2481 4183 2647 4240 quem
2708 4167 2849 4221 intra
2896 4178 3072 4218 annos
3104 4161 3244 4219 1100
3281 4169 3335 4217 et
3381 4161 3522 4219 1130

1898 4264 2274 4335 conscriptum
2320 4263 2704 4317 Bonaventura
2735 4258 2901 4313 Pitter
2960 4255 3028 4310 ad
3070 4254 3385 4310 Dobnerum
3430 4270 3521 4309 re-

1900 4356 2041 4410 tulit.
2073 4354 2342 4426 Explicuit
2392 4360 2577 4408 tamen
2630 4357 2814 4407 textus
2865 4349 2921 4404 in
2969 4353 3147 4403 morte
3202 4346 3402 4414 sancti,
3461 4345 3519 4400 in

1900 4443 2010 4499 fine
2049 4444 2250 4517 capitis
2302 4442 2392 4509 19,
2435 4443 2650 4511 adjecta
2681 4447 2893 4496 tantum
2942 4436 3177 4494 formula
3231 4440 3520 4507 prestante

1733 4552 1942 4608 ΝΟΤᾸΞ.

238 4652 312 4721 (2)
345 4652 421 4706 De
453 4650 571 4722 ipso
624 4652 765 4706 nihil
805 4659 1075 4723 praeterea
1128 4660 1341 4709 constat
1371 4671 1387 4720 ;
1419 4653 1631 4710 sedisse
1673 4671 1797 4711 eum

164 4730 394 4795 Oportet
416 4723 583 4778 intrat
607 4739 784 4795 annos
807 4724 910 4795 967
943 4735 997 4778 et
1026 4723 1152 4791 985,

240 4796 319 4864 (3)
341 4794 401 4865 v.
438 4810 560 4865 cap.
592 4780 792 4859 21/22,
811 4794 1007 4860 23,25.

263 4867 321 4933 4)
352 4864 551 4920 Ottone
580 4866 636 4922 d.
667 4866 758 4920 25.
792 4867 922 4932 Dec,
953 4867 1058 4922 967
1108 4868 1223 4937 jam
1270 4866 1602 4937 imperatore
1630 4866 1795 4936 facto,

163 4937 268 5062 sred
297 4937 565 5063 Bohfénia
589 4937 837 4993 nondum
860 4954 892 4992 a
914 4937 1302 5009 Ratisponensi
1326 4937 1557 4995 dioecesi
1580 4945 1797 4995 exemta

212 5050 226 5063 .
261 5025 386 5063 can.
488 5048 501 5062 .

212 5050 226 5064 .
261 5025 386 5078 cap.
414 5025 501 5063 ιο.

238 5078 315 5149 (5)
358 5079 419 5133 In
458 5080 599 5136 libro
642 5097 656 5135 :
730 5100 753 5130 α
812 5079 1084 5136 Kritisehe
1148 5081 1427 5137 Versuche
1483 5080 1572 5136 die
1624 5081 1795 5137 altere

161 5151 499 5228 bohmiscbe
527 5150 1241 5228 Geschichte_von_spa_tern
1280 5152 1797 5228 Erdiebtungenau-

162 5222 444 5297 reinjgen.
499 5247 522 5269 ιο
557 5222 804 5279 fascicul.
861 5223 1051 5278 l-Ill.
1108 5223 1295 5297 Pragae
1351 5240 1383 5279 a
1433 5222 1789 5292 1803:1807,
1834 5262 1845 5265 «

236 5365 314 5489 ((ῗ)
346 5362 584 5445 Excepta
613 5366 827 5421 scilicet
856 5365 1138 5421 Laurentii
1164 5365 1478 5423 Casinensis
1515 5367 1629 5424 vita
1654 5365 1794 5422 Ven-

236 5453 260 5489 z
288 5452 395 5489 avr.

163 5452 395 5491 cezmvn.

244 5508 315 5577 (7)
350 5507 410 5560 ν.
442 5506 777 5563 Dobrowskii
825 5506 1092 5577 legendas
1135 5507 1193 5562 B.
1251 5504 1308 5560 C.
1366 5506 1428 5577 Ι).
1464 5509 1649 5566 fascic.
1683 5509 1789 5577 lp.

161 5576 348 5650 Ssqq.
380 5577 518 5651 λιιι,
574 5578 646 5634 20
711 5594 834 5651 sqq.
883 5576 1159 5651 Legendae
1212 5578 1252 5632 D
1309 5576 1561 5636 codicem
1587 5576 1791 5637 saeculo

163 5649 423 5733 adhuc}
445 5657 725 5733 exaratum
761 5649 844 5704 ’i'n
912 5649 1450 5733 bibliothecamregia
1469 5652 1789 5733 Monacensi

163 5721 317 5799 inter
345 5721 896 5799 Benedictoburanos
918 5737 1167 5799 {numero
1204 5722 1310 5799 185
1342 5721 1621 5799 signatum
1650 5724 1786 5781 vidi.

168 5790 246 5847 Cf.
272 5792 517 5848 Annales
541 5800 761 5849 nostros
782 5793 1039 5862 Vll,387.
1073 5799 1129 5848 et
1154 5792 1316 5847 infra.

237 5865 305 5935 (8)
339 5863 420 5922 Cf.
447 5880 499 5920 e.
524 5865 550 5920 1
581 5864 822 5922 Boemia
848 5865 1302 5937 descriptionem.

1973 4723 2163 4794 (10M.
2197 4727 2321 4790 894,
2355 4726 2481 4789 929,
2512 4723 2636 4780 932.

1970 4793 2081 4865 (11)
2124 4798 2162 4850 ν
2211 4799 2342 4851 Acta
2380 4797 2472 4851 ss.
2507 4797 2656 4866 Sept.
2690 4794 2801 4866 vit,
2837 4793 3087 4866 837839.

1971 4864 3029 4942 (12>V--Mbr0w§kyl'._ca"1:255?-
3106 4935 3197 4942 _.
3318 4932 3329 4942 .
3424 4931 3434 4941 .

1968 4935 2081 5011 (14)
2112 4942 2151 4993 Α
2184 4940 2411 4993 Balbino
2444 4935 2772 5011 in'epitome
2804 4936 3073 5011 historiae
3106 4935 3381 5011 Bohemiae
3422 4935 3512 5011 in-

1895 5002 2077 5082 deque
2109 5011 2302 5065 iterum
2364 5011 2422 5082 in
2470 5002 2617 5082 Actis
2675 5007 2779 5082 SS._
2805 5005 3236 5082 S_ept.V_/l_l,__8_21-
3264 5019 3367 5075 sqq
3431 5002 3511 5082 le-

1893 5076 2106 5156 genda,
2129 5099 2292 5153 quam
2323 5099 2353 5137 a
2394 5080 2703 5156 Christiano
2754 5078 3010 5156 Bolizlaji
3046 5076 3211 5156 [filio
3261 5076 3507 5156 conscri-

1898 5145 2043 5227 ptam
2078 5145 2322 5227 fingunt,
2347 5152 2908 5227 typisexpressaest.
2946 5145 3123 5227 Fluxit
3139 5146 3415 5217 pmcipue
3442 5160 3510 5199 ex

1895 5219 2027 5279 Cum
2039 5219 2205 5297 poldvo
2230 5232 2285 5279 et
2311 5219 2774 5297 legendac'odicis
2795 5219 3154 5276 Monacensis.

1968 5292 2073 5362 (μ)
2106 5296 2144 5351 L
2198 5312 2245 5350 c.
2283 5292 2461 5365 uup.
2496 5292 2721 5366 53-119.
2840 5364 2848 5366 _
3357 5357 3390 5366 ,,

1965 5358 2075 5441 (15)
2132 5366 2335 5441 Pagina
2366 5358 2623 5441 exterior
2660 5380 2691 5419 a
2745 5364 3047 5441 scriptore_
3070 5374 3243 5441 vacua
3293 5358 3506 5441 relicta,

1892 5429 2094 5493 steeulo
2120 5429 2238 5492 xm"
2246 5443 2483 5492 exeunte
2517 5435 2708 5491 ultima
2735 5429 2872 5490 vitai
2900 5434 2955 5488 S.
2989 5431 3190 5508 Εείόἱὶ
3252 5429 3463 5500 recepit
3490 5446 3505 5492 ;

1892 5518 2017 5582 ante
2045 5525 2164 5564 eam
2191 5509 2392 5582 pagina
2420 5508 2632 5582 integra
2662 5507 2847 5562 excisa
2871 5512 2977 5582 est.

1961 5581 2073 5649 (16)
2099 5582 2154 5634 Β.
2194 5571 2297 5645 ἠιῖ
2332 5571 2569 5634 Εὴθνιιιξ
2620 5584 2809 5633 noster
2870 5580 3155 5649 Hemmam
3186 5573 3269 5649 ab
3300 5571 3508 5649 Adamo

1890 5641 2172 5728 ΒΓρῐηρῃεὶ
2204 5652 2237 5705 l.
2271 5641 2338 5719 ll,
2385 5667 2427 5728 ρ
2468 5650 2583 5728 49.
2606 5656 2989 5728 ⁸ῐηβῐηοςυειιεῃη
3026 5644 3339 5728 indigitavit
3372 5641 3503 5723 ;sed

1891 5723 2220 5794 principissa
2250 5716 2579 5778 vocabulum
2604 5720 2883 5777 Bohemiae
2914 5716 3189 5774 ducissam
3212 5716 3382 5771 fuisse
3416 5716 3504 5768 in-

1889 5794 2074 5850 dicare
2104 5794 2339 5870 videtur.
