3902 6410
356 365 460 419 923

1496 366 1832 422 GUMPOLDI
1875 364 2170 421 EPISCOPI
2210 363 2572 419 MANTUANI.

3595 359 3710 411 924

360 495 605 560 Domino,
630 499 759 558 etc.,
794 509 968 564 usque
990 495 1308 548 saeculorum
1339 509 1514 556 amen,
1550 500 1612 549 ut
1642 493 1806 549 lectio
1826 492 1974 547 anti-
1999 499 2050 563 Α
2151 491 2372 546 Librum
2426 488 2700 545 Laurentii
2779 487 3094 544 Casinensis
3158 487 3438 551 monachi,
3495 485 3708 540 ultimis

356 600 465 655 qua
493 584 546 637 in
571 600 730 638 usum
763 584 1032 639 Breviarii
1079 585 1184 655 (17)
1239 585 1454 640 Codicis
1484 585 1644 640 istius
1665 585 1776 640 fata
1806 586 1972 657 igno-

357 680 563 729 rantur.

431 765 724 821 Gumboldi
791 769 960 823 textui
1014 767 1264 840 quaedam
1319 784 1384 821 ex
1438 767 1674 841 legenda
1721 767 1851 822 inde
1875 768 1977 822 sub

365 855 534 909 finem
568 856 753 910 saeculi
783 856 822 909 X
855 857 1119 922 derivata,
1175 873 1338 928 quam
1396 873 1462 910 ex
1507 857 1699 912 codice
1731 857 1796 922 Μ)
1824 858 1976 929 regio

367 944 680 1000 Monacensi
703 946 845 1000 inter
871 947 1416 1001 Benedictohuranos
1447 947 1568 1002 Nro.
1604 948 1725 1002 105.
1761 946 1979 1017 signato

366 1035 424 1090 V.
455 1036 508 1088 Cl
565 1036 846 1109 Feringer,
876 1037 1188 1092 biliotheca:
1233 1039 1398 1109 regite
1429 1046 1633 1105 custos,
1667 1039 1980 1108 exscripsit,

367 1128 643 1196 subjicere
677 1129 912 1196 juvabit.
964 1131 1091 1195 Quae
1125 1131 1252 1186 licet
1285 1132 1431 1185 haud
1473 1132 1660 1206 magni
1691 1132 1980 1198 momenti,

369 1230 548 1275 tamen
579 1223 816 1292 qualiter
839 1241 1044 1294 paucos
1073 1225 1216 1280 intra
1245 1243 1422 1281 annos
1463 1227 1655 1281 eadem
1705 1242 1792 1281 res
1813 1225 1986 1280 altera

370 1311 486 1365 vice
516 1321 733 1366 narrata
755 1313 825 1367 sit
846 1315 1108 1369 ostendit.

2077 584 2261 640 saculi
2292 600 2344 638 xu
2378 583 2539 637 annis
2567 599 2628 636 ex
2664 581 3029 636 relationibus
3073 579 3301 635 Bohemi
3334 577 3625 647 cujusdam
3652 584 3712 630 et

2084 699 2109 729 «
2143 677 2353 733 domini
2379 674 2660 731 Benedicti
2687 673 2934 740 Saxonis,
2987 672 3240 726 monachi
3287 670 3629 734 Casinensis,
3680 687 3705 715 η

2080 767 2326 822 adhibita
2382 767 2499 820 Vita
2538 765 2592 819 S.
2644 762 2944 828 Adalberti,
2999 760 3296 816 conflatum
3329 767 3384 814 et
3423 759 3714 814 erroribus

2081 864 2406 919 scatentem,
2437 857 2540 910 hoc
2568 855 2689 909 loco
2736 853 2914 908 omitti
2957 852 3184 922 placuit,
3226 868 3394 923 quum
3423 867 3713 922 quaecum-

2082 965 2188 1020 que
2210 948 2450 1016 alicujus
2471 946 2735 1001 momenti
2758 962 2881 1000 esse
2906 945 3302 1015 poterantinde
3323 943 3710 1012 decerptajam

2083 1040 2361 1094 sexdecim
2407 1047 2534 1094 ante
2591 1053 2768 1094 annos
2821 1036 3127 1091 Annalibus
3186 1034 3388 1090 nostris
3444 1034 3712 1088 inserue-

2090 1130 2188 1183 rim
2217 1131 2344 1199 (18).

1130 1432 1373 1488 INCIPIT
1415 1433 1758 1489 PROLOGUS
1801 1433 2136 1490 GUMPOLDI
2177 1433 2524 1492 MANTUANI
2566 1435 2858 1490 EPISCOPI
2902 1436 2940 1488 ¹.

440 1587 761 1643 Studiorum
809 1591 976 1662 igitur
1005 1609 1210 1664 genera
1261 1596 1617 1652 multiformia
1647 1598 1826 1653 varias
1874 1597 2363 1670 cui-Bvestigare
2413 1599 2691 1654 desudant
2740 1598 2802 1652 ¹².
2861 1597 2965 1651 Alii
3017 1606 3198 1650 autem
3242 1593 3443 1648 studiis
3501 1592 3720 1647 incitati

371 1691 477 1746 que
508 1677 819 1732 mortalium
868 1680 1119 1752 ingerere
1176 1684 1356 1739 solent
1400 1685 1750 1758 ingeniorum
1809 1703 1988 1754 curas,

372 1764 644 1835 quibusid
675 1784 852 1840 genus
876 1771 1096 1825 racione
1136 1775 1652 1842 praestantissimum
1681 1777 1701 1808 ²
1728 1776 1994 1849 imagina-

371 1854 536 1909 tionis
592 1859 839 1926 potentia
899 1860 1199 1928 interioris,
1244 1875 1356 1918 tum
1413 1874 1626 1928 natura,
1687 1877 1800 1921 tum
1827 1868 1992 1922 etiam

371 1944 663 2012 industria,
704 1963 791 2001 res
842 1965 1066 2020 quoquo
1115 1953 1277 2008 modo
1302 1955 1560 2009 sensibus
1589 1956 1871 2024 subjectas
1913 1957 1992 2011 in-

373 2036 593 2091 tellectu
627 2039 968 2108 discernere,
1024 2051 1076 2097 et
1104 2045 1172 2098 ad
1212 2055 1336 2100 vota
1382 2047 1624 2102 humana
1656 2050 1710 2102 in
1757 2049 1991 2118 ususju-

370 2129 583 2183 cundos
607 2132 813 2203 gaudet
843 2133 1152 2209 diffingere.
1211 2138 1305 2192 llic
1338 2156 1576 2212 namque
1607 2150 1793 2197 mente
1830 2143 1990 2198 ³1ηο-

380 2223 622 2289 deratus,
651 2235 835 2295 spreto
866 2228 1200 2285 caducoruin
1248 2233 1479 2299 ludicro,
1537 2252 1777 2307 superna
1805 2237 1991 2292 inten-

381 2312 481 2377 dit,
514 2313 607 2367 ille
631 2323 906 2371 extructos
937 2319 992 2372 in
1049 2320 1217 2375 altum
1279 2323 1518 2379 honores
1572 2327 1787 2381 ardenti
1813 2344 1991 2382 rerum

383 2405 658 2478 fugacium
690 2408 778 2462 siti
830 2419 1142 2468 exaestuans
1199 2415 1678 2482 desiderat;hunc
1729 2430 1861 2474 aetas
1905 2421 1999 2489 ju-

383 2499 616 2551 vencula
644 2506 834 2554 contra
861 2501 944 2555 fas
991 2504 1319 2577 plerumque
1369 2507 1544 2575 illicit,
1598 2510 1752 2565 illum
1785 2510 2000 2585 frigidae

386 2588 686 2642 senectutis
718 2598 931 2645 matura
962 2593 1285 2667 longaevitas
1332 2597 1387 2649 in
1443 2613 1624 2652 mores
1675 2616 1901 2655 severos
1939 2617 2003 2654 ac

379 2679 630 2733 salubres
655 2692 873 2752 coaptat
915 2702 928 2749 ;
959 2685 1088 2740 huic
1110 2687 1239 2741 artis
1257 2687 1470 2743 bellicm
1498 2691 1677 2745 audax
1702 2693 2005 2761 prudencia

387 2771 750 2840 appetibilem
781 2775 957 2829 laudis
991 2778 1223 2850 gloriam
1258 2791 1623 2850 promeretur,
1668 2783 1744 2836 illi
1776 2801 2006 2855 operum

392 2861 734 2916 diversorum
768 2865 922 2920 labor
950 2868 1283 2924 artificiosus
1303 2872 1572 2927 desidiam
1606 2875 1816 2941 eximit,
1842 2893 2006 2931 men-

2093 1690 2421 1756 carminum,
2473 1691 2602 1746 ludo
2663 1691 2980 1745 insistentes
3029 1689 3071 1722 ¹²
3117 1687 3356 1757 poetico,
3397 1685 3467 1739 ad
3497 1686 3722 1739 naenia-

2097 1783 2273 1836 rum13
2295 1783 2644 1856 garrulitates
2672 1784 2780 1838 alta
2812 1783 2854 1816 ”
2904 1781 3184 1836 divertunt
3213 1778 3454 1852 ingenia.
3493 1777 3720 1830 Famam

2097 1882 2279 1930 autem
2329 1874 2580 1929 veritatis
2632 1890 2763 1946 erga
2828 1873 2922 1926 Dei
2978 1878 3296 1926 sanctorum
3350 1869 3725 1924 memoranda

2090 1973 2265 2039 gesta,
2311 1963 2525 2018 caelesti
2579 1963 2922 2036 benignitate
2955 1961 3267 2016 mortalium
3307 1959 3607 2015 obtutibus
3642 1966 3728 2013 to-

2093 2061 2198 2115 ties
2225 2061 2591 2132 designatam,
2644 2059 2870 2114 incuriae
2931 2074 3095 2130 quam
3142 2054 3349 2111 exitiali
3415 2056 3456 2088 ¹⁵
3518 2055 3722 2126 negle-

2093 2153 2300 2226 gentia,
2335 2152 2535 2207 fabulis
2566 2153 2609 2186 ¹⁶
2637 2151 2913 2214 delectati,
2956 2166 3068 2205 non
3117 2154 3318 2220 pavent
3347 2146 3720 2202 subcludere.

2095 2243 2204 2296 Nec
2235 2242 2451 2310 mirum,
2477 2242 2520 2295 si
2551 2241 2781 2314 grandia
2813 2256 2877 2295 ac
2933 2239 3345 2311 philosophicas
3376 2236 3726 2308 quaestiones

2097 2333 2371 2388 moventia
2415 2331 2731 2400 hujusmodi
2787 2329 3067 2400 sapientes
3097 2346 3128 2384 a
3155 2328 3390 2399 simplici
3433 2326 3722 2397 composi-

2103 2423 2324 2478 cionum
2375 2421 2521 2476 serie
2566 2421 2973 2476 transduxerint
3012 2420 3076 2485 ιτ,
3108 2435 3230 2473 cum
3289 2418 3474 2488 plures
3505 2432 3728 2482 eorum,

2105 2511 2381 2567 arcentius
2429 2511 2754 2566 inhaerendo
2808 2510 3097 2582 gentilium
3147 2509 3386 2578 scriptis,
3447 2523 3558 2562 non
3610 2515 3727 2561 tan-

2108 2614 2219 2660 tum
2253 2606 2294 2639 ¹⁸
2313 2606 2446 2676 quid
2473 2605 2526 2658 in
2543 2605 2712 2660 sacris
2735 2603 2904 2678 gestis
2933 2602 3082 2656 laudi
3112 2601 3309 2656 divinae
3334 2600 3736 2672 proferendum

2109 2712 2171 2749 ac
2193 2695 2497 2750 litterarum
2532 2693 2751 2748 indiciis
2778 2693 2832 2747 in
2871 2702 3122 2763 posteros
3151 2691 3548 2764 divulgandum
3585 2697 3742 2761 post-

2114 2789 2404 2858 posuerint
2440 2788 2502 2853 ¹⁰,
2537 2802 2725 2840 verum
2759 2784 3027 2856 quicquid
3058 2783 3306 2838 divinum
3337 2799 3400 2838 ac
3429 2782 3610 2837 menti
3647 2783 3742 2836 de—

2111 2886 2251 2932 vota
2276 2877 2657 2932 mittissimum
2717 2876 2761 2909 ²⁰
2791 2874 3118 2946 simpliciter
3146 2891 3210 2929 ac
3241 2875 3361 2928 sine
3391 2872 3743 2928 difﬁcultatis

396 2952 572 3023 lisque
629 2957 934 3012 naturalem
985 2960 1351 3016 subtilitatem
1407 2971 1716 3036 extorquet.
1780 2968 2006 3032 Quidam
2034 2923 2082 2990 Ο
2116 2962 2477 3038 ρατρίθχίοήθ
2509 2967 2746 3031 videtur,
2779 2923 3001 3036 peniltus
3023 2965 3076 3018 id
3105 2964 3510 3036 quasiutilitatc
3542 2979 3742 3018 carens

395 3057 523 3096 vero
594 3042 846 3100 litteralis
887 3049 1275 3117 speculacione
1317 3053 1337 3085 θ
1387 3053 1780 3124 profunditatis
1833 3057 2010 3125 infixi,

396 3150 612 3190 necnon
670 3136 882 3192 liberali
935 3141 1056 3195 ocio
1099 3159 1198 3212 per
1249 3145 1416 3200 miras
1450 3148 1797 3219 eloquiorum
1840 3166 2013 3206 venu-

392 3232 560 3281 states
606 3230 968 3300 perspicatius
1026 3234 1219 3301 dediti,
1282 3236 1731 3308 frequentissima
1789 3251 2013 3314 reputa-

394 3315 555 3369 cionc
579 3318 619 3383 ⁵,
653 3333 762 3389 quo
793 3320 988 3374 ordine
1038 3321 1278 3377 siderum
1327 3334 1506 3381 motus
1562 3332 1642 3396 ac}
1670 3330 1873 3385 ﬁxione
1906 3348 2015 3387 non

396 3407 644 3462 motabili
687 3409 1072 3480 disponantur,
1105 3431 1228 3485 quae
1276 3425 1368 3472 aut
1395 3419 1572 3488 qualis
1613 3437 1870 3476 mensura
1907 3431 2018 3477 ter-

401 3514 548 3552 renae
581 3499 602 3531 δ
640 3501 1040 3573 magnitudinis
1076 3507 1337 3562 ambitum
1382 3510 1422 3577 τ,
1465 3513 1703 3582 quadam
1753 3515 1913 3584 quasi
1939 3516 2020 3569 la-

402 3591 538 3645 tenti
565 3592 805 3659 racione,
840 3613 938 3665 per
965 3597 1227 3655 formulas
1271 3606 1694 3674 geometricales
1720 3609 1789 3662 ad
1814 3618 2017 3664 certam

405 3681 670 3736 metiendi
738 3687 1292 3755 comprehensionem
1371 3696 1666 3770 asstringat
1729 3697 1771 3764 ⁸,
1841 3715 2020 3769 quove

405 3775 555 3829 dictu
587 3777 607 3809 θ
643 3783 752 3832 tota
785 3796 883 3849 per
913 3797 1202 3839 numerum
1257 3787 1512 3844 decurrat
1543 3807 1755 3846 summa
1799 3795 2022 3865 quanti-

410 3865 536 3919 tatis
565 3866 974 3940 soliditatisque
1004 3871 1066 3938 ¹⁰,
1095 3881 1188 3928 aut
1226 3892 1325 3945 per
1365 3895 1504 3949 quas
1533 3885 2020 3941 consonantiarum

408 3957 802 4049 proportiones
829 3960 1104 4016 cantilena
1136 3970 1473 4037 temperetur
1493 3975 1780 4042 naturalis,
1804 3977 1887 4031 vel
1916 3994 2024 4049 qua

409 4048 735 4118 Opinionum
757 4050 997 4124 imagine
1011 4055 1113 4108 sub
1131 4057 1243 4111 veri
1258 4057 1492 4133 falsique
1511 4067 1792 4136 proposito
1809 4048 2027 4124 eorum-

409 4157 515 4212 que
539 4141 750 4197 difticili
774 4145 1165 4203 commixtione
1198 4159 1306 4206 tam
1338 4155 1613 4224 profunda
1643 4160 2024 4232 eloquentium

2113 3056 2418 3126 abjecerint
2446 3056 2509 3108 ²¹.
2540 3056 2647 3110 Hac
2669 3054 2911 3125 denique
2957 3053 3197 3119 fortuna,
3223 3052 3298 3106 uti
3331 3053 3519 3122 plures
3549 3053 3743 3107 existi-

2118 3157 2288 3216 mant,
2324 3166 2411 3204 res
2429 3149 2715 3205 hominum
2745 3149 2998 3204 volvente
3048 3164 3111 3202 ac
3166 3147 3492 3202 sublimium
3521 3147 3742 3219 sagaci-

2119 3245 2224 3294 tate
2263 3241 2546 3294 rethorum
2579 3240 2624 3272 ²³
2657 3239 2833 3311 magis
2873 3238 3065 3293 altiora
3110 3245 3419 3307 spectante,
3452 3235 3624 3292 nobis
3655 3237 3744 3289 23a

2121 3333 2270 3382 tanta
2313 3327 2626 3397 sapientum
2685 3327 2729 3360 ²⁴
2757 3343 2821 3380 ac
2875 3327 3036 3381 docta
3066 3325 3397 3396 loquacitate
3437 3326 3742 3382 admodum

2120 3420 2406 3487 sejunctis,
2465 3419 2650 3474 brevis
2716 3426 2902 3474 tamen
2955 3419 3155 3473 scriola
3196 3418 3241 3451 ³⁵
3297 3416 3742 3479 subnotacionis,

2123 3511 2373 3582 quamvis
2393 3518 2653 3581 corrupte
2702 3511 2747 3544 ³⁵
2778 3509 3007 3580 prolata,
3033 3507 3469 3563 victoriosissimi
3502 3507 3744 3577 impera-

2123 3604 2256 3658 toris
2287 3603 2506 3674 augusti
2545 3602 2755 3657 Ottonis
2786 3601 3015 3656 secundi
3081 3615 3234 3656 sacro
3259 3600 3420 3667 jussu
3452 3598 3744 3654 rusticitati

2123 3695 2616 3766 nostraeimposita,
2642 3693 3020 3749 memorabilis
3051 3692 3152 3747 viri
3191 3707 3395 3747 nomen
3425 3700 3743 3766 gestorum—

2122 3800 2231 3855 que
2260 3784 2506 3856 insignes
2537 3783 2851 3837 mentiones
2881 3782 3045 3853 paulo
3077 3787 3200 3851 post
3229 3780 3604 3846 declaratura,
3661 3795 3745 3832 se-

2126 3878 2348 3949 quentis
2376 3877 2653 3948 praecedat
2707 3884 2885 3930 textus
2953 3873 3230 3928 raritatem
3285 3872 3376 3937 ’7;
3419 3888 3590 3943 quem
3626 3885 3746 3926 vero

2127 3983 2393 4047 quantum
2443 3979 2692 4029 attenuat
2737 3971 2900 4042 culpa
2941 3969 3149 4024 viciose
3183 3966 3504 4033 scribentis,
3538 3973 3745 4021 tantum

2127 4073 2354 4123 exornat
2412 4065 2587 4120 sancti
2641 4064 2860 4118 excelsa
2900 4060 3162 4135 dignitas,
3223 4056 3472 4113 materia:
3527 4070 3746 4110 causam

2128 4175 2360 4231 Operum
2387 4173 2541 4213 sacra
2571 4155 2894 4212 auctoritate
2913 4149 3259 4225 designantis
3287 4150 3353 4203 ³⁸.

441 4235 1024 4309 ubrepatdisputacio,
1060 4258 1158 4313 per
1207 4245 1406 4301 artium
1457 4231 1908 4322 scrupulositates
1935 4254 2026 4308 in-
2054 4231 2112 4299 D

1679 4389 1980 4445 EXPLICIT
2027 4388 2372 4446 PROLOGUS
2415 4388 2478 4441 ²⁰.

589 4536 1031 4625 INCIPIT
1084 4542 1487 4633 PASSIO
1541 4547 1962 4639 SANCTI
2010 4547 2755 4640 VENCEZLAVI
2805 4540 3425 4631 MARTYItIS
3471 4535 3548 4622 ³⁰.

500 4749 550 4816 1,
589 4750 785 4806 Avulsa
813 4753 982 4828 igitur
1011 4757 1083 4812 ob
1113 4758 1435 4816 insecabilis
1484 4774 1888 4822 sacramentum
1913 4767 2036 4822 Tri-

2143 4764 2422 4838 pestiferae
2452 4765 2729 4818 haereseos
2748 4767 2968 4816 sentosa
2987 4756 3350 4830 pululatione,
3377 4753 3566 4809 vitalis
3581 4752 3754 4824 Splen~

429 4838 614 4893 nitatis
640 4841 822 4911 prisco
849 4845 1242 4904 catholicorum
1274 4850 1591 4925 idoneoque
1617 4855 1656 4890 ³¹
1692 4857 1964 4931 refragatu
1996 4859 2041 4892 3’
2144 4861 2246 4915 dor
2276 4859 2551 4932 dogmatis
2581 4855 2864 4913 irradianti
2907 4853 3203 4910 dit’fusione
3231 4851 3420 4906 orbem
3443 4856 3564 4904 atra
3608 4863 3754 4903 erro-

1778 5007 1997 5062 VARl/E
2028 5009 2404 5066 LECTIONES.

500 5088 606 5180 [ἢ-
635 5090 708 5180 M;
831 5093 1023 5180 ἀςιῖξιηι
1329 5106 1860 5180 _presta_ntissiinum
1921 5111 1972 5163 1.
2017 5111 2039 5143 ³
2097 5119 2338 5166 mentem
2371 5111 2421 5165 1.
2483 5111 2502 5143 ⁸
2559 5107 2954 5180 speculacioni
2985 5103 3472 5180 r'_disputatio_n_e_
3503 5103 3558 5180 2:

3619 5102 3640 5134 ο
3669 5109 3748 5154 ιε-

429 5161 1044 5255 ξθξξξλ-ἰλῗξξφᾼὶξίιῑξῐη
1078 5171 1124 5255 14
1177 5161 1479 5255 8astringat
1527 5178 1581 5232 2.
1615 5177 1668 5255 ’3
1713 5161 1971 5255 il‘lidicto‘
2004 5183 2057 5236 2.
2097 5161 2766 5255 ﬂigi—decet:iquanIitatis
2800 5161 3090 5255 solidatis,
3141 5161 3233 5230 aut
3287 5179 3336 5255 l_,
3367 5175 3406 5208 ¹¹
3440 5173 3751 5255 desiderant

429 5231 482 5283 2.
522 5232 564 5264 ¹²
596 5231 913 5290 institcntes
970 5240 993 5293 1
1083 5241 1125 5274 ¹⁸

1181 5244 1546 5302 adueniarum
1608 5250 1657 5304 1.
1714 5251 1755 5284 ¹⁸
1813 5251 1919 5306 alia
1970 5255 2018 5307 1.
2081 5255 2122 5288 ¹⁵
2181 5253 2363 5309 cxitali
2412 5244 2476 5307 1.⁸
2518 5253 2561 5286 ¹⁶
2615 5251 2882 5306 fabulosis
2937 5251 2989 5314 Ἰ,
3042 5249 3082 5283 ³⁷
3134 5247 3567 5301 transduxerunt
3621 5259 3748 5297 corr.

433 5303 860 5396 Effl-‘Il‘sguieript
881 5311 944 5396 1.
1004 5312 1346 5396 ῑΐξάυὲετίης
1374 5319 1442 5396 ⁵2.
1501 5303 1655 5396 ¹⁸Αεξ
1675 5303 2078 5393 notandum—‘1,
2130 5303 2688 5396 “Vpb—stt’posfuerunt"
2820 5303 2876 5356 δέ
2910 5303 3039 5396 Am;
3064 5319 3232 5396 m_e_nt_i
3274 5319 3330 5396 d,
3357 5318 3410 5396 ζ,
3468 5317 3510 5396 ξι
3537 5316 3752 5396 _a_bjeqe-

661 5374 710 5408 ²²
745 5377 1032 5466 rhetorum
1055 5384 1198 5466 :3
1256 5389 1530 5466 nobisque
1557 5372 2872 5466 3.:coriniiobis-’itaqureV-éi"’Ivsapiedtium
2903 5372 3093 5466 ‘3:
3113 5372 3157 5425 '75
3189 5372 3333 5466 deest
3347 5372 3425 5466 ﬁ.
3469 5389 3588 5466 (ubi
3612 5372 3746 5466 'sub-

431 5441 640 5494 notatio
655 5486 667 5497 .
690 5483 703 5496 .
726 5489 738 5500 .

778 5462 845 5500 ear
875 5456 1099 5532 corr.)_3
1128 5456 1459 5532 “corrupte
1510 5464 1560 5518 1.
1614 5464 1657 5496 ²“¹
1716 5467 1938 5521 raritem
1993 5469 2044 5524 1.
2094 5468 2138 5502 ²⁸

2209 5458 2630 5543 esignaiites_}:_
2675 5467 2720 5499 ²⁹
2885 5464 3178 5543 p._des_unt
3308 5462 3649 5543 ﬁgquuntur

437 5511 482 5611 ξ·
510 5516 991 5611 ξῖξτηζξείίξζξτίξιίξξ
1013 5530 1062 5611 et
1082 5530 1242 5582 caedis
1287 5511 1602 5589 νρῆοεειαυί
1630 5553 1644 5601 ς
1685 5541 1798 5591 tum
2109 5511 2591 5611 '3"-
2606 5511 2730 5605 inc,
2762 5511 2896 5592 vita'
2920 5535 3170 5604 ejusdem
3219 5511 3274 5585 ξ’
3307 5532 3348 5565 ⁸¹
3382 5511 3672 5602 idoneque
3700 5526 3747 5578 1.

1991 5683 2199 5759 nom.

437 5578 475 5633 ι.
510 5581 629 5634 ο.2.
664 5584 708 5618 ³²
739 5587 985 5662 refugatu
1015 5597 1026 5643 t

507 5747 617 5818 (l7)
639 5751 974 5828 Dobrowsky
1005 5761 1044 5816 l.
1079 5779 1128 5818 c.
1164 5765 1201 5820 Ι.
1235 5767 1288 5820 7.
1313 5772 1367 5827 8.

2227 5781 2329 5852 (18)
2351 5781 2408 5836 Τ.
2432 5781 2492 5848 v,
2516 5777 2770 5836 136-143.
