3902 6396
151 361 265 416 925

1234 360 1379 414 VlTA
1421 360 1819 414 VENtiEZLAVl
1860 360 2051 416 DUCIS
2093 361 2426 416 BOHEMl/E.

3388 362 3493 416 926

149 503 271 541 rum
309 486 354 520 ³³
388 485 627 558 caligine
658 485 1006 540 obfuscatum
1039 486 1301 542 divinitas
1332 485 1631 542 serenavit.
1666 486 1773 540 Sed
1800 492 1851 559 Α
1877 496 1992 542 tum
2031 487 2392 543 Vencezlaum
2434 486 2500 552 ⁵³,
2540 486 2892 556 superstitem
2943 485 3049 540 sibi
3080 502 3143 541 ac
3181 484 3353 540 multo
3384 502 3496 541 cm-

150 579 281 650 quia
305 577 432 633 fidei
475 577 715 633 salubris
755 578 1120 646 incrementa,
1153 595 1262 650 quo
1295 579 1527 650 primum
1562 578 1778 634 roboris

150 672 519 743 sumpsissent
570 671 861 725 exordium
929 671 1307 727 azcclesiastici
1357 672 1424 737 ³⁸,
1482 670 1667 741 priore
1732 670 1777 704 ³⁵

150 761 530 832 theologorum
592 759 838 815 sollertia
896 760 1218 815 salutarium
1270 759 1467 814 studiis
1529 768 1774 813 textuum

150 848 314 903 latius
358 854 710 914 coruscante,
742 846 903 902 libris
949 848 1274 919 inscriptum
1306 864 1369 902 ac
1399 846 1638 903 credulas
1666 862 1774 917 po-

146 940 384 995 steritati
416 940 628 995 certius
653 940 1047 1015 prwsignatum
1072 940 1205 993 satis
1235 950 1488 995 constare
1517 938 1773 1009 pernovi-

147 1048 313 1087 mus:
367 1032 629 1104 gentibus
661 1041 843 1087 tamen
895 1032 1224 1103 quibusdam
1257 1032 1422 1104 longo
1464 1041 1586 1102 post
1626 1047 1778 1084 erra-

148 1120 339 1176 bundo
359 1121 705 1177 anfractuum
739 1121 1127 1175 36diverticulo
1154 1122 1222 1175 ad
1254 1120 1514 1176 normalis
1545 1120 1772 1174 rectitu-

146 1209 336 1263 dinem
371 1210 604 1264 tramitis
643 1226 798 1264 sacra
841 1209 1204 1264 illustratione
1246 1210 1503 1276 redactis,
1528 1209 1772 1264 nondum

144 1301 565 1372 cunctazjmundi
593 1303 866 1371 nationes,
891 1302 1143 1374 quamvis
1166 1303 1588 1374 praedestinatze,
1610 1302 1774 1371 hujus

142 1395 335 1465 gratiae
365 1396 578 1449 donum
604 1394 769 1448 simul
801 1401 929 1449 sunt
954 1393 1188 1459 sortitas;
1222 1394 1317 1447 sed
1340 1394 1633 1448 ordinante
1660 1410 1774 1448 co:-

141 1486 268 1543 lesti
310 1489 619 1556 majestate,
664 1487 819 1558 quasi
861 1486 1122 1557 paulatim
1174 1487 1527 1561 surgentibus
1567 1487 1771 1541 diaboli

141 1580 522 1646 detrimentis,
578 1578 797 1633 felicius
857 1580 912 1634 in
970 1587 1151 1650 partes
1209 1580 1499 1649 processit.
1535 1578 1771 1642 Quarum

141 1675 369 1747 quidem
423 1672 659 1744 partium
716 1690 878 1727 unam
928 1674 1038 1727 stili
1092 1674 1442 1743 simplicitate
1487 1674 1774 1743 praisentis

138 1764 585 1837 exprimendam,
649 1764 847 1818 incolis
906 1765 1264 1818 inhabitatam
1318 1765 1653 1819 Sclavanicis
1704 1766 1768 1832 ³⁷,
1800 1798 1849 1864 Β

141 1860 499 1934 aggredimur
528 1859 593 1913 ³³.
629 1858 794 1933 Plaga
824 1859 1157 1930 aquilonalis
1179 1860 1244 1925 39,
1281 1860 1481 1914 ceteris
1513 1860 1775 1915 immitior

141 1966 202 2004 ac
257 1948 370 2004 fide
425 1949 661 2014 tardior,
727 1956 927 2003 nostrae
989 1956 1291 2019 prostratur
1346 1949 1391 1982 ⁸⁰
1445 1948 1771 2012 intentioni;

145 2058 308 2112 quam
335 2042 457 2112 ipsa
483 2040 623 2095 sacri
646 2041 961 2113 pneumatis
991 2041 1030 2073 ⁸¹
1063 2041 1326 2095 charistia
1353 2041 1419 2094 ad
1451 2040 1770 2095 christiana:

145 2131 353 2183 cultum
379 2128 761 2198 professionis,
787 2128 1039 2198 quamvis
1068 2144 1213 2192 sera,
1244 2138 1427 2182 tamen
1458 2127 1621 2181 beata
1646 2142 1774 2181 con-

146 2218 405 2272 versione
433 2217 657 2291 dignata
686 2224 769 2271 est
803 2216 1110 2270 instituere.

213 2311 266 2364 2.
312 2308 585 2374 Quoniam
614 2308 840 2379 quidem
873 2307 941 2361 ab
977 2308 1111 2378 ipsis
1144 2315 1301 2361 terra:
1335 2307 1532 2361 incolis
1554 2306 1777 2361 Boemia

147 2401 361 2473 regioni
402 2399 728 2455 vocabulum
762 2400 807 2433 ⁸³
846 2406 1005 2454 sonat
1037 2398 1381 2469 impositum:
1440 2397 1524 2451 cui
1560 2397 1673 2464 jam
1733 2396 1777 2431 ⁸³

146 2499 417 2564 regnante
459 2490 635 2545 felicis
665 2489 947 2545 memoriae
987 2488 1407 2560 praeclarissimo
1450 2504 1575 2559 rege
1610 2488 1773 2541 Hein-

146 2584 280 2649 rico,
332 2582 562 2654 quidam
611 2581 794 2655 gentis
846 2580 993 2634 illius
1026 2579 1294 2653 progenie
1340 2578 1537 2633 clarior
1576 2595 1639 2632 ac
1671 2594 1774 2649 po-

146 2677 316 2731 tentia
368 2676 422 2730 in
480 2675 631 2730 cives
665 2674 1019 2740 eminentior,
1069 2674 1405 2747 Zpuytignev
1438 2675 1480 2707 ⁸⁸
1518 2675 1619 2743 ll‘J)
1673 2689 1773 2728 no-

148 2766 319 2832 mine,
368 2765 716 2836 princnpatus
758 2764 1006 2836 regimen
1046 2762 1149 2817 sub
1180 2763 1325 2835 regis
1353 2761 1640 2817 dominatu
1671 2763 1775 2816 im-

147 2860 423 2928 pendens,
483 2857 652 2911 divini
703 2858 883 2911 cultus
940 2855 1087 2909 dulci
1140 2862 1267 2909 voto
1321 2863 1577 2920 attactus,
1633 2854 1774 2909 sacri

148 2950 315 3005 fontis
360 2951 623 3022 mysterio
674 2950 987 3024 regenerari
1049 2965 1159 3004 non
1220 2966 1411 3020 parum
1472 2950 1775 3015 anhelans,

147 3040 430 3111 baptismo
465 3041 783 3105 mandatur,
824 3047 879 3094 et
920 3055 1061 3094 novo
1100 3039 1284 3094 studio
1316 3038 1551 3099 fervens,
1587 3040 1781 3093 domos

150 3134 240 3187 Dei
271 3134 341 3187 ad
382 3133 427 3166 ⁸⁵
460 3132 792 3186 beatissime
830 3133 952 3199 ejus
985 3131 1270 3205 genitricis
1301 3130 1480 3185 Mariae
1520 3131 1625 3199 320)
1655 3148 1784 3185 san-
1807 3155 1856 3222 Ο

146 3226 327 3296 ctique
383 3226 759 3296 apostolorum
804 3225 1071 3296 principis
1107 3224 1639 3295 (21)memorandam
1681 3242 1774 3279 ve-

147 3315 503 3370 neracionem
536 3314 867 3379 construxit,
901 3314 956 3368 in
989 3314 1189 3385 quibus
1229 3313 1581 3384 postmodum
1611 3312 1772 3367 innu-

148 3421 295 3459 mera
326 3406 617 3461 annuatim
670 3406 933 3461 miracula
982 3406 1028 3439 ⁸⁶
1058 3421 1164 3476 ope
1206 3405 1394 3459 divina
1441 3411 1773 3475 cooperante

151 3496 437 3552 fulserunt.

218 3593 268 3646 3.
316 3592 488 3663 Hujus
517 3592 738 3647 interim
773 3590 1069 3647 laudabilis
1108 3591 1230 3646 vita?
1257 3591 1475 3657 diebus,
1507 3592 1771 3646 honesto-

150 3699 263 3736 rum
306 3690 533 3737 actuum
574 3682 850 3753 exemplo,
893 3698 994 3751 per
1022 3690 1230 3736 naturae
1270 3680 1457 3755 legem
1503 3680 1769 3746 obclusis,

150 3771 311 3825 frater
336 3771 461 3840 ejus
495 3777 655 3826 astate
687 3771 726 3805 ⁸⁷
757 3771 937 3826 minor
978 3770 1269 3826 Wratizlav
1319 3771 1362 3804 ⁸³
1402 3770 1455 3823 in
1491 3771 1771 3842 principa-

151 3871 281 3930 tum,
315 3880 376 3918 se
419 3863 646 3934 publico
675 3879 908 3916 assensu
952 3863 1213 3935 eligente,
1256 3863 1545 3929 successit,
1580 3861 1772 3916 frater—

149 3971 386 4027 namque
420 3954 538 4025 ipsc
583 3954 626 3988 ⁸⁹
666 3960 951 4009 assecutus
999 3953 1045 3987 ⁵ο
1075 3954 1423 4027 religionem,
1473 3954 1770 4011 victorioso

148 4044 240 4097 Dei
272 4044 315 4077 ⁸ο
347 4043 571 4097 athletas
620 4041 785 4098 beato
824 4043 1034 4097 martiri
1069 4044 1302 4115 Georgio
1331 4044 1612 4099 basilicam
1662 4045 1767 4115 (22)

150 4137 255 4191 Deo
285 4135 604 4201 dicandam,
633 4136 945 4190 christiana?
985 4135 1244 4190 credulus
1285 4135 1525 4203 veritati,
1576 4137 1769 4191 erexit.

150 4225 259 4289 Quo
283 4225 450 4281 etiam
498 4232 622 4295 post
650 4224 835 4280 tardos
873 4232 1187 4297 temporum
1216 4233 1421 4282 tractus
1452 4227 1774 4282 naturaliter

149 4318 427 4372 hominem
472 4323 709 4372 exeunte
740 4319 805 4384 δι,
852 4317 1101 4373 sobolem
1140 4318 1247 4373 alta
1300 4317 1697 4373 ammiracione
1727 4319 1772 4352 ⁵²

151 4407 477 4462 mortalibus
508 4423 607 4477 per
636 4406 829 4461 laudes
878 4405 1363 4479 frequentandam,
1394 4405 1631 4462 ﬁliorum
1663 4407 1770 4462 sci-

1877 577 2096 633 lestium
2128 577 2499 633 ardentiorem
2538 576 2778 648 reliquit.

1947 673 1998 725 4.
2044 671 2142 735 Qui
2176 686 2305 725 vero
2333 670 2485 723 mira:
2518 669 2782 724 claritatis
2812 686 2876 724 ac
2914 669 3163 723 amandas
3192 668 3396 724 indolis
3426 670 3491 736 ⁸⁸,

1878 762 2008 815 dum
2057 760 2307 815 ﬂoridam
2336 758 2643 828 juventutis
2670 765 2887 811 aetatem
2931 756 3170 828 primum
3201 758 3492 831 attigisset,

1880 858 2031 922 patre
2064 852 2244 906 adhuc
2275 851 2421 918 vivo,
2462 851 2531 903 ad
2565 850 2864 904 litterarum
2899 850 3117 919 disponi
3157 850 3419 904 exercitia
3448 850 3493 883 ³⁵

1877 947 2219 1012 desiderans,
2272 953 2677 1017 paternumque
2715 943 2910 998 crebro
2942 943 3280 1017 ﬂagitamine
3322 942 3497 997 defle-

1876 1052 2031 1098 ctens
2056 1043 2321 1109 animum,
2346 1042 2466 1112 ejus
2487 1040 2808 1095 transmissu
2831 1040 2877 1073 ⁵⁸
2894 1040 2948 1093 in
2971 1039 3191 1094 civitate
3219 1039 3428 1094 Bunsza
3450 1038 3493 1073 ⁵⁷

1877 1134 2075 1188 litteris
2099 1132 2453 1187 addiscendis
2474 1139 2557 1185 est
2588 1131 2800 1202 positus
2856 1129 3019 1199 Cujus
3051 1130 3236 1201 itaque
3266 1129 3492 1204 ingenio

1877 1223 2044 1279 celeri
2097 1222 2396 1292 capacitate
2436 1221 2705 1276 divinitus
2750 1220 3043 1287 instructo,
3100 1218 3253 1273 brevi
3307 1218 3492 1274 studio

1878 1318 2077 1371 librum
2108 1315 2528 1385 Spalmodialem
2574 1313 2619 1347 ⁵⁸
2650 1324 2943 1383 ceteraque
2975 1311 3289 1366 divinorum
3339 1326 3493 1365 com-

1879 1409 2055 1478 pluria
2106 1407 2403 1477 perdidicit
2450 1406 2493 1439 ⁵⁹
2542 1412 2596 1459 et
2625 1404 2857 1459 solidius
2909 1403 3156 1458 interiori
3214 1401 3494 1457 memoriae

1878 1496 2155 1552 conexuit.
2206 1496 2365 1550 Patre
2418 1494 2661 1558 interim,
2718 1502 2779 1548 ut
2811 1494 2924 1562 jam
2968 1492 3176 1546 dictum
3232 1498 3339 1555 est,
3368 1489 3497 1545 uni-

1877 1606 2052 1644 versae
2082 1588 2266 1643 carnis
2306 1588 2449 1642 viam
2483 1587 2732 1658 ingresso
2774 1585 2837 1650 ⁵ο,
2879 1584 3100 1653 juvenis
3152 1583 3269 1653 ipse
3297 1598 3491 1635 senum

1876 1680 2128 1750 exempla
2184 1678 2401 1733 actibus
2450 1677 2759 1739 declarans,
2810 1674 2913 1729 sub
2954 1675 3099 1747 regis
3154 1669 3493 1727 serenissimi

1876 1768 2086 1823 Ottonis
2117 1768 2223 1838 {23)
2257 1767 2502 1840 fulgente
2546 1766 2813 1837 potentia,
2846 1764 3129 1819 favorabili
3162 1761 3490 1833 populorum

1876 1877 2104 1915 assensu
2130 1861 2187 1914 in
2212 1859 2424 1929 paterni
2457 1860 2686 1914 ducatus
2716 1860 3147 1920 successionem,
3170 1873 3230 1909 se
3259 1854 3488 1908 nimium

1876 1956 2169 2015 relutante,
2203 1950 2472 2015 delectus,
2506 1955 2559 2003 et
2614 1948 2670 2001 in
2717 1946 3043 2018 principalis
3084 1945 3273 1999 sedem
3306 1943 3489 2018 digni-

1877 2044 2005 2098 tatis
2026 2052 2110 2097 est
2139 2044 2385 2096 elevatus

1947 2135 1999 2186 5.
2044 2132 2213 2197 Quam
2254 2130 2516 2205 gravibus
2559 2131 2599 2163 ⁶¹
2651 2136 2781 2184 tunc
2812 2127 3181 2199 perturbantis
3226 2125 3493 2181 molestiae

1878 2220 2295 2275 diversitatibus
2344 2219 2609 2289 principis
2648 2218 2849 2273 novelli
2897 2216 3231 2290 benignitas,
3277 2221 3494 2268 terreno

1872 2313 1995 2381 jure
2046 2318 2325 2382 suscepto,
2360 2310 2654 2365 intrisecus
2700 2318 3015 2382 augeretur,
3048 2322 3157 2361 non
3207 2313 3290 2360 est
3327 2302 3499 2357 admi-

1880 2407 2134 2473 randum,
2176 2405 2438 2477 quoniam
2497 2402 2763 2469 cwlestia,
2801 2418 2913 2473 pra:
2970 2400 3173 2455 ceteris
3227 2396 3496 2452 intuendo

1875 2512 2060 2555 mente
2088 2501 2285 2555 devota
2325 2500 2369 2533 ⁶²
2397 2498 2709 2570 proposuit,
2741 2503 2801 2551 ut
2830 2495 3080 2567 quamvis
3126 2492 3364 2563 publica:
3388 2489 3496 2545 uti-

1876 2594 2010 2648 litati
2058 2592 2417 2663 providendze
2470 2591 2691 2645 debitor
2737 2591 2781 2623 ⁵³
2836 2587 3124 2646 extitisset,
3181 2585 3274 2639 Dei
3309 2591 3493 2637 tamen

1876 2682 2138 2754 praadulci
2184 2681 2452 2753 obsequio
2484 2682 2527 2714 ⁵⁸
2560 2680 2638 2734 uti
2671 2679 2862 2750 primis
2892 2694 2952 2731 se
2984 2676 3144 2730 annis
3169 2671 3494 2744 implicavit,

1879 2776 2061 2847 potius
2091 2775 2357 2845 despecto
2389 2775 2432 2807 ⁵⁵
2471 2772 2706 2827 seculari
2738 2770 2979 2844 fastigio,
3024 2784 3135 2823 non
3162 2766 3495 2837 repudiavit.

1882 2866 2066 2921 Plebis
2092 2874 2276 2920 autem
2309 2865 2617 2920 commissa:
2648 2864 2856 2919 crimen
2900 2863 3162 2915 luendum
3194 2859 3421 2923 veritus,
3453 2858 3500 2912 si

1881 2959 2107 3032 dignam
2147 2959 2324 3014 civilis
2351 2956 2711 3011 districtionis
2742 2957 2923 3027 legem
2954 2969 3066 3009 non
3093 2951 3454 3022 impendisset
3483 2967 3498 3015 ;

1885 3048 1983 3101 sed
2015 3048 2120 3101 hoc
2159 3047 2477 3119 ambiguum
2520 3062 2633 3100 non
2664 3046 2758 3099 diu
2788 3043 3176 3098 mediastinum
3220 3047 3500 3105 tractatus,

1884 3152 2046 3207 quam
2075 3136 2345 3208 sagaciter
2370 3135 2641 3204 arripiens
2668 3133 2884 3198 callem,
2919 3141 2978 3185 ut
3004 3145 3185 3201 neque
3218 3130 3319 3184 hoc
3345 3143 3502 3182 secu-

1877 3225 2065 3278 lariter
2101 3224 2377 3297 agendum
2438 3223 2740 3287 omisisset,
2800 3222 2888 3275 vel
2935 3219 3079 3273 istud
3133 3217 3205 3271 ob
3252 3216 3499 3272 caelestia

1877 3319 2216 3373 tendendum
2259 3334 2291 3372 a
2325 3334 2384 3372 se
2416 3316 2634 3391 neglegi
2668 3316 2723 3369 in
2755 3314 2998 3369 futurum
3025 3328 3136 3368 non
3156 3312 3497 3382 expavisset;

1877 3412 2148 3466 moderari
2179 3410 2235 3465 in
2263 3410 2464 3465 civium
2513 3426 2577 3465 ac
2629 3407 2849 3462 miliciae
2898 3420 3222 3462 communes
3251 3405 3297 3438 ⁵⁵
3344 3402 3498 3457 ιιῐὶιὶ-

1876 3513 2014 3560 tates
2071 3506 2256 3580 legum
2310 3506 2555 3570 decreta,
2622 3502 3025 3577 benignissimo
3088 3509 3143 3555 et
3195 3499 3493 3554 admodum

1874 3596 2112 3650 discreto
2144 3595 2394 3650 dominio
2426 3595 2468 3628 ⁶⁷
2510 3593 2755 3664 denique
2796 3593 3069 3659 residens,
3101 3598 3237 3645 nutu
3269 3588 3499 3644 certavit

1874 3686 2185 3758 principali.
2235 3687 2294 3741 In
2353 3685 2706 3741 decernendo
2751 3684 2794 3718 6⁸
2824 3683 3110 3754 providus,
3144 3692 3199 3736 et
3241 3679 3491 3735 misereri

1874 3778 2130 3851 cuiquam
2176 3786 2485 3849 promptus,
2535 3778 2590 3831 in
2621 3776 2853 3830 miseras
2895 3790 3112 3829 reorum
3147 3787 3318 3827 noxas
3358 3770 3498 3826 faci-

1872 3869 1981 3924 lius
2012 3870 2281 3925 cessanda
2299 3869 2548 3940 punitate
2576 3866 2893 3931 exorabilis,
2918 3862 3338 3935 omnigenarum
3367 3876 3498 3932 qua-

1874 3962 2024 4017 litate
2057 3979 2344 4034 poznarnm
2376 3962 2433 4016 in
2459 3959 2690 4031 judiciis
2721 3958 2970 4021 alienus;
3004 3953 3308 4010 domestica
3338 3952 3499 4008 habi-

1874 4053 2067 4109 tudine
2097 4052 2352 4124 simplex.
2387 4068 2604 4107 morum
2636 4050 2884 4106 castitate
2925 4046 3274 4118 perspicuus,
3308 4044 3495 4100 bono-

1873 4159 1992 4196 rum
2052 4142 2423 4213 promissione
2484 4156 2615 4216 erga
2671 4137 3008 4210 petentiores
3069 4134 3213 4189 haud
3266 4132 3497 4198 tardus,

1876 4234 2075 4306 hisque
2104 4233 2482 4305 adimplendis
2508 4248 2668 4304 aeque
2694 4232 2927 4286 devotus
2952 4244 2967 4295 ;
3008 4227 3314 4282 incolarum
3347 4239 3495 4297 quo-

1874 4341 1985 4396 que
2013 4323 2244 4394 inOpum
2270 4325 2383 4396 jam
2423 4321 2785 4377 rusticitatem
2820 4317 3126 4387 majoribus
3155 4331 3305 4386 saepe
3333 4314 3401 4377 in,
3420 4313 3501 4369 di-

1876 4412 2099 4487 ligendo
2132 4411 2433 4482 praeferens
2464 4412 2540 4477 ‘9;
2593 4410 2833 4465 viduatis
2866 4414 3154 4479 parentum
3192 4402 3280 4458 vel
3313 4417 3496 4457 rerum

150 4500 274 4556 licet
301 4509 412 4556 tam
442 4507 574 4556 natu
597 4518 761 4573 quam
786 4501 951 4557 etiam
983 4510 1107 4557 actu
1137 4500 1426 4571 majorem,
1456 4502 1569 4558 Deo
1600 4501 1772 4557 dilec-
1791 4481 1848 4550 D
1875 4481 2234 4565 adminiculo,
2268 4516 2488 4556 necnon
2517 4499 2692 4571 patria
2714 4496 3063 4553 exulantibus
3086 4493 3153 4561 ⁷ο,
3184 4490 3500 4548 consolator

1503 4658 1727 4714 VARUE
1749 4656 2132 4713 LECTIONES.

217 4782 262 4816 ³³
284 4799 480 4840 eorum
509 4784 560 4837 1.
641 4783 686 4816 ³⁸
717 4783 1169 4838 :ecclesiasticum
1196 4784 1251 4837 2.
1348 4783 1392 4817 ³⁵
1422 4782 1665 4854 priorum
1695 4781 1748 4836 2.
1866 4780 2089 4854 ³⁸γὶὶῶῖῆ
2133 4781 2187 4847 2,
2290 4779 2334 4813 ³⁷
2355 4776 2699 4854 _ge_rman_icis
2737 4775 2808 4854 3_._
2871 4773 2915 4854 ⁸⁸⁵
2943 4773 3087 4827 deest
3116 4771 3168 4824 1.
3267 4768 3312 4850 f9
3333 4767 3493 4854 aqui-

149 4855 347 4909 lonaris
399 4855 451 4908 2.
538 4854 581 4887 ⁸ο
613 4862 945 4925 protestatur
992 4856 1044 4908 2.
1079 4861 1373 4925 'protestat
1422 4839 1478 4919 Β,
1582 4854 1621 4887 ⁸¹
1653 4853 1937 4925 pneumati
1979 4853 2028 4907 1.
2152 4839 2196 4925 ‘5’
2217 4839 2637 4925 vocabulum}.
2714 4923 2720 4925 Α
2764 4846 2809 4881 ⁸³
2838 4845 3005 4925 etiam
3073 4857 3211 4925 corr.
3265 4840 3399 4925 jam,
3436 4839 3486 4893 1.

150 4926 191 4959 “
220 4909 660 4999 Zyptinenusi.
687 4926 995 4999 iSjpitigueu
1029 4927 1079 4999 3.
1104 4909 1122 4999 _‘
1143 4909 1549 4999 spitigneus'ht.
1631 4909 1675 4958 ⁸⁸
1705 4924 1843 4999 ac_2.
1877 4923 1965 4999 3._
2016 4925 2062 4958 ⁸⁶
2093 4924 2351 4999 milacula
2392 4925 2441 4977 1.
2598 4923 2748 4999 ῃοει⁸
2777 4919 3085 4999 διέρρὶςιιιηι
3270 4909 3493 4999 Pyra:

150 4997 374 5101 tyzla‘nsn
409 4995 938 5101 2.mW"ratiglaw‘.3.
985 4995 1442 5101 .wirizlaumgalilﬁ
1498 4995 1877 5101 bratlesclabgs
1930 4996 2267 5101 1aaurseintius
2321 4997 2442 5101 Cas‘.

803 5068 1112 5123 ,miracione
1171 5069 1222 5122 1.
1302 5068 1347 5101 ⁵³
1379 5068 1766 5122 Wencezlaum
1813 5067 1867 5121 2.
1930 5067 1996 5121 M.
2078 5070 2081 5097 λ

803 5140 1063 5243 ῗζέἰυίξξο
1112 5140 1209 5243 ἐκ,
1240 5140 1476 5243 ‘ff’dfs‘.
1498 5140 1549 5195 ³·
1590 5138 1973 5243 εξδὲίὲἓὲξμ..ὶ¹·.
2037 5139 2081 5172 ⁵⁸

1611 5210 1973 5337 ἔτεᾶἓὲἰέΐῗέ
1991 5250 2062 5335 '1.
2089 5210 2473 5337 Zo‘i‘ii‘c‘i’if’o‘z.
2508 5210 2561 5332 ἓῗ

152 5068 198 5121 1.
276 5069 317 5102 δι
344 5075 513 5122 eunte
568 5070 612 5122 1.
700 5069 746 5101 ⁵³
775 5068 1112 5123 amiracione
1171 5069 1222 5122 1.

148 5137 192 5169 ⁸⁸
220 5140 607 5193 transmissum
664 5141 717 5193 4.

152 5210 455 5278 presbitero
488 5210 712 5265 nomine
744 5210 929 5266 Uceno
969 5211 1037 5265 Μ.
1112 5211 1224 5264 θον.
1261 5227 1315 5265 u.
1350 5226 1398 5265 c.
1441 5210 1494 5265 2.

151 5281 775 5385 gbsequiimnarid.
808 5284 941 5337 de’s.
988 5283 1037 5337 1.
1114 5282 1160 5317 ⁸⁸
1189 5296 1457 5338 comunes
1483 5283 1533 5337 1.

152 5351 198 5404 1.
278 5351 325 5385 π)
364 5353 745 5408 exultantibus

2532 4984 2750 5046 “deest
2810 4984 2896 5043 ΞΤ
2938 4987 2989 5043 3.
3110 4984 3156 5017 ¹⁵⁰
3186 4987 3492 5038 assectutus

1930 5066 1996 5121 M.
2078 5066 2181 5122 “i.
2234 5083 2378 5138 puer
2413 5066 2463 5138 ξ».
2583 5064 2627 5138 ξε
2658 5060 2867 5138 exertia
2916 5074 3058 5138 corr.
3117 5053 3483 5138 exerticia‘l.

2114 5122 2526 5208 psalinodialem
2551 5207 2558 5208 ί
2584 5133 2636 5208 2.
2662 5204 2674 5208 _
2704 5133 2762 5208 _5°
2787 5147 2827 5208 a_
2875 5130 3116 5208 quodam
3151 5122 3485 5208 venerabili

2089 5194 2133 5243 εί
2163 5210 2364 5264 deuoto
2396 5209 2442 5262 1.
2519 5207 2564 5241 σε
2590 5204 2776 5260 debita
2806 5203 2858 5255 1.
2894 5194 2909 5202 '
2953 5202 2997 5235 ει
3030 5200 3087 5253 ι).
3146 5206 3183 5253 ι.
3227 5194 3489 5268 ριἐζάιιίοθ

2648 5275 2692 5311 ⁸⁸
2722 5273 2960 5329 decerno
2996 5277 3010 5326 l
3038 5320 3044 5323 .
3130 5269 3175 5304 ⁶⁹
3199 5266 3488 5339 proferens

1711 5448 1920 5506 NOTAE.

201 5546 324 5626 .(19)
365 5547 423 5626 cf
450 5620 460 5626 _
495 5548 976 5626 Ann_._Fuldenses
1032 5566 1081 5605 ι.
1122 5549 1247 5606 895.
1281 5550 1435 5606 Tunc
1454 5549 1568 5620 jam
1616 5548 1768 5608 Chri-

151 5619 357 5673 stianus
386 5619 556 5673 fuisse
578 5619 814 5674 videtur.

219 5689 323 5770 (ἐφ)
370 5690 556 5770 ﬁssae
598 5711 640 5770 ε
670 5690 725 5770 i9
749 5691 1108 5770 υνδεξξίῑξεε-
1225 5692 1284 5746 D-

219 5759 328 5830 (21)
370 5761 428 5816 id
458 5759 580 5819 loco
605 5762 811 5831 Budec,
845 5763 939 5819 ubi
971 5759 1341 5821 Véncezlavus
1370 5763 1615 5820 scholam
1648 5762 1763 5819 fre-

1867 5542 2167 5620 quentavit.

1937 5621 2047 5698 (22.)
2087 5620 2145 5698 i9
2169 5618 2614 5698 arsePrasemi:

2086 5689 2348 5757 Heinrici,
2424 5680 2517 5761 qui
2610 5685 3011 5744 Vencezlavum
3089 5689 3288 5757 postea
3340 5680 3488 5738 bello

1866 5778 2163 5837 aggressus
2199 5769 2303 5818 est.
