3902 6412
373 399 478 454 927

1519 387 1855 445 GUMPOLDI
1896 381 2194 440 EPISCOPI
2232 376 2574 437 MANTUANI

3629 357 3749 415 928

370 550 435 590 ac
473 539 738 605 paternus
764 530 943 585 fautor
971 528 1111 583 miro
1152 542 1375 597 semper
1402 522 1649 580 caritatis
1695 520 1993 594 splendore
2022 527 2064 591 Α
2096 511 2526 573 formationibus
2565 523 2726 565 mens
2766 510 2922 562 casta
2953 501 3177 559 caelitus
3215 497 3435 596 edocto,
3470 494 3754 567 frequen-

374 622 599 679 effulsit.
631 620 913 676 Modestus
946 618 1001 672 in
1045 632 1241 672 omnes
1285 622 1456 679 actus,
1501 610 1995 681 memorabilisque

377 721 587 767 amator
619 708 933 781 pacientite,
985 717 1039 761 et
1077 706 1225 761 inter
1263 706 1305 739 ⁷⁸
1355 710 1582 759 cunctas
1639 717 1863 757 casuum
1897 699 1994 753 ad-

378 800 669 855 versitates
707 797 953 868 prudens
974 794 1305 856 moderator,
1336 792 1770 847 snbstantiarum
1805 787 1997 863 largis-

379 893 553 946 simus
585 892 639 945 in
670 904 976 961 pauperum
1001 886 1218 942 flebiles
1259 884 1597 957 indigentias
1622 883 1996 952 diapensator,

382 985 713 1042 humilitatis
746 982 1206 1038 mansuetissimaz
1239 980 1488 1051 placidus
1524 979 1571 1012 ⁷²
1600 985 1912 1042 exsecutor,
1943 975 2001 1029 in

381 1095 441 1133 se
469 1080 795 1150 plerumque
815 1076 862 1110 ⁷³
875 1076 1150 1137 severior;
1185 1074 1241 1127 in
1272 1078 1487 1127 ceteros
1517 1070 1728 1141 ubique
1755 1069 2004 1123 clemen-

384 1168 512 1234 tior,
563 1167 822 1223 omnibus
862 1166 919 1220 in
970 1164 1297 1221 mternitatis
1329 1160 1643 1231 exemplum
1674 1157 1962 1232 largiendo
1988 1197 2001 1218 ,

385 1259 723 1323 miserando,
755 1257 964 1313 inscios
980 1257 1035 1315 ,⁷⁴
1075 1254 1450 1320 reformando,
1504 1251 1733 1307 edoctos
1761 1250 1806 1284 ⁷⁵
1839 1248 2007 1305 robo-

387 1350 561 1403 rando
593 1347 833 1419 perluxit
861 1347 926 1401 ⁷⁸.

456 1441 510 1494 6.
556 1439 647 1493 llis
678 1455 811 1513 ergo
849 1438 1111 1493 virtutum
1156 1434 1497 1507 fulgentibus
1525 1432 1765 1506 gemmis
1801 1430 2010 1487 beatis-

388 1528 756 1598 simijuvenis
780 1526 1039 1582 decorata
1069 1524 1441 1590 conversatio,
1473 1524 1530 1577 in
1562 1529 1774 1578 tantum
1790 1521 1857 1576 ad
1893 1521 2014 1575 hac

391 1618 606 1689 pietatis
635 1617 880 1671 studium
911 1615 1207 1681 adamavit,
1239 1621 1300 1668 ut
1330 1613 1796 1685 quandocumque
1823 1610 2015 1682 diSpo-

388 1711 511 1765 sitis
555 1726 687 1784 erga
745 1708 1000 1780 publicas
1059 1705 1419 1762 necessitates
1455 1704 1858 1776 colloquiorum
1924 1700 2009 1756 vel

389 1800 715 1871 placitorum
740 1800 885 1853 inter
920 1798 1173 1853 ordinata
1195 1796 1449 1867 judicum
1488 1793 1845 1866 plebiumque
1874 1792 2013 1846 'sub-

388 1894 546 1948 sellia
591 1894 808 1959 edictis,
870 1908 1049 1964 eoque
1111 1891 1450 1947 eminentius
1499 1906 1587 1944 res
1629 1888 1907 1960 quaslibet
1954 1887 2011 1940 in

386 1984 613 2055 judiciis
658 1992 1063 2055 praenoscente,
1090 1982 1134 2038 si
1167 1983 1351 2038 forsan
1382 1982 1507 2053 quis
1561 1995 1701 2035 noxa
1732 1980 2013 2042 detentus,

394 2076 611 2130 mortali
640 2076 928 2130 sentencia
953 2074 1205 2148 quamvis
1236 2074 1424 2129 debito
1458 2070 1797 2144 proscriptus
1826 2069 1948 2138 ejus
1970 2069 2014 2102 ⁷⁷

397 2169 705 2238 praesentia:
736 2168 806 2221 ab
841 2168 1215 2223 incusatorum
1258 2165 1560 2221 damnabili
1587 2163 1798 2233 judicio
1826 2162 2020 2217 fuisset

396 2261 670 2315 adductus
696 2260 762 2325 ⁷⁸,
801 2260 940 2331 [ejus
969 2260 1014 2294 79
1044 2257 1320 2333 suffragiis
1352 2257 1616 2313 immunis
1638 2256 1816 2311 abiret
1840 2271 1870 2309 e
1900 2270 2018 2308 me-

395 2349 507 2420 dio]
524 2367 547 2421 p;
578 2348 623 2404 si
651 2364 782 2404 vero
812 2349 1074 2420 princeps
1104 2349 1195 2402 ille
1222 2348 1560 2413 misericors,
1584 2360 1686 2400 nec
1714 2350 2021 2415 permutata

394 2442 534 2514 legis
588 2442 916 2497 necessitate
969 2458 1073 2497 nec
1126 2441 1414 2511 judicibus
1454 2456 1552 2511 pro
1595 2442 1703 2496 hoc
1752 2436 2021 2494 solvendo

398 2535 747 2606 aliquatenus
781 2534 850 2588 ab
873 2549 939 2589 eo
962 2534 1220 2598 exoratis,
1240 2533 1469 2588 minime
1500 2549 1656 2588 reum
1684 2532 1805 2605 lege
1838 2528 2020 2585 horri—

402 2624 500 2678 bili
551 2623 811 2696 cognovit
863 2623 1239 2694 eripiendum,
1286 2639 1347 2677 se
1403 2622 1624 2677 tandem
1681 2621 1912 2691 cupiens
1961 2635 2026 2673 ac

402 2728 590 2768 sacros
642 2713 868 2768 obtutus
923 2712 1230 2785 sanguinea
1276 2726 1428 2782 caepe
1490 2727 1601 2766 non
1662 2708 2029 2765 sordidandos

404 2802 735 2867 subducere,
776 2800 924 2855 edita
954 2814 1180 2871 quoquo
1222 2800 1389 2855 modo
1420 2798 1755 2854 exscusabili
1785 2798 2028 2865 racionc,

408 2909 672 2949 consessu
717 2909 781 2948 ac
832 2891 1044 2960 judicio
1093 2891 1353 2957 excessit,
1414 2907 1578 2961 quam
1636 2906 1772 2945 sano
1823 2889 2032 2964 ingenii

408 2982 666 3037 acumine
694 2982 740 3016 ⁸ο
777 2980 1029 3036 salutaris
1059 2979 1345 3035 aemulator
1403 2986 1458 3034 et
1509 2979 1815 3054 evangelici
1847 2979 2033 3046 edicti,

412 3088 522 3144 quo
556 3070 908 3141 praecipitur:
969 3071 1146 3128 Nolite
1177 3070 1451 3139 judicare,
1500 3073 1551 3124 et
1598 3069 1637 3103 ⁸⁸
1670 3084 1776 3124 non
1818 3068 2036 3138 judice-

408 3167 574 3231 mt’nt';
602 3168 651 3217 cl
676 3164 841 3218 nolite
869 3178 965 3217 con
984 3166 1284 3232 lempnare,
1310 3166 1486 3216 etnon
1512 3162 2038 3232 condempnabimini

411 3258 567 3324 (Luc.
597 3272 670 3321 v1,
697 3255 810 3322 3'7).

487 3352 517 3406 7
584 3350 693 3405 Hoc
724 3349 845 3420 ipse
884 3348 995 3404 Deo
1028 3347 1227 3419 plenus
1250 3347 1474 3416 juvenis
1500 3349 1818 3402 mandatum
1852 3346 2034 3418 perfe-

413 3445 553 3499 ctius
575 3442 835 3509 amando,
867 3457 931 3497 ac
978 3441 1290 3512 periculose
1321 3458 1351 3495 a
1396 3457 1671 3513 quoquam
1722 3441 2035 3496 mortalium

419 3534 782 3608 praesentiens
831 3534 877 3567 ⁸³
917 3549 1027 3588 non
1059 3534 1429 3600 sequendum,
1476 3534 1680 3588 notatis
1709 3533 1820 3588 reis
1847 3533 2038 3589 crimi-

417 3643 558 3682 nosa
596 3624 1002 3696 dampnacione
1056 3626 1358 3696 pereundis
1402 3626 1805 3700 benignissime
1836 3641 2037 3696 peper-

416 3717 491 3772 cit
520 3715 584 3771 ⁸⁸.
631 3716 830 3770 Verum
861 3731 931 3770 ne
979 3721 1374 3771 tormentorum
1423 3714 1663 3770 nefanda
1707 3714 2042 3770 monimenta

418 3804 627 3861 diutius
702 3805 1095 3873 excrevissent,
1159 3805 1347 3860 omnia
1420 3804 1684 3875 patibula,
1754 3804 2041 3860 hominum

421 3894 740 3966 suspendiis
768 3893 826 3948 in
856 3894 978 3964 ejus
1002 3894 1157 3967 regni
1186 3895 1325 3951 locis
1356 3911 1522 3967 quam
1554 3894 1810 3966 pluribus
1836 3903 2041 3961 erecta,

421 3983 666 4055 poenitus
693 3982 839 4037 dirui
873 3982 1022 4050 fecit,
1054 3998 1158 4038 nec
1201 3982 1438 4039 ulterius
1470 3984 1576 4037 hoc
1609 3989 1858 4053 tempore
1890 3998 2045 4053 repa-

428 4072 535 4126 rari
578 4070 830 4127 toleravit
875 4072 941 4128 ⁸⁶.
998 4071 1337 4128 Felicissimo
1373 4080 1559 4128 autem
1589 4080 1811 4129 actuum
1842 4088 2047 4144 prove-

427 4172 540 4228 ctu,
567 4162 831 4219 bonitatis
854 4163 963 4233 jam
996 4163 1297 4235 probandae
1321 4164 1602 4221 cumulum
1633 4165 1809 4238 magis
1839 4166 2043 4239 magis-

427 4272 534 4328 que
576 4255 632 4310 in
671 4256 793 4311 dies
820 4256 1275 4333 convenustando
1304 4273 1664 4332 exaggerans,
1697 4273 2048 4330 quacumque

429 4355 697 4404 terrarum
738 4356 894 4421 parte
935 4349 1166 4405 clericos
1214 4350 1575 4407 advenientes
1612 4352 1777 4407 alacri
1825 4350 2052 4406 muniﬁ-

427 4443 619 4499 cencia
646 4442 748 4499 sub
796 4443 975 4500 tocius
1031 4444 1380 4500 necessitatis
1408 4451 1562 4520 grata
1607 4447 1945 4503 revelatione
1983 4448 2052 4503 ad

2095 606 2205 661 tius
2242 604 2298 658 in
2347 598 2611 656 discendo
2661 594 2897 661 exculta,
2961 592 3019 646 in
3061 590 3257 646 miram
3326 586 3750 657 scripturarum

2097 698 2454 771 capacitatem
2485 690 2725 765 prodivit
2762 689 2828 744 ⁸⁷.
2864 684 3137 758 Quicquid
3165 684 3210 719 ⁸⁸
3241 696 3484 753 namque
3516 679 3750 735 docen-

2101 769 2235 848 tium
2286 787 2467 844 studia
2496 786 2553 840 in
2600 798 2667 839 eo
2708 781 3196 854 presignaverant,
3230 772 3484 831 honestis
3513 769 3753 827 actibus

2101 881 2224 952 ipse
2252 875 2580 949 complevit;
2626 871 2756 946 quia
2785 868 3034 926 omnium
3064 864 3337 940 angustiae
3382 874 3753 932 compassus,

2102 950 2445 1027 inbecilitate
2490 965 2759 1038 quosdam
2817 962 3090 1017 lassantes
3155 954 3441 1012 caritativo
3492 950 3755 1007 visitavit

2104 1064 2330 1132 solacio,
2390 1069 2447 1117 et
2501 1042 2695 1115 mortis
2744 1056 2866 1130 lege
2912 1052 3242 1125 illaqueatos
3285 1048 3351 1115 εν,
3401 1046 3754 1118 plerumque

2106 1158 2361 1234 neglecta
2388 1172 2419 1211 a
2448 1153 2663 1210 civibus
2702 1150 2887 1205 minus
2927 1145 3201 1221 religiosis
3229 1141 3538 1214 sepultura,
3573 1137 3756 1193 fune-

2107 1230 2222 1306 bris
2271 1248 2317 1284 9°
2373 1245 2629 1318 obsequii
2670 1240 2980 1312 [tumulavit
3043 1235 3250 1293 officio.
3294 1233 3405 1289 Sed
3445 1230 3755 1306 gentibus,

2108 1343 2308 1399 ducatu
2340 1339 2514 1411 ipsius
2534 1352 2634 1410 per
2653 1336 2833 1407 legem
2864 1348 2929 1388 ac
2954 1344 3171 1386 morum
3197 1323 3677 1383 consuetudinem
3704 1321 3751 1355 "

2111 1436 2381 1486 vetustam
2435 1424 2818 1498 disponendis,
2877 1421 3032 1477 rudis
3081 1418 3266 1474 adhuc
3304 1414 3434 1470 fidei
3487 1412 3757 1469 doctrina

2115 1517 2461 1582 nutantibus,
2503 1517 2634 1571 dum
2666 1529 2771 1587 per
2815 1510 3084 1566 nefandas
3108 1509 3386 1563 aditorum
3418 1512 3591 1576 atque
3624 1518 3757 1557 ara-

2114 1624 2234 1663 rum
2296 1605 2574 1661 furialium
2623 1603 2790 1667 mdes,
2851 1613 3114 1672 proceres
3168 1610 3393 1668 quoque
3434 1593 3595 1665 ipsos
3638 1590 3754 1645 diis

2111 1694 2395 1752 libandum
2418 1692 2620 1748 alienis
2646 1692 2693 1726 ⁹²
2710 1686 3058 1762 frequentius
3087 1686 3144 1740 in
3163 1698 3309 1740 anno
3338 1683 3756 1737 concursantes

2113 1791 2290 1846 beata:
2321 1787 2526 1844 indolis
2561 1783 2895 1855 juvenculus
2932 1777 3314 1851 conspexisset
3364 1776 3431 1841 93,
3494 1774 3564 1828 ad
3601 1773 3757 1827 hanc

2115 1883 2448 1939 scelerosam
2487 1876 2737 1933 mdendis
2789 1871 3183 1930 sacrificiorum
3223 1867 3462 1925 victimis
3494 1880 3758 1921 commu-

2118 1973 2342 2028 nionem
2383 1967 2634 2042 quamvis
2660 1980 2813 2036 saepe
2852 1969 3075 2038 rogatus
3116 1960 3182 2026 9‘,
3234 1971 3440 2013 mensae
3497 1953 3761 2011 ccelestis

2117 2060 2371 2118 convivia
2407 2073 2520 2130 prae
2551 2054 2817 2112 omnibus
2848 2050 3119 2115 esuriens,
3163 2062 3276 2105 non
3308 2054 3525 2100 tantum
3553 2042 3762 2114 epulas

2120 2153 2378 2209 refutavit
2405 2150 2648 2216 illicitas,
2680 2163 2872 2204 verum
2903 2145 3069 2201 etiam
3102 2141 3331 2214 profana
3361 2139 3759 2202 convivarum,

2120 2245 2378 2301 sordibus
2417 2240 2778 2298 daemoniacis
2828 2237 3263 2310 inquinatornm,
3314 2248 3482 2305 quam
3518 2238 3757 2285 strenue

2123 2336 2335 2412 aufugit
2372 2333 2670 2391 consortia.
2701 2332 2881 2402 Super
2920 2329 3006 2385 his
3038 2335 3222 2383 tamen
3258 2340 3448 2381 errore
3483 2321 3759 2394 pestifere

2123 2409 2405 2496 depressis
2434 2439 2544 2478 non
2587 2436 2781 2492 parum
2819 2417 3113 2483 sollicitus,
3166 2413 3354 2470 voluta
3382 2410 3595 2481 saepius
3619 2409 3763 2464 scri-

2127 2526 2306 2589 ptura,
2362 2530 2473 2588 qua
2527 2530 2625 2584 per
2653 2509 2888 2583 apostoli
2930 2509 3077 2563 dicta
3134 2503 3491 2578 precipitur:
3543 2527 3559 2548 ι
3609 2500 3766 2555 Alter

2125 2610 2352 2667 alterius
2408 2609 2616 2664 honera
2654 2606 2699 2639 9⁵
2738 2608 2950 2674 portate
2981 2600 3123 2671 (Gal.
3166 2615 3240 2665 v1,
3268 2597 3347 2668 2),
3388 2616 3413 2646 ι)
3460 2595 3761 2666 quosdam,

2129 2703 2319 2774 aliquo
2364 2700 2529 2756 modo
2560 2698 2627 2753 ad
2659 2712 2851 2751 verum
2882 2691 3086 2750 summi
3116 2690 3249 2771 boni
3291 2688 3570 2744 tramitem
3604 2687 3766 2742 ﬂexi-

2130 2796 2381 2861 biliores,
2437 2791 2622 2847 suavis
2674 2787 2918 2861 alloquio
2976 2782 3373 2858 persuasionis,
3441 2788 3507 2835 ut
3556 2781 3766 2851 spretis

2136 2888 2342 2960 quibus
2390 2885 2607 2956 decepti
2674 2882 2911 2938 fuissent
2955 2878 3229 2934 idolorum
3278 2873 3643 2950 imaginibus,
3696 2873 3763 2927 ad

2137 2998 2282 3039 verae
2313 2992 2368 3038 et
2396 2978 2763 3043 inmutabilis,
2805 2989 3055 3032 crescere
3092 2972 3180 3028 vel
3220 2971 3398 3026 minui
3430 2969 3763 3033 nescientis,

2139 3093 2365 3151 semper
2403 3077 2450 3111 9°
2498 3072 2797 3138 manentis,
2842 3068 3141 3126 essentiam
3167 3065 3415 3132 Deitatis,
3462 3071 3687 3120 mentes
3713 3069 3766 3117 et

2137 3179 2264 3228 vota
2295 3186 2418 3225 cum
2449 3167 2559 3223 fide
2602 3164 2984 3228 inclinassent,
3016 3175 3274 3232 superna:
3307 3157 3587 3213 mercedis
3617 3156 3766 3210 bona

2064 3220 2114 3289 Ο
2138 3257 2513 3332 promittendo
2552 3220 2983 3316 inaestimabilia,
3024 3220 3469 3306 constantissime
3523 3245 3766 3301 adortari

2136 3370 2247 3410 non
2296 3352 2508 3409 destitit
2565 3349 2840 3416 Quosdam
2892 3361 3041 3402 vero
3073 3344 3262 3400 minus
3321 3341 3537 3414 peritiae
3603 3340 3766 3409 hujus

2134 3442 2431 3500 salutiferae
2469 3455 2724 3513 capaces,
2773 3436 2941 3494 corde
2991 3434 3264 3498 duriores,
3298 3446 3583 3503 sensuque
3636 3446 3765 3484 vera

2136 3534 2487 3610 intelligendi
2526 3532 2854 3596 desidiores,
2891 3530 3049 3598 juxta
3087 3526 3360 3582 monitum
3386 3522 3763 3595 apostolicum

2142 3632 2416 3696 oportune
2456 3621 2804 3678 cathezizans
2841 3618 2885 3654 ⁸⁷
2925 3626 3091 3690 atque
3149 3615 3451 3687 inportune
3500 3612 3765 3688 objurga-

2143 3729 2234 3778 tus
2281 3720 2349 3787 ⁸⁸,
2394 3718 2684 3787 utriusque
2710 3710 2862 3768 modi
2891 3710 2937 3745 9°
2964 3709 3268 3783 designans
3298 3706 3612 3780 praemium,
3670 3720 3765 3776 pro

2142 3814 2354 3871 viribus
2394 3810 2668 3877 conando,
2710 3818 3092 3879 quoscumque
3133 3800 3329 3873 potuit,
3363 3806 3475 3854 tam
3504 3796 3759 3853 ultronea

2144 3922 2310 3979 quam
2372 3907 2562 3959 coacta
2619 3899 2783 3954 etiam
2815 3894 3163 3960 invitatione,
3222 3892 3291 3947 ad
3332 3889 3504 3962 patris
3532 3887 3768 3942 familias

2145 3978 2382 4060 omnem,
2424 3991 2683 4049 omnibus
2733 3987 3017 4060 copiarum
3062 3980 3377 4054 sumptibus
3433 3978 3767 4034 habundan-

2144 4096 2279 4154 tem,
2311 4085 2468 4157 pulsa
2498 4082 2642 4138 fame
2680 4077 2962 4136 sacietatis
2990 4083 3213 4131 aeternae
3252 4071 3456 4142 gaudia
3498 4069 3765 4125 submini-

2147 4184 2411 4232 strantem
2433 4172 2523 4238 ¹⁰⁰,
2555 4162 2897 4243 conjungere
2921 4164 3156 4237 cupidus
3187 4160 3501 4235 properavit
3535 4158 3623 4213 '0'.

2221 4269 2276 4322 8.
2321 4267 2469 4322 Inter
2497 4262 2564 4298 ¹⁰²
2603 4276 2744 4316 mira
2774 4259 2941 4334 igitur
2963 4254 3303 4326 jejuniorum
3325 4250 3649 4306 clemosinis
3670 4249 3770 4307 ful-

2150 4360 2399 4436 gentium
2447 4363 2569 4412 acta
2599 4355 2705 4410 hoc
2752 4351 3039 4426 egregium
3070 4346 3334 4403 modesta:
3381 4344 3768 4400 consuetudini

2154 4431 2520 4505 saluberrimo
2547 4443 2743 4499 solitus
2772 4449 2857 4495 est
2885 4438 3178 4493 adnectere
3205 4433 3483 4504 exemplo,
3516 4431 3772 4488 videlicet

428 4553 488 4593 se
542 4538 777 4610 recepit,
821 4539 1122 4612 divinoque
1167 4556 1355 4596 amore
1409 4556 1541 4617 erga
1582 4543 1888 4612 proximum
1937 4561 2055 4601 ser-
2076 4603 2121 4617 ἢ
2154 4548 2214 4596 ut
2243 4538 2415 4595 divini
2449 4533 2824 4591 insinuatione
2852 4526 3129 4585 eﬁ'aminis
3149 4539 3319 4581 sacra:
3347 4522 3556 4580 mentis
3576 4521 3769 4577 intuitu

428 4631 607 4686 vando
638 4630 705 4699 ⁸⁵,
747 4630 851 4686 sub
881 4603 1058 4687 oculis
1089 4632 1208 4703 ejus
1246 4632 1450 4701 adﬁxo,
1471 4603 1801 4691 “reverenda
1828 4637 2057 4694 caritate
2076 4603 2128 4671 ί)
2158 4632 2320 4688 altius
2348 4634 2665 4701 perspecto,
2689 4623 2821 4697 quia
2848 4618 3181 4677 obedientiae
3209 4615 3385 4691 magis
3410 4630 3579 4686 quam
3609 4613 3772 4668 sacri-

430 4739 619 4780 secum
651 4740 748 4781 eos
790 4724 1058 4782 libentius
1096 4736 1517 4784 commanentes
1547 4731 1763 4787 curiose
1795 4732 2057 4806 benigni-
2162 4726 2270 4783 ﬁcii
2302 4727 2472 4780 Deum
2502 4722 2570 4757 ¹⁰³
2599 4716 2967 4791 comprobare
3016 4713 3217 4789 legitur
3269 4710 3627 4781 obsequium,
3658 4710 3773 4782 pips

436 4821 630 4886 terque
660 4814 935 4882 tractavit,
978 4830 1287 4888 eorumque
1329 4816 1378 4851 ⁸⁵
1409 4817 1620 4874 crebris
1657 4802 2060 4893 sacrisque—in-
2161 4835 2224 4875 ac
2249 4815 2596 4874 venerandos
2620 4827 2803 4869 mores
2824 4808 3122 4866 admodum
3153 4820 3425 4862 exornare
3452 4802 3751 4859 studuisset

1795 4946 2029 5010 VARI/Ii,
2042 4944 2419 5003 LECTIONES.

867 5044 912 5078 ⁷³
937 5043 1413 5122 pladicidissimus
1464 5047 1642 5122 (deest
1669 5050 1957 5122 mansi?
2066 5049 2113 5085 ⁷³
2151 5050 2223 5122 pl.
2286 5048 2405 5122 ipse
2442 5063 2487 5102 s.
2545 5044 2599 5102 3.
2705 5042 2751 5077 7‘
2891 5039 3097 5122 socios.
3132 5041 3182 5122 1Ῑ
3279 5037 3333 5122 :5
3363 5035 3767 5122 etndoctosﬁ.

962 5115 1157 5171 7deest
1352 5116 1405 5197 3n.
1470 5106 1935 5197 'Zﬁaddictus'3.
2037 5106 2165 5197 ⁷⁸οξ
2236 5106 2376 5197 8.”ἰ2
2444 5135 2493 5172 a.
2545 5133 2596 5172 e.
2668 5113 3099 5197 mediondesunt
3419 5106 3771 5197 8"’“accumiue

993 5187 1344 5265 persentiens
1369 5188 1420 5243 2.
1461 5259 1485 5265 _
1508 5189 1565 5265 εξ
1585 5188 1841 5265 Carceres
1871 5209 2097 5265 quoque
2136 5190 2405 5247 destruxit
2437 5198 2491 5245 et
2532 5182 3011 5265 omnia_patibula
3026 5180 3281 5265 succidit.
3310 5180 3375 5233 Μ.
3407 5249 3419 5260 0
3452 5180 3497 5212 ³⁸
3542 5195 3604 5265 ⁸ιι..
3629 5195 3683 5265 Β.
3720 5181 3768 5233 h.

382 5342 383 5345 η
442 5261 566 5345 ξιξ
592 5261 643 5345 ιλ
664 5258 917 5345 ἀεδξηςβ
995 5249 1421 5345 'Bftservandnurn
1456 5259 1509 5315 2.
1679 5264 1726 5345 εξ
1747 5249 2020 5345 erumqné
2071 5280 2209 5345 corr.
2254 5265 2651 5345 eorumquen}.
2701 5249 2841 5345 Ir"pf;
2870 5272 2916 5345 cn.
2979 5254 3135 5345 203:”
3166 5252 3298 5333 Nam
3327 5249 3596 5345 (ἶυίοίῖξξῖά
3629 5249 3681 5303 2-
3719 5268 3750 5321 (Ι

446 5327 669 5411 ῃαῃὶῖξε
751 5328 1126 5411 "uiuat-quietos
1154 5331 1220 5411 1._
1277 5330 1339 5411 .90
1368 5330 1659 5411 funeribus
1697 5335 1744 5411 l_.
1777 5320 2182 5411 voc._obsequii
2224 5320 2488 5403 suppleto:
2567 5330 2695 5411 “inv.
2727 5320 2841 5411 c.12
3009 5324 3321 5411 "lDenique
3348 5320 3771 5411 cum’hijpmne’s

441 5394 672 5517 gredicti
699 5391 948 5479 malivoli
980 5400 1126 5454 irent
1154 5400 1223 5454 ad
1275 5401 1675 5483 immolandum
1706 5405 1969 5461 deminiis
2006 5391 2180 5491 agnos
2231 5391 2398 5476 atque
2443 5401 2717 5474 porcellos
2746 5406 2804 5453 ut
2835 5399 3069 5453 ederent
3123 5412 3188 5450 ex
3219 5391 3308 5448 his
3368 5391 3769 5448 nefandissimis

486 5471 663 5517 ostiis.
696 5483 818 5517 inse
866 5478 1049 5517 autem
1078 5479 1508 5517 onnrtnmtamm
1555 5492 1795 5517 ηιιρι-ρηει
1824 5478 2091 5517 αηιιίηηιι
2135 5493 2195 5517 eo
2242 5476 2310 5517 ah
2345 5475 2427 5517 ρὶςι
2499 5471 2547 5517 Μ
2653 5471 2699 5507 93
2720 5470 3023 5517 asnexisset
3049 5468 3105 5517 Ξ.
3188 5467 3233 5500 9‘
3265 5472 3599 5517 conmeatus
3625 5463 3678 5517 2.
3720 5464 3763 5517 3.

444 5463 663 5579 ἔξοὲξξιε,
696 5469 818 5538 ipse
866 5478 1050 5526 autem
1078 5473 1509 5540 oportunitatem
1555 5492 1795 5579 querens
1824 5463 2095 5534 subtraxit
2135 5493 2195 5531 se
2242 5463 2321 5530 ab'
2345 5463 2458 5529 eis.‘
2499 5471 2567 5527 Μ.
2653 5471 2699 5507 9³
2720 5470 3023 5541 aspexisset
3049 5468 3105 5531 2,
3188 5467 3233 5500 9‘
3265 5472 3599 5537 conrogatus
3625 5463 3678 5517 2.
3720 5464 3763 5518 3.

595 5550 681 5579 em
738 5539 768 5579 ί)
845 5541 877 5579 2
981 5541 1027 5575 96
1056 5555 1388 5579 αρηιηοι-ηιιο
1420 5544 1452 5579 Q
1549 5548 1570 5579 9
1625 5548 1969 5579 ηιηοηηζηηηι-
2032 5566 2155 5579 nm...
2210 5546 2558 5579 ησηιπνιῖηαιηε
2613 5544 2635 5579 4
2725 5539 3099 5579 natat-ivnan
3200 5538 3245 5572 93
3266 5536 3573 5579 nhinrn‘nns
3621 5535 3653 5579 Ξ
3721 5536 3763 5579 3.

446 5535 492 5638 ἒξ
844 5541 950 5638 3ml
981 5541 1027 5575 9“
1056 5544 1496 5638 εῖιθῐηρεεςᾳιιθηξξ.⁸
1549 5535 1592 5580 ⁹¹¹
1624 5548 1973 5605 chalezizans
2029 5566 2167 5605 com
2210 5546 2561 5638 catheziz‘ans
2613 5544 2663 5598 1.
2725 5535 3034 5597 οείροίῑεηε
3064 5539 3099 5593 2
3148 5538 3245 5638 ’³⁷⁸
3266 5535 3583 5638 οξὶυτέδηῖ
3621 5535 3765 5638 9~l3~

979 5626 1188 5638 manu...
1483 5633 1536 5638 -_.
1579 5619 1775 5638 ωαψς-
1841 5637 1848 5638 ,
1971 5629 1981 5638 .
2106 5637 2114 5638 ,
2155 5620 2276 5638 -.μ-
2339 5633 2444 5638 At---
2475 5616 2597 5638 --ζμ
2652 5612 2975 5638 νυνδὴ-ηιμ..
3034 5610 3138 5638 ..σοι
3186 5626 3254 5638 ...ι
3342 5607 3505 5638 ἶι-ἱηςιι
3592 5607 3765 5638 anime

517 5618 675 5731 ῗυΡςε
737 5609 788 5660 1·
883 5611 1217 5691 190970311171.
1250 5607 1328 5695 1-:
1392 5615 1540 5671 it"in
1570 5619 1784 5692 gremio
1834 5629 2035 5676 sanctae
2092 5620 2279 5675 matris
2336 5616 2599 5671 aecclesic
2648 5612 2979 5669 constitutos
3032 5610 3254 5665 assidue
3302 5607 3508 5662 divinis
3551 5607 3769 5677 dapibus

548 5692 625 5731 ne
670 5686 744 5731 at.
773 5680 858 5731 vel
916 5697 971 5731 in
1004 5679 1252 5731 tabernis
1275 5682 1536 5731 bibentes;
1564 5696 1614 5731 ρι
1642 5705 1669 5731 α
1702 5690 1948 5731 Ληηινῐηο
1983 5692 2307 5731 "molianan
2359 5687 2539 5731 ςιριίπι
2595 5685 2721 5731 ilan
2750 5698 2960 5731 mensa!
3014 5696 3221 5731 nronos
3249 5678 3509 5731 alligans.
3538 5678 3767 5731 districto

445 5678 890 5769 ξιξξΐξξὺξξζδὲΑ
902 5679 1252 5769 tabernis
1268 5682 1536 5769 bibentes
1564 5678 1618 5769 ξι
1642 5705 1674 5745 a
1702 5690 1953 5769 doctrina
1982 5692 2327 5769 recedentes,
2350 5687 2541 5769 _statim
2595 5685 2721 5769 illos
2750 5698 2960 5769 mensae
3014 5696 3221 5752 pronos
3249 5678 3509 5750 alligans,
3538 5678 3767 5733 districto

449 5742 638 5819 ﬂagris
665 5742 994 5805 verberabat
1023 5749 1236 5805 multis.
1268 5753 1336 5808 Μ.
1435 5742 1502 5793 ποί
1523 5742 1670 5817 inter
1690 5742 2071 5820 obﬁi'i'ﬁéééi
2084 5742 2303 5819 lin—ll”
2318 5742 2618 5815 dominum
2648 5757 2689 5811 ι.
2723 5773 2773 5812 c.
2804 5755 2855 5809 2.

508 5043 550 5076 '”
584 5042 641 5097 in
704 5042 760 5098 2.

437 5114 484 5149 ⁷⁸⁵
515 5114 771 5183 perduxit
799 5117 847 5170 1.

442 5186 461 5238 1
524 5184 566 5219 ⁸⁷
596 5184 731 5241 υῐ2.
765 5187 818 5241 3.
914 5187 960 5221 ⁸²

2705 5042 2751 5077 ⁷⁸
2782 5042 2838 5097 in
2891 5039 3076 5097 socios
3132 5041 3182 5094 1.
