3902 6396
132 408 252 463 929

1218 402 1366 457 VITA
1405 401 1810 457 VENCELLAVl
1848 401 2041 457 θυαε
2084 401 2417 458 ΒΟΗΕΜΙᾸΞ.

3387 407 3492 461 930

134 534 409 599 Quoniam
435 533 502 568 ¹⁰⁴
542 532 815 588 redeunte
864 546 964 602 per
992 545 1207 585 annuas
1233 530 1381 584 vices
1406 529 1655 603 legitimo
1682 546 1772 583 ar-
1798 538 1850 603 Α
1873 530 2052 585 solum
2084 529 2373 596 clientulo,
2429 527 2690 596 infusum,
2743 528 3127 600 secretiusque
3165 529 3489 600 repositum,

135 627 269 680 duae
308 624 715 680 observationis
730 622 969 692 jejunio,
992 637 1149 675 sacer
1180 621 1297 692 ipse
1323 621 1565 689 juvenis,
1599 636 1772 675 saecu-

137 717 356 771 laribus
372 716 627 787 quamvis
658 715 729 769 ob
756 714 1001 789 regimen
1030 711 1277 785 negociis
1300 712 1431 766 haut
1461 728 1582 767 raro
1612 711 1773 765 fuerit

138 812 491 881 interceptus
513 810 602 874 ‘0‘,
668 808 962 863 indefessis
1017 814 1199 861 tamen
1255 806 1587 872 orationum,
1623 806 1773 877 larga

138 904 293 960 inter
321 920 600 977 pauperes
656 902 1072 975 dispensatione
1126 902 1450 967 volantium,
1504 901 1771 972 Operibus

137 994 398 1068 singulos
417 1009 586 1065 quam
604 1000 938 1047 veneranter
970 991 1311 1061 perduxit'“
1340 990 1479 1045 dies.
1511 990 1773 1045 Noctibus

135 1096 330 1143 autem
354 1087 713 1143 serenissimo
746 1086 957 1140 instans
991 1085 1301 1158 pervigilio,
1336 1084 1478 1138 lenis
1500 1084 1775 1139 inmemor

134 1178 587 1250 soporis,primo
604 1177 812 1249 quietis
843 1183 1128 1230 nocturnae
1156 1176 1455 1229 conticinio
1483 1175 1569 1241 ¹⁰⁷,
1589 1184 1774 1245 spreto

133 1273 412 1347 fulgentis
436 1279 612 1327 stratu
667 1271 885 1335 cubilis,
928 1270 1068 1324 clam
1128 1270 1329 1323 ceteris
1387 1269 1456 1323 de
1508 1270 1668 1324 thoro
1710 1270 1777 1303 ¹⁰⁸

130 1366 343 1440 surgit,
378 1380 613 1435 puerum
645 1362 1020 1418 cubicularem
1064 1361 1263 1415 tacitus
1314 1361 1379 1395 ¹⁰⁹
1438 1361 1658 1425 excitat,
1691 1377 1780 1416 co-

134 1456 415 1513 dicellum
469 1454 714 1510 manuali
772 1453 1084 1525 frequentia
1114 1469 1376 1523 rugosum
1408 1453 1591 1524 eripit,
1623 1453 1776 1524 pala-

136 1546 287 1601 tium
357 1544 565 1600 nesciis
618 1543 944 1598 custodibus
1004 1558 1282 1616 egressus,
1346 1542 1553 1597 comite
1596 1543 1773 1597 solum

133 1638 441 1700 clientulo,
484 1651 681 1707 aspera
721 1635 989 1690 montium
1039 1633 1347 1700 cacumina,
1404 1634 1627 1688 vallium
1660 1635 1775 1689 exi-

132 1729 303 1803 tialia
334 1728 403 1763 “°
460 1726 788 1798 praecipitia,
839 1726 1287 1781 diverticulorum
1347 1741 1411 1780 ac
1456 1726 1774 1781 semitarum

136 1818 408 1888 lapillosa
448 1816 533 1871 vel
556 1816 738 1890 glacie
769 1815 1048 1871 horrentia
1087 1815 1234 1869 inter
1260 1815 1512 1870 civitates
1556 1816 1772 1882 itinera,

1876 622 2227 677 considerata
2256 622 2655 691 oportunitate,
2706 621 2849 676 inter
2877 620 3111 675 clericos
3160 623 3496 692 conprovin-

1876 713 2039 767 ciales
2070 728 2195 766 cum
2226 711 2444 777 oblatis,
2490 727 2632 782 quas
2672 710 2877 764 missali
2907 710 3217 766 celebritati
3252 712 3318 745 ¹²⁸
3368 728 3496 783 pro-

1874 801 2115 857 videndo
2156 801 2276 872 ipse
2305 800 2600 872 coquebat,
2631 800 2733 854 sub
2780 800 2919 853 mira
2968 800 3281 855 divinorum
3340 818 3497 857 com-

1875 891 2143 945 munione
2176 891 2241 923 ¹²⁵
2269 888 2573 944 distribuit.
2635 888 2673 943 0
2694 887 3084 943 indissolubile
3124 889 3271 944 circa
3303 897 3497 960 pectus

1872 982 2239 1039 castissimum
2272 979 2400 1035 ﬁdei
2432 980 2769 1036 inviolabilis
2791 979 3071 1035 vinculum
3108 978 3179 1035 lO
3202 980 3496 1035 laudabilis

1874 1076 2208 1151 obedientiae
2266 1083 2594 1130 sectatorem
2648 1072 3105 1129 devotissimuml
3142 1074 3181 1128 Ο
3231 1074 3499 1146 principis

1877 1171 2070 1225 miram
2124 1169 2514 1234 humilitatem,
2570 1168 2914 1223 servulorum
2979 1169 3044 1200 ¹²⁶
3098 1166 3281 1222 ofﬁcia
3325 1169 3499 1224 divini

1878 1260 2084 1316 amoris
2113 1258 2377 1313 instinctu
2411 1257 2600 1312 subire
2632 1273 2743 1313 non
2802 1257 3102 1327 pudentem
3130 1256 3143 1310 l
3176 1257 3276 1321 Qui
3300 1258 3501 1313 mentis

1881 1352 2054 1406 ardua
2111 1350 2587 1421 contemplatione
2635 1349 2882 1404 caelestia
2938 1365 3060 1420 qua:
3127 1350 3293 1404 corde
3328 1351 3504 1405 tenuit

1881 1441 2116 1495 intuitus
2174 1439 2236 1473 “7
2282 1438 2542 1504 archana,
2621 1438 2975 1493 reverendam
3031 1454 3095 1491 ac
3151 1438 3497 1494 salutiferam

1876 1529 2140 1585 dominici
2198 1531 2448 1600 corporis
2482 1537 2536 1584 et
2588 1530 2875 1602 sanguinis
2935 1529 3290 1584 collationem
3340 1536 3493 1585 tanto

1876 1627 2168 1676 veneratus
2187 1629 2270 1674 est
2300 1637 2364 1675 ac
2420 1621 2612 1675 dilexit
2642 1620 2935 1691 obsequio,
2980 1628 3041 1675 ut
3090 1620 3376 1676 libaminis
3431 1622 3496 1655 ¹²¹¹

1876 1712 2048 1768 cultui
2075 1712 2334 1777 caelestis,
2365 1712 2659 1767 criminum
2712 1710 2967 1785 contagia
3018 1711 3354 1771 mundantis.
3386 1727 3495 1767 non

1878 1802 2005 1857 ﬁdei
2033 1804 2381 1857 solummodo
2411 1803 2700 1857 militasset
2743 1801 3075 1868 constantia,
3117 1818 3305 1856 verum
3332 1805 3497 1857 etiam

133 1868 416 1965 corntinua
455 1868 792 1980 psalinorum
851 1915 1269 1978 ceterarumque
1315 1923 1541 1978 precum
1573 1909 1774 1963 recita-
1803 1868 1851 1935 Β
1875 1895 2041 1950 fontis
2068 1895 2442 1966 purgatissimi
2501 1894 2774 1950 exteriore
2833 1894 3003 1947 instar
3035 1893 3239 1947 servuli
3266 1895 3502 1966 agrestis

135 1999 316 2053 cioue
347 1997 586 2067 nudipes
614 1995 934 2071 singulatim
967 1995 1247 2050 aecclesias
1277 1996 1622 2066 quaeritando
1645 2012 1773 2067 per-

136 2088 442 2143 lustrabat.
476 2087 536 2141 In
565 2093 777 2141 tantum
808 2086 996 2156 itaque
1010 2086 1194 2140 carnis
1225 2084 1584 2141 afflictionem
1609 2087 1774 2141 suffe-

137 2197 282 2238 rens
312 2183 401 2247 ίίί,
434 2190 495 2237 ut
521 2181 711 2235 scissis
748 2180 958 2235 teneris
1011 2181 1079 2214 ¹¹²
1110 2180 1332 2251 plantis,
1376 2197 1539 2237 cruor
1560 2181 1777 2238 defluus

138 2272 387 2343 sparsim
423 2277 674 2326 notasset
727 2271 982 2344 vestigia.
1020 2270 1250 2325 Domum
1279 2279 1465 2327 autem
1496 2288 1775 2340 reversus,

143 2379 282 2436 quas
311 2379 473 2418 mens
504 2362 739 2417 interius
760 2362 934 2436 gessit
961 2361 1079 2432 ipse
1106 2362 1534 2430 dissimulando,
1566 2366 1778 2435 princi-

144 2456 364 2527 palium
398 2455 529 2510 item
558 2455 808 2510 testibus
865 2463 1315 2510 ornamentorum
1356 2456 1497 2511 solio
1529 2458 1779 2513 residens

142 2546 427 2613 induitur,
457 2547 557 2601 sed
588 2561 717 2601 caro
746 2546 1114 2601 mundissima
1142 2546 1364 2602 cilicino
1412 2549 1607 2604 subtus
1641 2566 1777 2605 acu-

144 2643 308 2697 mine
338 2641 673 2697 dissulcatur
714 2641 800 2695 “3.
836 2640 1033 2696 Messis
1069 2642 1235 2695 etiam
1285 2643 1592 2699 inminente
1616 2652 1775 2713 aestu,

145 2739 274 2786 tuto
305 2730 486 2785 noctis
532 2728 756 2784 silentio
796 2745 897 2800 per
945 2730 1185 2803 agellum
1249 2731 1412 2786 tritici
1444 2734 1779 2805 jmanipulos

147 2825 278 2894 ipse
308 2821 566 2877 falcicula
591 2822 659 2857 ¹¹⁴
712 2822 1027 2887 succidens,
1060 2823 1327 2895 gravique
1357 2823 1506 2879 fasce
1540 2827 1779 2897 propriis

147 2915 450 2986 impositos
489 2912 757 2980 humeris,
790 2914 848 2967 in
874 2914 1174 2969 secretiore
1238 2915 1305 2949 ¹¹⁶
1336 2916 1535 2971 domus
1578 2918 1783 2992 angulo

147 3004 469 3069 abscondit,
500 3002 826 3074 ibidemque
852 3002 1143 3067 trituratis,
1177 3009 1233 3057 et
1252 3003 1398 3058 inter
1442 3020 1573 3060 saxa
1603 3008 1785 3064 tritico

148 3094 334 3149 fracto
358 3109 424 3148 ac
452 3092 834 3166 purgamentis
864 3091 1178 3165 agrestibus
1206 3093 1275 3147 ad
1306 3094 1569 3149 mundam
1590 3111 1788 3152 excus-

148 3183 377 3239 sionem
439 3198 471 3236 a
528 3181 734 3237 sanctis
798 3181 1057 3236 manibus
1123 3181 1298 3252 ipsius
1356 3184 1424 3219 ¹¹⁶
1488 3185 1787 3259 diligenter

148 3276 424 3342 cribrato,
476 3291 603 3330 cum
660 3275 830 3331 fontis
883 3276 1208 3346 aspersione
1266 3294 1431 3349 quem
1482 3280 1601 3351 ipse
1630 3283 1783 3339 solus

150 3374 436 3439 praesente
466 3372 675 3421 tantum
735 3366 970 3437 puerulo
1027 3382 1152 3422 cum
1182 3367 1339 3438 ydria
1366 3369 1434 3403 ¹¹⁵
1464 3371 1783 3440 producens

150 3472 301 3512 verte
329 3455 620 3510 Trinitatis
638 3455 989 3511 invocatione
1028 3456 1290 3529 signavit,
1323 3458 1467 3513 hanc
1489 3458 1782 3517 farinulam

152 3562 342 3602 massa
370 3547 440 3581 ¹¹⁸
470 3546 708 3601 naturali
771 3553 1093 3620 congestam
1156 3545 1212 3600 in
1242 3547 1385 3602 libas
1423 3549 1781 3616 sacriﬁcales,

149 3639 509 3695 sacerdotum
541 3637 799 3693 manibus
847 3636 1181 3705 offerendas,
1234 3639 1328 3694 ille
1376 3643 1601 3713 proprio
1661 3660 1787 3699 ma-

153 3747 336 3787 nuum
358 3730 550 3786 labore
571 3730 737 3802 coqui
785 3730 1027 3801 parabat.
1064 3730 1308 3786 Necdum
1339 3740 1523 3788 autem
1573 3751 1792 3791 secum-

152 3825 440 3897 deputans
466 3824 758 3878 missarum
800 3839 862 3877 se
920 3824 1259 3879 satisfecisse
1290 3826 1658 3897 sollempniis,
1691 3830 1792 3884 sed

151 3916 523 3981 obedientiae,
580 3930 746 3987 quam
802 3915 1071 3970 divinitus
1137 3916 1249 3987 jam
1305 3917 1501 3973 didicit
1554 3920 1795 3977 victimis

158 4008 332 4063 laude
392 4006 709 4077 praelatam,
761 4021 960 4078 sapore
1015 4007 1322 4063 delectatus
1360 4048 1377 4073 ,
1424 4009 1568 4064 inter
1619 4025 1796 4065 annos

158 4112 463 4169 processus
481 4096 821 4153 adveniente
848 4097 917 4132 ¹¹⁹
942 4097 1244 4164 vindemia,
1277 4100 1589 4154 clanculum
1618 4102 1795 4157 accito

158 4187 356 4242 nimias
419 4185 704 4242 ﬁdelitatis
750 4186 864 4255 jam
908 4187 1057 4243 dicto
1110 4190 1335 4260 sequaci
1394 4191 1483 4255 "0,
1505 4192 1793 4246 vinearum

157 4286 325 4348 septa
348 4283 515 4331 noctu
548 4274 872 4331 transiliens
899 4277 985 4341 ¹²¹,
1022 4277 1320 4334 fiscellulas
1357 4280 1606 4351 utrisque
1629 4281 1794 4337 dorso

160 4370 556 4441 dependentes
582 4370 827 4444 gravidis
853 4370 1095 4442 implens
1127 4371 1381 4438 racemis,
1412 4374 1667 4428 cellulam
1698 4390 1796 4445 pa-

160 4459 302 4514 latio
327 4458 687 4515 remotiorem
717 4460 938 4531 sibique
970 4460 1109 4515 adeo
1135 4476 1319 4515 caram
1350 4460 1492 4517 furto
1528 4462 1794 4519 laudabili

162 4551 380 4608 revisit.
417 4553 639 4608 Interim
696 4553 979 4624 hospitioli
1029 4553 1239 4609 foribus
1290 4556 1681 4630 repagulorum
1729 4557 1797 4592 ¹²²

162 4655 332 4705 cauta
359 4648 608 4720 undique
651 4649 909 4705 clausura
970 4652 1221 4718 munitis,
1273 4651 1331 4705 in
1358 4666 1454 4707 vas
1507 4652 1638 4707 huic
1658 4664 1793 4707 con-

162 4755 368 4816 gruum
403 4739 758 4796 vindemiolas
796 4757 933 4796 uvas
979 4741 1188 4812 pistillo
1217 4750 1533 4808 conterens,
1568 4759 1799 4815 expres-

163 4846 347 4904 soque
368 4831 535 4887 musti
576 4839 768 4889 tenero
820 4832 1057 4905 liquore,
1096 4849 1200 4904 per
1235 4834 1369 4890 linei
1401 4835 1605 4891 saeculi
1636 4852 1801 4891 mun-

165 4925 300 4979 dam
348 4924 714 4981 snbtilitatem
767 4927 1177 4984 studiosissima
1236 4936 1509 4985 castarum
1567 4929 1637 4965 ¹²³
1692 4932 1801 4985 ἰηι-

167 5012 465 5083 pressione
493 5030 758 5071 manuum
790 5016 1095 5086 excolavit;
1130 5017 1325 5090 sicque
1355 5018 1541 5086 diotaz,
1574 5019 1800 5076 conscio

1877 1986 2065 2042 labore
2088 2002 2151 2041 ac
2189 1987 2277 2056 pia
2309 1986 2609 2059 largicione
2653 1986 3003 2041 sacerdotum
3034 1985 3287 2059 religioni
3323 1986 3494 2041 sorti-

1876 2085 1964 2134 tus
1991 2079 2058 2113 ¹²⁹
2087 2079 2205 2149 ipse
2224 2077 2434 2133 fuisset.

1949 2202 2155 2275 9.‘Non
2183 2220 2352 2275 latere
2383 2228 2565 2274 autem
2600 2218 2897 2294 benignam
2926 2219 3042 2273 veri
3081 2226 3385 2274 amatorum
3417 2218 3505 2273 in-

1879 2312 2181 2367 tentionem
2214 2310 2349 2365 utile
2381 2309 2651 2375 ducimus,
2685 2309 2947 2379 quoniam
2989 2309 3223 2363 honesta
3254 2322 3501 2379 quorun-

1879 2403 2005 2456 dam
2055 2401 2344 2466 relatione,
2399 2398 2705 2453 futurorum
2746 2404 2897 2451 certa
2956 2396 3226 2468 praesagia
3281 2396 3501 2451 coelitus

1874 2492 1985 2561 jam
2018 2491 2239 2545 doctum
2265 2490 2530 2558 juvenem
2560 2488 2627 2523 ¹³⁰
2682 2489 2739 2542 in
2772 2488 2980 2543 crebris
3032 2503 3162 2562 erga
3191 2504 3279 2542 res
3304 2489 3501 2542 huma-

1881 2600 1980 2638 nas
2006 2583 2299 2637 eventibus
2334 2583 2399 2617 ¹³¹
2431 2582 2717 2652 praescisse
2747 2597 2811 2636 ac
2858 2580 3210 2635 familiarium
3253 2595 3403 2651 saepe
3434 2580 3501 2614 ¹³²

1880 2670 2009 2727 fidei
2038 2688 2138 2743 per
2201 2686 2372 2726 novos
2428 2686 2656 2725 casuum
2715 2677 2954 2729 terrores
2989 2669 3355 2740 praesignasse
3406 2685 3503 2723 ex-

1882 2765 2022 2836 perti
2045 2780 2238 2818 sumus
2264 2763 2370 2834 ‘33].
2408 2761 2574 2833 Cujus
2622 2762 2754 2818 doni
2810 2760 3189 2816 memorabilis
3207 2760 3504 2834 gloriosam

1885 2856 2031 2910 inter
2054 2862 2135 2910 tot
2164 2853 2557 2909 miraculorum
2614 2853 2892 2924 praeconia
2939 2852 3308 2915 mentionem,
3366 2849 3509 2904 scri-

1886 2943 2070 2999 bentis
2096 2959 2208 2999 non
2234 2944 2427 2998 reticet
2478 2942 2789 2996 humillima
2843 2941 3066 2997 devotio
3112 2939 3287 3011 ;qnia
3309 2938 3511 2994 divini-

1888 3044 1978 3092 tus
2007 3043 2198 3108 aperta
2225 3037 2462 3102 visione,
2493 3034 2673 3090 noctis
2694 3034 3016 3100 conticinio,
3060 3033 3198 3088 forte
3220 3031 3509 3099 cujusdam

1890 3128 2088 3184 atrium
2119 3127 2428 3199 presbyteri
2454 3126 2606 3181 Pauli
2658 3126 2745 3192 ια,
2804 3126 2953 3196 quod
2980 3121 3220 3179 amomis
3249 3129 3305 3177 et
3334 3122 3508 3178 vastis

1810 3227 1860 3296 Ο
1882 3221 2083 3276 aedium
2110 3219 2356 3274 munitur
2383 3218 2705 3283 ambitibus,
2738 3217 2843 3270 sub
2873 3216 3049 3271 sancti
3086 3216 3309 3284 Deoque
3349 3214 3504 3283 pleni

1883 3314 2206 3371 Vence'zlavi
2276 3314 2342 3348 ¹³⁵
2398 3312 2700 3368 clarissimo
2750 3310 2969 3377 obtutu,
3022 3311 3172 3366 omni
3235 3310 3506 3365 moenium

1884 3407 2033 3463 cultu
2065 3406 2346 3460 desertum
2379 3413 2435 3460 et
2464 3405 2720 3458 humanas
2749 3403 3022 3474 passionis
3054 3402 3121 3437 ¹³⁶
3151 3401 3510 3457 habitacione

1887 3494 2115 3551 omnino
2174 3493 2483 3564 comparuit
2531 3492 2792 3548 alienum.
2855 3492 3009 3556 Quod
3057 3491 3316 3546 videlicet
3369 3490 3510 3561 ipse,

1893 3586 2051 3660 pulsa
2080 3586 2260 3641 somni
2288 3584 2526 3640 carnalis
2575 3584 2863 3657 gravitate,
2911 3583 3095 3639 cordis
3137 3599 3238 3653 spe
3267 3580 3515 3637 ulatione

1894 3679 2203 3753 pervigiliis
2230 3679 2294 3714 ¹³⁷
2327 3677 2610 3740 excitatus,
2647 3676 2901 3748 quisdam
2933 3678 3023 3742 ¹³⁸,
3067 3692 3191 3748 quae
3218 3675 3337 3731 visa
3363 3684 3514 3737 sunt,

1894 3771 2157 3843 prudenti
2186 3785 2444 3826 sermone
2486 3770 2864 3837 innotescens,
2921 3767 3275 3839 subindeque
3302 3765 3436 3838 quid
3452 3766 3518 3801 ³³⁸

1894 3866 2083 3921 verius
2131 3864 2373 3920 futurum
2435 3865 2583 3920 edita
2617 3864 2730 3933 jam
2778 3862 3204 3934 pronunciasset
3249 3861 3518 3924 cetensio,

1897 3958 2251 4031 prophetanti
2309 3958 2378 3992 ¹⁴⁰
2426 3973 2523 4013 ore
2583 3958 2922 4024 edisserens,
2965 3965 3297 4013 convocatos
3324 3956 3519 4025 hujus-

1896 4047 2048 4103 modi
2067 4047 2234 4102 dictis
2263 4047 2564 4119 alloquitur
2593 4064 2607 4102 :

1970 4210 2058 4266 10.
2100 4230 2125 4262 α
2155 4210 2335 4266 Thoro
2369 4225 2457 4265 me
2474 4208 2859 4276 accubantem,
2884 4208 3077 4264 dulces
3092 4206 3254 4264 amici
3285 4223 3516 4280 vosque,

1895 4315 1930 4356 o
1957 4299 2258 4355 familiares
2304 4299 2578 4363 clientuli,
2620 4299 2803 4355 noctis
2855 4297 3077 4353 silentio
3107 4296 3291 4370 gravis
3318 4305 3373 4351 et
3410 4296 3520 4352 alta

1898 4390 2125 4445 sustulit
2166 4389 2641 4461 visio;quoniarn
2700 4387 2851 4443 Pauli
2921 4385 3212 4457 presbiteri
3242 4386 3514 4457 porticum

1897 4484 2012 4534 tota
2036 4476 2400 4533 aediﬁciorum
2460 4476 2803 4532 sublimitate
2833 4490 2897 4530 ac
2939 4474 3224 4530 hominum
3255 4474 3406 4530 cultu
3437 4474 3523 4530 vi-

1897 4569 2093 4625 debam
2126 4568 2350 4638 penitus
2376 4566 2700 4622 desolatam.
2734 4565 2849 4630 Quo
2875 4564 2994 4619 viso
3012 4571 3244 4620 maestus
3265 4564 3518 4631 dejicior,

1898 4676 1962 4715 ac
1990 4661 2222 4715 interna:
2250 4672 2354 4729 pro
2383 4658 2480 4712 Dei
2511 4655 2774 4712 ﬁdelibus
2815 4654 3211 4712 sollicitudinis
3269 4654 3524 4710 molestia

1899 4754 2244 4805 eonsternor.
2268 4746 2377 4802 Sed
2407 4752 2591 4801 tamen
2630 4754 2692 4800 ut
2739 4745 3011 4800 immensa
3045 4743 3298 4800 omnium
3329 4744 3522 4819 cogni-

1900 4838 2035 4895 toris
2062 4836 2271 4908 pietate
2301 4834 2358 4889 in
2387 4850 2566 4906 Spem,
2597 4849 2707 4907 qua
2735 4832 2989 4889 credenti
3027 4838 3226 4888 cuncta
3254 4831 3319 4866 ¹⁴¹
3353 4845 3521 4903 posse

1901 4928 2234 5001 promissum
2276 4935 2379 4998 est,
2408 4926 2733 4995 transferor,
2793 4926 2959 4996 hujus
2984 4924 3186 4981 somnii
3232 4924 3301 4959 ¹⁴²
3328 4923 3524 4979 verita-

1898 5029 2013 5079 tem
2042 5020 2373 5078 imminente
2396 5023 2509 5092 jam
2542 5035 2674 5077 casu
2728 5018 2798 5055 “3
2836 5016 3299 5091 pernoscendam,
3358 5017 3522 5074 claras

1540 5165 1763 5222 VARIIE
1791 5166 2063 5223 LECTlON
2070 5167 2172 5234 ES,

207 5283 316 5342 .¹⁰⁴
341 5298 417 5339 uo
442 5285 494 5339 1.
546 5285 701 5340 linem
750 5288 912 5341 initio
958 5289 1171 5343 omisso.
1235 5288 1303 5323 ¹⁰⁵
1358 5288 1613 5360 inceptus
1656 5290 1709 5345 1.

172 5356 366 5390 1091"”:
445 5363 531 5390 Ian
574 5356 610 5390 ο
686 5355 718 5390 Q
790 5358 858 5390 110
887 5357 1094 5390 ονῖθίιῖι
1136 5359 1155 5390 Ι
1239 5360 1302 5390 111
1354 5375 1378 5390 ο
1441 5376 1467 5390 ει
1547 5360 1583 5390 Θ
1641 5362 1708 5390 ll!

1977 5289 2130 5344 duxit
2163 5288 2215 5344 2.
2251 5288 2305 5354 3,
2358 5288 2423 5324 ¹⁰⁷
2455 5288 2599 5343 deest
2649 5287 2703 5340 2.
2743 5286 2840 5341 ubi
2870 5290 3163 5343 nocturno.
3198 5283 3265 5319 ¹⁰⁸
3290 5283 3435 5340 lecto
3463 5285 3518 5338 2.

1977 5360 2234 5390 ηηηηςΙ-ιηο
2283 5362 2305 5390 Α
2392 5359 2460 5390 HI
2517 5356 2853 5390 Αςαιηιιηαιιπ-
2900 5356 2924 5390 Α
3008 5356 3076 5390 ιιι
3128 5354 3388 5390 facninnlg
3469 5361 3490 5390 Ι

267 5371 390 5411 exc.
445 5363 533 5436 tae
655 5355 1098 5436 A3,A“‘l‘-exit_ilia
1239 5360 1320 5436 ιξξ-
1354 5375 1396 5436 s.
1440 5354 1504 5436 αξ
1532 5360 1601 5436 _2.
1640 5362 1708 5436 ξ¹²
1734 5360 1808 5436 _ci

1978 5360 2333 5436 eneribn_s_l.
2372 5359 2460 5436 _“’
2516 5356 2953 5436 disculcaturnl.
3008 5356 3076 5390 “‘
3128 5354 3393 5436 fasciculi}
3464 5361 3519 5436 1.

174 5428 242 5461 ¹¹⁶
298 5425 596 5498 secretiori
652 5427 703 5483 2.
746 5428 800 5485 3.
836 5429 904 5464 ¹¹⁶
964 5430 1088 5498 ejus
1141 5429 1195 5485 2.
1255 5430 1320 5465 ¹¹⁷
1385 5431 1583 5496 bidl‘ia
1634 5433 1687 5487 3-

1976 5448 2022 5486 se
2078 5432 2129 5484 1.
2199 5432 2265 5466 ¹¹⁰
2318 5431 2654 5486 adventante
2708 5430 2760 5494 2,
2820 5427 2889 5462 ¹²⁰
2946 5442 3186 5497 sequace
3237 5425 3293 5482 2.
3349 5425 3402 5483 3.
3462 5426 3517 5481 2.

177 5498 242 5533 ¹¹¹
279 5496 617 5574 properabat
647 5499 705 5553 in
738 5498 958 5574 vineam
986 5496 1140 5556 suam
1172 5517 1296 5574 cum
1330 5502 1587 5557 ministro
1639 5503 1813 5559 fideli.
1864 5504 1930 5560 Il.
1986 5504 2052 5538 ¹²²
2084 5501 2468 5574 repaculorum
2522 5500 2557 5554 2

175 5575 287 5624 tate
318 5571 370 5625 1.
402 5569 471 5604 ¹²⁵
496 5572 581 5624 ita

607 5573 870 5640 corrigo:
904 5572 1353 5629 commnnicione
1411 5573 1438 5628 1
1524 5573 1578 5629 2.
1637 5572 2161 5631 communicatione
2191 5574 2247 5641 3,
2305 5574 2373 5609 ¹²⁶
2424 5586 2709 5628 servorum

2652 5499 2719 5535 ¹²⁸
2765 5505 3067 5556 castrorum
3100 5499 3151 5553 1.
3183 5499 3250 5533 ¹²¹ο
3280 5498 3525 5554 celebri-

2780 5568 2837 5636 2,
2888 5569 2954 5604 1³⁷
3014 5569 3159 5625 deest
3196 5568 3251 5625 2.
3300 5568 3366 5605 ¹²⁸
3393 5585 3442 5625 c.
3475 5585 3524 5632 c,

175 5641 225 5715 1.
257 5640 333 5715 2.Δ
361 5639 430 5676 ¹²⁹
471 5641 620 5696 deest
673 5641 728 5715 2,
756 5641 1098 5715 2.77"°__deest
1120 5642 1178 5715 2.
1237 5644 1303 5715 ίδξί
1336 5644 1716 5701 evenientibus

2000 5639 2612 5715 saepe-miraculorum
2671 5642 2876 5715 (λίεειιητΔ
2921 5641 2977 5715 2.
3029 5640 3099 5715 “fl
3145 5657 3301 5715 e._s.
3334 5641 3527 5715 desunt

177 5714 229 5817 1°,
266 5711 447 5817 ξιίὲ.
485 5727 624 5817 p.113.
679 5712 735 5777 2,
772 5712 839 5749 1³⁸
893 5712 1206 5770 Weacezlai
1260 5714 1296 5770 2
1351 5731 1558 5817 smper
1613 5718 1682 5753 1³⁸
1743 5718 1890 5774 deest
1933 5716 1984 5772 2.
2048 5711 2162 5797 (tibi
2217 5712 2566 5783 habitationi)
2636 5711 2978 5784 possessioni

206 5816 209 5817 ,
268 5816 275 5817 ,
464 5799 559 5817 ηιιι
607 5782 801 5817 ...Αωηη
833 5785 868 5817 ο
948 5785 980 5817 ‘2
1034 5785 1101 5817 139
1151 5785 1296 5817 ιιι-ΛΑ
1355 5787 1391 5817 ο
1566 5787 1635 5817 uo
1699 5786 2064 5817 n-....|.nsn.nl.
2125 5787 2148 5817 Δ
2226 5787 2289 5817 1ι1
2352 5791 2509 5817 ,ιιι-ιιι,
2565 5783 2589 5817 ιΙ
2678 5784 2745 5817 182
2800 5784 2981 5817 σηενηηῖ

176 5779 232 5835 2.
265 5779 434 5860 3._“8
464 5779 803 5860 quibusdam
833 5785 888 5838 2.
946 5785 981 5860 3
1034 5785 1101 5820 ¹³⁹
1150 5785 1300 5859 quod
1355 5787 1410 5843 2.
1459 5779 1517 5844 3.
1566 5787 1635 5823 ¹⁴⁰
1699 5806 1717 5859 ι

1566 5787 1635 5823 ¹⁴⁰
1699 5779 2067 5860 prophetandi
2125 5787 2179 5854 1,
2226 5787 2289 5821 ¹⁴¹
2351 5791 2515 5841 cunta
2552 5779 2745 5839 ⁷1.’¹⁴²
2800 5784 2986 5841 somni
3040 5786 3063 5839 1

178 5853 444 5911 scendam
472 5853 773 5925 preposito
787 5869 919 5912 casu
941 5856 995 5911 1.

2636 5711 3010 5785 possessionis
3065 5710 3100 5769 3
3162 5712 3230 5785 {3?
3271 5709 3529 5785 pervigili

3080 5827 3092 5840 .
3153 5783 3222 5821 “3
3256 5783 3531 5854 superno—
