3902 6422
395 402 505 460 935
1542 379 1878 438 GUMPOLDI
1918 373 2211 431 EPISCOPI
2254 373 2593 430 MANTUANI
3633 376 3742 436 935

393 534 526 590 vitia
566 532 619 587 in
646 525 979 585 sanctissimi
1010 522 1111 579 viri
1144 518 1414 577 occultam
1445 531 1638 571 necem
1690 512 2011 583 eonjurato-
2036 514 2093 580 Α
2119 522 2239 562 rum
2262 513 2572 562 nostrarum
2600 512 2823 577 paratus
2848 512 3136 577 susceptor
3173 507 3530 579 clemensque
3557 508 3617 561 in
3648 524 3743 579 pa-

397 640 516 679 rum
543 622 761 675 beatam
793 615 957 671 futuri
989 612 1136 667 diem
1167 606 1399 679 trOphaei
1428 615 1553 660 ante
1597 602 1689 658 Dei
1720 599 2015 673 prasigna-
2116 600 2283 656 radisi
2321 599 2634 670 voluptates
2682 600 2944 671 dignetur
2982 597 3102 654 ﬁeri
3142 600 3455 665 subvector,
3488 602 3739 656 cordium

396 715 600 769 tionem
632 708 943 763 accelerare
994 701 1302 756 valuerunt.
1355 696 1540 750 Frater
1568 700 1751 747 autem
1786 689 2014 745 sceleris
2115 694 2242 747 imis
2269 692 2589 762 precemur!
2628 713 2648 743 ι
2696 692 3001 763 Statimque
3034 694 3403 763 postverbum
3430 695 3591 749 laetus
3620 694 3741 748 ebi-

395 806 451 860 in
501 818 626 858 eum
661 796 850 853 luendi
903 793 1035 848 satis
1091 788 1408 860 impatiens,
1450 791 1661 840 ceteras
1705 781 1929 837 fraudes
1958 779 2015 834 in
2116 780 2219 847 bit,
2252 780 2572 854 singillatim
2619 780 2685 814 ²¹⁹
2715 780 2976 835 omnibus
3024 780 3221 836 eodem
3271 796 3458 837 amore
3489 781 3744 855 singulos

398 897 519 966 ejus
555 893 762 950 caedem
793 904 901 944 non
931 886 1135 941 debere
1182 882 1360 936 visum
1388 886 1471 935 est
1497 876 1705 932 diutius
1756 889 2013 946 prosecu-
2118 874 2356 943 scyphos
2394 872 2464 906 ²²⁰
2502 872 2813 927 ebibendos
2842 872 3205 929 blandissimo
3246 874 3503 945 prOpinat
3528 874 3742 930 osculo.

401 963 583 1044 turum
618 986 707 1048 ’0‘,
740 995 931 1037 verum
980 992 1144 1031 unam
1186 973 1308 1027 aliis
1350 970 1620 1042 aptiorem
1652 966 1806 1021 nefas
1836 963 2020 1036 potius
2122 966 2436 1037 intrepidus
2486 974 2692 1034 autem,
2725 969 2960 1039 sumptis
2991 975 3098 1023 tam
3146 969 3376 1024 honeste
3408 970 3611 1040 epulis,
3666 969 3746 1023 uti

402 1073 661 1132 maturari
717 1088 749 1125 a
791 1086 849 1124 se
916 1066 985 1099 ’0“
1035 1063 1252 1120 cautius
1292 1062 1569 1114 inventam
1604 1054 1827 1126 delegit.
1887 1052 2020 1107 Nam
2123 1062 2311 1116 divino
2334 1063 2497 1130 jussu
2539 1078 2624 1115 res
2676 1060 2943 1126 differtur,
3004 1063 3227 1118 domum
3269 1062 3493 1118 inlaesus
3532 1060 3746 1116 revnsit.

400 1173 722 1223 cunctorum
754 1159 923 1215 armis
953 1155 1188 1211 vestium
1223 1157 1569 1208 contractura
1623 1147 1815 1202 dolose
1845 1145 2019 1198 laten-
2195 1154 2283 1209 19,
2318 1154 2504 1209 Noctis
2533 1160 2716 1208 autem
2760 1154 3042 1225 sequentis
3080 1155 3148 1188 ω
3202 1170 3401 1217 cursu;
3434 1154 3749 1209 orationum

404 1258 573 1325 tibus,
617 1238 987 1322 simulataque
1024 1264 1181 1320 pace,
1214 1260 1369 1300 amor
1398 1242 1499 1297 sub
1533 1240 1776 1295 fraterno
1826 1236 2020 1291 obtutu
2076 1240 2081 1247 ”
2125 1259 2190 1298 ac
2210 1243 2637 1298 elemosinarum
2671 1243 3045 1298 curiosissima
3062 1244 3131 1277 ²²²
3157 1244 3438 1299 desudans
3464 1243 3750 1306 instantia,

400 1348 556 1420 quasi
607 1358 774 1400 verus
828 1338 1072 1414 fingitur,
1127 1335 1222 1407 qui
1262 1331 1440 1406 magis
1487 1327 1726 1385 nocendi
1766 1326 2025 1382 facultate
2124 1334 2294 1391 futuri
2326 1335 2392 1368 ηπ
2424 1335 2702 1401 conscius,
2732 1336 2921 1391 monis
2962 1352 3062 1406 pro
3103 1335 3319 1391 Christo
3352 1337 3478 1405 jura
3507 1335 3621 1406 pali
3653 1334 3752 1388 de-

402 1434 699 1510 quaerenda
741 1436 1078 1487 monstratur
1101 1427 1190 1479 ²⁰⁶.
1852 1507 1862 1510 _
1926 1504 1940 1510 ᾳ
2126 1434 2288 1483 votus
2335 1429 2694 1497 pernoctavit.
2759 1429 3047 1484 Redeunte
3097 1438 3280 1484 autem
3322 1436 3445 1500 post
3473 1428 3756 1503 gallicinia

474 1527 561 1581 18.
620 1522 732 1577 Sub
782 1518 1070 1589 cujusdam
1128 1529 1257 1571 vero
1315 1512 1526 1568 festiva:
1584 1510 1695 1565 diei
1743 1504 2015 1563 exultabili

2215 1520 2469 1575 .tutinalis
2490 1521 2644 1575 hora:
2669 1519 2876 1587 officio,
2904 1520 3063 1591 pulso
3082 1521 3389 1595 signaculo,
3424 1536 3534 1576 non
3564 1521 3756 1592 segnis

412 1631 535 1678 ortu
560 1617 748 1674 infelix
777 1616 869 1670 ille
897 1611 1105 1668 fraudis
1126 1610 1337 1665 amicus
1366 1609 1589 1662 domum
1615 1603 1894 1676 Propriam
1919 1600 2029 1670 (27)
2130 1613 2311 1681 thoro,
2356 1623 2417 1668 ut
2439 1613 2550 1682 jam
2580 1621 2665 1668 est
2703 1613 2921 1679 solitus,
2974 1614 3291 1684 prosiliens,
3323 1614 3753 1685 aecclesiamque

405 1712 559 1767 omni
589 1710 1036 1762 arnamcnlorum
1059 1700 1239 1771 θυρίδι
1283 1714 1406 1769 qua?
1434 1696 1561 1751 1111ίο
1587 1694 1738 1769 genti
1766 1706 2026 1762 ιιιηίιιιθηι
2132 1708 2482 1779 properando
2506 1708 2808 1780 ingressus,
2841 1715 3061 1765 cantum
3102 1708 3483 1765 nocturnalem
3525 1708 3755 1764 laudes-

404 1802 577 1859 moris
618 1804 777 1855 erant
820 1794 1075 1851 habenda
1124 1792 1212 1855 ²⁰⁷ς
1264 1807 1428 1862 quam
1459 1787 1726 1888 δῑξιάίοδθ.
1763 1783 2028 1888 ξυιὲξάεξῖη
2055 1819 2106 1888 Β
2132 1817 2241 1871 que
2300 1801 2650 1857 matutinales
2688 1802 2939 1857 modesta
2991 1802 3271 1858 intentans
3311 1802 3756 1865 auscultacione,

402 1896 562 1961 fecit;
610 1892 922 1949 convivium
958 1889 1082 1959 plus
1111 1885 1274 1940 solito
1320 1881 1626 1955 parandum
1657 1877 1923 1933 ministris

2220 1898 2256 1945 it
2287 1891 2552 1962 plurimas
2582 1892 2873 1948 oraciones
2911 1892 3135 1947 domum
3167 1891 3326 1946 lassis
3356 1891 3626 1947 membris
3663 1891 3761 1946 ali-

403 1987 569 2052 dixit;
626 1983 834 2039 amicos
866 1980 969 2034 sub
1032 1973 1341 2048 hylaritatis
1370 1972 1558 2044 specie
1604 1966 1884 2032 invitavit;
1941 1983 1944 1990 ‘

2221 1986 2395 2034 intum
2455 1995 2652 2036 somno
2697 1980 2766 2014 ²²⁴
2802 1978 3121 2035 reﬁciendis
3151 1980 3454 2038 divertitur.
3498 1980 3762 2035 Rubente

407 2078 636 2149 siusque
676 2072 942 2146 principis
996 2068 1231 2140 supplex
1290 2066 1358 2099 ²⁰⁸
1418 2064 1697 2138 ingressus
1744 2060 2028 2131 palatium,
2125 2068 2236 2137 jam
2264 2069 2333 2102 “5
2365 2068 2600 2138 primum
2633 2084 2850 2135 aurora,
2883 2068 3181 2124 execrabili
3213 2070 3480 2125 memoria
3499 2070 3766 2124 scriben-

408 2168 680 2227 conviviis
713 2182 839 2221 eum
862 2164 1130 2218 interesse
1158 2157 1413 2213 fraternis
1442 2156 1620 2227 primo
1650 2152 1899 2208 omnium
1921 2168 1949 2222 q

2226 2160 2351 2214 idus
2369 2160 2653 2215 Bolezlaus
2664 2161 2735 2195 ⁹²⁶
2746 2162 2847 2216 viri
2859 2162 3033 2217 sancti
3046 2178 3362 2233 germanus,
3377 2164 3767 2234 perversitatis

408 2262 733 2336 dignaretur
764 2253 1094 2330 corrogavit.
1136 2251 1302 2320 Cujus
1330 2245 1743 2303 mansuetudini
1782 2242 2033 2316 quamvis
2133 2259 2345 2317 auctor,
2375 2267 2497 2322 qua;
2530 2252 2684 2322 prius
2713 2268 2863 2306 arma
2893 2258 3085 2307 contra
3122 2251 3477 2307 innocentem
3519 2252 3768 2308 iamnier

408 2334 560 2407 falsa:
586 2349 919 2422 Deodignus
945 2340 1368 2399 Vencezlaus209
1390 2338 1619 2393 multum
1651 2334 2030 2408 congaudens,
2133 2344 2497 2399 commoverit
2545 2344 2611 2377 an
2666 2360 2777 2400 non
2832 2344 3129 2410 inmemor,
3178 2360 3346 2415 specu
3403 2361 3513 2417 quo
3573 2344 3763 2410 ιεηηηφ

408 2459 577 2519 atque
628 2442 905 2500 consertis
936 2439 1175 2494 invicem
1231 2434 1510 2499 manibus,
1544 2432 1768 2486 domum
1800 2427 1869 2462 ²¹⁰
1898 2442 2032 2500 ςειιν
2135 2448 2289 2488 more
2349 2433 2563 2504 lupino,
2593 2449 2717 2488 cum
2769 2450 2834 2488 ex
2866 2434 3098 2489 adverso
3128 2451 3328 2508 agnum
3380 2434 3582 2491 furtive
3612 2437 3769 2491 lace-

409 2540 502 2595 dio
555 2539 855 2592 introeunt.
919 2532 1107 2604 Epulis
1164 2528 1535 2583 discumbunt.
1596 2524 1847 2595 Vinoque
1914 2526 2037 2591 post
2134 2524 2368 2579 randum
2424 2524 2602 2590 irruit,
2650 2524 2769 2596 ipse
2828 2541 2951 2580 cum
2991 2525 3203 2597 aliquot
3254 2527 3590 2598 sequacibus
3631 2529 3771 2582 huic

412 2630 639 2702 longum
691 2624 947 2696 quisdam
985 2622 1051 2655 ²¹¹
1085 2619 1350 2674 ferocium
1372 2616 1725 2673 convivarum
1752 2611 2033 2675 saturatis,
2138 2612 2334 2667 sceleri
2355 2611 2712 2683 comparibus
2733 2612 3032 2668 furibunde
3056 2629 3397 2686 progressus,
3427 2627 3774 2672 etmucrone

415 2701 566 2774 fraus
595 2716 835 2773 conflata
865 2714 961 2768 diu
994 2714 1164 2767 latere
1215 2710 1494 2773 nesciens,
1527 2723 1623 2763 eos
1655 2704 1813 2777 quasi
1841 2702 2038 2759 unani-
2142 2701 2480 2769 succinctus,
2522 2701 2639 2757 viro
2682 2702 2920 2773 simplici
2950 2704 3136 2758 media
3173 2703 3262 2758 via
3297 2704 3493 2759 obvius
3540 2706 3772 2761 restitit.

418 2808 584 2861 miter
614 2805 671 2859 in
725 2803 899 2858 sancti
931 2802 1035 2856 viri
1074 2816 1267 2855 necem
1321 2797 1593 2854 accendit.
1630 2795 1727 2861 Qui
1780 2792 2040 2859 malivoli,
2146 2796 2323 2863 Quem
2355 2804 2579 2852 sanctus
2604 2797 2722 2867 ipse
2750 2798 3041 2853 mitissima
3080 2799 3223 2854 inter
3248 2799 3537 2855 salutando
3566 2802 3635 2835 ²²⁸
3669 2802 3774 2856 he-

420 2896 785 2953 mucronibus
812 2900 965 2949 veste
1013 2892 1128 2960 jam
1161 2891 1344 2955 tectis,
1386 2896 1469 2944 ter
1499 2894 1809 2960 surgentes,
1852 2893 2043 2957 terque
2146 2887 2415 2960 nignitate
2437 2886 2505 2920 ¹²⁹
2529 2886 2602 2941 ita
2632 2887 2701 2921 ²³⁰
2726 2886 3064 2958 alloquitur:
3116 2908 3139 2937 α
3178 2886 3311 2955 Ave,
3336 2888 3499 2944 frater
3524 2891 3770 2947 dilecte!

413 2989 612 3042 iterum
637 2982 795 3056 quasi
830 2979 1243 3053 quodammodo
1268 2978 1394 3032 lassi
1423 2976 1649 3031 sedibus
1680 2992 1743 3030 se
1774 2974 2044 3030 inclinan-
2147 2982 2326 3051 grates
2368 2976 2653 3031 immensa:
2693 2975 2977 3031 dilectioni
3015 2985 3118 3032 tute
3148 2992 3179 3031 a
3231 2978 3391 3034 nobis
3416 2981 3526 3036 sint
3558 2984 3772 3049 relatae,

415 3086 498 3133 tes
526 3078 615 3144 '1’,
647 3075 860 3133 viribus
890 3074 1069 3129 saltim
1102 3073 1170 3107 “3
1198 3080 1253 3127 et
1289 3071 1510 3126 audatia
1537 3069 1766 3125 omnino
1791 3068 2041 3134 emolliti,
2145 3067 2277 3140 quia
2305 3066 2612 3123 honorifice
2650 3068 2921 3138 disposito
2952 3067 3017 3101 ²³¹
3068 3068 3185 3122 heri
3218 3070 3470 3127 convivio
3502 3072 3650 3128 bene
3676 3090 3775 3129 no-

412 3185 501 3247 eo,
528 3168 677 3241 quod
730 3167 976 3221 nondum
1027 3164 1294 3219 divinitus
1318 3163 1472 3231 jussa
1519 3161 1733 3218 venerit
1766 3161 2045 3232 passionis
2070 3193 2119 3257 Ο
2145 3155 2231 3211 bis
2264 3163 2318 3256 et
2346 3156 2500 3257 satis”
2511 3156 2763 3257 jucunde
2794 3156 2863 3190 ²³²
2890 3156 3233 3213 ministrasti.
3282 3183 3302 3210 1
3348 3160 3477 3215 Tam
3511 3162 3580 3196 ²³³
3620 3163 3773 3218 dulci

412 3237 568 3322 hora,
620 3257 868 3312 inlaesum
901 3270 1027 3310 eum
1068 3254 1415 3307 dimiserunt.
1466 3253 1636 3321 Hujus
1676 3253 1754 3306 rei
1794 3253 1910 3323 ipse
1950 3258 2043 3304 aut
2071 3237 2119 3259 “”
2145 3246 2420 3317 pessimus
2468 3246 2560 3300 ille
2595 3262 2705 3300 non
2759 3247 3105 3317 respondens
3152 3248 3498 3318 allocutioni,
3538 3254 3638 3308 sed
3671 3272 3773 3309 ex-

417 3352 646 3416 inscius,
682 3348 927 3422 periculo
960 3363 1069 3402 non
1098 3345 1350 3418 pavidus,
1378 3344 1550 3400 divini
1579 3344 1862 3399 tutaminis
1889 3360 2044 3398 secu-
2144 3349 2316 3397 tracto
2345 3341 2517 3397 cicius
2546 3357 2697 3403 ense,
2743 3342 2798 3396 in
2829 3343 3003 3398 sancti
3044 3344 3239 3414 capitis
3269 3347 3529 3403 verticem
3576 3359 3636 3406 ut
3663 3351 3774 3406 for-

418 3444 577 3498 ritate
629 3441 925 3503 animatus,
968 3454 1219 3510 quamvrs
1252 3437 1538 3506 cujusdam
1580 3434 1826 3491 clientuli
1881 3436 1935 3489 in
1976 3436 2045 3469 ἰι
2148 3429 2256 3485 tius
2285 3431 2451 3499 valet,
2485 3430 2824 3501 percutiens,
2870 3431 2973 3486 ait:
3018 3452 3045 3482 α
3089 3432 3282 3488 Melius
3307 3435 3470 3491 hodie
3503 3438 3605 3492 tibi
3636 3457 3776 3510 pra}-

417 3547 606 3586 aurem
630 3527 969 3583 susurrantis
994 3526 1227 3593 cautela,
1260 3524 1540 3597 quomodo
1562 3531 1753 3579 contra
1782 3540 1908 3579 eum
1933 3539 2047 3578 mo-
2150 3535 2416 3591 paravero
2445 3520 2513 3553 '3‘
2544 3518 2890 3575 convivium!
2937 3542 2957 3570 ι
3005 3521 3114 3575 Sed
3144 3523 3212 3556 ²³δ
3243 3522 3387 3580 ferro
3410 3526 3697 3583 resiliente
3723 3537 3779 3583 et

420 3621 500 3677 liti
532 3620 756 3687 fuerint,
791 3625 1231 3690 prsestrueretur,
1262 3618 1396 3672 sede
1424 3618 1491 3651 ἰδ
1515 3623 1699 3671 tamen
1716 3611 1824 3672 non
1846 3623 2049 3683 motus,
2154 3607 2514 3664 necvulneris
2531 3609 2751 3664 tandem
2774 3609 2993 3683 signum
3010 3620 3312 3667 annotante
3337 3614 3427 3681 ’36,
3459 3617 3781 3688 geminatur

421 3710 668 3776 fratrem,
699 3716 1025 3779 ceterosque
1049 3706 1407 3762 considentes
1445 3707 1515 3740 ²¹⁶
1537 3704 1854 3772 exhilarari,
1893 3715 2057 3776 quasi
2158 3698 2318 3753 ictus.
2354 3698 2470 3763 Quo
2520 3699 2694 3754 nihilo
2724 3700 2902 3774 magis
2949 3700 3206 3768 laedente,
3241 3703 3411 3759 tereio
3450 3704 3617 3761 ferire
3647 3724 3775 3763 cum

421 3802 655 3873 hospitis
684 3802 758 3835 “7
793 3808 946 3873 grata
974 3800 1117 3865 vice,
1161 3799 1475 3854 amabiliter
1520 3800 1753 3874 rogavit.
1787 3798 1852 3853 Et
1892 3797 2059 3869 paulo
2159 3794 2312 3856 velit,
2346 3809 2456 3849 una
2485 3809 2610 3848 cum
2642 3801 2870 3849 extenso
2901 3793 3042 3850 ictus
3092 3796 3243 3851 ensis
3273 3814 3436 3853 manu
3467 3801 3640 3857 territi
3672 3805 3778 3858 mi-

420 3900 545 3965 post
575 3902 759 3947 amota
808 3907 999 3947 mensa
1037 3891 1232 3966 surgit,
1291 3891 1630 3962 impletaque
1688 3891 1816 3945 vino
1840 3896 2045 3961 patera,
2153 3884 2264 3940 litis
2292 3885 2360 3920 ²³⁷
2386 3884 2606 3941 excidit.
2635 3886 2807 3952 Quem
2842 3888 3022 3942 statim
3054 3897 3277 3944 sanctus
3308 3890 3646 3948 Vencezlaus
3683 3914 3781 3966 per

423 3986 689 4041 modesta:
744 3984 1105 4039 salutacionis
1160 3983 1308 4039 dicto
1347 3999 1543 4038 omnes
1574 3982 1812 4037 dulciter
1865 3982 2055 4049 hujus-
2156 3974 2413 4047 capulum
2467 3975 2535 4008 ’³⁸
2563 3973 2870 4046 surripiens
2908 3984 2963 4031 et
3010 3992 3177 4048 supra
3218 3979 3555 4036 scelerosum
3592 3983 3778 4040 fratris

425 4076 578 4130 modi
609 4074 941 4145 alloquitur:
989 4096 1013 4121 ιι
1057 4072 1271 4129 Salutet
1299 4089 1398 4129 vos
1428 4073 1575 4128 salus
1615 4073 1865 4129 omnium
1898 4072 2057 4127 Chri-
2153 4068 2269 4138 jam
2300 4067 2532 4123 inermis
2560 4067 2822 4123 verticem
2854 4084 3021 4124 manu
3063 4069 3269 4126 librans
3299 4073 3406 4127 ’39:
3456 4095 3481 4125 α
3520 4076 3781 4137 Videsne.

430 4162 578 4219 stus!
614 4162 872 4230 Calicem,
915 4178 1079 4235 quem
1120 4178 1287 4217 manu
1320 4170 1505 4230 teneo,
1536 4164 1590 4217 in
1622 4163 1796 4218 sancti
1826 4163 2059 4216 archan-
2165 4156 2376 4229 inquit;
2408 4172 2440 4212 ο
2472 4156 2692 4212 funeste
2713 4157 2741 4210 ?
2772 4157 2921 4212 Verti
2952 4157 3006 4211 in
3048 4164 3099 4213 te
3130 4169 3319 4231 posset
3350 4168 3456 4218 tute
3486 4165 3781 4223 crudelita-

432 4255 541 4327 geli
620 4254 949 4309 Michahelis
1003 4269 1248 4309 amorem
1305 4254 1555 4320 ebibere,
1606 4268 2063 4325 unumquemque
2166 4252 2235 4306 tis
2266 4252 2514 4309 exitium.
2560 4252 2670 4307 Enl
2727 4253 2877 4308 unde
2912 4255 3211 4325 prohibeor
3240 4256 3463 4313 fraterni
3494 4263 3786 4333 sanguinis

434 4353 679 4402 nostrum
729 4362 799 4400 ne
832 4347 1038 4418 pigeat,
1076 4346 1179 4400 hoc
1218 4361 1406 4401 amore
1454 4346 1823 4416 spiritalitatis
1846 4346 1913 4380 ²¹⁸
1945 4345 2067 4413 ejus
2167 4338 2289 4396 fieri
2312 4340 2536 4397 eﬂ‘usor.
2586 4342 2695 4396 Sed
2736 4341 2886 4408 nolo,
2938 4343 3006 4397 de
3036 4360 3202 4399 manu
3252 4362 3376 4400 mea
3421 4347 3619 4404 ultimo
3651 4366 3781 4405 exa-

430 4438 779 4494 altitudinem
836 4454 936 4509 pro
996 4453 1159 4510 posse
1216 4445 1568 4505 venerantes,
1628 4445 1687 4493 ut
1717 4452 2066 4509 quacumque
2089 4508 2128 4513 _
2168 4437 2318 4492 mine
2351 4438 2577 4513 sanguis
2601 4438 2691 4503 "0,
2714 4454 2747 4494 o
2776 4437 2961 4504 frater,
2994 4446 3118 4495 tuus
3149 4449 3426 4512 queratur
3455 4443 3511 4498 in
3545 4462 3653 4501 me.
3686 4448 3785 4501 Re-

431 4533 569 4589 hora
605 4533 694 4588 lex
724 4508 937 4588 naturae
990 4508 1060 4588 ad
1100 4541 1346 4589 extrema
1373 4548 1477 4589 nos
1508 4508 1820 4599 deduxerit,
1862 4508 2143 4588 anima-D
2169 4532 2293 4603 cipe
2318 4508 2586 4606 gladium,
2620 4540 2836 4590 matura
2854 4508 3226 4607 supplicium;
3257 4554 3383 4609 quae
3410 4550 3541 4595 sunt
3570 4543 3784 4614 agenda

1786 4648 2013 4731 VARI/8
2065 4671 2441 4730 LECTIONES.

510 4809 580 4845 ὀι
612 4807 1141 4884 persecuturum}.
1242 4807 1311 4841 ²⁰⁵
1345 4821 1418 4884 ac
1466 4822 1569 4875 pro
1627 4822 1658 4884 a_
1683 4821 1771 4884 _se
1797 4805 1860 4884 A1
1948 4806 2059 4884 ’ξοδ
2082 4813 2554 4884 ρξ’ξὲῐηῼῐιεὶΐὸξηὶ
2584 4806 2722 4884 2.”
2754 4807 2821 4839 ²⁰⁷
2853 4805 3165 4884 habendam
3231 4810 3282 4884 1A.
3382 4809 3450 4884 ἓν
3482 4814 3680 4884 suplex
3737 4819 3784 4871 1·

436 4884 506 4918 ²⁰⁰
532 4875 850 4936 vencizlaus
897 4882 944 4934 1.
1029 4878 1099 4911 ²¹⁰
1120 4894 1281 4947 super
1340 4879 1537 4931 lineam
1585 4877 1743 4931 addit
1794 4875 1848 4931 2.
1946 4875 2370 4948 ’“quibusdam
2430 4878 2464 4931 2
2525 4878 2576 4931 3.
2654 4878 2723 4911 ²¹²
2753 4878 3090 4934 acclinantes
3134 4881 3187 4934 2.
3247 4880 3280 4936 3
3385 4882 3455 4915 ²¹³
3482 4875 3679 4939 saltem
3730 4888 3777 4940 2.

437 4956 655 5027 saepius.
700 5024 714 5027 _
745 4953 903 5027 mut
1048 4950 1115 5027 ad
1151 4946 1215 5027 _3.
1264 4948 1506 5027 _"“_sed
1541 4964 1606 5027 eo
1647 4949 1681 5001 2
1725 4948 1810 5027 _3.
1850 4946 2336 5027 __f‘“_conﬁdentes_
2381 4949 2436 5027 1Σ
2489 4949 2543 5004 2.
2606 4948 2684 5027 “7_
2706 4949 2983 5027 o_spitis_1.
3046 4952 3419 5027 _"3.sp_iritatis
3470 4972 3611 5027 corr.
3671 4959 3779 5027 Spl-

439 5018 658 5080 ritalitis
687 5024 738 5077 2.
827 5023 895 5057 ³η
922 5020 1221 5094 singilatim
1256 5022 1304 5074 1.
1384 5020 1454 5053 ²²⁰
1483 5021 1692 5089 cyphos
1718 5021 1766 5073 1.
1849 5019 1915 5053 ²²¹
1957 5018 2265 5123 frequentis
2315 5021 2339 5073 1
2411 5019 2687 5093 frequenti
2723 5018 2787 5074 2.7
2846 5022 2915 5055 ²²²
2941 5018 3324 5077 curiocissima
3354 5025 3404 5078 1.
3502 5027 3572 5060 ³³³
3592 5018 3779 5083 futura)

439 5097 470 5123 Ω
520 5095 552 5123 ⁸)
650 5096 718 5123 225
741 5094 957 5123 anmn:t\
1018 5094 1038 5123 ιΙ
1126 5092 1405 5123 ηιῖηηηηοη
1460 5091 1628 5123 (Hnno!
1671 5090 1949 5123 anmnle
2083 5092 2123 5123 23
2156 5098 2334 5123 nnlnm
2375 5092 2409 5123 ὁ)
2456 5092 2486 5123 Q
2591 5093 2660 5123 226
2691 5090 2969 5123 ιιηιηηιηη..
3000 5093 3035 5123 ο
3156 5094 3221 5123 227
3252 5111 3279 5123 ι.
3339 5095 3351 5123 1
3404 5096 3438 5123 α
3552 5100 3619 5123 na
3649 5103 3754 5123 --ιη

435 5097 490 5153 2.
520 5095 553 5150 3
650 5096 718 5128 ²²⁴
741 5094 958 5149 somnio
1015 5090 1069 5146 1.
1125 5092 1405 5162 aliquanto
1451 5091 1628 5162 (deest
1670 5090 1967 5162 somno)ﬁ2.
2056 5090 2123 5124 ³³⁵
2155 5098 2335 5145 autem
2375 5092 2487 5145 2.3
2516 5090 2530 5093 ἡ
2591 5093 2660 5125 ε²⁶
2691 5090 2973 5162 belezlaus
3000 5093 3062 5146 2.
3156 5094 3221 5126 “7
3251 5111 3280 5148 c
3339 5095 3354 5148 l
3404 5096 3459 5150 2.
3552 5100 3619 5133 ²²⁸
3648 5103 3777 5153 salu-

439 5165 669 5223 tandum
702 5164 752 5221 3.
834 5165 903 5198 “9
932 5161 1274 5237 benignitate
1308 5165 1356 5217 1.
1425 5161 1523 5237 ,ηομ
1541 5164 1684 5216 deest
1723 5161 1774 5214 1.
1859 5161 1924 5195 ²³¹
1955 5162 2213 5232 deposito
2243 5163 2293 5215 1.
2376 5162 2463 5237 _’3*
2489 5162 2713 5237 abunde
2753 5161 2822 5237 3._
2894 5162 2962 5197 ²³³
2989 5164 3190 5237 lam].
3272 5166 3340 5200 ’3‘
3380 5184 3629 5237 praepara
3657 5175 3708 5225 2.
3730 5171 3773 5223 3.

438 5238 507 5272 ³³⁵
542 5236 603 5292 Et
646 5237 735 5291 vix
764 5236 991 5310 sanguis
1040 5232 1311 5310 e'manuit,
1344 5232 1476 5310 quia
1511 5232 1774 5310 inpotens
1804 5238 1921 5310 erat
1975 5249 2073 5304 pre
2126 5234 2652 5310 pauore_horribi_li,
2710 5234 3004 5310 et_beatus
3056 5232 3438 5310 UUenzezlaus
3491 5232 3653 5297 facile
3702 5257 3773 5294 su—

442 5323 636 5379 perare
676 5303 947 5385 potuisset
978 5322 1144 5385 eum,_
1174 5306 1303 5377 quia
1335 5303 1670 5385 et_gladium
1717 5303 2030 5385 abstulitn’a
2086 5303 2252 5359 manu
2308 5306 2448 5385 ej1_i_s,
2500 5306 2599 5360 sed
2649 5306 2827 5360 noluit
2884 5313 3082 5385 semet_
3115 5307 3295 5377 ipsum
3354 5310 3632 5385 polluere.
3695 5313 3770 5365 Ille

443 5375 577 5434 uero
625 5375 1036 5433 uociferabatur
1092 5375 1314 5431 dicens:
1376 5375 1471 5430 Eia
1519 5376 1615 5431 ubi
1668 5375 1840 5431 estis?
1894 5375 2153 5444 adjuuate
2221 5392 2328 5431 me.
2378 5375 2529 5431 Tunc
2579 5392 2773 5432 omnes
2839 5377 3085 5433 maliuoli
3139 5375 3493 5436 accurréntes
3540 5384 3609 5438 de
3666 5385 3773 5438 late.

442 5449 556 5522 bris
606 5465 728 5522 cum
758 5448 1073 5522 gladiisdet
1112 5448 1354 5522 lanceis
1386 5446 1605 5522 multis
1631 5447 1960 5522 uulneribus
2000 5447 2271 5522 laniantes
2323 5447 2661 5504 occiderunt.
2726 5448 2792 5502 Μ.
2875 5447 2945 5483 ’³⁸
2978 5456 3235 5505 anotante
3279 5453 3327 5505 1.
3400 5453 3466 5487 ²³⁷
3503 5471 3578 5509 m.
3641 5465 3677 5510 t.
3724 5452 3767 5505 Ξ.

443 5518 513 5553 ³³⁸
542 5517 794 5591 capulari]
837 5520 891 5575 1.
973 5518 1041 5554 ²⁸⁹
1069 5519 1298 5574 uibrans
1324 5517 1381 5572 2.
1413 5517 1467 5571 3.
1539 5518 1608 5552 ²⁴⁰
1637 5525 1765 5573 tuus
1794 5533 1826 5573 ο
1853 5517 1891 5574 f.
1925 5534 1970 5572 s.
1994 5518 2048 5572 2.
2224 5544 2231 5551 -

2014 5644 2233 5703 NOTAE.

522 5776 635 5851 (27)
675 5772 1023 5842 Bolislawiae,
1057 5775 1228 5834 hodie
1260 5774 1535 5844 Bunzlau;
1565 5774 1621 5832 in
1652 5774 1931 5833 Laurentii
1965 5774 2276 5833 Casinensis
2297 5775 2440 5833 libro
2472 5776 2853 5835 Uollesclabus
2881 5784 3132 5837 vocatur.
