3902 6432
134 378 228 432 937

1193 377 1344 431 νιτΑ
1384 377 1787 432 VENCEZLAVI
1830 376 2019 431 DUCIS
2063 375 2394 434 BOHEMIIE.

3358 375 3464 429 938

135 522 197 559 ne
224 503 439 560 differas
492 504 552 560 in
604 505 830 580 longum
874 504 887 558 l
925 528 949 553 -
982 506 1281 577 Rcsumpto
1334 506 1531 561 iterum
1576 506 1740 560 fratre
1766 507 1823 578 Α
1848 516 2035 577 postea
2070 523 2178 562 non
2225 513 2675 576 comparuerant,
2734 513 2829 560 aut
2858 521 3013 560 versa
3044 520 3143 576 pro
3172 505 3333 560 viciis
3365 521 3466 563 na-

137 597 326 668 impius
352 596 521 663 ferro,
566 597 738 651 altum
799 598 954 668 quasi
986 598 1133 653 vinci
1157 605 1411 653 metuens
1442 599 1660 665 clamat,
1686 600 1739 656 in

136 686 380 740 auxilium
406 686 492 740 sui
523 685 709 741 socios
748 687 812 720 ³⁸¹
857 694 1035 753 vocat,
1069 703 1129 741 se
1157 688 1317 759 quasi
1355 696 1602 744 coactum
1635 699 1688 745 et
1718 709 1747 746 a

138 777 303 831 fratris
327 777 536 847 impetu
606 778 761 849 prius
784 780 969 833 laesum
1007 796 1315 853 repugnare
1350 780 1590 835 simulat.
1629 781 1747 837 Mox

136 868 253 922 solii
278 884 477 943 magno
507 868 753 923 clamore
783 870 960 924 vocati
983 879 1301 934 accurrunt,
1335 887 1552 926 causam
1585 872 1743 943 quasi

138 958 349 1012 sceleris
372 957 442 991 ³⁸³
472 957 639 1012 inscii
687 957 755 1011 de
809 958 1047 1012 tumultu
1087 968 1345 1029 quaerunt
1397 959 1607 1013 domini
1658 960 1743 1015 sui

140 1045 388 1101 fervidam
425 1046 682 1101 sentiunt
736 1046 891 1100 iram.
955 1046 1140 1118 quue
1189 1048 1303 1115 jam
1334 1054 1463 1102 tunc
1521 1050 1746 1103 sceleris

137 1146 344 1195 auctore
367 1147 567 1211 quarta
606 1139 727 1194 vice
781 1156 993 1195 sacrum
1035 1150 1199 1212 caput
1232 1159 1329 1212 per
1360 1142 1528 1197 ictum
1561 1143 1741 1199 saltim

136 1228 535 1303 confringente,
571 1246 768 1285 omnes
794 1231 959 1285 simul
1018 1232 1186 1285 armis
1216 1232 1453 1298 irrnunt,
1496 1235 1743 1288 certatim

137 1324 371 1379 membra
409 1325 622 1381 lanceis
650 1326 963 1400 gladiisque
994 1327 1327 1396 perfodiunt.
1375 1329 1581 1401 Corpus
1621 1347 1749 1386 sau-

136 1413 325 1468 ciatum
375 1415 534 1469 humi
594 1417 959 1486 prosternitur
1005 1417 1349 1472 semivivum.
1388 1418 1749 1474 Crebrescunt

137 1502 322 1556 iterum
375 1504 691 1575 iterumque
730 1522 888 1559 saeva).
952 1506 1259 1579 gladiorum
1306 1511 1691 1579 percussiones
1733 1528 1746 1574 ;

137 1593 353 1664 sanguis
411 1593 690 1649 innocuus
740 1594 1041 1649 effunditur
1084 1614 1099 1659 ;
1133 1612 1337 1667 corpus
1367 1597 1488 1652 labe
1520 1614 1749 1653 vacuum

138 1680 439 1735 minutatim
471 1682 545 1715 ³⁸³
575 1683 730 1753 quasi
758 1699 788 1737 a
819 1683 1049 1738 canibus
1101 1686 1389 1739 laceratur.
1439 1686 1630 1740 Anima
1660 1704 1751 1741 sa-

1850 607 1991 662 tura,
2018 614 2215 652 canum
2243 597 2309 631 ³⁵⁷
2344 596 2541 651 latratu
2590 597 2707 651 vice
2743 595 3006 667 loquendi
3056 604 3294 651 utentes.
3325 596 3466 653 den-

1850 689 1982 743 tium
2006 687 2241 741 stridore
2271 701 2483 740 morsus
2514 685 2804 740 imitantur
2832 686 2901 719 ³³⁸
2930 685 3181 750 caninos,
3221 693 3315 740 aut
3364 686 3468 740 mi-

1849 800 1973 837 sera
1994 797 2285 850 corporum
2314 780 2568 834 ariditate
2590 779 2801 844 siccati,
2831 795 2934 833 nec
2957 793 3067 833 non
3087 778 3310 833 auditus
3332 795 3465 834 con-

1850 873 2001 926 tinua
2033 872 2367 943 privacionc,
2399 870 2567 925 vitam
2617 870 2753 940 ipsis
2804 869 2985 923 saltim
3014 869 3264 923 odiosam
3304 869 3467 923 finie-

1845 969 1993 1019 runt.

1914 1057 2004 1112 23.
2037 1055 2367 1120 Quiescente
2398 1053 2602 1107 ibidem
2645 1070 2745 1123 per
2776 1052 2939 1106 trium
2978 1052 3153 1121 spatia
3194 1066 3465 1105 annorum

1848 1148 2164 1203 venerando
2184 1144 2710 1217 corpore,fidelibus
2736 1143 2991 1215 quisdam
3015 1144 3082 1177 “9
3115 1149 3276 1197 nocte
3288 1142 3466 1195 visum

1848 1244 1952 1303 est,
1995 1243 2073 1302 ut,
2129 1236 2237 1290 Deo
2287 1251 2399 1289 rem
2460 1234 2796 1297 insinuante,
2855 1233 2985 1286 inde
3040 1232 3106 1285 ad
3160 1230 3467 1285 {ecclesiam

1850 1328 2023 1382 sancti
2083 1328 2187 1381 Viti
2240 1325 2500 1391 martiris,
2556 1341 2719 1396 quam
2777 1325 2895 1394 ipse
2924 1324 3034 1390 jam
3067 1330 3468 1385 construxerat,

1854 1417 2197 1491 religiosiore
2227 1416 2583 1471 condendum
2614 1415 2895 1485 sepultura
2925 1412 3207 1467 transferri
3242 1411 3463 1465 debeat.

1853 1509 1952 1573 Qui
1992 1524 2188 1563 somno
2219 1508 2419 1562 emersi
2470 1507 2585 1561 viso
2614 1507 2927 1570 credentes,
2971 1512 3026 1558 et
3048 1504 3177 1558 licet
3205 1502 3470 1573 principis

1853 1597 2228 1667 tyrrannidem
2264 1602 2593 1659 metuentes,
2629 1594 2808 1649 noctis
2853 1603 3035 1647 tamen
3083 1591 3267 1645 medio
3291 1591 3470 1645 conti-

1853 1686 2001 1741 ciuio
2048 1686 2267 1739 bustum
2325 1701 2487 1756 quam
2536 1684 2719 1755 pavidi
2795 1676 3106 1746 recludunt,
3157 1682 3470 1752 preciosum
3558 1740 3575 1753 ,

139 1774 432 1828 cratissima
463 1775 920 1830 carneiclausura
949 1776 1217 1831 domicilii
1242 1778 1343 1831 sub
1362 1785 1439 1833 tot
1460 1779 1748 1834 vulnerum
1781 1806 1833 1875 Β
1853 1778 2108 1848 martyris
2149 1778 2369 1848 pignus,
2413 1791 2524 1831 non
2561 1785 2754 1845 aperto
2786 1774 3094 1846 sarcofago,
3126 1773 3382 1828 vehiculo
3404 1771 3473 1807 ²⁶⁰

142 1878 296 1924 exuta
325 1870 643 1936 tormentis,
675 1870 847 1926 nobili
881 1871 1161 1941 triumpho
1201 1873 1467 1946 angelicis
1494 1875 1756 1929 subvecta

141 1959 410 2026 manibus,
440 1962 646 2017 summi
670 1964 1096 2019 remuneratoris
1129 1973 1414 2035 aspectum
1444 1967 1646 2041 gaudio
1675 1968 1759 2022 vi-

140 2066 279 2117 sura,
311 2057 367 2105 et
391 2052 533 2105 inter
566 2051 839 2126 gloriosos
868 2050 1152 2107 martirum
1186 2054 1410 2108 ordines
1443 2072 1541 2125 per
1578 2073 1754 2110 aevum

146 2138 475 2203 confessum,
507 2140 612 2194 sub
642 2141 675 2193 4
704 2141 773 2174 ³³⁸
818 2141 1183 2197 Kalendarum
1215 2144 1527 2199 Octobrium
1562 2162 1760 2216 perpe-

147 2234 234 2282 tuo
265 2228 511 2283 laetantia
543 2229 699 2301 regni
730 2230 969 2285 cwlestis
1000 2230 1305 2305 ingreditur
1332 2235 1631 2289 consortia.

209 2315 295 2371 20.
340 2316 570 2372 Sacrum
608 2324 789 2372 autem
838 2334 1041 2389 corpus
1078 2321 1426 2377 credulorum
1469 2325 1627 2393 pauci
1662 2325 1755 2395 qui

146 2404 367 2461 aderant
400 2405 797 2463 venerabiliter
850 2408 1134 2481 sarcofago
1163 2412 1231 2445 "5
1264 2411 1634 2479 includentes,
1661 2430 1755 2468 ce-

148 2496 346 2553 lebrato
374 2516 406 2553 a
430 2499 652 2554 clericis
682 2497 900 2553 funebri
930 2500 1225 2571 obsequio,
1255 2513 1406 2557 extra
1451 2504 1754 2559 aecclesiam

147 2588 461 2643 certaminis
514 2590 637 2643 loco
696 2588 933 2643 vicinam
975 2590 1365 2645 condiderunt.
1413 2594 1758 2650 Succedente

149 2684 269 2745 post
298 2677 427 2732 hinc
458 2678 515 2731 in
549 2694 780 2750 regnum
834 2678 1019 2732 nimiae
1071 2681 1445 2749 perversitatis
1472 2682 1614 2737 duce
1648 2685 1755 2737 Bo-

148 2768 371 2836 lezlavo,
403 2769 724 2841 saevitiaque
760 2770 881 2838 ejus
930 2771 987 2825 in
1016 2780 1263 2827 catervas
1294 2774 1539 2829 fidelium
1572 2776 1642 2808 ³⁴⁶
1676 2776 1760 2831 fu-

152 2868 325 2931 rente,
366 2879 480 2918 non
510 2865 682 2919 multo
712 2873 835 2936 post
863 2865 1008 2920 beati
1042 2866 1141 2922 viri
1178 2883 1368 2922 necem
1400 2868 1491 2933 "7,
1525 2869 1766 2924 humana

152 2952 279 3005 dum
307 2951 511 3007 fruitur
537 2953 666 3019 vita,
695 2954 927 3009 clericos
956 2964 1009 3009 et
1038 2957 1268 3021 amicos,
1293 2972 1512 3011 necnon
1533 2959 1764 3013 servicio

152 3046 268 3114 ejus
307 3045 653 3101 familiariter
710 3047 954 3115 junctos,
1004 3049 1184 3102 subita
1244 3050 1435 3103 mortis
1489 3050 1766 3105 sententia

154 3137 430 3194 damnavit
462 3138 553 3192 ³⁴⁸.

1857 1878 2116 1939 percaute
2138 1868 2362 1940 ligatum
2405 1874 2807 1939 superponunt,
2837 1866 3093 1937 viamque
3128 1879 3236 1935 qua
3250 1877 3473 1936 gressus

1858 1976 1923 2015 eo
1945 1960 2219 2034 dirigitur,
2262 1968 2573 2030 carpentes,
2626 1958 2958 2029 perveniunt
2998 1957 3064 2010 ad
3117 1957 3294 2011 rivum
3341 1956 3473 2024 (28),

1860 2051 2171 2105 incedendo
2192 2051 2517 2123 supergredi
2573 2049 2907 2115 animalibus
2924 2048 3223 2119 plaustrum
3265 2047 3475 2101 ducen-

1862 2141 2012 2194 tibus
2039 2141 2212 2193 nimia
2260 2140 2632 2210 profunditate
2664 2138 3086 2205 intransibilem,
3127 2136 3397 2193 naviculis
3421 2142 3475 2190 et

1864 2242 2026 2301 portu
2059 2233 2334 2303 utrimque
2356 2232 2419 2265 ³⁶¹
2462 2237 2759 2287 carentem.
2813 2231 2969 2310 §tant
3001 2230 3208 2301 quippe
3239 2229 3473 2283 circum-

1859 2325 2161 2395 spicientes
2224 2325 2368 2379 Pons
2392 2326 2505 2394 jam
2537 2324 2740 2379 fractus
2770 2325 2985 2379 undosa
3033 2322 3473 2396 transgressione

1859 2417 2161 2486 dissipatur
2192 2434 2206 2481 ;
2242 2418 2388 2491 ligna
2415 2418 2481 2470 ad
2538 2417 2661 2485 ejus
2711 2417 3117 2487 reparationem
3167 2430 3279 2471 non
3312 2415 3472 2469 iuve-

1860 2509 2109 2563 niuntur.
2136 2508 2273 2572 Quid
2315 2508 2557 2562 facerent
2587 2509 2656 2542 ³⁶³
2703 2507 2732 2561 ?
2773 2508 2906 2562 Dum
2957 2508 3012 2561 in
3062 2508 3162 2561 hac
3192 2513 3478 2561 versantur

1859 2601 2133 2671 angustia,
2185 2600 2365 2653 subito
2426 2599 2625 2655 erectis
2668 2597 2978 2664 obtutibus,
3029 2613 3157 2653 ecce
3216 2597 3351 2652 mira
3383 2597 3476 2651 Dei

1861 2699 2132 2764 prmsente
2163 2692 2383 2756 virtute,
2435 2693 2742 2763 plaustrum
2775 2693 2943 2747 altera
2978 2699 3085 2746 stat
3112 2692 3181 2725 ³⁸³
3209 2691 3349 2761 ripa,
3373 2704 3479 2743 un-

1860 2786 2195 2858 diquesecus
2243 2786 2310 2818 ’6‘
2359 2801 2516 2855 aquae
2546 2784 2876 2838 humiditate
2931 2785 3000 2817 ³⁵⁵
3033 2784 3294 2838 intactum
3361 2782 3476 2845 Quo

1867 2876 2132 2932 miraculo
2190 2877 2295 2947 ipsi
2351 2877 2692 2947 aliquantum
2742 2875 3082 2939 haesitantes,
3144 2877 3482 2928 transnatato

1866 2985 2031 3039 supra
2060 2969 2301 3023 caballos
2332 2968 2529 3035 rivulo,
2585 2968 2897 3023 vehiculum
2925 2982 3081 3021 sacro
3112 2966 3257 3020 fasce
3288 2979 3486 3037 grava-

1868 3064 1981 3111 tum
2014 3057 2402 3127 prosecuti,ad
2423 3058 2603 3111 locum
2638 3056 3087 3127 praedestinatum
3124 3054 3286 3109 citius
3313 3052 3488 3123 appli-

1867 3155 2012 3213 cant,
2042 3148 2347 3203 aecclesiam
2379 3163 2502 3201 cum
2548 3147 2833 3217 sarcofago
2868 3147 3039 3199 Deum
3084 3144 3363 3198 laudando
3398 3145 3488 3198 in-

220 3231 307 3283 21.
364 3230 595 3284 Peracta
635 3228 917 3284 fortissimi
948 3230 1040 3284 Dei
1087 3231 1305 3285 athletae
1350 3231 1419 3265 ³⁸³
1456 3230 1756 3286 venerabili

1867 3250 2107 3307 troeunt,
2138 3242 2457 3312 foribusque
2474 3214 3077 3313 diligentiusobseratis
3104 3239 3481 3308 precibusque

154 3325 431 3396 passione,
460 3323 701 3378 ministri
732 3324 955 3397 quidam
972 3325 1322 3399 sanguinem,
1352 3325 1445 3397 qui
1482 3342 1579 3395 per
1608 3325 1765 3379 tabu-

154 3412 231 3467 las
289 3414 554 3469 zecclesiaa
611 3413 730 3484 ipsa
792 3414 1020 3469 martirii
1087 3415 1219 3468 hora
1284 3430 1543 3483 aspersus
1596 3430 1769 3484 appa-

157 3509 234 3554 ret
286 3502 377 3567 ³⁵0,
406 3501 545 3570 jussi
601 3517 745 3573 aqua
793 3502 1057 3568 lavantes,
1116 3502 1338 3573 penitus
1367 3502 1764 3558 absterserunt.

159 3589 496 3662 Posteraque
509 3590 600 3644 die
623 3590 752 3644 illuc
772 3590 1079 3655 venientes,
1114 3607 1223 3646 non
1249 3592 1435 3646 minus
1456 3609 1620 3663 quam
1644 3609 1766 3646 cum

159 3682 393 3752 primum
427 3682 623 3753 parieti
657 3683 886 3738 adhaesit
916 3698 1166 3738 cruorem
1210 3685 1388 3755 ipsum
1423 3685 1619 3740 eodem
1649 3684 1770 3739 loco

160 3771 443 3827 dilatatum
500 3773 567 3807 ³⁸¹
632 3772 999 3843 conspiciunt.
1080 3773 1196 3828 Non
1252 3790 1443 3845 parum
1504 3774 1606 3845 ipsi
1667 3775 1774 3829 hoc

159 3865 272 3920 viso
302 3864 376 3903 ³⁸³
406 3868 604 3934 territi,
633 3886 775 3940 aqua
805 3871 1006 3925 iterum
1038 3871 1223 3937 allata,
1250 3874 1420 3927 multo
1459 3872 1529 3907 ³⁵³
1562 3872 1774 3927 studio-

160 3958 271 4013 sius
326 3960 558 4014 abluere
612 3961 916 4016 decertant.
978 3962 1229 4018 Crastino
1273 3970 1455 4018 autem
1506 3964 1773 4033 probandi

162 4062 344 4115 causa,
371 4048 593 4104 sietiam
649 4049 831 4105 adhuc
878 4048 1119 4105 frustrati
1168 4053 1299 4118 sint,
1337 4054 1774 4119 redeuntes,non

165 4140 345 4196 minus
411 4142 643 4198 tinctum
709 4144 980 4217 sanguine
1038 4146 1327 4216 parietem,
1388 4147 1642 4217 quamvis
1696 4155 1780 4201 ter

162 4229 385 4285 ablutus
428 4231 701 4298 videatur,
752 4243 1076 4305 agnoscunt.
1138 4234 1349 4298 Quibus
1415 4237 1483 4271 ’5‘
1546 4236 1775 4291 multum

165 4337 331 4393 super
373 4323 478 4378 hoc
521 4324 870 4391 mirantibus,
926 4341 1105 4397 eoque
1145 4327 1408 4382 abluendi
1452 4328 1639 4384 labore
1661 4337 1783 4401 post

165 4408 292 4466 inde
308 4412 681 4479 cessantibus,
714 4430 889 4485 usque
921 4414 1087 4471 hodie
1108 4416 1397 4489 sanguinis
1425 4418 1675 4488 ejusdem
1694 4420 1783 4473 in-

163 4500 429 4558 tinctione
451 4504 635 4573 paries
664 4505 781 4576 ipse
813 4522 909 4577 pro
925 4507 1087 4582 signo
1117 4510 1433 4565 venerando
1464 4511 1703 4566 nitescit.

233 4591 303 4646 22
362 4592 425 4646 Ut
454 4594 522 4627 ³⁵⁵
550 4594 826 4649 veracium
857 4613 1007 4668 saepe
1037 4598 1200 4653 nobis
1239 4600 1415 4654 relatu
1452 4601 1783 4671 patefactum

169 4694 272 4751 est,
295 4692 424 4757 post
452 4687 883 4742 constantissimi
901 4690 1237 4760 triumphum
1266 4692 1337 4726 ³⁵⁸
1354 4693 1573 4747 athletae
1591 4709 1788 4749 omnes

169 4775 459 4850 sanguinis
488 4775 756 4833 effusores
813 4777 1125 4834 innocentis
1169 4796 1413 4851 superno
1464 4782 1670 4837 incussi
1702 4782 1791 4837 fu-

172 4882 320 4934 rore,
352 4874 447 4923 aut
478 4867 778 4925 demonum
836 4877 1106 4941 potestate
1159 4872 1299 4942 rapti
1359 4871 1505 4928 inter
1534 4873 1791 4929 homines

1868 3334 2158 3389 sinceriter
2186 3331 2396 3398 effusis,
2427 3331 2772 3405 sarcofagum
2800 3330 3056 3401 aperiunt
3085 3347 3099 3393 ;
3132 3337 3187 3383 et
3214 3344 3344 3384 ecce
3363 3344 3488 3384 cor-

1870 3442 1972 3498 pus
2001 3440 2197 3481 carnea
2232 3424 2417 3478 adhuc
2444 3422 2590 3477 mole
2635 3422 2913 3497 integrum
2940 3429 2995 3477 et
3026 3437 3125 3492 per
3153 3428 3347 3475 cuncta
3374 3420 3489 3475 vul-

1871 3529 2003 3567 nera
2059 3528 2274 3577 sanum,
2356 3510 2752 3581 apparentibus
2808 3511 2878 3545 ²⁶⁶
2933 3516 3143 3565 tantum
3204 3510 3484 3582 plagarum

1870 3601 2060 3676 signis,
2092 3600 2198 3654 nisi
2214 3600 2390 3655 solum
2415 3598 2617 3653 vulnus
2638 3598 2883 3654 fraterno
2914 3614 3047 3653 ense
3078 3597 3300 3663 factum,
3336 3597 3485 3669 quod

1872 3709 1931 3748 se
1961 3693 2256 3747 dehiscens
2293 3690 2566 3766 sanguine
2616 3689 2795 3746 visum
2843 3696 2929 3745 est
2976 3705 3227 3775 manare.
3270 3689 3490 3744 Incluso

1876 3783 2072 3836 iterum
2118 3780 2220 3835 sub
2269 3780 2393 3850 ipso
2444 3777 2630 3833 altaris
2678 3777 2851 3844 aditu,
2911 3778 3211 3833 comitante
3241 3776 3490 3833 ﬁdelium

1875 3871 2055 3938 turba,
2088 3872 2343 3943 interque
2381 3868 2713 3925 sonantibus
2771 3868 3098 3924 clericorum
3128 3868 3329 3939 ymnis,
3363 3883 3491 3937 pre-

1876 3966 2087 4021 ciosum
2119 3979 2321 4035 corpus
2357 3962 2563 4019 celebri
2612 3960 2880 4017 memoria
2904 3960 3277 4015 venerandum
3306 3958 3493 4015 condi-

1881 4057 2100 4111 derunt.
2133 4055 2208 4110 lbi
2242 4070 2372 4110 vero
2411 4054 2598 4108 divina
2624 4053 2829 4123 saepius
2867 4058 3191 4107 coruscante
3222 4050 3490 4121 omnipo-

1883 4149 2075 4215 tentia,
2125 4146 2621 4202 innumerabilibus
2676 4144 3060 4199 miraculorum
3135 4142 3309 4215 signis
3366 4141 3494 4196 felix

1882 4236 2144 4292 exultatio
2191 4234 2452 4290 ﬁdelibus
2508 4241 2794 4305 terrorque
2856 4229 3178 4297 incredulis,
3226 4228 3363 4285 tanti
3394 4229 3494 4284 viri

1882 4326 2116 4391 meritis,
2141 4322 2594 4395 frequentissime
2619 4322 2890 4377 clarescit.
2919 4320 3085 4388 Cujus
3104 4325 3288 4373 autem
3320 4325 3499 4373 trans-

1886 4417 2107 4472 lationis
2162 4423 2381 4486 tempus
2431 4415 2535 4469 sub
2571 4413 2701 4468 4³⁵⁷
2761 4412 2895 4466 Νοη.
2949 4409 3132 4466 Marcii
3176 4408 3502 4464 mortalibus

1884 4509 2277 4567 celebrandum
2310 4512 2622 4562 annotatur.
2680 4505 2754 4559 De
2815 4503 3106 4559 virtutibus
3142 4509 3347 4566 autem,
3379 4515 3502 4571 quae

1888 4602 2063 4672 pietas
2091 4600 2276 4654 divina
2306 4615 2405 4669 per
2450 4598 2769 4654 meritorum
2802 4595 2924 4663 ejus
2952 4595 3072 4651 orbi
3100 4594 3500 4649 clarescentem

1888 4692 2118 4767 gloriam
2166 4698 2289 4762 post
2330 4692 2555 4765 dignata
2600 4695 2687 4743 est
2718 4686 2959 4757 operari,
3009 4684 3282 4740 sermonis
3330 4684 3502 4739 nostri

1890 4791 2204 4840 transcursu
2234 4783 2452 4838 curiosa
2504 4781 2866 4836 interseratur
2900 4776 3130 4842 mentio,
3164 4775 3503 4849 condignum

1890 4873 2132 4929 videtur.

1543 5003 1764 5059 VARUE
1803 5002 2183 5059 LECTIONES.

245 5096 316 5131 ³⁸³
346 5113 391 5151 s.
426 5095 483 5151 in
506 5112 538 5151 a
575 5098 661 5152 sui
723 5098 776 5153 2.
813 5099 882 5133 ³⁸³
910 5115 956 5154 s.

416 5312 588 5385 multa
634 5316 685 5385 1,
742 5313 811 5385 2“
860 5314 921 5378 Q.
968 5302 1100 5369 vero
1140 5314 1193 5369 2.
1227 5302 1310 5369 ⁸3.
1372 5317 1440 5350 ³⁵⁵
1489 5316 1550 5370 Ει
1589 5317 1644 5369 2.
1701 5316 1753 5369 3.
1827 5317 1895 5351 ³⁵⁸
1938 5317 2049 5370 ath.
2106 5315 2396 5385 tropheum
2445 5302 2517 5366 2..
2555 5311 2621 5385 "f7
2682 5326 2824 5385 canu
2874 5312 2923 5385 1.
2969 5310 3054 5385 ff“
3113 5307 3396 5385 inlitam“:
3589 5320 3619 5383 ‘_

245 5096 316 5131 ³⁸³
346 5113 391 5151 s.
426 5095 483 5151 in
506 5112 538 5151 a
575 5098 661 5152 sui
723 5098 776 5153 2.
813 5099 882 5133 ³⁸³
910 5115 956 5154 s.
1013 5117 1067 5172 q.
1101 5100 1156 5155 2.
1199 5101 1269 5136 ³⁴³
1300 5101 1589 5157 minuatim
1630 5104 1682 5157 1.
1735 5104 1805 5137 '“
1859 5104 1954 5168 llI,
2003 5103 2121 5162 Kal.
2150 5102 2266 5157 Oct.
2298 5101 2367 5155 Μ.
2401 5101 2469 5135 ³⁴⁶
2508 5097 2833 5224 sarchofago
2878 5098 2933 5152 2.
2993 5099 3320 5152 constanter.
3372 5092 3443 5172 ³⁸⁸
3470 5090 3509 5145 f-

242 5168 300 5221 2.
333 5166 388 5224 3.
418 5167 487 5202 ³⁸⁷
514 5169 658 5224 deest
682 5170 734 5224 1.
766 5170 837 5205 "3
869 5170 950 5224 Illi
981 5187 1203 5224 auoaue
1252 5172 1482 5224 forsitan
1538 5189 1701 5224 cursu
1762 5174 1954 5224 ranido
1993 5175 2283 5224 venientes
2327 5172 2385 5224 in
2429 5171 2708 5224 civitatem
2810 5184 2993 5224 raaam
3061 5182 3257 5221 omnes
3298 5178 3506 5217 amicos

178 5171 300 5221 c.2.
333 5171 388 5230 3,
418 5171 487 5202 ³⁸⁷
514 5171 658 5224 deest
682 5171 734 5224 1.
766 5171 837 5205 "3
869 5171 950 5225 llli
981 5171 1203 5243 quoque
1252 5172 1483 5227 forsitan
1538 5189 1701 5229 cursu
1762 5174 1954 5245 rapido
1993 5175 2283 5229 venientes
2327 5172 2385 5225 in
2429 5171 2708 5226 civitatem

180 5238 303 5306 ejus
319 5248 754 5343 geremeruntet
782 5240 1013 5297 clericos
1051 5244 1174 5312 ejus
1224 5244 1502 5314 persecuti
1545 5253 1692 5300 sunt.
1750 5245 1816 5299 M.
1872 5246 1940 5279 “9
1988 5245 2168 5300 atlette
2217 5246 2264 5298 1.
2313 5243 2383 5278 ³⁵⁰
2428 5241 2684 5312 apparuit

179 5309 231 5362 2.
296 5310 318 5343 ²
416 5312 588 5362 multa
634 5316 685 5362 1.
742 5313 811 5347 ’5‘
860 5314 921 5362 0-
968 5329 1100 5362 vero
1140 5314 1193 5362 2.
1258 5316 1309 5362 3.
1372 5317 1440 5350 ³⁵⁸
1490 5316 1550 5362 Et
1589 5317 1644 5362 Ξ-
1701 5316 1752 5362 3-
1827 5317 1895 5351 ³⁵⁸
1938 5317 2046 5362 ath.
2106 5315 2396 5362 tronhenm
2445 5313 2497 5362 2.
2555 5311 2621 5346 ³⁵⁷
2682 5326 2708 5362 c

2810 5184 3004 5242 rasam
3061 5163 3506 5242 οηιηςεεέιξηξεοεξ

1872 5246 1940 5279 ³⁸³
1988 5245 2168 5300 atlette
2217 5246 2264 5298 1.
2313 5243 2383 5278 ³⁵⁰
2428 5241 2684 5312 apparuit
2721 5241 2772 5296 2.
2814 5233 2902 5275 ’δῖ’
2931 5239 3157 5312 dilatam
3188 5237 3241 5312 ᾖ.
3274 5234 3342 5312 ⁸³³
3369 5233 3511 5312 ἀεθξε

184 5353 252 5416 ³³⁸
283 5353 614 5459 quibusdam
849 5353 1393 5459 ":0.
1440 5353 1788 5442 νέιῖίαῖιίουὶ.
1842 5388 1907 5422 ³⁶¹
2574 5382 2610 5438 f.
2669 5353 2824 5438 (ἷξε-Ξῖ
2965 5380 3034 5414 ³⁸³
3085 5353 3405 5433 siEi'E'I'é.
3458 5353 3508 5427 3.

283 5404 614 5450 quibusnam
653 5404 707 5437 z.
749 5404 801 5438 ο.
849 5404 918 5419 ιυυ
961 5404 1216 5459 vegtcuio
1254 5404 1393 5441 corr.
1440 5404 1692 5442 venicuto
1738 5404 1788 5441 ι.
1842 5404 1907 5422 ὀι
1967 5404 2073 5442 um
2118 5404 2143 5442 u

264 5463 375 5533 (28)
407 5453 524 5533 κίζνί
555 5453 1189 5542 νδὲηῶξῖιξνζςδέιξξῖξξῄ
1222 5456 1272 5508 1.
1304 5457 1756 5542 '“Aaparentibus
1784 5460 1836 5514 1.
1870 5459 1936 5494 ’67
1963 5458 2053 5514 Ill.

627 5491 882 5558 cabulum
911 5491 1247 5592 Βωέῇἰῖἑὲκὲ

513 5620 791 5701 ΡΑΤΒΟΙ..
842 5644 1166 5724 CXXXV.

296 5816 403 5893 ‘\

402 5894 761 6186 \

1275 5546 1342 5588 ex
1361 5538 1554 5604 Cosma
1578 5561 1634 5609 et
1657 5556 1962 5631 Christiano
1989 5582 2218 5649 adnotat
2240 5595 2359 5659 Dob

2362 5618 3087 5877 N}
3108 5768 3185 5844 30

2808 5906 2865 5925 χ’
