3902 6412
413 415 519 472 939

1557 405 1894 461 GUMPOLDI
1934 403 2228 460 EPlSCOPl
2272 403 2607 457 MANTUANI

3660 401 3771 455 940

482 540 572 596 24.
602 537 834 604 Quidam
863 535 1095 591 crimine
1121 533 1418 604 judiciario
1449 534 1595 606 capti
1642 531 1731 597 “3,
1762 530 2029 602 palatium
2055 531 2111 600 Α
2138 528 2249 583 Hoc
2279 526 2634 598 postmodum
2665 525 2913 596 impleto,
2944 521 3180 579 credens
3229 523 3349 596 ipse
3376 524 3606 596 Deoque
3646 540 3765 579 ser-

412 633 515 688 sub
539 630 776 685 vinculis
839 627 1098 702 ingressi,
1131 625 1400 698 principis
1445 626 1602 694 jussu
1627 625 1833 680 carceri
1857 625 2035 681 inclu-

414 725 642 788 duntur,
667 719 1034 776 tenatioribus
1067 718 1206 772 infra
1235 717 1593 792 ligaminibus
1623 733 1724 787 per
1753 733 1948 772 manus
1973 734 2036 772 ac

413 813 587 883 pedes
615 811 718 865 sub
771 808 982 864 crudeli
1031 809 1100 841 ²⁶⁹
1149 807 1399 862 custodia
1430 806 1787 878 implicantur
1811 806 1899 857 ’70.
1931 806 2031 871 Qui

411 905 597 960 media
648 910 828 968 nocte,
871 911 930 956 ut
987 908 1104 955 erat
1147 916 1400 966 necesse,
1432 901 1752 974 pervigiles,
1776 899 2034 955 strictura

412 993 742 1064 compedum
801 1007 865 1046 ac
936 991 1275 1046 manicarum
1331 989 1723 1046 miserabiliter
1784 988 2030 1055 contriti,

411 1086 622 1162 gemitu
653 1100 838 1139 amaro
865 1085 1033 1139 corda
1073 1083 1380 1156 pulsantes,
1433 1083 1489 1136 in
1519 1082 1837 1152 hujusmodi
1865 1081 2034 1137 verba

410 1179 699 1244 orationis,
734 1178 1066 1234 dormitante
1123 1194 1317 1249 parum
1358 1177 1608 1243 custode,
1643 1192 1838 1232 omnes
1867 1177 2032 1231 simul

409 1270 595 1326 ﬂendo
615 1271 681 1306 ’τί
717 1277 1087 1342 proruperunt
1118 1287 1130 1323 :
1156 1295 1182 1318 ιι
1217 1269 1254 1324 0
1278 1285 1492 1324 summe
1520 1268 1861 1341 gementium
1894 1283 2032 1323 con-

407 1363 613 1418 solator
641 1364 807 1429 Deus,
831 1363 955 1418 cceli
988 1371 1259 1434 terraeque
1290 1361 1562 1416 mirabilis
1593 1369 1828 1426 creator,
1845 1359 2030 1429 aspice

409 1472 513 1512 nos
554 1456 750 1510 mortis
785 1455 897 1523 juri
951 1454 1278 1521 destinatos,
1335 1463 1389 1508 et
1419 1471 1518 1525 per
1547 1451 1805 1526 suffragia
1844 1451 2029 1505 dilecti

407 1546 486 1600 tui
510 1544 831 1598 Vencezlavi
890 1543 1106 1609 militis,
1160 1542 1255 1614 qui
1310 1559 1533 1612 semper
1565 1542 1679 1610 jam
1736 1543 1790 1596 in
1823 1541 2029 1596 mundo

406 1633 583 1698 vivus,
611 1632 832 1686 miseris
858 1647 956 1701 pro
988 1638 1080 1685 tuo
1108 1631 1334 1685 nomine
1387 1630 1664 1702 benignus
1719 1629 1899 1684 extitit
1929 1630 2032 1684 de-

408 1719 618 1786 fensor,
650 1718 720 1773 ab
753 1719 982 1773 instanti
1015 1720 1372 1774 damnatione
1404 1721 1644 1774 educere
1697 1735 1799 1774 nos
1825 1719 2030 1772 miser-

414 1811 584 1865 rimos
617 1811 869 1886 dignare.
897 1811 1059 1866 Facta
1089 1811 1372 1878 oracione,
1406 1811 1587 1866 media
1620 1828 1742 1882 pars
1773 1812 2028 1874 carceris,

406 1918 517 1973 qua
549 1903 813 1957 custodes
843 1910 1054 1957 stantes
1111 1903 1436 1978 vigilabant,
1469 1910 1696 1974 repente
1725 1912 1836 1958 tota
1877 1902 2033 1974 quasi

409 2009 519 2049 iere
545 1994 884 2050 densissimo
936 1995 1005 2028 ³⁷³
1059 1994 1459 2061 obnubilatur;
1489 1995 1855 2066 extinctisque
1887 1995 2035 2049 intus

405 2086 735 2140 ardentibus
761 2085 990 2160 vigilum
1025 2077 1295 2153 lucernis,
1329 2097 1512 2142 cetera
1541 2102 1689 2157 pars,
1729 2102 1838 2158 qua
1865 2086 2033 2141 vincti

400 2179 608 2248 jacent,
643 2179 799 2249 quasi
838 2179 955 2234 sole
986 2179 1292 2233 clarissimo
1321 2185 1626 2233 screnatur.
1662 2179 1725 2232 Et
1772 2195 1900 2233 ecce
1930 2194 2033 2234 vox

407 2267 718 2336 repentina,
755 2267 973 2322 cmlitus
1005 2263 1063 2322 ut
1083 2283 1211 2322 vere
1242 2267 1581 2322 credendum
1616 2267 1782 2322 estm
1810 2267 2030 2334 emissa,

408 2355 608 2409 vinctis
645 2356 702 2409 in
735 2372 898 2410 aures
938 2364 1088 2411 tonat
1113 2358 1182 2391 ³⁷⁸
1225 2374 1240 2422 ;
1272 2361 1332 2410 ut
1361 2364 1607 2429 surgant,
1659 2357 1873 2412 indicit.
1932 2357 2030 2420 Qui

407 2462 539 2519 ergo
571 2454 680 2500 tam
707 2464 909 2518 pavore
936 2465 1102 2520 quam
1124 2450 1192 2484 ’⁷⁵
1219 2450 1418 2506 laeticia
1447 2448 1760 2520 stupefacti,
1786 2447 2034 2502 membra

407 2538 638 2594 silenter
664 2550 887 2595 movent
923 2542 1252 2613 ;statimque
1271 2543 1559 2598 vinculain
1587 2549 1772 2614 partes
1789 2541 2034 2611 disrupta

407 2627 694 2694 decidunt,
725 2646 922 2684 manus
953 2631 1240 2685 solvuntur
1268 2648 1333 2687 ac
1363 2632 1534 2703 pedes
1564 2648 1578 2695 ;
1613 2637 1917 2702 apertoque
1950 2631 2034 2685 dl-

413 2718 619 2774 vinitus
650 2721 886 2774 carceris
932 2721 1135 2784 hostio,
1171 2722 1284 2777 laeti
1343 2723 1594 2777 exiliunt.
1654 2723 1727 2776 lta
1759 2721 1854 2775 Dei
1899 2729 2032 2775 nutu

412 2808 689 2878 expediti,
721 2808 915 2863 laudes
941 2810 1158 2865 Christo
1176 2819 1479 2882 sanctoque
1509 2811 1630 2878 ejus
1657 2811 1865 2864 martiri
1899 2811 2036 2865 Ven-

408 2899 638 2953 cezlavo
679 2899 830 2953 inter
882 2900 1119 2970 populos
1169 2901 1438 2966 referunt,
1497 2901 1884 2972 immensaque
1922 2901 2033 2956 vir-

408 2997 585 3044 tutum
619 2989 742 3058 ejus
773 2991 1050 3046 mirabilia
1075 2993 1527 3047 constantissime
1557 3000 1612 3048 et
1641 2993 1934 3048 credentes
1980 3000 2035 3048 et

409 3080 772 3134 ammirantes
803 3096 1108 3153 propagare
1149 3081 1454 3136 decertant.

480 3172 568 3227 25.
609 3173 758 3227 lnter
783 3173 853 3206 ²τ⁶
885 3189 1024 3244 quos
1053 3173 1275 3246 gentilis
1295 3173 1541 3245 quidam,
1567 3172 1830 3244 baptismi
1857 3173 2034 3245 gratia

2137 618 2312 684 viens,
2356 617 2490 670 satis
2523 615 2742 686 longam
2779 614 3035 685 perduxit
3066 621 3303 670 aetatem.

2207 705 2296 760 26.
2333 703 2806 775 Huicquid’"-"°
2835 703 2984 756 aliud
3017 717 3127 757 non
3146 702 3766 756 minussucceditmira-

2137 799 2339 852 culum.
2374 797 2741 852 Juvenculum
2772 795 3051 867 quendam
3077 794 3502 861 cubicularium,
3537 795 3763 849 nomine

2136 885 2436 941 Podhiwen
2467 886 2555 950 ³⁸0,
2591 884 2792 938 ceteris
2820 883 3132 938 fideliorem
3155 883 3388 938 servulis
3410 885 3499 947 '3‘,
3527 885 3763 954 ejusque

2135 978 2365 1032 secretis
2432 977 2724 1047 aptiorem,
2766 975 2851 1028 vir
2891 981 3115 1029 sanctus
3165 975 3279 1043 jam
3323 977 3528 1030 sarculo
3570 977 3763 1029 vivens

2135 1069 2432 1124 admodum
2473 1067 2676 1122 amavit
2729 1067 2933 1136 ;cujus
2986 1067 3151 1122 etiam
3192 1067 3453 1138 superius
3500 1068 3758 1121 meminit

2134 1165 2420 1236 scriptum.
2456 1164 2556 1230 Qui
2577 1163 2646 1197 ³⁸³
2668 1163 2955 1217 karissimo
2985 1163 3227 1233 privatus
3255 1163 3759 1228 domino,lamenta

2133 1257 2306 1312 tristis
2356 1273 2454 1327 per
2504 1257 2622 1310 dies
2655 1255 3040 1326 frequentavit,
3090 1260 3143 1308 et
3196 1271 3308 1310 non
3353 1255 3542 1308 minus
3604 1255 3758 1324 plura

2133 1330 2397 1404 factorum
2425 1349 2545 1416 ejus
2593 1349 2866 1418 exempla,
2910 1362 3144 1417 quorum
3207 1347 3328 1417 ipse
3361 1345 3619 1400 conscius
3653 1354 3757 1406 est,

2132 1441 2277 1495 inter
2306 1441 2508 1494 multos
2545 1438 2823 1494 laudando
2878 1437 3147 1492 dilatavit.
3197 1438 3313 1502 Quo
3369 1439 3474 1491 dux
3521 1453 3759 1490 vesanus

2133 1539 2436 1602 comperto,
2470 1531 2819 1602 rapidissima
2875 1531 2944 1565 ²⁸³
2973 1546 3277 1585 succensus
3328 1530 3426 1596 ira,
3452 1530 3758 1600 suspendio

2130 1643 2258 1682 mox
2281 1643 2406 1682 eum
2434 1626 2502 1660 ³⁸⁸
2525 1627 2758 1700 _interire
2799 1624 2977 1692 jubet.
3029 1624 3344 1694 Suspensus
3403 1641 3666 1696 namque.
3701 1633 3760 1678 ut

2134 1733 2264 1772 vera
2295 1716 2566 1771 bonorum
2625 1721 2895 1770 testantur
2951 1713 3096 1768 dicta
3134 1713 3400 1778 virorum,
3446 1721 3567 1784 post
3601 1713 3761 1767 bien—

2136 1805 2310 1870 nium,
2348 1819 2458 1859 non
2490 1804 2648 1858 aliter
2669 1819 2831 1873 quam
2863 1802 2985 1856 viva
3016 1811 3070 1856 et
3097 1818 3230 1857 sana
3254 1803 3437 1858 solent
3469 1803 3757 1857 hominum

2054 1857 2105 1926 B
2137 1892 2337 1964 capita,
2372 1891 2589 1946 ﬂorenti
2621 1891 2832 1946 canicie
2874 1907 2972 1961 per
3011 1891 3154 1960 pilos
3202 1891 3271 1926 ³⁸⁵
3301 1907 3550 1946 crescere
3593 1898 3760 1962 atque

2135 1982 2469 2036 candescere
2501 1980 2651 2036 visus
2681 1989 2785 2045 est,
2869 1997 2877 2006 ·

2204 2071 2290 2124 27.
2328 2070 2542 2124 Interea
2579 2070 2650 2103 ³⁸⁵
2679 2077 2871 2139 captus
2899 2068 3122 2140 quidam
3153 2084 3346 2122 severa
3369 2069 3577 2137 judicis
3628 2086 3761 2123 sen-

2133 2162 2326 2227 tentia,
2358 2161 2410 2214 in
2431 2161 2667 2215 similem
2695 2159 2987 2214 carceralis
3015 2159 3280 2214 custodiae
3311 2176 3554 2229 prunam,
3589 2160 3762 2213 altera

2134 2252 2225 2306 die
2259 2250 2644 2321 perimendus,
2687 2249 2984 2304 intruditur
3012 2249 3101 2316 ³⁸⁷,
3133 2256 3187 2303 et
3230 2249 3511 2319 prioribus
3539 2251 3758 2312 solutis.

2135 2341 2307 2396 multo
2348 2340 2590 2395 strictius
2616 2339 2871 2394 vincitur.
2935 2339 3033 2403 Qui
3091 2340 3158 2372 ²⁸⁸
3217 2339 3382 2394 etiam
3416 2340 3759 2394 amarissime

2135 2433 2322 2488 ﬂendo
2353 2440 2600 2486 sanctum
2641 2431 2738 2486 Dei
2763 2430 3122 2486 Vencezlaum
3159 2431 3371 2486 intimis
3401 2432 3574 2485 adsui
3608 2432 3761 2486 auxi-

2134 2524 2266 2579 lium
2293 2525 2556 2596 precibus
2584 2523 2798 2578 vocavit
2845 2523 3039 2578 dicens
3078 2541 3090 2576 :
3127 2546 3146 2571 α
3177 2521 3375 2576 Sancte
3409 2524 3501 2576 Dei
3535 2534 3760 2593 martyr,

2134 2616 2180 2671 si
2227 2623 2462 2681 tantum,
2523 2622 2581 2668 ut
2652 2615 2905 2670 homines
2962 2614 3176 2680 dicunt,
3227 2615 3372 2684 apud
3429 2615 3758 2668 altissimum

2137 2711 2305 2764 Deum
2340 2709 2593 2764 obtinere
2623 2709 2794 2775 vales,
2837 2709 3109 2764 interveni
3137 2726 3234 2780 pro
3263 2727 3349 2763 me
3372 2711 3662 2774 morituro,
3704 2722 3760 2764 ut

2135 2799 2243 2853 tuis
2283 2797 2553 2852 liberatus
2586 2797 2821 2862 meritis,
2856 2797 2922 2851 ad
2957 2797 3249 2851 criminum
3286 2799 3571 2870 purganda
3600 2815 3760 2852 com-

2135 2891 2304 2945 missa
2335 2891 2502 2944 miser
2531 2905 2632 2960 ego
2655 2896 2929 2958 praesente
2983 2889 3324 2960 aliquantum
3381 2889 3593 2943 diutius
3651 2891 3758 2942 viti

2135 2982 2453 3046 subsistam,
2477 3004 2496 3032 ι
2524 2981 2830 3052 Statimque
2861 2987 2920 3034 ut
2947 2990 3163 3035 oratum
3185 2980 3253 3014 ’39
3276 2981 3562 3051 ost,ruptis
3594 2998 3758 3051 quam

2137 3070 2349 3127 fortiter
2377 3069 2635 3134 vinculis,
2693 3069 2784 3124 Dei
2816 3069 2992 3142 gratia
3044 3069 3244 3124 nesciis
3284 3070 3612 3124 custodibus
3645 3086 3765 3123 car-

2137 3179 2261 3218 cere
2304 3170 2385 3217 est
2428 3162 2708 3217 exsolutus
2753 3163 3050 3226 ;sedextra
3092 3161 3399 3216 astantibus
3422 3178 3760 3233 paganorum

411 3267 658 3322 nondum
697 3225 1014 3334 mundajlus’
1049 3225 1172 3322 Eum
1236 3225 1329 3323 5ρῖ
1357 3269 1469 3337 jam
1524 3225 1806 3340 peribea“
1836 3225 2032 3323 geri“,
2059 3225 2107 3292 Ο
2133 3251 2448 3308 latronibus
2475 3251 2675 3305 iterum
2715 3257 2910 3320 captus
2967 3249 3197 3304 nimium
3252 3250 3681 3321 constringitur,
3712 3260 3764 3304 et

411 3360 733 3415 Vencezlavi
757 3371 932 3414 morte
966 3361 1255 3416 liberatum
1290 3362 1550 3427 senserit,
1584 3361 1650 3414 ad
1685 3360 1812 3415 fidei
1837 3362 2028 3416 catho-

414 3452 532 3506 licae
563 3468 746 3506 veram
775 3453 1112 3527 agnitionem
1169 3454 1400 3508 devotus
1429 3454 1792 3520 convertitur,
1823 3453 2030 3509 salubri

417 3544 636 3598 lavacro
679 3551 967 3616 purgatur,
1005 3542 1332 3615 firmataque
1396 3543 1505 3598 fide
1537 3544 1626 3610 ³⁷⁷,
1655 3560 1718 3598 ac
1748 3545 1844 3599 Dei
1878 3545 1930 3598 in
1971 3562 2033 3599 se

416 3632 633 3687 confixo
661 3648 850 3687 amore
877 3633 1002 3698 ’7",
1033 3640 1220 3688 natum
1250 3634 1498 3700 unicum,
1533 3649 1698 3704 quem
1726 3649 1882 3704 zeque
1914 3649 2036 3704 pro-

415 3723 532 3794 pria
563 3723 672 3778 vita
711 3723 923 3790 dilexit,
955 3723 1010 3778 in
1043 3725 1331 3780 clericatus
1383 3723 1629 3781 officium
1662 3725 1758 3780 Dei
1799 3725 2032 3780 servicio

411 3814 480 3868 ad
511 3813 657 3870 beati
687 3815 928 3869 martiris
986 3815 1293 3871 acclesiam
1343 3832 1403 3870 se
1463 3816 1717 3871 daturum
1751 3815 2029 3886 promisit.

2132 3345 2262 3398 dum
2295 3343 2514 3416 longius
2535 3342 2636 3397 sub
2668 3341 2920 3404 vinculis,
2956 3343 3141 3413 precio
3165 3358 3272 3413 quo
3300 3342 3470 3412 possit
3500 3359 3754 3397 commu-

2135 3435 2338 3490 tandus
2369 3433 2720 3497 transfertur,
2780 3433 3016 3503 priorem
3060 3433 3257 3502 repetit
3299 3433 3614 3487 oracioueni
3655 3452 3666 3486 :
3702 3451 3763 3488 ac

2135 3524 2833 3599 mansuefactisgentilium
2862 3525 3141 3590 cordibus,
3168 3532 3366 3595 sponte
3381 3543 3507 3578 eum
3541 3526 3763 3580 solvunt.

2137 3631 2201 3671 ac
2231 3615 2535 3670 dimittunt.
2564 3616 2626 3668 At
2656 3613 2725 3647 ²⁹⁰
2749 3613 2822 3668 ita
2879 3613 3066 3668 denuo
3091 3613 3378 3679 liberatus,
3428 3615 3622 3668 laudes
3655 3617 3762 3670 Deo

2134 3714 2188 3760 et
2217 3704 2379 3759 beato
2411 3703 2538 3758 duci
2572 3718 2670 3773 per
2701 3708 2873 3757 terras
2902 3703 3086 3758 eundo
3105 3703 3477 3776 magnificavit
3510 3705 3600 3770 ’9',

2203 3795 2289 3846 25.
2329 3791 2592 3847 Mansisse
2625 3790 2796 3845 fertur
2843 3789 3036 3844 eadem
3069 3791 3311 3857 civitate,
3358 3809 3466 3862 qua
3506 3803 3758 3848 sanctum

1766 4001 1986 4058 VARIAE
2028 4003 2298 4060 LECTlON
2307 4003 2399 4058 ES.

481 4150 550 4223 '7“
590 4147 878 4223 judicario
931 4148 1094 4223 eapiti
1157 4150 1222 4223 1.Δ
1258 4148 1328 4182 ²⁶⁹
1384 4148 1528 4203 deest
1588 4149 1638 4223 1.
1709 4148 1780 4182 ’⁷ο
1834 4156 1958 4223 post
2017 4149 2134 4223 haec
2183 4149 2261 4223 in;
2294 4163 2528 4223 _earcere
2588 4147 2812 4223 plurimi
2869 4148 3134 4223 homines»
3173 4148 3434 4223 jacebant
3499 4149 3553 4201 in
3612 4152 3758 4223 ligno

406 4221 624 4285 inclusi,
673 4230 728 4274 et
769 4219 1081 4292 unicuique
1151 4218 1530 4292 fuithtorques
1586 4219 1800 4292 ferreus
1837 4218 1908 4292 in
1957 4220 2104 4275 collo
2156 4229 2211 4274 et
2253 4220 2326 4273 hii
2360 4235 2553 4274 omnes
2602 4219 2658 4272 in
2696 4219 2988 4292 angustiis
3045 4221 3171 4292 suis
3231 4221 3522 4273 Dominum
3563 4218 3752 4274 mnin-

405 4301 687 4364 potentem
747 4289 1192 4364 deprecabantur
1238 4289 1532 4364 dicentes:
1571 4291 1798 4364 Domine
1863 4291 2007 4345 Deus
2065 4307 2169 4364 per
2214 4293 2418 4364 merita
2463 4299 2517 4343 et
2568 4289 2851 4345 orationes
2911 4291 3054 4364 beati
3119 4291 3500 4364 erg’njzezlawi
3552 4294 3756 4359 adjum

405 4361 507 4418 nos
560 4363 726 4417 Nocte
753 4373 934 4415 autem
977 4362 1228 4416 insecuta
1258 4362 1414 4431 quasi
1467 4361 1903 4416 tintinnabulum
1944 4361 2130 4417 sonuit
2162 4363 2215 4416 in
2285 4361 2510 4416 auribus
2564 4377 2777 4426 eorum,
2833 4369 2886 4414 et
2929 4362 3018 4415 lux
3070 4362 3281 4416 refulsit
3312 4363 3361 4414 in
3422 4379 3672 4426 carcere,
3705 4375 3759 4418 et

403 4434 638 4489 tetendit
676 4450 736 4506 se
760 4434 968 4506 lignum
992 4434 1140 4506 velut
1169 4449 1348 4506 arcus,
1384 4433 2020 4506 etextraxeruntpedes
2043 4433 2274 4506 su_os_de
2309 4433 2476 4506 ligno.
2503 4431 2650 4486 Tunc
2681 4432 3366 4506 omnesvociferabantur
3403 4435 3756 4506 unanimiter

405 4507 692 4559 dicentes:
727 4503 957 4558 Domine
1016 4504 1158 4575 Deus
1191 4504 1453 4558 miserere
1489 4503 1666 4559 nobis.
1717 4503 1837 4560 Mox
1875 4503 2049 4558 adfuit
2082 4504 2276 4558 Christi
2307 4503 2498 4570 vi’rtus,
2542 4512 2595 4557 et
2638 4504 3080 4574 uniuscujusque
3139 4510 3363 4575 torques
3411 4504 3752 4566 confractus.

406 4577 607 4631 cecidit
636 4575 705 4629 de
737 4576 900 4639 collo,
937 4574 1136 4629 cecidit
1182 4575 1236 4628 in
1303 4583 1522 4641 terram,
1577 4575 1643 4629 Μ.
1686 4575 1751 4609 ²τ¹
1785 4577 1927 4630 deest
1976 4577 2026 4630 2.
2073 4575 2126 4628 3.
2185 4576 2252 4609 ³⁷³
2281 4576 2456 4629 denso
2505 4575 2558 4630 2.
2591 4575 2659 4607 ’⁷³
2695 4593 2750 4628 ιι.
2800 4591 2852 4628 u.
2890 4591 2940 4628 v.
2967 4592 3012 4628 c.
3055 4591 3104 4628 c.
3151 4574 3343 4628 desunt
3384 4577 3527 4628 2.“
3562 4578 3752 4631 intona

405 4649 457 4721 2.
503 4647 558 4714 3,
585 4647 653 4680 ⁸⁷⁵
675 4653 736 4721 _et
754 4649 816 4721 Δ1.
852 4646 922 4680 ’⁷⁸
953 4645 1067 4721 Quo
1115 4646 1231 4701 viso
1295 4647 1562 4702 miraculo
1596 4663 1756 4721 _unus
1789 4663 2033 4721 paganus
2063 4647 2155 4721 qui
2200 4647 2264 4721 in_
2287 4647 2478 4721 eadem
2533 4653 2730 4721 tentus
2751 4646 3091 4721 servabatur,
3125 4646 3489 4721 votuinvovit
3521 4648 3752 4702 domino

406 4720 599 4774 dicens
629 4735 641 4771 :
666 4719 719 4770 Si
754 4717 894 4788 Deus
920 4717 1142 4788 adjuvat
1184 4734 1271 4770 me
1323 4735 1420 4788 per
1473 4717 1667 4772 merita
1708 4716 2290 4784 beati'Wencezlawi,
2343 4717 2508 4771 credo
2565 4718 2619 4770 in
2678 4718 2970 4781 Christum,
3004 4727 3058 4770 et
3106 4718 3249 4771 dabo
3283 4716 3454 4770 filium
3484 4735 3668 4772 meum
3701 4724 3749 4772 ei

408 4790 461 4843 in
492 4790 804 4843 servitium.
843 4787 924 4840 De
966 4787 1075 4859 quo
1106 4789 1285 4843 statim
1325 4787 1524 4844 omnia
1583 4789 1765 4844 vincla
1832 4788 2012 4844 ferrea
2067 4790 2408 4855 ceciderunt,
2469 4805 2634 4858 quem
2689 4789 2885 4843 iterum
2949 4789 3255 4859 iterumque
3311 4791 3598 4858 artiusque
3664 4791 3750 4843 in-

405 4861 708 4926 cluserunt,
758 4867 812 4913 et
867 4875 1078 4913 rursum
1133 4861 1275 4914 sicut
1314 4869 1440 4916 ante
1498 4861 1821 4916 ceciderunt
1869 4861 1938 4914 ab
2007 4876 2072 4914 eo
2141 4861 2460 4929 compedes.
2517 4861 2615 4924 Qui
2668 4859 2933 4914 continuo
2994 4859 3274 4924 dimissus,
3317 4869 3373 4914 et
3413 4871 3601 4914 sancta
3637 4860 3748 4916 fide

408 4932 720 4994 instructus,
766 4929 1074 4998 baptizatus
1126 4940 1230 4996 est,
1281 4941 1335 4985 et
1375 4946 1569 5002 posrea
1627 4933 1760 4985 vixit
1815 4931 2080 5001 plurimos
2156 4947 2353 4985 annos.
2407 4932 2474 4984 Μ.
2541 4931 2606 4963 ²⁷⁷
2667 4931 2978 5001 firmitaque
3020 4930 3148 4984 fidei
3211 4933 3254 4984 1.
3315 4931 3419 4964 ππ*
3477 4949 3526 4995 a,
3592 4950 3618 4985 ρ
3690 4935 3743 4986 2.

405 5010 634 5074 gnatum
675 5018 822 5074 corr.
875 5008 1059 5074 natum
1121 5007 1142 5056 1
1230 5002 1297 5035 ’7'
1361 5006 1486 5068 Qum
1539 5005 1595 5054 in
1646 5003 1740 5054 hoc
1793 5005 2031 5072 capitulo
2085 5005 2357 5069 leguntur,
2393 5019 2500 5055 non
2541 5003 2806 5056 habentur
2843 5005 2994 5057 inM.
3022 5002 3391 5074 ’79Quicquid
3425 5006 3467 5055 1.
3511 5003 3570 5054 ll.
3606 5021 3749 5073 quo-

405 5073 510 5142 que
565 5075 617 5127 2.
675 5076 725 5126 3.
788 5073 855 5105 ’75
890 5073 1208 5127 Podhivuen
1267 5074 1384 5142 alio,
1433 5079 1731 5126 atramento
1762 5075 1856 5127 sed
1884 5076 2068 5128 eadem
2094 5090 2260 5128 manu
2295 5079 2350 5128 in
2381 5075 2490 5128 loco
2546 5089 2713 5128 vacuo
2740 5075 2924 5127 relicto
2966 5077 2984 5127 1
3047 5073 3142 5127 ubi
3192 5075 3224 5127 h
3284 5080 3742 5142 superscriptmn.

404 5141 460 5195 ti.
496 5145 576 5215 _P,
636 5145 826 5198 desunt
893 5143 942 5197 2.
1023 5144 1088 5215 3.7
1136 5145 1200 5176 ²⁸¹
1250 5160 1289 5196 s.
1365 5141 1400 5195 f.
1594 5144 1662 5176 ’3'
1721 5144 1771 5196 vi
1824 5146 1870 5197 1.
1935 5145 2003 5180 ³³³

2191 5146 2223 5198 d
2313 5145 2361 5200 3.
2429 5145 2498 5178 ³⁸⁵
2563 5145 2709 5199 enim
2766 5146 2811 5199 1.
2840 5146 2906 5177 ’⁸⁵
2940 5145 3100 5213 pillos
3136 5149 3182 5199 1.
3217 5144 3286 5178 ³⁸⁸
3317 5141 3466 5198 Alius
3519 5162 3743 5215 quoque

405 5213 600 5287 eodem
643 5216 809 5268 modo
850 5215 1039 5287 jussus
1071 5214 1246 5287 fuerat
1304 5214 1512 5287 retrudi
1543 5213 1597 5267 in
1635 5230 1938 5281 carcerem,
1997 5233 2026 5270 a
2076 5233 2186 5287 quo
2235 5216 2486 5270 similiter
2516 5224 2715 5270 cuncta
2753 5224 3077 5287 argumenta
3119 5215 3462 5270 vinculorum
3495 5213 3743 5286 disrupta

407 5285 752 5359 ceciderunt.
775 5299 936 5359 quem
971 5283 1243 5359 increduli
1276 5284 1458 5359 statim
1511 5287 2054 5359 eomprehendentes
2094 5283 2480 5340 _vendiderunt
2521 5283 2844 5358 longinquis
2879 5287 3122 5359 paganis.
3166 5287 3414 5359 Quicum
3446 5283 3744 5342 duceretur

405 5355 471 5407 ab
498 5356 600 5429 eis,
624 5354 834 5429 meritis
883 5356 1037 5429 beati
1100 5354 1461 5429 _Wencezlawi
1500 5357 1641 5410 sicut
1690 5365 1745 5410 et
1796 5358 2114 5428 frequenter
2161 5359 2485 5412 ceciderunt
2517 5354 2708 5412 catene
2736 5354 2811 5412 de
2868 5354 3122 5412 manibus
3157 5358 3298 5427 ejus,
3327 5364 3381 5411 et
3411 5368 3639 5429 torques
3671 5363 3738 5412 de

405 5426 619 5498 cervice
678 5426 963 5498 eius.7Qui
1018 5425 1115 5478 etsi
1169 5426 1612 5498 gentileserant,
1675 5425 1968 5482 cernentes
2016 5431 2285 5483 mirabilia
2336 5430 2429 5483 Dei
2461 5445 2586 5482 eum
2642 5431 2992 5484 dimiserunt.
3053 5429 3118 5482 Μ.
3161 5425 3228 5462 ³⁸⁷
3262 5425 3565 5484 includitur
3593 5432 3644 5484 2.
3686 5431 3736 5485 3.

407 5491 470 5522 ’δ’
533 5496 610 5558 Qu
640 5507 673 5542 n
727 5496 893 5566 μέν
949 5504 1135 5548 oratus
1172 5491 1240 5548 '1.
1294 5496 1361 5529 ²⁹⁰
1421 5495 1479 5551 Et
1531 5491 1605 5552 2f
1645 5499 1696 5551 3.
1744 5500 1806 5533 ’9'
1845 5501 2037 5554 Postea
2103 5517 2188 5553 uer
2217 5518 2286 5555 ue
2333 5501 2403 5556 ali
2562 5502 2570 5511 '
2629 5519 2642 5528 π
2681 5501 2691 5511 ’
2815 5500 3236 5557 ineansmr‘ludi
3269 5500 3327 5555 in.
3355 5516 3581 5581 ιδξῇῃῇ
3618 5503 3738 5566 nari

411 5573 536 5611 cum
583 5572 841 5616 SUSDII‘HS
870 5509 2814 5616 ῖτειτωωωρμέππμσετπωπτωιττθτῶσῖἜἭῗῒῆἓῗ
2833 5561 2896 5616 Et
2923 5555 3179 5616 egressus
3200 5539 3268 5616 ad.
3293 5546 3395 5616 .“n
3581 5557 3596 5582 ’

415 5574 536 5611 cum
583 5574 841 5628 susplrns
870 5574 2030 5652 ιτεᾳηαιιιεε-μτωοιιῖβπξεηῃπςῖγῐση-

415 5641 521 5680 me.
569 5623 630 5672 Et
649 5631 776 5680 dum
807 5621 1154 5675 Obdormivﬂ.
1181 5626 1205 5652 ς
1235 5620 1258 5647 ⁴λ
1293 5609 1362 5645 ‘m
1393 5602 1438 5663 θ.
1568 5648 1575 5655 ·
1653 5629 1906 5690 manibus
1937 5632 2030 5672 net

418 5699 576 5733 urant
617 5688 673 5733 in
693 5691 924 5733 mdith
941 5683 1060 5733 eius
1088 5682 1266 5733 neque
1298 5665 1540 5733 mam“?
1567 5660 1775 5733 19.--“...
1805 5699 1951 5733 necat
1981 5688 2030 5733 dc

2391 5591 2445 5643 in
2480 5574 2806 5662 colleillius.
2834 5574 2896 5640 ut
2923 5574 3179 5671 (agmini;
3196 5574 3420 5662 23d:

2191 5685 2336 5732 cere,
2359 5673 2524 5733 quem
2545 5650 2625 5706 Illi
2646 5649 2828 5700 statim
2840 5633 3066 5688 dimiser

1362 5685 1779 5786 :iliitife'iapius
1805 5699 1952 5753 esset
1981 5688 2053 5741 de
2094 5685 2336 5734 carcere,

418 5677 576 5749 erant
616 5688 673 5738 in
693 5677 924 5749 pedibus
941 5682 1266 5750 ejuspeque
1298 5677 1348 5743 tn

421 5739 1211 5827 Favii'quohnﬁié’miiabiitter
1233 5739 1325 5792 Dei
