3902 6394
167 442 276 498 941

1257 436 1401 491 νιτΑ
1444 432 1845 489 VENCEZLAVI
1885 432 2077 488 DUCIS
2119 434 2447 492 ΒΟΗΕΜΙΑΞ.

3407 446 3514 502 242

168 569 477 641 requiescit
502 583 726 639 corpus,
758 565 960 620 mulier
1015 565 1266 636 quaedam
1296 566 1414 619 visu
1437 563 1648 625 orbata,
1672 580 1795 617 ma-
1824 565 1872 633 Α
1897 561 2100 627 valeas,
2132 579 2165 618 ο
2195 581 2424 635 pauper,
2484 584 2671 642 surge,
2706 585 2766 623 ac
2798 570 3049 643 Pragam,
3076 572 3309 627 Boemiaz
3336 574 3403 609 30‘
3434 576 3517 631 ci-

169 673 348 712 unum
381 671 611 712 recurva
638 654 939 709 inﬂexione
967 652 1036 707 ab
1060 654 1179 724 ipso
1205 654 1317 721 jam
1346 660 1467 707 ortu
1499 657 1794 711 contracta,

165 746 327 801 omni
357 750 463 801 'usu
492 746 583 812 ’9',
640 743 897 799 manibus
956 758 1057 814 per
1100 749 1349 797 naturam
1381 756 1645 796 concesso
1678 740 1794 810 pri-

165 844 315 893 vata.
361 837 491 901 Quae
534 836 815 896 videlicet.
848 850 1073 889 reverso
1123 850 1222 905 per
1274 848 1480 888 annum
1519 832 1610 885 die
1638 830 1795 886 festi-

164 933 348 997 vom,
380 932 686 987 aecclesiam
734 930 909 985 sancti
969 928 1074 982 Viti
1133 929 1385 999 martyris
1436 927 1709 1001 ingressa,
1741 935 1798 980 et

162 1030 301 1076 ante
331 1021 691 1092 sepulchrum
723 1019 868 1074 beati
916 1017 1261 1083 Vencezlavi,
1294 1031 1404 1087 quo
1435 1014 1793 1080 desideravit,

161 1113 354 1177 ducta,
414 1129 580 1168 orans
636 1119 927 1183 prostrata,
986 1108 1193 1163 tamdiu
1227 1107 1488 1179 precibus
1555 1103 1795 1181 lugendo

162 1208 514 1272 perseverat,
575 1200 758 1272 quoad
814 1198 1031 1253 cunctis
1062 1197 1419 1251 cernentibus
1466 1195 1642 1249 sancti
1692 1195 1793 1249 viri

162 1291 388 1345 meritis
407 1290 527 1345 visu
559 1289 940 1354 inluminatur,
974 1295 1029 1342 et
1049 1302 1312 1341 manuum
1373 1286 1521 1340 salva
1570 1285 1795 1339 restitu-

159 1387 331 1442 cione
368 1387 718 1441 instauratur.

235 1479 331 1533 29.
364 1480 560 1534 Postea
590 1492 814 1549 quoque
845 1482 1040 1547 captus
1090 1474 1313 1547 quidam
1356 1473 1425 1526 ab
1455 1473 1561 1539 his,
1592 1473 1794 1544 quibus

158 1572 518 1643 aliquantum
578 1569 830 1641 pecunia:
860 1568 963 1622 sub
1015 1567 1495 1623 accomodacionis
1533 1566 1602 1601 ’9‘
1634 1576 1792 1635 pacto

160 1662 386 1724 debuit,
452 1660 663 1731 diuque
705 1658 809 1713 sub
863 1657 1207 1713 vinculorum
1260 1656 1623 1721 districtione,
1684 1670 1792 1725 quo

158 1751 420 1806 debitum
444 1751 639 1815 solvat,
700 1749 966 1805 contritus
994 1757 1096 1803 est.
1131 1747 1238 1801 Sed
1267 1747 1465 1801 ceteris
1498 1745 1793 1800 imminen-

160 1845 318 1899 tibus
348 1844 419 1878 ³9³
458 1843 729 1918 negociis,
786 1841 974 1912 aliquo
1005 1856 1105 1912 per
1132 1840 1324 1894 urbem
1371 1839 1473 1910 ipsi
1505 1847 1786 1911 vagantes,

156 1938 416 1992 vinctum
474 1934 694 1989 interim
754 1949 879 1987 cum
928 1933 997 1966 ²⁹⁶
1052 1933 1195 1985 inter
1238 1931 1377 1985 viam
1429 1929 1703 2000 publicam
1736 1935 1792 1983 et

156 2028 476 2084 azcclesiam
508 2025 715 2080 deforis
739 2024 843 2079 sub
865 2024 1115 2079 custodia
1132 2024 1407 2091 jacentem
1432 2023 1784 2077 dimiserunt.

154 2120 256 2173 Ille
291 2120 478 2172 media
518 2123 765 2173 versatus
794 2116 1067 2190 angustia,
1102 2130 1298 2168 manus
1351 2120 1540 2169 contra
1571 2121 1786 2185 portam

153 2214 432 2270 zecclesize
463 2212 684 2277 levavit,
722 2213 828 2267 hoc
883 2212 1048 2266 modo
1084 2217 1335 2281 precatus
1365 2227 1408 2262 τι
1447 2209 1485 2263 Ο
1513 2210 1620 2264 dux
1673 2209 1784 2263 mi-

154 2304 373 2358 tissime
406 2301 708 2373 martirque
738 2301 1107 2367 sanctissime,
1158 2316 1280 2354 cum
1326 2300 1439 2367 jam
1500 2300 1791 2355 multosab

153 2394 466 2464 impiorum
489 2390 750 2446 manibus
777 2391 1039 2445 sanctitas
1069 2399 1161 2445 tua
1200 2391 1267 2444 ad
1319 2406 1575 2463 magnum
1620 2392 1787 2443 Deum

152 2481 560 2539 intercedendo
593 2480 883 2551 eripuerit,
914 2495 1081 2534 exoro
1129 2480 1319 2545 miser,
1378 2496 1447 2533 ne
1506 2495 1594 2533 me
1648 2479 1789 2534 obli-

149 2571 387 2626 viscaris
420 2570 672 2643 ligatum,
721 2568 821 2623 sed
868 2568 1029 2622 solita
1071 2568 1275 2637 pietate
1330 2567 1458 2622 hinc
1504 2583 1591 2621 me
1623 2567 1791 2623 facias

152 2660 476 2716 exsolutum
523 2659 657 2712 ’97.-
707 2659 984 2712 Praascnte
1028 2657 1097 2691 ’9’
1129 2657 1302 2711 cicius
1333 2657 1425 2711 Dei
1471 2656 1788 2719 clementia,

152 2749 303 2804 beati
342 2746 585 2802 martiris
615 2746 1043 2818 precibusquasi
1077 2746 1254 2801 ferrea
1282 2746 1398 2801 acie
1453 2745 1675 2799 concisa
1697 2745 1783 2810 "9,

154 2841 349 2895 subito
402 2840 762 2894 -lissotiantur
813 2838 1056 2905 vincula,
1101 2837 1333 2908 ipseque
1384 2836 1477 2890 Dei
1521 2834 1785 2904 templum

152 2947 345 3015 grates
376 2938 739 3009 rependendo
769 2938 1068 3010 ingressus.
1142 2936 1482 3007 prolatisque
1514 2934 1581 2989 ad
1614 2937 1785 2989 Deum

153 3037 207 3084 et
237 3035 467 3083 sanctos
524 3027 777 3082 martires
824 3025 1193 3092 orationibus,
1242 3025 1386 3080 liber
1432 3025 1658 3080 domum
1701 3039 1789 3079 re-

155 3121 388 3176 meavit.

225 3212 316 3266 30.
355 3210 688 3265 Francorum
718 3209 897 3282 igitur
949 3208 1234 3279 provincia
1280 3209 1364 3262 vir
1404 3207 1630 3279 quidam
1686 3223 1788 3278 pe-
1815 3247 1865 3316 Ο

156 3304 293 3359 dum
324 3303 398 3337 ³⁰⁰
432 3304 651 3357 incessu
702 3300 774 3356 ab
817 3302 935 3372 ipsa
962 3302 1072 3370 jam
1121 3299 1354 3355 infantia
1384 3316 1579 3355 carens
1608 3299 1698 3364 ’0‘,
1734 3308 1789 3356 et

156 3396 361 3450 viciata
388 3401 586 3448 natura
615 3409 725 3449 non
748 3393 1056 3467 gressibilis
1074 3393 1171 3446 sed
1198 3392 1414 3463 reptilis
1459 3409 1560 3463 per
1588 3398 1785 3446 terram

159 3502 221 3541 se
251 3485 642 3542 contrahendo
674 3484 961 3549 incedens,
1002 3491 1165 3536 nocte
1196 3481 1432 3552 quadam
1478 3499 1576 3552 per
1624 3497 1791 3552 δονο-

160 3594 281 3633 rem
305 3576 525 3631 visione
558 3575 862 3640 intremuit,
893 3574 1154 3645 quoniam
1177 3572 1326 3626 mirae
1359 3572 1791 3642 pulchritudinis

164 3670 268 3737 vir,
317 3669 443 3723 allis
497 3668 567 3701 ³⁰²
596 3668 845 3732 indutus,
881 3667 1082 3721 lectulo
1114 3665 1376 3719 assistens
1407 3665 1497 3729 ³0³,
1527 3664 1788 3719 claudum

164 3760 395 3824 excitat,
421 3775 486 3815 ac
514 3759 747 3815 salutem
765 3766 1037 3813 monstrat
1057 3758 1254 3812 dicens
1278 3774 1290 3809 :
1314 3779 1337 3804 (ι
1366 3756 1595 3827 Quoquo
1628 3754 1791 3809 modo

1896 652 2139 717 vitalem,
2162 656 2411 726 quamvis
2441 657 2592 710 omni
2626 658 2751 711 data
2793 675 2891 729 pro
2947 661 3198 716 vehiculo
3228 680 3340 734 quo
3371 664 3515 721 fera-

1900 742 1971 797 ris
2003 744 2329 809 substantia,
2373 746 2743 817 proﬁciscere,
2775 766 2953 821 eoque
2983 762 3300 822 perventus,
3320 757 3517 811 incele-

1896 836 2031 890 siam
2063 838 2237 892 sancti
2296 837 2401 893 Viti
2452 840 2725 909 martyris,
2759 859 2865 913 qua
2908 851 3159 899 sanctum
3191 846 3515 902 Veucezlavi

1898 924 2137 979 martiris
2185 942 2385 996 corpus
2433 929 2752 999 requiescit,
2808 931 3116 1003 ingreditor
3182 952 3196 990 :
3254 934 3513 1007 factaque

1896 1018 2153 1072 oracione
2185 1017 2412 1083 ibidem,
2462 1038 2682 1095 gressus
2724 1031 2923 1093 praeter
2960 1041 3123 1079 omne
3165 1026 3395 1082 dubium
3422 1045 3514 1083 re-

1896 1108 2072 1177 cipies
2118 1108 2408 1163 sanitatem
2491 1134 2503 1152 -
2558 1111 2659 1175 Qui
2708 1128 2903 1167 somno
2962 1131 3211 1169 emersus
3258 1118 3408 1187 jussa
3441 1118 3511 1151 ³⁰⁵

1897 1196 2222 1270 neglegens,
2254 1199 2435 1252 somni
2487 1215 2545 1253 se
2571 1200 2823 1255 delusum
2856 1203 3107 1267 credens,
3144 1205 3246 1257 iter
3280 1206 3514 1277 imposi-

1895 1296 2009 1343 tum
2037 1290 2266 1343 omnino
2318 1290 2517 1344 differt.
2572 1292 2738 1347 Nocte
2788 1302 2972 1348 autem
3028 1295 3276 1350 inspcuta
3335 1296 3507 1351 cubili

1898 1397 2109 1451 pauper
2133 1382 2450 1452 quiescens,
2484 1382 2723 1438 eundem
2747 1392 2908 1439 tanta:
2935 1386 3197 1441 claritatis
3229 1389 3508 1443 seniorem

1898 1476 2097 1530 lectulo
2139 1478 2334 1532 iterum
2384 1479 2455 1513 ³⁰⁶
2507 1478 2685 1533 cernit
2734 1481 3063 1547 adstantem,
3117 1482 3210 1553 qui
3250 1498 3376 1536 eum
3410 1484 3515 1538 hoc

1895 1569 2060 1623 modo
2113 1569 2453 1641 redarguens
2504 1570 2631 1624 ait:
2687 1591 2711 1621 α
2772 1572 2988 1642 Pauper
3028 1574 3284 1638 amande,
3318 1589 3513 1629 somno

1895 1657 2155 1719 excitare,
2196 1658 2425 1712 visionis
2466 1659 2630 1726 hujus
2681 1676 2870 1714 verum
2920 1661 2988 1694 307
3034 1678 3273 1734 agnosce
3311 1680 3515 1733 pra-sa-

1893 1748 2064 1822 gium.
2101 1748 2255 1803 Unde
2286 1750 2488 1805 misero
2542 1750 2641 1804 tibi
2683 1752 3052 1824 neglegentia,
3078 1770 3281 1824 corpus
3326 1755 3512 1809 debile

1818 1863 1867 1929 Β
1890 1841 2195 1894 curandum
2224 1839 2252 1892 ?
2278 1842 2382 1895 Cur
2412 1842 2513 1896 iter
2541 1844 2609 1877 ³0⁸
2638 1844 2705 1897 ad
2754 1845 3027 1913 propriam
3063 1846 3296 1899 salutem
3332 1863 3512 1916 nuper

1893 1944 2014 1983 mea
2045 1930 2141 1984 tibi
2175 1930 2459 1985 inductum
2485 1933 2553 1965 30°
2594 1933 2817 1987 visione
2841 1934 3102 1989 distulisti
3140 1932 3167 1986 Τ
3202 1956 3220 1984 ι
3262 1936 3377 1998 Qua
3427 1935 3515 1989 in-

1893 2018 2230 2087 crepationis
2260 2020 2552 2087 asperitate
2608 2022 2839 2075 claudus
2870 2022 3161 2094 evigilaus,
3220 2023 3376 2093 pulso
3409 2040 3511 2079 au-

1890 2111 2039 2166 ditus
2068 2112 2261 2178 dubio,
2294 2114 2541 2167 veritatis
2563 2130 2675 2169 non
2704 2115 2929 2179 inscius,
2964 2116 3253 2184 respondit
3287 2136 3297 2169 :
3324 2140 3343 2167 υ
3377 2118 3512 2173 Pro-

1892 2197 2061 2255 ficisci
2109 2218 2219 2256 non
2270 2218 2469 2265 moror,
2524 2218 2556 2257 ο
2588 2204 2675 2273 pie
2725 2220 2788 2259 ac
2835 2204 3171 2259 venerabilis
3218 2206 3407 2262 senior
3436 2206 3448 2260 l
3481 2227 3510 2258 υ

1893 2293 2165 2363 Factoque
2211 2310 2392 2358 mane,
2429 2303 2647 2364 paratur
2702 2297 3031 2367 quantocius
3060 2299 3374 2353 vehiculum
3407 2317 3420 2353 :
3448 2316 3512 2354 ac

1892 2385 2020 2438 data
2063 2387 2463 2441 mercatoribus
2532 2405 2630 2458 per
2673 2390 2906 2451 eandem
2957 2390 3101 2445 viam
3151 2392 3511 2447 tendentibus

1895 2475 2089 2545 placita
2115 2478 2389 2543 mercede,
2448 2478 2653 2534 festino
2684 2495 2875 2534 eorum
2914 2481 3079 2535 ductu
3102 2482 3168 2534 ad
3196 2481 3308 2549 jam
3341 2482 3511 2537 desti-

1894 2577 2079 2624 natum
2109 2570 2178 2603 ³¹⁰
2205 2571 2455 2639 pervenit
2487 2571 2688 2637 locum,
2712 2572 2933 2638 etjuxta
2951 2572 3191 2641 priorem
3218 2573 3317 2626 viri
3348 2590 3401 2626 in
3432 2573 3498 2608 3“

1891 2677 2085 2714 somno
2137 2661 2454 2731 apparentis
2486 2662 2848 2716 monitionem
2891 2662 2961 2696 ³ί²
3013 2664 3186 2717 sancti
3219 2663 3324 2717 Viti
3354 2680 3505 2718 mar-

1892 2749 2007 2803 tiris
2042 2749 2330 2815 {ecclesia},
2366 2766 2474 2819 qua
2528 2748 2746 2803 beatum
2780 2766 2981 2821 corpus
3040 2751 3299 2822 quiescit,
3351 2768 3509 2823 gres-

1890 2858 2047 2896 suum
2078 2841 2313 2895 orbitate
2347 2840 2641 2906 invalidus,
2685 2843 2915 2897 aliorum
2957 2843 3025 2877 313
3071 2843 3393 2913 portacione
3429 2844 3514 2897 in-

1893 2934 2080 2990 fertur.
2144 2935 2270 2990 Solo
2315 2945 2440 2989 ante
2501 2952 2647 2989 aram
2708 2944 3030 3007 prostratus,
3089 2937 3280 2991 intime
3340 2936 3510 2991 Deum

1890 3036 2225 3093 sanctosque
2282 3033 2554 3092 precatur.
2614 3025 2729 3079 Non
2760 3024 2968 3079 diutius
3016 3032 3267 3079 morante
3301 3024 3515 3079 virtutis

1889 3110 2094 3165 divinae
2118 3111 2187 3145 3“
2216 3111 2491 3176 subsidio,
2519 3112 2617 3166 sed
2672 3128 2771 3182 per
2802 3110 3051 3165 miranda
3092 3110 3241 3165 beati
3271 3111 3514 3166 Vencez-

1890 3198 1995 3254 lavi
2027 3198 2266 3254 martiris
2287 3199 2355 3231 3‘5
2391 3199 2607 3264 merita,
2636 3200 2838 3268 pedum
2881 3200 3032 3253 nervi
3062 3200 3215 3269 prius
3245 3200 3508 3254 contracti

1891 3289 2046 3359 quasi
2080 3286 2292 3359 fragore
2320 3288 2695 3341 extenduntur
2724 3287 2812 3352 3‘“,
2844 3287 3006 3341 bases
3049 3294 3104 3343 et
3125 3288 3326 3358 planta
3366 3303 3537 3342 con--

1890 3382 2214 3436 solidantur.
2258 3381 2444 3451 Surgit
2488 3380 2581 3433 Dei
2640 3380 2816 3453 gratia
2858 3396 3047 3445 sanus,
3107 3378 3389 3450 relataque
3442 3379 3509 3414 ³¹⁷

1891 3474 2186 3545 gratiarum
2226 3472 2466 3538 actione,
2505 3486 2638 3525 sana
2685 3478 2740 3525 et
2787 3469 2913 3526 forti
2947 3471 3194 3526 incessus
3237 3478 3510 3525 restaura-

1896 3564 2044 3618 tione
2074 3571 2329 3632 potenter
2385 3561 2503 3615 sine
2548 3559 2783 3626 alicujus
2831 3560 3208 3615 sustentaculo
3235 3575 3509 3633 egressus,

1895 3652 2125 3722 patriam
2150 3649 2447 3705 exultando
2478 3666 2542 3705 ac
2558 3649 2653 3703 Dei
2673 3650 2947 3703 mirabilia
2968 3650 3131 3705 latius
3152 3649 3510 3721 praedicando

1894 3745 2083 3803 revisit
2109 3745 2196 3799 ³³⁸.

1510 3952 1729 4007 νΑΒιΕ
1774 3950 2143 4007 LECTIONES.

231 4124 304 4159 ²⁹²
333 4123 456 4177 visu
493 4124 541 4176 1.
592 4122 664 4156 ⁸9³
729 4119 871 4175 festo
916 4120 966 4173 2.
1028 4119 1097 4153 ’9‘
1136 4134 1367 4173 acomm.
1406 4118 1454 4171 1.
1506 4116 1575 4151 ²⁹⁵
1632 4117 1688 4169 in
1733 4115 2015 4169 mentibus
2054 4114 2103 4167 1.

2166 4112 2236 4146 ²⁰⁶
2292 4126 2414 4165 cum
2466 4110 2515 4163 1.
2570 4107 2637 4142 "7
2688 4105 3002 4160 absolutum
3029 4101 3083 4156 2.
3115 4099 3183 4134 ²⁹⁸
3216 4098 3511 4153 Crescente

164 4196 217 4248 1.
248 4195 321 4229 ’9’
345 4169 655 4249 "af'sm
682 4169 1025 4255 dééﬁ'if‘sm
1059 4169 1453 4245 afuimus}
1481 4188 1545 4241 M.
1604 4187 1673 4221 ⁸⁰²
1727 4187 1828 4241 alis
1882 4188 1934 4240 2.
1994 4186 2064 4217 303
2122 4184 2359 4255 asistens
2410 4185 2456 4255 t_,
2513 4178 2592 4255 3f):
2639 4169 3427 4255 noemiaehcgi:r.‘bocmanize
3450 4169 3508 4255 1‘.

163 4240 1035 4319 5°15visa'somhin.wse"d:,esse
1073 4240 1131 4315 Vc:
1162 4240 1517 4314 ΞίίέοῙί-άέρέέ
1555 4259 1608 4321 1,
1674 4240 1753 4291 ³0⁷7
1806 4267 2015 4313 certum
2065 4256 2117 4309 2.
2178 4254 2247 4287 ³0⁸
2305 4253 2377 4306 ita
2422 4240 2473 4305 2.
2527 4250 2595 4283 30°
2654 4250 2692 4302 i.
2726 4247 2825 4321 tibi
2873 4245 2917 4321 _2
2946 4244 3017 4279 ³¹⁰
3055 4243 3422 4321 designatum

104 4350 111 4351 ’
161 4336 226 4370 3“
260 4336 319 4390 in
353 4353 399 4390 s.
439 4352 489 4389 a.
544 4336 738 4389 desunt
764 4334 819 4388 2.
880 4334 949 4367 δι’
1004 4331 1462 4387 ammonitionem
1515 4329 1549 4382 2
1636 4328 1706 4363 διδ
1755 4329 1825 4383 ab
1867 4330 2063 4384 horum
2122 4327 2173 4380 2.
2228 4325 2298 4357 3“
2355 4324 2407 4376 d.

164 4405 233 4441 ³³⁷
251 4407 515 4478 elataque
539 4408 590 4461 1.
622 4405 691 4440 ³¹³
730 4421 773 4460 r.
803 4404 1037 4475 Explicit
1067 4403 1252 4475 passio
1283 4402 1337 4456 S.
1370 4399 1686 4457 Wencezlai
1710 4400 1764 4455 2.

2481 4339 2531 4376 γ.
2590 4322 2644 4374 2.
2714 4320 2783 4353 ³¹⁵
2851 4319 2996 4372 deest
3053 4315 3103 4368 3.
3155 4311 3226 4349 3"“
3266 4312 3397 4366 dist.
3448 4311 3505 4365 2.

1598 5101 1615 5105 --
1628 5088 1903 5121 μυ--ωεοκο
1930 5092 2008 5112 κειν-
2055 5102 2063 5106 ›
2086 5100 2093 5103 -
