3924 6450
445 431 554 488 943

1600 424 1861 481 ERACLII
1903 425 2198 482 EPISCOPI
2239 426 2630 483 LEODIENSIS

1911 574 2113 583 —_.

3671 429 3758 484 944

1660 715 1744 757 AN
1757 713 1840 758 NO
1885 714 2127 758 DOMINI
2172 713 2569 758 DCCCCLXXI.

1428 863 2808 1030 ERACLIUS

1165 1125 2067 1228 LEODIENSIS

2177 1129 3047 1232 EPISCOPUS.

1478 1441 1983 1531 NOTITIA
2058 1441 2735 1532 HISTORICA.

1880 1615 2063 1696 (Gall.
2102 1616 2363 1693 Christ.)

1384 1894 1406 1916 ἢ

518 1948 783 2014 Eraclius,
809 1946 905 2018 qui
931 1947 1204 2002 Euram'us
1227 1950 1282 1999 et
1328 1946 1639 2010 Euera-clus,
1671 1953 1766 1999 eta
1799 1944 2064 2001 Fulcuino
2090 1949 2140 2016 Α
2169 1943 2470 1998 canonicos
2497 1942 2730 2016 singulis
2787 1942 3155 2012 deputaverit.
3217 1942 3424 1998 Ternas
3475 1944 3662 1999 curias
3691 1946 3773 1999 de-

444 2045 720 2098 Euracrus
770 2043 1140 2108 nuncupatur,
1203 2036 1486 2092 Saxonica}
1528 2037 1710 2111 gentis
1753 2035 2063 2103 nobilitate,

444 2129 710 2204 singulari
741 2127 1016 2200 sapientia
1050 2135 1105 2181 et
1153 2142 1274 2180 rara
1322 2126 1554 2180 scientia
1581 2125 1683 2180 fuit
1703 2125 2062 2196 percelebris.

447 2218 687 2274 Coloniae
736 2215 1048 2292 Agrippinae
1071 2215 1342 2281 eruditus,
1369 2222 1581 2269 tantum
1624 2231 1974 2286 progressum
2011 2216 2065 2268 in

447 2309 833 2366 sacrislitteris
855 2307 1006 2374 fecit,
1061 2313 1387 2378 tantumque
1419 2323 1517 2377 pro
1544 2307 1626 2361 eis
1658 2307 1958 2362 dilatandis
1979 2323 2069 2362 ar-

448 2402 638 2456 dorem
666 2398 945 2464 concepit,
974 2406 1034 2452 ut
1064 2412 1129 2450 ex
1157 2398 1360 2451 Bonnze
1395 2396 1606 2452 decano
1637 2413 1734 2452 seu
1767 2397 2067 2468 praeposito

450 2492 630 2548 factus
681 2489 900 2545 Leodic.
931 2490 1228 2559 episcopus
1251 2489 1397 2543 circa
1421 2505 1510 2542 an.
1545 2488 1668 2551 960,
1715 2495 1883 2544 totam
1929 2489 2070 2543 Leo-

449 2581 733 2635 dicensem
787 2577 1106 2641 Ecclesiam,
1157 2576 1264 2630 imo
1294 2582 1462 2632 totam
1502 2575 1864 2646 provinciam,
1899 2577 2072 2631 nullis

451 2671 720 2725 hactenus
748 2667 949 2722 litteris
979 2665 1324 2732 illustratam,
1348 2665 1418 2720 ad
1455 2666 1698 2721 studium
1731 2666 2066 2731 accenderit,

449 2766 662 2836 peritos
685 2764 1058 2834 undequaque
1104 2761 1338 2816 clericos
1383 2761 1688 2833 collegerit,
1714 2778 1923 2833 eosque
1954 2778 2074 2816 ma—

450 2857 654 2931 gistros
684 2856 982 2910 instituens
1020 2869 1119 2907 sua
1150 2868 1257 2923 ope
1289 2853 1596 2909 liberaliter
1645 2856 1876 2926 paverit,
1911 2857 2076 2910 scho-

452 2947 645 3018 lasque
674 2963 774 3017 per
804 2944 994 3001 omnia
1025 2953 1138 2997 tum
1177 2944 1478 3011 saecularis,
1521 2953 1632 3000 tum
1655 2946 1925 3021 regularis
1941 2947 2073 3001 cleri

453 3039 690 3094 claustra
743 3039 1067 3106 instituerit,
1111 3039 1289 3110 inquit
1340 3039 1584 3113 Egidius.
1641 3039 1742 3093 Eas
1784 3055 1916 3094 vero
1965 3038 2075 3094 fre-

451 3134 718 3200 quentare
740 3143 841 3182 sua
873 3127 1141 3202 dignitate
1191 3128 1506 3182 nullatenus
1533 3127 1827 3199 indignum
1855 3127 2076 3196 judica-

454 3216 568 3286 bat,
586 3216 801 3270 animos
846 3216 1086 3270 tironum
1110 3215 1470 3280 accendebat,
1502 3214 1937 3285 sapientioribus
1963 3215 2074 3269 dif-

453 3277 727 3360 ﬁcillimas
753 3305 1076 3376 questiones
1132 3277 1482 3374 proponebat
1519 3277 1862 3371 enodandas,
1894 3304 1938 3358 si
1971 3304 2073 3358 mi-
2102 3277 2153 3343 Β

455 3409 561 3448 nus
589 3400 837 3464 passent,
869 3393 988 3464 ipse
1029 3392 1326 3447 enodabat.
1376 3393 1435 3445 ln
1479 3391 1569 3446 via
1622 3392 1803 3462 posito
1843 3392 2080 3446 aderant

457 3489 727 3554 perpetuo
758 3481 1090 3552 quibuscum
1124 3481 1191 3535 de
1232 3480 1804 3551 Scripturistentaret,
1850 3482 2075 3549 absens,

456 3589 599 3646 quos
626 3572 971 3628 scholaribus
1019 3572 1317 3643 reliquerat
1363 3573 1655 3644 magistros
1696 3573 2080 3645 frequentibus

460 3663 658 3717 litteris
698 3662 764 3716 ad
815 3662 1055 3716 studium
1105 3661 1456 3733 provocabat.
1517 3661 1699 3733 anue
1741 3662 1945 3734 insigni
1977 3662 2082 3718 sol-

459 3755 745 3810 licitudine
799 3755 1113 3825 complures
1171 3755 1423 3825 provexit
1475 3755 1542 3808 ad
1593 3755 1856 3809 eximiam
1896 3772 2078 3810 rerum

461 3843 821 3898 humanarum
853 3850 906 3897 et
938 3843 1250 3898 divinarum
1281 3843 1678 3915 cognitionem,
1703 3845 1844 3899 adeo
1869 3852 1929 3898 ut
1952 3861 2080 3900 mox

456 3934 839 3989 celeberrimae
852 3951 950 4006 per
979 3935 1157 3990 vicina
1188 3935 1293 3990 late
1322 3923 1491 4009 regna
1514 3937 1719 3991 scholae
1743 3936 2080 3992 Leodienses

456 4029 753 4084 evaserint.

526 4129 693 4182 Tanta
715 4135 832 4183 erat
869 4127 989 4196 ejus
1015 4129 1311 4198 sapientia,
1368 4135 1426 4183 ut
1456 4145 1486 4183 a
1516 4129 1869 4200 principibus
1892 4131 2077 4186 saeculi

454 4225 680 4296 plurimi
713 4223 892 4290 ﬁeret,
925 4231 981 4279 et
1012 4225 1177 4278 etiam
1211 4225 1278 4279 ad
1312 4226 1467 4295 regni
1510 4227 1732 4299 negotia
1767 4233 2076 4281 vocaretur.

453 4315 844 4384 Hincjubente
875 4315 1090 4371 Othone
1145 4318 1389 4391 Augusto
1431 4318 1742 4372 Brunonem
1776 4318 2078 4374 Colonien-

451 4425 567 4464 sem
601 4409 892 4463 comitatus
919 4418 1004 4462 est
1058 4408 1112 4461 in
1157 4409 1460 4474 Franciam,
1489 4425 1599 4479 quo
1644 4410 1986 4476 mittebatur,
2019 4417 2077 4465 ut

452 4501 641 4571 nepoti
673 4500 928 4555 Lothario
969 4500 1116 4572 regis
1145 4500 1430 4571 suppetias
1461 4501 1631 4556 ferret
1682 4501 1866 4556 Trecis
1890 4509 2073 4557 trans-

2170 2034 2413 2105 scripsit,
2444 2041 2500 2087 et
2531 2033 2766 2104 partecis
2798 2033 3047 2088 condidit
3088 2033 3292 2104 templa
3350 2034 3406 2088 S.
3446 2034 3771 2106 Magdaleme

2166 2127 2306 2181 urbe
2331 2127 2534 2191 media,
2568 2135 2624 2182 et
2651 2126 2703 2180 S.
2749 2127 2996 2181 Severini
3041 2144 3103 2182 ac
3161 2127 3216 2181 S.
3249 2127 3626 2199 Margaritaain
3662 2129 3775 2182 sub-

2168 2214 2360 2269 urbiis.
2394 2215 2562 2269 Suum
2591 2222 2645 2269 et
2683 2215 2736 2268 in
2771 2230 2882 2269 rem
2915 2215 3271 2270 monasticam
3316 2217 3571 2271 studium
3603 2224 3775 2272 osten-

2169 2303 2269 2370 dit,
2304 2320 2425 2357 cum
2458 2313 2513 2358 et
2572 2303 2866 2357 Laubiensi
2920 2304 3254 2358 monasterio
3312 2305 3579 2360 idoneum
3611 2312 3774 2376 pasto-

2173 2411 2286 2450 rem
2329 2395 2850 2450 instituitdomnum
2909 2395 3307 2462 Aletramnum,
3350 2405 3408 2452 et
3440 2406 3641 2469 postea
3671 2397 3779 2452 Ful-

2173 2485 2419 2550 cuinum,
2453 2500 2592 2556 quos
2621 2484 2915 2554 plurimum
2951 2486 3116 2553 juvit,
3150 2486 3450 2541 restituens
3501 2495 3616 2542 tres
3644 2487 3777 2541 villas

2173 2588 2334 2632 antea
2353 2577 2714 2643 abalienatas,
2772 2577 2953 2649 inquit
2981 2577 3278 2633 Fulcuinus
3315 2595 3362 2634 c.
3396 2579 3490 2634 Ἦ.
3518 2580 3776 2635 Monaste-

2175 2671 2314 2725 rium
2358 2670 2543 2725 Sancti
2598 2670 2878 2725 Laurentii
2936 2669 3039 2725 sub
3094 2671 3216 2725 vitae
3284 2670 3449 2726 ﬁnem
3521 2670 3777 2728 mdiﬁcare

2175 2777 2467 2836 aggressus
2495 2769 2579 2816 est
2610 2779 2622 2814 :
2658 2760 2753 2815 ubi
2780 2761 3184 2816 ai’undamento
3206 2777 3503 2818 surrexere
3527 2764 3770 2834 parietes,

2176 2855 2384 2909 veritus
2415 2870 2506 2918 ne,
2553 2854 2703 2924 quod
2735 2854 2958 2921 accidit,
2985 2861 3114 2909 ante
3145 2854 3448 2926 perfectum
3515 2873 3661 2928 Opus
3691 2858 3780 2910 vita

2175 2959 2300 2998 eum
2333 2942 2617 3009 deﬁceret,
2651 2951 2968 2998 nascentem
3025 2944 3314 2999 ecclesiam
3357 2946 3556 3001 dotare
3609 2946 3780 3006 voluit,

2175 3040 2232 3088 et
2259 3032 2444 3087 minus
2474 3033 2645 3086 altare
2676 3033 2868 3102 majori
2918 3034 3167 3088 nondum
3219 3034 3501 3104 absoluto,
3532 3037 3591 3090 in
3624 3038 3781 3092 hono-

2176 3140 2290 3178 rem
2323 3123 2498 3177 sancti
2518 3123 2650 3178 Sixti
2699 3124 2952 3194 martyris
2982 3131 3036 3179 et
3083 3124 3365 3196 pontiﬁcis
3399 3127 3638 3182 Romani
3669 3144 3783 3182 con-

2177 3224 2432 3285 secravit,
2508 3219 2696 3291 ibique
2756 3220 2991 3275 Leonem
3061 3222 3411 3293 episcopum,
3477 3239 3545 3277 ex
3610 3224 3788 3277 Gﬁecis

2179 3309 2607 3375 nobilissimum,
2661 3326 2826 3380 quem
2884 3311 2989 3365 sibi
3023 3321 3339 3383 suspectum
3400 3315 3453 3368 in
3492 3317 3595 3369 has
3626 3324 3788 3385 partes

2179 3397 2480 3452 abduxerat
2509 3399 2647 3455 Otho
2708 3401 3007 3472 imperator
3045 3400 3337 3475 profugum
3371 3405 3614 3473 excepit.
3651 3418 3788 3456 man—

2180 3487 2396 3542 sionem
2435 3489 2753 3564 assignavit,
2811 3497 2866 3544 et
2915 3489 2985 3544 de
3016 3490 3178 3546 bonis
3230 3508 3261 3545 a
3292 3507 3350 3546 se
3381 3491 3599 3546 ibidem
3651 3491 3779 3545 dele-

2180 3583 2341 3654 gatis,
2374 3599 2497 3638 cum
2529 3585 2644 3638 suis
2681 3585 2886 3639 habere
2939 3585 3221 3654 stipendia
3259 3586 3574 3654 constituit,
3607 3588 3696 3658 qui
3726 3586 3787 3638 ibi

2181 3685 2236 3731 et
2267 3685 2390 3747 post
2423 3686 2649 3732 mortem
2683 3679 2966 3749 sepultura
3007 3680 3246 3734 donatus
3269 3688 3370 3736 est.

2252 3765 2435 3821 Tantae
2467 3766 2568 3821 fuit
2599 3766 2750 3832 ﬁdei,
2809 3775 2866 3822 ut
2920 3762 3138 3842 insigne
3165 3769 3494 3824 miraculum
3544 3773 3602 3826 in
3627 3788 3684 3826 se
3711 3787 3789 3824 ex-

2182 3868 2372 3928 pertus
2401 3858 2580 3913 fuerit.
2617 3859 2730 3913 Sub
2757 3860 2841 3913 sui
2891 3860 3244 3931 episcopatus
3281 3861 3459 3929 initia,
3494 3863 3786 3918 horrendus

2182 3954 2429 4020 morbus,
2461 3955 2554 4025 qui
2606 3957 2768 4026 lupus
2805 3973 2836 4010 a
2868 3957 3101 4012 medicis
3147 3957 3482 4028 appellatur,
3539 3959 3787 4030 corripuit

2180 4046 2359 4116 ipsum
2388 4053 2442 4100 et
2472 4047 2612 4101 adeo
2660 4048 2780 4114 ejus
2826 4055 2979 4103 artus
3031 4049 3389 4119 depascebat,
3443 4059 3506 4106 ut
3557 4050 3785 4124 quotidie

2181 4141 2342 4195 binos
2372 4142 2700 4213 gallinarum
2726 4143 2907 4214 pullos
2937 4159 3121 4208 mane,
3179 4146 3341 4200 binos
3384 4163 3624 4217 vespere
3650 4146 3788 4212 obje-

2180 4241 2298 4286 ctos
2330 4243 2704 4294 consumeret,
2732 4248 2833 4288 nec
2863 4234 2944 4288 sic
2998 4242 3180 4288 tamen
3227 4236 3490 4291 carnibus
3515 4237 3650 4312 aegri
3679 4250 3791 4306 par—

2180 4333 2348 4378 ceret.
2386 4325 2512 4379 Post
2542 4341 2763 4380 omnem
2799 4326 3090 4381 medicinae
3117 4334 3288 4382 artem
3321 4329 3547 4400 vimque
3571 4343 3791 4399 supera-

2180 4420 2309 4474 tam,
2341 4412 2561 4467 tandem
2591 4414 2658 4467 ad
2687 4414 2926 4469 divinam
2959 4431 3122 4486 opem
3159 4416 3432 4491 confugit,
3483 4435 3652 4490 quam
3685 4431 3789 4470 me-

2177 4501 2295 4555 ritis
2327 4502 2466 4557 beati
2498 4503 2710 4558 Martini
2743 4514 3126 4560 assecuturum
3185 4523 3244 4561 se
3288 4508 3557 4577 speravit,
3616 4513 3790 4578 utpote

452 4593 575 4646 iens
606 4593 786 4647 Bruno
843 4591 1016 4646 sancti
1074 4591 1304 4647 Patrocli
1338 4607 1540 4662 corpus
1571 4592 1638 4646 ab
1678 4592 1943 4663 episcopo
1969 4593 2072 4649 ob-
2096 4636 2144 4703 Ο
2173 4589 2266 4660 qui
2300 4598 2421 4660 post
2474 4591 2892 4647 Nortmannicos
2945 4594 3204 4664 impetus,
3264 4596 3629 4652 Antissodoro
3691 4596 3787 4649 Tu-

452 4684 610 4703 ‘!___,!.
684 4684 774 4703 ,_AI
833 4683 1065 4703 __-_s-.!3_
1122 4684 1440 4703 __A-,_,-.!L___
1480 4685 1654 4703 __,l!,s_
1712 4693 1926 4703 ____A,__
1971 4701 2006 4703 ν-
2035 4702 2040 4703 γ
2177 4693 2337 4703 -Α...,.,.
2383 4688 2632 4703 ..ηυληιηη
2691 4681 2842 4703 ...ε-ε-
2901 4682 3166 4703 __..-J1_21_
3226 4685 3486 4703 -μ-ξ-Αι-μι
3555 4686 3595 4703 ’Β
3675 4699 3787 4703 μί--

451 4684 638 4750 tinuit,
679 4684 778 4738 sed
832 4683 1068 4755 negotiis
1121 4684 1448 4756 urgentibus
1479 4685 1661 4739 redire
1702 4693 1930 4739 coactus
1956 4701 2069 4739 rem

453 4782 620 4830 totam
656 4774 865 4829 Eraclio
893 4775 1187 4839 commisit,
1232 4775 1327 4846 qui
1385 4775 1582 4830 sedulo
1622 4792 1743 4830 eam
1775 4783 2074 4830 exsecutus

453 4881 672 4920 sacrum
723 4865 1036 4935 depositum
1093 4866 1381 4921 Coloniam
1422 4866 1638 4921 detulit.
1675 4867 2069 4937 Imperatorem

450 4963 546 5011 aut
577 4957 697 5025 ejus
725 4956 896 5009 ﬁlium
951 4957 1342 5029 cognominem
1366 4957 1479 5028 (sic)
1507 4967 1729 5013 secutus
1757 4964 1840 5012 est
1869 4957 1923 5012 in
1963 4959 2073 5012 Ita-

454 5046 580 5101 liam
621 5056 680 5101 et
708 5047 952 5102 victoriae
1011 5048 1066 5101 in
1125 5049 1324 5119 Apulia
1385 5047 1742 5119 Calabriaque
1808 5049 2072 5104 adversus

449 5140 692 5194 Graecum
761 5140 1151 5210 imperatorem
1211 5139 1483 5212 perﬁdum
1547 5150 1841 5212 reportatae
1909 5142 2071 5196 testis

451 5230 590 5294 fuit;
619 5230 727 5285 imo
759 5231 1061 5285 exercitum
1112 5232 1324 5300 totjam
1355 5230 1600 5285 victoriis
1647 5231 1936 5297 illustrem,
1969 5232 2069 5286 sed

449 5325 584 5380 solis
631 5324 826 5394 eelipsi
879 5324 1128 5378 territum
1185 5333 1240 5379 et
1277 5324 1346 5378 ad
1405 5323 1713 5394 deliquium
1747 5324 1860 5379 fere
1892 5326 2070 5381 addu-

449 5423 594 5470 ctum
629 5415 907 5479 excitavit,
943 5431 1142 5467 vanum
1189 5421 1244 5467 et
1293 5417 1562 5484 puerilem
1624 5431 1744 5471 esse
1804 5422 2066 5472 terrorem

449 5507 690 5572 edocuit,
713 5521 776 5558 ac
797 5505 851 5556 in
880 5504 1172 5573 pristinum
1190 5505 1361 5559 animi
1383 5506 1628 5581 vigorem
1663 5508 1921 5562 restituit.

523 5596 889 5649 Ecclesiarum
930 5594 1186 5647 decorem
1218 5596 1357 5651 adeo
1387 5600 1610 5665 amavit,
1661 5608 1721 5654 ut
1754 5599 1890 5653 duas
1921 5599 2069 5654 basi-

451 5681 583 5735 licas
615 5678 805 5735 Leodii
837 5679 1170 5746 condiderit,
1200 5683 1426 5740 alteram
1467 5687 1569 5741 sub
1611 5688 1756 5742 beati
1782 5687 1957 5754 Pauli,
1987 5687 2072 5741 al-

449 5779 622 5826 teram
649 5767 758 5824 sub
789 5768 973 5822 Sancti
1005 5769 1216 5826 Martini
1262 5779 1490 5836 nomine
1518 5780 1881 5850 dedicaverit,
1913 5788 1969 5836 et
1997 5755 2074 5836 30’

2177 4693 2340 4732 rones
2383 4688 2634 4734 revectus
2691 4681 2846 4734 miris
2901 4682 3169 4755 prodigiis
3219 4685 3511 4739 emicabat.
3555 4686 3789 4740 Turones

2175 4783 2307 4839 ergo
2337 4768 2638 4839 profectus,
2682 4771 2919 4824 natalem
2981 4772 3102 4840 ejus
3129 4772 3278 4827 diem
3321 4774 3648 4839 celebravit,
3681 4773 3789 4826 dies

2173 4871 2296 4916 octo
2336 4861 2527 4916 statuit
2577 4863 2644 4916 ad
2705 4863 2880 4933 ipsius
2923 4865 3194 4918 tumulum
3258 4866 3558 4921 continuos
3610 4882 3784 4940 agere,

2176 4951 2396 5004 tandem
2428 4951 2662 5021 septima
2693 4960 2855 5007 nocte
2886 4959 3074 5022 raptus
3103 4953 3158 5006 in
3201 4953 3460 5008 exstasim
3500 4955 3638 5009 vidit
3671 4970 3788 5008 san-

2174 5047 2319 5096 ctum
2351 5041 2637 5095 Martinum
2677 5041 2897 5112 corpori
2943 5058 3044 5098 suo
3099 5044 3280 5098 crucis
3318 5044 3541 5116 signum
3596 5044 3781 5115 impri-

2173 5152 2346 5200 mere,
2372 5147 2426 5190 et
2455 5137 2637 5191 statim
2688 5153 2719 5191 a
2744 5137 2939 5193 morbo
2967 5145 3192 5193 sanatus
3225 5146 3325 5193 est.
3359 5139 3516 5194 Mane
3550 5139 3709 5205 facto,
3756 5155 3782 5190 a

2172 5225 2388 5280 clericis
2419 5226 2540 5294 ejus
2579 5226 2832 5280 Ecclesiae
2862 5225 2922 5280 ﬁt
2942 5227 3245 5282 canonicus
3266 5235 3321 5282 et
3349 5228 3645 5284 celebriori
3687 5229 3782 5281 ritu

2171 5332 2384 5370 sacrum
2420 5317 2634 5390 peregit
2695 5317 2804 5372 Nec
2831 5318 3121 5372 immemor
3152 5317 3409 5374 beneﬁcii
3449 5317 3777 5374 statimutad

2171 5432 2269 5470 sua
2292 5433 2542 5472 reversus
2571 5424 2676 5482 est,
2699 5418 2937 5487 pretiosa
2967 5417 3149 5472 omnis
3201 5419 3426 5492 generis
3463 5427 3779 5474 ornamenta

2174 5513 2263 5583 pio
2293 5513 2508 5568 medico
2536 5513 2738 5567 obtulit
2768 5523 2823 5568 et
2878 5515 3113 5588 singulis
3173 5516 3457 5570 canonicis
3488 5513 3775 5590 singularia

2171 5604 2399 5658 donaria
2430 5605 2756 5672 transmisit,
2794 5607 2940 5676 apud
2995 5607 3258 5662 Leodium
3285 5608 3339 5661 in
3385 5608 3656 5663 descensu
3689 5622 3778 5677 pu-

2171 5689 2300 5746 blici
2339 5693 2540 5747 montis
2569 5693 2862 5748 ecclesiam
2911 5694 3014 5748 sub
3065 5695 3243 5749 sancti
3277 5696 3505 5750 nomine
3532 5703 3775 5752 constru-

2168 5782 2263 5849 xit,
2297 5783 2572 5856 tantisque
2605 5785 2917 5840 redditibus
2955 5787 3276 5856 cumulavit,
3319 5795 3380 5843 ut
3409 5787 3478 5844 30
3501 5787 3776 5845 canonicis
