3924 6396
204 410 317 467 945
1232 409 1548 466 EPISTOLA
1589 411 1673 464 ΑΙ)
1715 409 2098 464 RATHERIUM
2142 406 2526 462 EPISCFPUM.
3440 404 3546 458 946

197 539 436 610 aliisque
466 538 735 592 ministris
764 537 982 592 abunde
1023 536 1364 604 sufficerent,
1405 546 1459 593 et
1486 540 1708 594 demum
1753 541 1822 594 de
1848 548 1896 613 Α
1923 540 2161 606 vembr.,
2212 555 2360 594 anno
2413 537 2764 609 pontificatus
2817 537 2902 590 sui
2956 536 3044 600 12,
3087 534 3314 590 Othonis
3359 535 3401 600 l,
3434 541 3540 589 tam

199 637 356 684 tanto
385 637 588 685 eventu
622 630 867 684 chartam
911 646 1076 684 manu
1133 630 1356 700 prOpria
1385 631 1735 700 conscripsit,
1769 638 1824 684 et
1925 631 2079 702 regni
2105 646 2266 701 quam
2323 627 2541 699 imperii
2571 627 2659 690 3f,
2691 627 2768 681 ait
2805 625 3074 698 IEgidius,
3117 624 3209 694 qui
3240 630 3294 677 et
3323 624 3446 692 ejus
3476 624 3543 677 ad

197 721 384 792 quoad
419 721 599 791 potuit
627 721 926 792 quotannis
966 721 1218 775 Rurones
1246 720 1454 775 accessi
1485 720 1823 776 benefactori
1929 722 2245 776 Rathcrium
2287 720 2601 791 epistolam,
2631 718 2817 784 refert,
2865 718 2918 771 in
2951 733 3060 788 qua
3106 733 3166 770 se
3219 715 3338 785 ejus
3371 713 3541 769 filium

196 814 408 888 gratias
437 821 682 868 acturus.
1927 809 2080 874 dicit,
2113 809 2274 880 eique
2316 808 2385 863 ob
2427 808 2530 862 sibi
2571 806 2833 861 directam
2875 822 2996 860 cum
3032 805 3276 859 balsamo
3307 821 3371 857 ex
3405 804 3543 858 urbe

272 900 986 970 S.Evermaricorpusjam
1010 899 1106 954 diu
1138 900 1192 954 in
1225 899 1461 955 obscuro
1489 900 1612 954 loco
1637 900 1827 955 delite-
1931 902 2140 955 Verona
2195 901 2527 973 legationem
2582 899 2783 970 gratias
2833 899 2966 970 agit,
3023 897 3243 951 demum
3306 896 3358 950 in
3423 897 3544 964 ejus

193 1012 383 1060 scens,
400 996 500 1049 sed
517 995 706 1049 divina
724 994 1056 1049 revelatione
1071 993 1350 1066 cognitum
1365 994 1823 1061 elevaviteterra,
1928 991 2140 1053 laudes,
2173 991 2240 1043 de
2272 991 2474 1062 quibus
2506 1005 2607 1044 nos
2645 1005 2828 1058 supra,
2862 987 3118 1042 excurrit.
3168 987 3292 1054 Ejus
3319 1001 3542 1057 quoque

194 1096 253 1141 et
281 1088 339 1141 in
367 1088 544 1141 aedem
571 1094 764 1141 sancto
793 1085 1025 1141 Martino
1056 1085 1492 1155 sacram_intulit.
1541 1085 1825 1140 Patientia:
1925 1082 2136 1154 obitum
2171 1097 2260 1134 an.
2309 1081 2405 1135 971
2444 1080 2586 1134 locat
2634 1078 2942 1133 Chronicon
2987 1075 3459 1150 Magdeburgense
3489 1082 3544 1129 et

191 1178 536 1233 documenta
565 1177 683 1249 suis
712 1177 963 1247 praebuit,
997 1193 1121 1230 cum
1151 1193 1342 1231 eorum
1392 1176 1611 1244 injuriis
1643 1177 1821 1231 laces-
1930 1172 2252 1227 Leodiense.
2287 1172 2546 1240 Sepultus
2578 1176 2662 1223 est
2688 1168 2743 1222 in
2772 1167 3000 1222 basilica
3030 1166 3213 1220 Sancti
3241 1165 3453 1220 Martini
3485 1166 3541 1219 in

192 1269 341 1323 situs
365 1270 434 1323 de
460 1268 705 1323 vindicta
736 1268 1033 1339 nequidem
1071 1268 1347 1343 cogitavit.
1384 1268 1624 1321 Tandem
1660 1268 1825 1322 virtu-
1927 1275 2132 1322 monte.
2195 1265 2376 1320 Adfuit
2426 1264 2661 1320 concilio
2706 1261 3131 1324 Ravennatensi,
3187 1260 3283 1314 ubi
3343 1271 3402 1314 et
3443 1276 3543 1314 sua

194 1357 351 1410 tibus
391 1356 572 1411 clarus
597 1356 859 1410 caducam
891 1356 1033 1410 hanc
1071 1356 1235 1410 vitam
1277 1373 1400 1409 cum
1441 1364 1645 1410 aeterna
1678 1372 1825 1411 com-
1926 1354 2334 1425 subscriptione
2382 1351 2788 1406 institutionem
2845 1349 3352 1419 archiepiscopatus
3397 1347 3540 1422 Mag-

193 1449 432 1503 mutavit
478 1463 627 1502 anno
667 1448 936 1502 lncarnat.
974 1449 1269 1503 Dominicze
1319 1449 1446 1513 971,
1491 1466 1540 1501 v1
1575 1449 1686 1502 Kal.
1723 1449 1824 1502 No-
1927 1447 2293 1520 deburgensis
2323 1443 2668 1500 confirmavit
2695 1443 2839 1496 circa
2861 1459 3063 1496 annum
3095 1443 3216 1498 967.

3297 1617 3418 1631 ινα-ς,
3439 1617 3530 1633 v.1"

1457 1759 2293 1896 EBACLII

665 1978 1240 2065 EPISTOLA
1324 1981 1484 2066 AD
1565 1979 2283 2067 ltATHERlUM
2360 1979 3046 2069 EPISCOPUM.

1084 2155 1526 2224 (Cusprmvnus,
1569 2159 1729 2213 Gesta
1768 2159 1970 2224 Pontif.
2018 2159 2324 2224 Modicus,
2362 2175 2414 2228 p.
2449 2159 2658 2227 191-2)

260 2441 500 2496 Domino
553 2447 608 2494 et
671 2441 812 2495 Patri
871 2449 954 2496 ter
1017 2441 1178 2496 beato
1230 2439 1450 2511 praesuli
1515 2440 1811 2506 BATllERlO,
1846 2439 2194 2512 Bquomodo
2234 2455 2323 2493 me
2354 2438 2583 2505 fovistis,
2613 2446 2676 2494 ut
2713 2439 3284 2494 commanducandum
3322 2440 3533 2506 cibum,

183 2541 451 2604 spectatae
484 2532 767 2602 Opinionis
793 2531 930 2598 viro,
973 2541 1028 2586 et
1059 2531 1468 2602 probatissimo,
1506 2533 1812 2586 Evsaacws
1915 2529 2054 2584 sicut
2104 2529 2348 2583 nutrices
2379 2527 2663 2584 infantulis
2695 2528 2990 2591 edentulis,
3022 2529 3077 2582 in
3108 2545 3171 2584 os
3219 2545 3400 2583 meum
3435 2535 3537 2583 tra-

181 2636 476 2676 servorum
503 2618 700 2674 Christi
732 2635 941 2682 servus,
977 2637 1112 2674 suus
1166 2621 1429 2691 indignus
1477 2621 1600 2674 licet
1626 2620 1808 2675 vocari
1907 2619 2124 2688 jecistis
2899 2665 2907 2671 .
3229 2681 3236 2686 ,

183 2712 339 2768 ﬁlius
362 2712 635 2784 quidquid
667 2713 722 2766 in
746 2713 961 2768 Christo
991 2713 1120 2767 Jesu
1154 2713 1388 2784 felicius.
1985 2712 2126 2776 Quid
2159 2718 2309 2777 ante,
2333 2711 2464 2782 quid
2498 2717 2621 2782 post
2649 2726 2746 2781 pro
2790 2717 2940 2764 tanto
2987 2709 3256 2765 beneficio
3289 2725 3533 2765 comme-

260 2801 615 2872 Hyperbaton
700 2817 823 2856 cum
908 2802 1237 2875 ambagibus
1313 2803 1572 2858 omittens
1603 2843 1615 2867 ,
1699 2818 1811 2856 rem
1914 2805 2170 2859 morem?
2201 2805 2351 2859 rudis
2396 2820 2516 2857 sum
2547 2811 2602 2857 et
2642 2803 2887 2878 ignarus.
2923 2802 3054 2866 Quis
3084 2817 3231 2855 enim
3264 2809 3346 2856 est
3374 2802 3538 2857 vobis

183 2893 394 2963 ipsam,
443 2899 647 2963 quanta
685 2909 820 2947 meae
874 2910 1000 2964 pars
1056 2905 1235 2948 vestra
1287 2895 1356 2947 sit
1403 2895 1620 2958 animm,
1664 2893 1812 2948 nudo
1915 2905 2009 2950 aut
2034 2897 2328 2966 sapientia,
2377 2895 2670 2966 probitate,
2703 2903 2797 2949 aut
2826 2895 3156 2964 optimarum
3191 2895 3387 2949 artium
3429 2902 3538 2948 stu-

181 2991 239 3036 et
270 2987 474 3052 operto
504 2997 760 3036 sermone
797 2998 884 3036 mc
910 2983 1063 3050 juvat
1094 2983 1436 3043 describere:
1483 2983 1810 3037 scholastice
1914 2989 2028 3053 dio,
2060 2997 2154 3044 aut
2174 2989 2515 3054 innocentia,
2547 2995 2640 3042 aut
2671 2988 2782 3042 ullo
2808 2988 2988 3042 laudis
3011 3005 3214 3060 genere
3257 2995 3533 3057 praestan-

181 3075 226 3127 si
264 3089 380 3129 non
432 3074 610 3141 valeo,
645 3075 854 3129 utinam
884 3074 969 3128 vel
1021 3075 1244 3140 rustice,
1288 3090 1396 3140 non
1430 3073 1552 3128 ficte
1605 3084 1808 3139 tamen,
1914 3078 2056 3133 tior?
2074 3078 2446 3132 Tullianavox
2465 3084 2654 3131 sonat:
2687 3077 2877 3130 Nullus
2902 3076 3539 3131 tantumestflumenin-

180 3167 314 3237 quia
347 3182 488 3236 pura
518 3167 674 3220 traho
699 3182 830 3221 voce
860 3167 1005 3238 quod
1049 3167 1180 3220 latet
1213 3182 1410 3220 arcana
1445 3182 1554 3220 non
1589 3165 1809 3220 inenar-
1910 3169 2248 3243 genii,nulla
2269 3167 2672 3233 dicendi,nulla
2688 3166 2968 3221 scribendi
2995 3174 3141 3220 tanta
3170 3167 3427 3231 vis,nul|a
3448 3183 3538 3223 co-

181 3255 360 3308 rabile
416 3253 578 3319 ﬁbra,
609 3261 875 3325 quantum
914 3271 1011 3309 vos
1041 3255 1266 3308 sinuoso
1308 3255 1360 3309 in
1419 3263 1641 3324 pectore
1693 3255 1804 3322 fixi,
1910 3253 2487 3325 pia,quze,nondicam
2507 3255 3124 3312 exornare.sedtuarum
3142 3255 3402 3308 virtutum
3422 3256 3536 3309 lau-

182 3351 378 3399 notare
405 3343 766 3418 gestio.|lllud
793 3344 1066 3398 comicum
1091 3343 1292 3399 nostis:
1326 3347 1506 3398 Davus
1535 3361 1676 3409 sum,
1700 3360 1809 3399 non
1910 3347 2009 3399 des
2038 3345 2210 3415 possit
2228 3359 2507 3398 enarrare.
2532 3344 2800 3398 Patientia
2827 3344 2872 3397 si
2895 3351 3250 3410 memoratur,
3275 3345 3318 3398 si
3349 3345 3429 3399 fas
3451 3353 3537 3399 est

181 3437 453 3506 CEdz'pus,
513 3443 571 3490 ut
622 3434 818 3490 fucatis
875 3437 1058 3490 verbis
1112 3435 1295 3490 fallam
1335 3436 1647 3490 audientes.
1698 3436 1804 3490 Sed
1909 3439 2117 3502 dicere,
2150 3436 2256 3490 fide
2302 3435 2472 3502 salva,
2538 3451 2607 3490 ne
2647 3437 2818 3490 Deum
2870 3435 3170 3496 offendam.
3206 3446 3260 3491 tu
3301 3453 3361 3491 es
3391 3437 3531 3507 ipsa.

184 3531 302 3584 haec
334 3531 622 3584 hactenus.
1911 3531 2029 3584 Non
2078 3529 2302 3583 salivam
2351 3528 2526 3605 glutto
2578 3529 2843 3583 sorbuisti
2902 3515 3308 3595 mercurialem,
3368 3529 3536 3600 inque

255 3621 462 3675 Audita
506 3637 637 3676 vero
667 3627 720 3676 et
749 3622 1011 3676 attentius
1037 3630 1296 3692 percepta
1327 3621 1604 3692 legatione
1633 3629 1810 3677 vestra
1913 3622 2026 3677 luto
2069 3621 2235 3675 ﬁxum
2269 3620 2494 3692 potuisti
2543 3621 2937 3674 transcendere
2970 3635 3280 3674 numerum.
3329 3620 3532 3690 Satyri-

181 3717 425 3781 mellita,
472 3717 718 3771 nondum
750 3717 866 3771 viso
897 3716 982 3770 vel
1037 3723 1284 3786 accepto,
1317 3717 1464 3787 quod
1501 3717 1590 3786 pio
1619 3732 1809 3772 amore
1835 3747 1884 3814 Ο
1911 3732 2006 3772 cos
2057 3716 2373 3770 omittamus
2402 3713 2666 3777 comicos,
2720 3714 2788 3767 ad
2819 3713 3104 3784 simplices
3158 3715 3451 3769 redeamus
3477 3724 3538 3770 et

181 3805 420 3859 misistis
461 3804 722 3870 balsamo,
768 3803 967 3858 litteris
1004 3805 1202 3858 vestris
1251 3805 1434 3858 adhuc
1486 3820 1596 3859 non
1631 3805 1808 3872 lectis;
1841 3803 1884 3814 ν
1913 3820 2155 3866 sanctos.

182 3913 294 3952 non
349 3896 644 3952 minimum
688 3914 818 3972 erga
847 3915 954 3962 me,
990 3916 1153 3971 quem
1199 3901 1454 3972 cognovi,
1485 3907 1590 3954 tam
1626 3901 1810 3974 magni
1984 3903 2102 3956 Non
2125 3901 2291 3956 modo
2320 3916 2430 3956 non
2461 3899 2715 3972 rapuisti,
2745 3899 2843 3954 sed
2877 3915 2984 3954 nec
3014 3899 3240 3970 quidem
3273 3899 3533 3970 appetisti

179 3995 233 4040 et
282 3985 580 4040 clarissimi
638 3986 738 4040 viri
793 3986 1020 4042 affectus
1077 3989 1313 4062 integer,
1375 3989 1507 4042 mihi
1573 3989 1810 4056 tantillo,
1911 3993 2114 4059 aliena,
2146 3993 2372 4068 largitus
2419 4008 2478 4047 es
2509 3991 2753 4062 pr0pria,
2811 3989 3038 4045 aliorum
3099 3989 3408 4046 condolens
3432 3991 3534 4045 mi-

179 4075 556 4131 θοουῐηυιδνίῐ
593 4075 890 4147 gaudium:
939 4076 1122 4148 ιὶτιυον
1164 4077 1456 4146 ῐπθῐῖοδυε,
1491 4078 1647 4145 cuius
1696 4077 1810 4131 fere
1916 4085 2095 4152 seriis,
2146 4100 2258 4139 non
2305 4083 2663 4140 felicitatibus
2711 4083 2966 4138 invidens
3021 4082 3240 4149 alienis,
3282 4085 3528 4138 omnibus

180 4185 332 4223 eram
367 4169 556 4238 inops,
589 4169 799 4222 νυηυῐη
829 4184 939 4223 non
981 4169 1334 4224 mediocriter
1363 4169 1687 4224 θΧὶιὶΙεὶΓιινὶι
1719 4171 1810 4223 da-
1909 4179 2096 4233 omnia
2138 4178 2334 4243 factus,
2367 4185 2426 4232 ut
2477 4191 2674 4232 omnes
2729 4176 3107 4232 lucrifacercs.
3143 4175 3335 4230 Nativa
3365 4175 3527 4231 vobis

179 4265 284 4312 tus.
319 4257 528 4312 Audito
575 4257 797 4311 tandem
827 4257 1074 4326 epitheto
1125 4274 1234 4313 non
1275 4275 1400 4313 meo
1431 4259 1641 4314 nomini
1675 4274 1728 4314 cc

1977 4271 2140 4342 pplex
2172 4271 2350 4325 tendit
2397 4286 2594 4325 manus
2624 4269 2820 4341 patria,
2851 4275 2906 4323 et
2935 4275 2994 4323 ut
3030 4267 3266 4322 redeatis
3316 4267 3525 4322 invitat.

178 4365 341 4420 ἔτυοι
377 4348 530 4420 (ιιιοά
574 4356 755 4402 νθεῑτίὶ
797 4349 1032 4404 Charitas
1060 4351 1217 4412 mihi,
1267 4351 1417 4404 "uua
1447 4351 1806 4406 Commenda-
1907 4367 2128 4433 Omnes,
2161 4373 2430 4438 quotquot
2467 4373 2596 4420 sunt
2634 4364 2924 4435 utriusque
2973 4361 3205 4429 ordinis,
3237 4361 3527 4427 clericalis,

181 4441 334 4496 “One
391 4447 612 4494 “mum
644 4456 893 4495 meorum
949 4441 1223 4512 ερροδιιίιο
1271 4445 1409 4496 "um
1441 4461 1603 4515 quam
1656 4445 1804 4501 αΐεύῖ
1909 4473 2007 4512 seu
2041 4457 2318 4520 militaris,
2358 4455 2886 4522 mente,voluntate,
2917 4454 3122 4519 studio,
3155 4461 3336 4527 gestu,
3370 4468 3526 4518 voce,

181 4539 388 4602 potest,
422 4530 666 4583 animum
701 4530 1015 4585 lzetificavit.

1996 4547 2256 4614 veniatis,
2287 4547 2526 4601 clamant
2550 4563 2562 4600 :
2588 4561 2686 4601 vos
2710 4545 2897 4601 videre
2925 4544 3274 4608 desiderant;
3304 4543 3526 4598 servitio

252 4623 390 4676 Inde
413 4621 628 4676 centies
649 4621 807 4676 ﬂexis
835 4623 1070 4696 genibus
1095 4641 1286 4678 versus
1310 4625 1598 4688 Veronam,
1624 4634 1807 4681 vestra
1906 4643 2062 4698 vobis
2102 4641 2498 4712 impendenda,
2543 4656 2647 4695 nec
2703 4656 3016 4706 numerum,
3073 4655 3253 4711 neque
3300 4639 3523 4693 modum
3619 4687 3628 4696 κ

179 4711 337 4782 quasi
371 4710 626 4764 lambens
655 4711 908 4785 vestigia,
953 4713 1157 4767 millies
1188 4713 1339 4767 mille
1370 4713 1526 4769 vobis
1559 4715 1804 4784 rependo
1905 4710 2243 4808 pmﬁgimhs
2295 4735 2489 4791 unum.
2547 4734 2739 4789 omnia
2797 4741 2982 4789 nostra
3035 4710 3198 4788 erum
3247 4733 3302 4786 ίη
3355 4749 3521 4786 manu

177 4807 402 4910 ἕτξῖίεξδο
679 4899 689 4910 δ
814 4901 824 4910 .
966 4901 976 4910 _
1159 4902 1172 4910 ‘
1223 4902 1232 4910 _
1743 4904 1753 4910 _
1904 4841 2105 4898 vestra,
2165 4831 2469 4887 secundum
2513 4830 2661 4902 quod
2693 4829 2877 4884 animo
2908 4835 3088 4884 vestro
3147 4826 3434 4890 insederit,
3494 4843 3526 4881 ο

251 4899 420 4996 ρυὶυξ
472 4899 887 4996 νθτογίτίυίίει-
935 4901 980 4954 εί
1028 4902 1177 4996 qui"!
1221 4902 1275 4996 ίῄη
1323 4919 1411 4957 τηε)
1467 4904 1800 4973 apparuerit»
1908 4926 2108 4982 dilecte
2138 4927 2378 4982 Ratheri.
2417 4899 2620 4982 Cuncta
2640 4924 2967 4996 praevidete,
3004 4923 3302 4994 disponite,
3326 4922 3528 4977 consti-

177 4991 270 5089 qui
303 4992 460 5089 “una.
487 4991 1054 5089 Omninonpmlueeot
1077 4993 1460 5089 fimulacrumv
1495 5011 1802 5089 _“_”3‘luam9
1825 5055 1880 5089 η
1909 5016 2064 5081 tuite,
2098 5022 2152 5070 et
2205 5021 2265 5070 ut
2302 5013 2545 5081 libuerit,
2579 4991 2656 5066 in—
2682 5012 2944 5067 omnibus
2999 4991 3165 5086 agite.
3201 5010 3313 5064 Sub
3343 5016 3524 5064 vestro

197 5055 210 5062 '
761 5055 772 5062 '
1044 5055 1050 5059 '
1451 5055 1456 5058 '
1635 5055 1644 5065 -
1789 5055 1797 5061 υ
1911 5055 2064 5081 unum,
2098 5055 2152 5070 νυ
2209 5055 2265 5070 υιυ
2303 5055 2468 5068 ..νυνι
2486 5055 2545 5081 η,
2581 5055 2636 5066 ι..
2682 5055 2943 5067 ν.......,..ν
2999 5055 3049 5065 ιγ
3073 5055 3165 5066 ην,
3201 5055 3310 5064 ηιμ,
3354 5055 3520 5064 ,ννυν

176 5079 226 5177 Si.
263 5079 652 5150 experimento
699 5079 914 5136 discere
958 5083 1112 5137 cordi
1175 5090 1280 5151 θδίν
1337 5100 1366 5138 ³
1424 5085 1581 5139 "oms
1629 5055 1880 5142 aberit!)
1907 5105 2107 5177 pollice
2137 5105 2298 5161 docto
2329 5111 2383 5160 et
2418 5104 2646 5172 artifice,
2695 5119 2918 5158 manum
2951 5055 3142 5158 fertiles
3183 5117 3292 5156 non
3326 5101 3527 5155 erube-

179 5171 525 5245 elongatum.

1978 5214 2054 5253 am
2086 5198 2417 5254 subducere.
2450 5197 2555 5253 Vos
2585 5196 2799 5262 valete;
2831 5211 2930 5252 vos
2969 5194 3235 5266 plaudite,
3271 5201 3326 5249 et
3355 5192 3527 5265 gratia

246 5264 542 5320 Pristinam
572 5281 719 5336 saepe
749 5267 904 5322 soleo
936 5275 1063 5322 ante
1094 5270 1287 5324 oculos
1319 5269 1673 5325 dulcedinem
1707 5287 1803 5343 po-
1907 5290 2123 5346 Domini
2175 5289 2349 5347 nostri
2397 5305 2496 5345 vos
2541 5288 2609 5343 ab
2666 5288 2888 5343 incursu
2941 5264 3087 5344 πίωιο
3144 5264 3530 5341 tueatur'con-

175 5370 330 5423 nere,
361 5356 534 5428 idque
562 5357 774 5412 crebris
804 5358 1048 5414 libenter
1065 5361 1421 5417 sermonibus
1447 5370 1722 5433 repetere,
1751 5375 1808 5417 et
1910 5379 2082 5435 “me.

171 5445 214 5508 si
271 5462 437 5502 mane
487 5464 620 5516 non,
683 5449 767 5504 vel
817 5457 937 5522 post
1009 5453 1240 5522 prandia
1300 5453 1443 5509 inter
1504 5455 1806 5510 bibendum
