3924 6400
418 362 520 418 947

1064 362 1328 416 ERACLII
1372 361 1579 425 EPISC.
1622 360 2009 416 LEODIENSIS
2049 360 2331 416 RELATIO
2370 358 2691 417 MIRACULI
2731 361 2789 417 S.
2831 359 3106 416 MARTIN.

3663 364 3762 420 948

1082 640 1610 730 RELATIO
1695 641 2275 730 MIRACULI
2363 639 2455 729 S.
2544 641 3097 730 MARTINI.

514 828 827 881 Eraclins
865 840 1064 880 manu
1102 824 1383 892 propria.
1420 821 1745 878 describit
1783 836 1977 876 suam
2013 823 2486 875 mir-aculam
2524 822 2945 874 sanationem
2984 822 3166 875 sicut
3202 827 3272 874 et
3311 824 3681 876 secundum

1914 915 2260 968 visionem.

499 1210 557 1264 ln
586 1207 811 1263 nomine
839 1211 1044 1261 sanctae
1074 1213 1129 1260 et
1155 1203 1456 1260 individuis
1478 1202 1775 1259 Trinitatis.

498 1301 652 1356 Anno
676 1299 924 1355 secundo
956 1306 1080 1368 post
1110 1296 1345 1351 reditum
1375 1295 1520 1350 beati
1561 1294 1777 1350 Martini
1809 1295 1877 1349 ab
1902 1296 2044 1350 exsi-

426 1392 523 1452 lio.
580 1389 857 1454 videlicet,
918 1404 949 1441 a
992 1386 1212 1441 civitate
1255 1384 1655 1451 Antissiodoro,
1696 1386 2045 1455 providentia

427 1482 548 1549 Dei,
575 1488 629 1535 et
659 1479 864 1535 auxilio
892 1476 1186 1553 lngelgerii
1225 1476 1565 1531 Castinensis
1595 1475 1814 1531 comitis
1864 1478 2042 1547 Hugo-

428 1576 515 1631 nis
538 1575 728 1645 inclyti
757 1573 1091 1644 Burgundite
1126 1573 1284 1627 ducis
1318 1572 1741 1646 consanguinei,
1764 1588 1895 1627 cura
1926 1588 2048 1643 per-

428 1667 602 1739 viglii,
650 1667 788 1721 mira
844 1664 1242 1731 sollicitudine,
1310 1670 1365 1719 et
1417 1672 1749 1719 armatorum
1820 1664 2047 1734 cepiosa

429 1762 804 1827 multitudine,
837 1762 891 1816 in
922 1777 1033 1833 quo
1060 1760 1217 1832 prius
1243 1760 1610 1815 venerabatur
1638 1760 1782 1826 loco,
1826 1759 2049 1814 honori-

430 1854 533 1909 fice
563 1861 618 1909 et
648 1854 914 1909 decenter
942 1853 1197 1918 relocati;
1229 1867 1334 1925 ego
1366 1851 1610 1906 Eraclius
1642 1851 1739 1906 Dei
1782 1851 2048 1922 patientia

430 1944 757 1999 Leodiensis
784 1942 1045 1999 Ecclesiae
1075 1942 1303 2001 humilis
1343 1942 1658 2013 episcopus,
1692 1941 1896 1997 auditis
1940 1942 2043 1996 mi-

432 2037 745 2093 raculorum
775 2036 1090 2101 virtutibus,
1128 2051 1252 2107 quae
1283 2050 1384 2106 per
1413 2036 1509 2091 Dei
1549 2037 1776 2108 gratiam
1809 2046 1863 2093 et
1901 2039 2048 2097 beati

430 2125 648 2181 Martini
679 2127 958 2191 meritum,
989 2126 1332 2181 incessanter
1360 2124 1436 2179 ibi
1466 2123 1694 2193 ﬁebant,
1729 2128 1926 2185 morbo
1952 2132 2047 2202 qui

430 2218 596 2287 lupus
623 2216 845 2281 dicitur,
896 2215 1137 2290 graviter
1189 2214 1424 2279 attritus,
1457 2223 1513 2270 et
1567 2215 1682 2271 fere
1713 2217 1779 2271 ad
1811 2224 2047 2274 mortem

430 2308 723 2371 deductus,
764 2306 867 2360 sub
911 2322 1010 2375 spe
1063 2303 1459 2375 recuperandae
1498 2304 1749 2359 sanitatis
1795 2308 2051 2362 astrictus

428 2410 579 2468 voto,
613 2419 736 2459 cum
764 2402 982 2458 clericis
1006 2410 1062 2458 et
1087 2403 1379 2468 militibus,
1408 2402 1687 2459 Turonum
1720 2404 2049 2476 quantocius

428 2493 555 2547 veni
578 2494 831 2548 devotus.

501 2584 747 2655 Cumque
768 2584 823 2637 in
854 2583 1090 2638 ecclesia
1117 2582 1501 2656 gloriosissimi
1539 2583 1876 2638 confessoris
1907 2601 2045 2655 prae-

429 2677 585 2741 dicti,
617 2662 733 2730 die.
759 2681 1041 2747 noctuque
1080 2691 1203 2730 curn
1261 2673 1533 2731 effusione
1581 2676 1944 2748 lacrymarum
1996 2685 2051 2734 et

428 2770 748 2844 gemitibus,
806 2768 1033 2842 vigiliis,
1083 2766 1329 2836 jejuniis,
1372 2768 1717 2825 orationibus
1755 2770 2044 2839 instarem,

429 2858 641 2929 Deique
679 2854 1115 2911 misericordiam
1158 2862 1215 2909 et
1265 2853 1443 2925 ipsius
1489 2853 1808 2930 suffragium
1859 2874 2047 2914 exora-

430 2963 570 3013 rem,
611 2951 773 3001 nocte
816 2944 1070 3014 septima,
1129 2943 1325 2998 beatus
1368 2942 1631 2999 Martinus
1682 2961 1805 3001 cum
1854 2954 2046 3002 sancto

428 3036 650 3101 Brictio,
682 3034 818 3089 mihi
845 3048 956 3104 prae
990 3031 1318 3087 lassitudine
1343 3032 1501 3104 quasi
1529 3032 1586 3087 in
1615 3034 1814 3089 exstasi
1842 3036 2044 3105 posito,

427 3127 700 3199 apparuit,
748 3141 922 3197 seque
979 3123 1235 3196 sequenti
1290 3124 1370 3181 sic
1407 3125 1518 3179 ait:
1560 3146 1580 3175 ι
1615 3127 1804 3183 Frater
1860 3128 2041 3195 Bricti,

427 3219 561 3292 quid
610 3218 707 3274 tibi
742 3217 961 3273 videtur
999 3217 1067 3272 de
1119 3215 1284 3271 fratre
1338 3224 1525 3272 nostro
1583 3218 1875 3273 Leodiensi
1932 3220 2049 3291 epi-

426 3326 618 3383 scopo,
662 3310 755 3383 qui
805 3310 877 3366 de
915 3309 1140 3365 remotis
1186 3309 1292 3365 huc
1334 3309 1486 3363 venit
1520 3310 1789 3381 partibus.
1836 3312 2047 3384 Deique

428 3406 716 3471 auxilium,
759 3412 815 3460 et
850 3411 1099 3459 nostrum
1139 3409 1248 3458 tam
1288 3403 1487 3459 devote
1521 3403 1795 3475 requirit?
1842 3430 1862 3448 ι»
1905 3405 2047 3459 San-

427 3506 551 3554 ctus
589 3497 825 3552 Brictius
849 3495 956 3551 sibi
992 3495 1205 3566 loqenti
1246 3495 1328 3551 sic
1356 3495 1648 3566 respondit
1680 3514 1694 3550 :
1739 3520 1762 3543 α
1797 3496 2048 3551 Piissime

428 3588 676 3653 domine,
708 3587 754 3641 si
784 3586 965 3657 placet
1007 3586 1118 3642 Deo
1149 3593 1202 3640 et
1220 3592 1326 3640 tuae
1358 3585 1686 3660 benignitati
1714 3585 1923 3642 bonum
1952 3595 2038 3643 est

428 3685 487 3734 ut
543 3683 785 3741 curetur,
828 3692 951 3731 cum
1001 3676 1071 3730 sit
1121 3676 1306 3730 mult-ce
1363 3675 1690 3741 sanctitatis,
1752 3683 1807 3731 et
1864 3678 2036 3733 nostri

427 3765 659 3831 ordinis,
691 3764 851 3835 cujus
888 3765 998 3820 vita
1029 3764 1280 3820 ordinem
1315 3779 1426 3819 non
1467 3763 1744 3833 deturpat.
1791 3789 1813 3810 η
1859 3764 2038 3831 Illico,

2063 1202 2119 1269 Α
2217 1195 2373 1250 Mane
2421 1192 2585 1255 facto,
2646 1192 2900 1248 canonici
2950 1192 3353 1248 convenientes
3403 1192 3459 1246 in
3510 1193 3767 1264 capitulo,

2145 1301 2234 1339 me
2283 1284 2340 1338 in
2392 1282 2614 1337 fratrem
2668 1291 2722 1336 et
2761 1281 3090 1337 canonicum
3142 1288 3477 1353 receperunt
3528 1283 3768 1336 unanimi

2146 1376 2427 1432 voluntate
2471 1382 2526 1429 et
2582 1373 2880 1428 desiderio.
2938 1371 3147 1446 Magnae
3197 1373 3379 1427 missae
3435 1373 3577 1428 hora
3620 1374 3771 1428 adve-

2147 1469 2358 1537 niente,
2400 1466 2705 1521 secundum
2738 1472 3074 1536 praeceptum
3107 1462 3255 1519 beati
3295 1464 3535 1527 Martini,
3592 1465 3768 1520 divina

2146 1558 2453 1620 celebravi;
2505 1557 2722 1613 collatis
2763 1556 3011 1611 ecclesiae
3043 1555 3290 1610 donariis
3341 1556 3765 1627 quamplurimis

2148 1657 2205 1703 et
2236 1647 2517 1713 fratribus,
2546 1646 2614 1700 ad
2662 1646 2885 1716 propria
2922 1645 3174 1718 gaudens
3224 1652 3279 1699 et
3307 1660 3477 1699 sanus
3510 1647 3765 1699 remeavi.

2219 1739 2595 1803 Postmodum,
2637 1736 2974 1807 procedente
3003 1750 3171 1806 parvo
3210 1742 3487 1805 tempore,
3524 1752 3641 1790 non
3682 1737 3773 1789 im-

2148 1846 2361 1886 memor
2387 1830 2522 1885 tanti
2555 1826 2812 1883 beneficii
2852 1844 2883 1881 a
2915 1828 3025 1881 Deo
3063 1834 3119 1881 et
3149 1827 3309 1881 beato
3367 1827 3606 1882 Martino
3648 1828 3770 1881 mihi

2132 1919 2355 1986 “collati,
2388 1919 2455 1973 ad
2489 1919 2708 1973 Iaudem
2741 1917 2834 1971 Dei
2868 1924 2922 1970 et
2952 1917 3222 1971 honorem
3257 1917 3530 1971 curatoris
3559 1917 3694 1982 mei,
3725 1933 3773 1970 ιιι

2148 2014 2367 2069 civitate
2428 2010 2742 2074 Leodiensi,
2798 2008 2854 2062 in
2912 2015 3101 2062 monte
3169 2007 3415 2078 publico,
3478 2008 3769 2063 ecclesiam

2149 2104 2399 2171 fundavi,
2430 2100 2711 2158 construxi
2743 2099 2812 2153 de
2857 2098 3102 2169 proprio.
3135 2098 3336 2161 dicavi,
3369 2106 3426 2152 et
3470 2098 3772 2168 opulentis-

2150 2196 2289 2251 sime
2345 2194 2548 2250 dotavi.
2605 2193 2663 2246 In
2714 2207 2826 2262 qua
2874 2190 3099 2264 triginta
3161 2189 3445 2245 canonicis
3486 2190 3771 2250 ordinatis,

2152 2306 2275 2345 cum
2307 2285 2681 2343 servientibus
2700 2292 2753 2339 et
2774 2282 3050 2355 personis,
3076 2289 3130 2337 et
3152 2283 3456 2337 secundum
3489 2291 3772 2337 consuetu-

2152 2376 2337 2431 dinem
2363 2374 2701 2430 Turonensis
2724 2372 2983 2427 Ecclesiae
3009 2371 3065 2425 in
3083 2371 3320 2444 legendo
3337 2377 3391 2425 et
3405 2371 3707 2436 cantando,
3728 2379 3773 2425 et

2151 2469 2273 2524 aliis
2322 2466 2714 2523 ecclesiasticis
2769 2464 3015 2519 moribus
3053 2462 3358 2529 instructis,
3416 2463 3565 2517 sicut
3616 2470 3769 2534 quot-

2150 2571 2285 2634 quot
2341 2561 2501 2616 annis
2560 2574 2977 2621 consueveram,
3034 2574 3159 2612 enm
3226 2556 3397 2611 multa
3453 2557 3767 2618 devotione,

2149 2654 2425 2709 Turonum
2486 2651 2715 2715 accessi,
2786 2658 2841 2704 et
2893 2649 3034 2703 sicut
3088 2648 3260 2720 gratia
3317 2647 3412 2702 Dei
3497 2655 3771 2718 praeeunte

2150 2740 2409 2807 feceram,
2439 2737 2701 2794 fratribus
2730 2737 2874 2792 meis
2903 2735 3257 2791 manifestum
3298 2734 3417 2789 ﬁeri
3445 2735 3601 2789 duxi.

2225 2833 2287 2887 Et
2316 2832 2447 2887 dum
2488 2832 2545 2885 in
2579 2828 2816 2901 quadam
2857 2835 3019 2882 nocte
3052 2826 3333 2881 Dominica
3366 2836 3767 2895 pernoctarem.

2147 2938 2202 2985 et
2230 2930 2322 2985 Dei
2372 2927 2723 2984 clementiam
2753 2926 3091 2990 invocarem,
3142 2923 3341 2977 iterum
3374 2921 3575 2977 beatus
3604 2923 3767 2977 Marti-

2149 3039 2294 3088 nus,
2352 3036 2474 3075 cum
2534 3017 2710 3072 beatis
2764 3016 2966 3072 Brictio
3026 3023 3081 3069 et
3132 3012 3471 3076 Eustachio,
3534 3014 3669 3067 mihi
3720 3014 3766 3067 in

2148 3113 2359 3167 visione
2409 3109 2683 3181 apparuit,
2744 3108 2974 3161 dicens:
3024 3126 3044 3154 ι
3089 3104 3184 3159 Dic
3244 3103 3503 3158 fratribus
3536 3103 3666 3170 tuis,
3715 3108 3768 3156 ut

2147 3204 2445 3259 canonicos
2475 3217 2615 3273 quos
2643 3199 2710 3254 ad
2740 3197 3092 3253 serviendum
3126 3196 3231 3250 Deo
3256 3202 3311 3249 ct
3346 3194 3480 3248 mihi
3511 3194 3765 3250 Ordinasli

2152 3297 2359 3365 Leodii,
2392 3295 2496 3351 sub
2529 3296 2631 3366 pia:
2675 3292 3017 3349 conditionis
3062 3290 3257 3355 forma,
3285 3289 3410 3359 jure
3439 3289 3675 3361 perenni
3716 3288 3763 3341 in

2147 3405 2302 3444 suam
2342 3387 2611 3458 recipiant
2646 3382 3067 3448 fraternitatem,
3098 3388 3152 3436 et
3181 3396 3379 3436 omnes
3417 3394 3761 3435 successores

2148 3487 2273 3535 tuos
2293 3480 2348 3533 in
2380 3478 2702 3549 episcOpatu
2735 3473 3045 3529 Leodiensi.

2217 3615 2233 3639 ι
2280 3590 2477 3645 Mutua!
2533 3584 2887 3641 fraternitatis
2937 3584 3053 3638 htec
3101 3581 3173 3636 sit
3225 3581 3307 3634 eis
3360 3579 3584 3635 forma:
3648 3580 3762 3635 Cum

2140 3685 2441 3759 potuerint,
2473 3693 2529 3737 et
2568 3691 2790 3751 tempus
2841 3691 3144 3752 congruum
3186 3672 3424 3739 affuerit,
3469 3690 3531 3728 se
3574 3682 3752 3729 mutuo

2143 3780 2464 3846 visitabunt,
2514 3778 2571 3832 in
2599 3778 2766 3831 choro
2820 3772 3040 3828 stallum
3072 3766 3378 3830 habebunt,
3413 3773 3468 3820 et
3495 3766 3758 3837 quotidia-

424 3859 655 3931 Ρΐοβίυε
696 3857 988 3923 accedens,
1021 3864 1076 3912 et
1122 3855 1305 3911 100m“
1359 3854 1538 3910 morbi
1578 3855 1807 3926 cuspide
1860 3853 2039 3911 baca“
2074 3852 2275 3926 Cnum
2334 3865 2601 3937 recipient
2665 3859 3022 3932 stipendium.
3073 3881 3095 3901 η
3140 3853 3293 3919 Quod
3358 3853 3756 3917 devotissime,

424 3950 509 4006 sui
541 3956 794 4023 tangens,
844 3946 926 4001 sic
957 3944 1065 4000 ait:
1110 3965 1136 3991 «ι
1179 3943 1367 3998 Frater
1415 3942 1609 4012 Eracli,
1639 3943 1903 3999 Dominus
1944 3960 2042 4001 no-

424 4050 536 4097 ster
560 4039 721 4094 Jesus
760 4036 1008 4093 Christus
1059 4040 1218 4089 sanat
1260 4040 1337 4100 te,
1377 4042 1431 4089 et
1481 4034 1845 4090 incolumitati
1886 4036 2042 4091 resti-

426 4132 548 4195 tuit,
578 4147 676 4187 sua
705 4130 929 4202 pietate.

500 4243 524 4273 α
569 4221 743 4295 Igitur
808 4217 1019 4284 hilaris,
1080 4232 1249 4271 sanus
1299 4225 1354 4271 et
1420 4216 1734 4281 incolumis,
1791 4216 2050 4274 fratribus

424 4311 628 4369 nostris
672 4306 959 4365 canonicis
987 4304 1332 4360 manifestam
1379 4304 1473 4359 Dei
1511 4304 1792 4370 virtutem,
1834 4307 2043 4373 revela,

423 4412 480 4460 et
508 4420 574 4459 ex
600 4408 753 4475 parte
782 4400 960 4473 ipsius
989 4406 1044 4454 et
1084 4404 1272 4455 nostra
1301 4398 1563 4470 praecipe,
1595 4406 1655 4454 ut
1694 4415 1817 4454 cum
1846 4399 2044 4456 devoto

423 4496 631 4567 populo
660 4494 854 4550 laudes
901 4494 1202 4549 immensas
1246 4507 1349 4547 suo
1380 4491 1645 4547 Salvatori
1677 4491 1939 4557 referant,
1990 4500 2045 4549 et

422 4595 475 4643 te
507 4587 563 4641 in
595 4585 923 4641 canonicum
969 4584 1096 4655 jure
1134 4588 1407 4655 perpetuo
1448 4582 1737 4654 recipiant.
1795 4583 1868 4639 Tu
1914 4598 2044 4639 vero

326 4676 331 4681 ⁷
422 4678 589 4734 hodie
636 4677 703 4731 ad
738 4675 959 4731 laudem
1010 4674 1102 4729 Dei
1151 4690 1405 4749 magnam
1455 4673 1677 4729 missam
1733 4673 2044 4729 celebrabis

422 4779 483 4827 ut
507 4770 601 4842 qui
627 4777 682 4824 te
705 4768 860 4842 prius
886 4767 1139 4823 viderant
1180 4767 1337 4839 quasi
1370 4766 1649 4821 addictum
1682 4765 1864 4831 morti,
1897 4764 2042 4821 ﬁdu-

422 4858 618 4915 cialius
649 4863 875 4929 sperent
904 4857 973 4911 de
1003 4855 1371 4911 subventione
1396 4854 1481 4910 sui
1512 4852 1756 4924 patroni.
1804 4874 1823 4902 ι

495 4950 607 5007 Hoc
643 4949 806 5015 facto,
839 4954 895 5003 et
942 4947 1029 5003 his
1071 4947 1255 5013 dictis,
1295 4962 1326 5001 a
1357 4951 1658 5017 conSpectu
1692 4959 1818 4999 meo
1865 4942 2047 5014 dispa-

421 5042 552 5099 ruit.
577 5041 742 5096 Erant
762 5037 924 5094 ambo
972 5035 1384 5109 episcopalibus
1412 5033 1751 5089 indumentis
1776 5031 2041 5087 redimiti.

419 5134 638 5192 Surrexi
691 5133 850 5187 lzetus
912 5129 1105 5186 Clerici
1145 5129 1254 5184 mei
1311 5133 1366 5183 et
1403 5127 1607 5183 milites
1657 5142 1781 5181 cum
1823 5124 2043 5180 famulis

418 5225 693 5295 accersiti,
741 5224 1104 5290 advenerunt,
1137 5231 1398 5294 totusque
1441 5219 1831 5277 canonicorum
1873 5228 2115 5297 vene-1)
2141 5196 2275 5297 ῐεινξῑ

420 5315 608 5369 rabilis
663 5318 985 5370 conventus.
1032 5311 1204 5369 Morbi
1253 5311 1410 5368 locus
1465 5325 1629 5382 quem
1683 5305 1937 5380 patiebar
1980 5306 2036 5360 in

421 5402 663 5464 natibus,
723 5417 834 5457 non
874 5410 958 5458 est
1004 5402 1295 5459 inventus:
1333 5407 1516 5456 tamen
1555 5400 1613 5453 in
1648 5399 1865 5473 signum
1895 5394 2040 5451 cica-

421 5490 593 5559 tricis,
624 5490 877 5561 qutedam
898 5491 1106 5547 lineola
1143 5491 1315 5547 rubea
1344 5506 1624 5562 apparens
1653 5487 1936 5543 remansit.
1964 5486 2039 5542 De

424 5586 531 5634 tam
558 5578 806 5655 glorioso
855 5586 911 5634 et
947 5581 1193 5635 evidenti
1226 5580 1516 5643 miraculo,
1550 5582 1619 5633 Te
1646 5582 1817 5633 Deum
1847 5576 2040 5631 lauda-

419 5685 539 5726 mus
596 5671 920 5724 decantatur
967 5686 999 5724 a
1043 5672 1212 5737 clero,
1265 5676 1319 5724 et
1373 5685 1538 5725 voces
1583 5666 1767 5722 devoti
1822 5665 2037 5737 populi,

422 5776 546 5819 cum
577 5758 837 5818 laudibus
866 5760 1207 5816 extolluntur
1232 5761 1289 5814 in
1319 5763 1536 5818 excelso

2139 5570 2397 5625 universa
2446 5562 2840 5625 circumquaqu

2138 5659 2386 5717 ecclesiae
2418 5655 2599 5709 locum
2625 5644 2853 5702 omnino
2886 5652 2994 5692 non
3027 5629 3224 5717 tetigit.

2146 3960 2490 4017 sanctissime
2547 3961 2602 4010 et
2652 3950 2947 4011 celebriter
2994 3946 3200 4001 factum
3252 3950 3355 3998 est.
3441 3944 3503 3999 Et
3559 3945 3759 4000 decimo

2145 4070 2291 4115 anno
2326 4048 2663 4107 reversionis
2692 4043 2839 4100 beati
2884 4039 3127 4105 Martini,
3160 4036 3487 4092 auctoritate
3530 4038 3624 4093 Dei
3658 4052 3759 4093 om-

2151 4139 2474 4214 nipotentis,
2523 4135 2862 4192 celebratum
2902 4134 2955 4184 et
2992 4124 3374 4182 confirmatum
3421 4134 3526 4191 est,
3563 4132 3618 4179 et
3668 4122 3758 4178 sub

2148 4211 2502 4289 anathemate
2553 4220 2929 4283 interdictum,
2962 4230 3031 4270 ne
3060 4214 3184 4285 quis
3210 4211 3497 4286 negligere
3547 4219 3635 4267 aut
3661 4212 3759 4265 νίο.

2150 4329 2261 4381 lare
2293 4323 2585 4393 praesumat
2611 4313 2761 4387 quod
2792 4306 3087 4365 auctoritas
3126 4303 3331 4369 divina,
3368 4309 3421 4357 et
3451 4301 3603 4357 beati
3633 4303 3757 4357 Mar-

2145 4416 2246 4472 tini
2278 4414 2529 4470 voluntas
2560 4403 2797 4461 instituit
2826 4407 2881 4455 et
2910 4395 3253 4454 corroborat.

2217 4529 2487 4582 Praeterea
2518 4518 2771 4575 additum
2801 4518 2903 4578 est,
2932 4513 3206 4580 quatenus
3229 4505 3456 4559 nomina
3482 4504 3753 4559 defuncto-

2148 4814 2292 4859 trum
2324 4796 2511 4853 divina
2536 4790 2904 4848 celebrentur.

2220 4914 2369 4968 idem
2436 4906 2731 4979 episcOpus
2787 4897 3015 4951 alteram
3074 4887 3366 4945 ecclesiam
3428 4884 3485 4938 in
3553 4884 3745 4976 honore

2146 5006 2318 5064 sancti
2347 4974 2501 5058 Pauli
2531 4997 2588 5051 in
2633 4990 2834 5056 insula,
2878 4982 3205 5040 miraculosc
3237 4976 3428 5032 Leodii
3459 4974 3746 5030 construxit

2147 5113 2322 5172 usque
2352 5094 2419 5150 ad
2451 5091 2742 5149 fenestras,
2773 5082 2830 5137 in
2862 5094 2972 5152 qua
3003 5072 3225 5147 triginta
3261 5066 3562 5124 canonicos
3591 5064 3744 5131 depu-

2214 5280 2592 5350 Fertur'enim
2643 5290 2832 5335 orasse
2885 5271 2954 5325 ad
3001 5263 3293 5322 Dominum
3329 5301 3342 5325 ,
3400 5265 3461 5313 ut
3507 5253 3735 5350 ejusdem

2144 5342 2392 5444 basilicae
2414 5342 2799 5436 construenda),
2829 5363 2936 5420 sibi
2965 5354 3371 5433 longitudinem
3421 5356 3485 5444 et
3516 5342 3735 5402 latitudio

2142 5437 2595 5534 nem—ostendere
2642 5462 2980 5535 dignaretur.
3014 5450 3172 5504 Mane
3201 5450 3395 5535 autem
3415 5437 3587 5535 facto,
3626 5446 3731 5487 cum

2846 5564 2877 5601 e
2906 5546 3024 5599 loca
3083 5538 3176 5593 uix
3206 5531 3537 5605 operuisset,
3564 5524 3733 5580 futura?

2212 5704 2335 5819 ipse
2385 5742 2548 5798 etiam
2609 5737 2753 5790 inter
2809 5733 3010 5785 caetera
3035 5714 3452 5786 disciplinarum
3507 5704 3728 5762 instituta
