3924 6392
170 405 286 460 949

1108 398 1397 456 JOANNES
1436 398 1556 453 Xlll
1597 397 1786 453 PAPA.
1826 427 1897 437 —
1934 392 2200 452 ΝΟΤΙΤΙΑ
2238 386 2607 446 HISTORICA.

3423 382 3528 437 950

168 531 485 598 constituit,
516 531 652 587 utin
681 531 920 587 adventu
971 529 1209 595 Domini,
1251 534 1306 583 et
1332 544 1364 581 a
1388 525 1803 599 Septuagesima
1831 530 1876 597 Α
1904 524 2095 595 cappis
2126 518 2435 583 amiciatur,
2486 532 2554 573 eo
2584 515 2731 588 quod
2764 515 2924 589 niger
2961 514 3133 578 color,
3183 510 3527 584 pauitantia

169 638 355 693 usque
387 621 444 676 in
474 622 706 688 Pascha,
764 621 943 676 clerus
1004 619 1156 690 pulla
1189 628 1363 683 veste,
1392 617 1566 692 nigris
1592 616 1803 671 scilicet
1839 656 1847 662 .
1907 623 1962 671 et
1991 615 2302 680 afflictioni,
2335 611 2512 687 magis
2540 626 2703 682 quam
2728 608 2887 663 albus
2924 605 3238 662 conveniat.

175 772 3528 818 Μ

1366 927 1546 972 ANNO
1590 926 1833 973 DOMINI
1874 923 2323 970 DCCCCLXXIII.

414 1028 1661 1245 JOANNES
1810 1077 2326 1238 XIII
2472 1072 3267 1233 PAPA.

1152 1345 1706 1435 NOTITIA
1787 1339 2544 1431 HISTORICA.

1319 1527 1494 1597 (Apud
1527 1525 1719 1592 MANSI,
1752 1523 1952 1579 Concil.
1991 1529 2123 1577 tom.
2154 1520 2311 1587 XIX.)

1664 1696 2051 1707 “.—

233 1850 487 1905 Joannes
534 1848 854 1903 Narniensis
897 1849 1215 1919 episcOpus,
1256 1856 1380 1919 post
1409 1846 1620 1902 obitum
1651 1844 1795 1900 Leo-
1823 1848 1872 1914 Β
1898 1841 1999 1896 ﬁce
2032 1840 2360 1910 excepisset,
2420 1838 2701 1911 digneque
2739 1833 3046 1900 habuisset,
3104 1839 3158 1885 et
3195 1830 3265 1883 ab
3297 1828 3522 1885 insidiis

157 1941 252 1996 nis
314 1939 597 2011 pontiﬁcis
654 1941 1025 2013 pseudopapa
1082 1941 1346 2007 (vivente,
1404 1955 1473 1994 an
1532 1937 1791 1993 defuncto

160 2034 471 2089 Benedicto
492 2033 711 2105 quinto,
740 2034 1029 2104 incertum)
1063 2033 1237 2089 factus
1266 2040 1349 2087 est
1377 2032 1625 2103 pontifex
1646 2049 1792 2089 anno

159 2129 386 2183 Domini
413 2128 539 2193 965,
577 2129 922 2199 temporibus
953 2129 1166 2184 Ottonis
1197 2135 1250 2182 et
1278 2128 1572 2198 Nicephori
1596 2128 1791 2183 Phoca

155 2218 586 2288 imperatorum.
623 2218 873 2282 Quicum
908 2218 1062 2272 initio
1088 2217 1440 2288 pontiﬁcatus
1495 2216 1792 2286 Optimates

159 2308 545 2362 Romanorum
601 2307 784 2362 acrius
836 2306 1070 2362 fortasse
1124 2322 1287 2377 quam
1322 2305 1611 2375 Oportebat
1642 2304 1792 2359 inse-

151 2407 656 2470 queretur,eorum
685 2399 899 2454 monitu
949 2399 1018 2453 ab
1074 2398 1238 2453 Urbis
1278 2396 1539 2467 praefecto
1573 2403 1787 2467 captus,

154 2488 442 2560 relegatus
471 2494 558 2542 est
607 2486 663 2541 in
713 2486 1085 2558 Campaniam.
1139 2486 1248 2540 Sed
1306 2485 1436 2538 dum
1471 2484 1789 2554 imperatori

153 2580 345 2635 Ottoni
378 2581 499 2635 hac
552 2579 944 2646 innotuissent,
994 2578 1063 2632 ad
1110 2576 1495 2632 vindicandam
1531 2576 1786 2643 injuriam

153 2665 416 2738 pontiﬁci
435 2667 664 2736 illatam,
700 2667 818 2738 ipse
865 2667 921 2721 in
971 2666 1181 2720 Italiam
1230 2664 1508 2736 profectus
1556 2674 1661 2731 est,
1695 2680 1786 2719 rc-

153 2759 477 2830 stitutoque
533 2758 769 2825 Joanne,
812 2758 881 2814 de
958 2757 1110 2813 illius
1193 2757 1445 2811 hostibus
1486 2757 1784 2813 vindictam

148 2848 400 2917 sumpsit
451 2847 633 2915 istam,
682 2846 1003 2919 prafectum
1058 2846 1218 2901 Urbis
1265 2847 1545 2901 viventem
1577 2850 1788 2905 curavit

151 2939 460 3004 denudari,
495 2939 929 3011 impositumque
979 2938 1137 2993 asino
1186 2946 1239 2994 et
1292 2944 1412 2993 utre
1444 2939 1784 3007 redimitum,

150 3032 222 3085 ad
253 3030 560 3086 ludibrium
607 3030 968 3096 circumduci,
1036 3030 1316 3101 virgisque
1360 3030 1518 3094 cadi,
1576 3049 1641 3088 ac
1684 3033 1784 3089 de-

149 3143 309 3181 mum
339 3125 660 3182 carceribus
706 3127 1008 3198 mancipari
1053 3144 1066 3181 :
1099 3126 1333 3182 cadaver
1357 3124 1602 3180 defuncti
1636 3140 1783 3196 pra-
1808 3168 1856 3235 Ο

149 3218 313 3283 fecti,
371 3233 402 3271 a
447 3232 560 3289 quo
610 3217 855 3273 Joannes
913 3234 1053 3289 papa
1115 3217 1255 3272 Urbe
1302 3217 1515 3285 ejectus
1567 3221 1703 3283 erat,
1753 3232 1783 3271 e

148 3306 419 3377 sepulcro
445 3312 747 3361 extractum
784 3306 839 3361 in
872 3307 1090 3361 diversa
1147 3306 1267 3361 loca
1316 3306 1545 3359 distrahi
1575 3320 1639 3361 ac
1669 3304 1783 3359 dis-

147 3401 327 3472 sipari
380 3401 668 3472 praeepit.
720 3399 995 3471 (Br-3mm.)
1048 3401 1124 3456 Ad
1156 3401 1579 3456 conversionem
1622 3400 1784 3455 Polo-

149 3509 357 3547 norum
416 3492 697 3566 Aigidium
740 3492 1107 3547 Tusculanum
1169 3491 1490 3562 episcOpum
1542 3492 1779 3563 legatum

146 3600 178 3637 a
206 3583 389 3637 latere
422 3582 593 3647 misit,
627 3581 752 3636 data
796 3582 1180 3651 illijpotcstatc
1212 3596 1395 3655 regem
1426 3580 1778 3648 Miezislaum,

146 3675 258 3747 quis
286 3689 389 3744 per
435 3672 776 3728 connubium
836 3672 1157 3727 Christiana
1210 3672 1395 3727 uxoris
1428 3673 1779 3728 Dambronw-

144 3765 269 3818 cha
308 3762 678 3816 Bohemorum
733 3761 894 3832 primi
950 3760 1108 3815 ducis
1158 3758 1284 3815 ﬁlia
1309 3775 1611 3814 conversus
1638 3768 1777 3828 erat,

146 3857 199 3910 in
238 3855 355 3910 fide
411 3871 535 3909 cum
595 3855 800 3925 pOpulo
857 3853 1199 3919 stabiliendi,
1258 3854 1625 3925 episcopatus.
1670 3854 1778 3909 eri-

140 3945 344 4020 gendi,
379 3959 557 4014 eaque
598 3942 836 3999 faciendi
886 3960 1008 4015 qua
1054 3942 1123 3996 ad
1173 3942 1342 4007 totius
1363 3942 1518 4016 regni
1549 3958 1783 3998 conver-

140 4042 370 4096 sionem
438 4039 743 4111 populique
798 4038 1215 4094 instructionem
1266 4037 1546 4108 pertinere
1577 4038 1778 4094 viden-

141 4142 252 4188 tur.

217 4230 381 4285 Idem
429 4228 500 4283 ad
550 4227 959 4283 convertendos
1004 4225 1320 4292 Wandalos,
1373 4226 1774 4289 Willibaldum,

139 4319 512 4377 Prochorium
573 4319 822 4390 aliosque
899 4317 1048 4371 viros
1122 4317 1472 4373 doctissimos
1539 4318 1769 4373 emisit:

143 4431 163 4459 ι
211 4406 324 4473 Qui
364 4413 420 4460 et
469 4405 800 4460 Meisconem
870 4405 1225 4460 monarcham
1278 4405 1463 4469 {verba
1513 4405 1772 4460 Stanislai

137 4498 427 4556 Orichovii
467 4498 615 4568 apud
667 4498 976 4553 Sanderum
1051 4496 1124 4551 De
1180 4497 1382 4552 visibili
1431 4498 1772 4565 monarcliia,

135 4607 301 4644 num.
334 4588 463 4653 695,
497 4586 698 4656 refero)
733 4594 789 4640 et
826 4602 1002 4657 genus
1049 4592 1296 4640 nostrum
1350 4586 1426 4640 illi
1459 4586 1767 4655 subjectum

133 4680 287 4736 sacri
336 4677 688 4748 baptismatis
738 4675 904 4731 undis
957 4676 1027 4729 ab
1083 4674 1341 4749 originali
1375 4675 1538 4746 culpa
1565 4676 1769 4731 ablue-

132 4777 289 4836 rent,
313 4776 368 4823 et
394 4786 458 4823 ex
484 4767 704 4823 civitate
736 4766 942 4821 diaboli
975 4766 1193 4821 ablutos
1244 4774 1297 4820 et
1350 4767 1645 4821 mundatos
1715 4769 1771 4822 in

130 4861 422 4917 civitatem
455 4859 549 4913 Dei
582 4858 962 4924 transferrent,
1022 4858 1078 4911 in
1131 4856 1440 4929 Christique
1475 4857 1771 4913 Ecclesiam

133 4954 446 5016 dicarant;
505 4952 653 5022 quod
706 4950 872 5005 etiam
935 4948 1136 5005 factum
1203 4958 1305 5005 est.
1344 4930 1473 5003 Nam
1537 4949 1617 5003 illi
1669 4950 1771 5005 viri

130 5039 480 5096 sanctissimi
527 5038 869 5093 Wandaliam
947 5038 1084 5106 (sive
1168 5046 1223 5092 tu
1271 5038 1427 5092 malis
1490 5038 1767 5093 Boloniam

131 5130 274 5201 dici)
343 5127 603 5201 ingressi:
678 5126 1055 5197 pradicabant
1121 5126 1286 5181 nobis
1357 5126 1653 5192 Christum,
1713 5132 1770 5181 et

128 5221 374 5297 gratiam
431 5219 574 5288 ejus,
614 5234 724 5291 quo
775 5234 876 5274 nos
926 5220 982 5272 in
1027 5219 1477 5273 communionem
1537 5233 1764 5273 suorum

127 5313 281 5368 Deus
339 5317 763 5377 convocaverat,
814 5310 1171 5365 celebrabant
1203 5311 1496 5365 :homines
1554 5317 1763 5364 turma-

127 5402 227 5455 tim
278 5400 350 5455 ad
405 5398 639 5454 ﬂumina
685 5398 1038 5454 conﬂuentes
1083 5398 1462 5470 baptizabant,
1522 5398 1669 5453 idola
1698 5414 1766 5452 ex

123 5492 422 5548 Wandalia
479 5486 948 5546 exterminabant.
1029 5511 1053 5542 »
1136 5491 1388 5546 Ottonem
1452 5491 1760 5559 juniorem,

126 5585 318 5658 magni
356 5583 512 5638 illius
540 5582 754 5637 Ottonis
798 5582 994 5647 ﬁlium,
1031 5583 1419 5654 imperatorem
1454 5582 1757 5638 coronavit.

131 5671 305 5727 Roma
336 5686 464 5726 cum
497 5670 833 5741 imperatore
892 5668 1128 5739 Capuam
1175 5669 1477 5742 profectus,
1504 5671 1761 5741 Capuen-

129 5777 247 5817 sem
272 5760 603 5824 Ecclesium,
651 5775 719 5815 eo
762 5760 911 5830 quod
951 5776 1012 5814 se
1038 5759 1209 5815 Roma
1261 5759 1502 5832 fugatum
1532 5760 1775 5816 honori--

1897 1933 2207 2004 Pandulphi
2239 1930 2507 2002 principis
2557 1927 2802 2000 Capuani
2845 1926 3084 1981 ﬁdeliter
3107 1923 3517 1989 custodivisset,

1895 2025 2408 2095 archiepiscopatus
2450 2022 2718 2095 dignitate
2776 2017 3128 2092 gratitudinis
3183 2031 3314 2087 ergo
3371 2015 3517 2070 insi-

1895 2120 2088 2195 gnivit.
2119 2119 2209 2172 His
2235 2118 2470 2189 peractis
2522 2115 2778 2188 contigit,
2830 2130 2953 2169 cum
2999 2112 3069 2167 ad
3098 2111 3296 2165 urbem
3323 2125 3515 2165 rever-

1896 2212 2071 2275 tisset,
2101 2209 2417 2280 primariam
2442 2206 2828 2261 Lateranensis
2885 2203 3133 2259 ecclesia
3165 2217 3512 2273 campanam,

1893 2303 2046 2358 mira
2077 2299 2499 2376 magnitudinis,
2534 2314 2729 2353 recens
2754 2297 2952 2361 fusam,
2996 2311 3164 2366 super
3201 2294 3515 2366 campanile

1894 2394 2119 2460 elevari,
2152 2409 2316 2464 quam
2343 2392 2583 2463 primum
2614 2390 2761 2444 idem
2817 2387 3070 2460 pontifex
3097 2386 3269 2441 sacris
3318 2386 3520 2443 ritibus

1892 2488 2002 2541 Deo
2060 2484 2425 2549 consecravit,
2477 2489 2645 2554 atque
2690 2481 2918 2536 nomine
2973 2478 3202 2535 Joannis
3254 2478 3516 2550 Baptista

1891 2581 2038 2636 haud
2058 2579 2250 2644 dubie,
2278 2578 2369 2634 cui
2411 2577 2534 2649 ipsa
2594 2575 2828 2632 ecclesia
2883 2573 3066 2629 dicata
3105 2579 3242 2639 erat,
3296 2586 3517 2629 nuncu-

1890 2673 2057 2745 pavit.
2128 2672 2444 2747 Agnoscunt
2501 2669 2640 2725 illud
2692 2675 2746 2723 et
2815 2667 3156 2740 redarguunt
3219 2671 3516 2721 novatores

1890 2767 2162 2832 haretici,
2191 2766 2346 2839 quasi
2376 2765 2471 2821 ille
2501 2765 2609 2820 hoc
2637 2779 2738 2819 suo
2766 2763 3019 2833 exemplo
3042 2767 3298 2833 posteros
3318 2775 3513 2815 omnes

1890 2856 2185 2931 pontifices
2227 2862 2283 2911 et
2335 2854 2630 2926 episcopos
2676 2852 2734 2906 in
2777 2849 2932 2905 illum
2963 2864 3206 2905 errorem
3262 2847 3515 2903 induxis-

1889 2962 1996 3019 set,
2028 2950 2389 3023 utcampanis
2440 2952 2841 3004 sacramentum
2887 2943 3238 3016 baptismatis
3296 2942 3513 3014 impen-

1888 3045 2132 3101 dendum
2183 3059 2307 3099 esse
2353 3041 2646 3097 crederent
2679 3046 2733 3093 et
2759 3036 3027 3093 docerent
3061 3053 3075 3089 :
3119 3035 3216 3090 sed
3245 3033 3514 3089 falluntur

1889 3138 2128 3211 imperiti
2182 3153 2305 3192 cum
2367 3150 2480 3189 non
2533 3141 2647 3189 tam
2693 3130 3043 3202 baptizentur
3094 3143 3257 3199 quam
3301 3127 3511 3198 pravia

1884 3226 2275 3284 benedictione
2299 3222 2582 3293 sacrisque
2628 3219 2846 3279 ritibus,
2882 3218 3023 3272 sicut
3049 3216 3215 3271 etiam
3246 3216 3356 3270 alia
3376 3231 3507 3270 vasa

1884 3333 2056 3382 sacra,
2106 3311 2277 3370 cultui
2328 3310 2517 3365 divino
2569 3306 2821 3362 dicentur
2854 3312 2909 3360 et
2952 3307 3394 3369 censecrentur;
3446 3301 3503 3357 in

1883 3431 1990 3487 qua
2019 3406 2434 3468 consecratione
2492 3403 2854 3472 imponuntur
2905 3398 2973 3453 iis
3024 3395 3447 3463 nomina,velut
3476 3412 3507 3451 a

1881 3486 2097 3559 caeteris
2154 3497 2438 3569 campanis
2505 3494 2863 3549 dicernantur
2903 3508 2918 3557 ;
2965 3488 3055 3547 vel
3106 3488 3321 3553 saltem,
3354 3486 3506 3560 quod

1881 3594 2058 3667 magis
2110 3590 2177 3645 ad
2229 3588 2490 3660 pietatem
2569 3581 2929 3647 conduceret,
2983 3579 3027 3633 si
3081 3593 3219 3634 voce
3272 3576 3508 3646 alicujus

1880 3688 2051 3745 sancti
2088 3682 2329 3757 p0pulus
2357 3681 2427 3736 ad
2450 3677 2738 3734 ecclesiam
2771 3672 3065 3731 convocari
3097 3672 3395 3728 diceretur.

1952 3778 2030 3834 Ad
2055 3776 2450 3846 TheOphanem
2477 3766 2772 3840 Nicephori
2821 3763 3191 3836 imperatoris}
3216 3762 3509 3819 Orientalis

1882 3869 2050 3924 ﬁliam
2119 3864 2300 3922 Ottoni
2372 3857 2690 3932 imperatori
2761 3855 2971 3924 juniori
3053 3853 3500 3924 desponsandam

1881 3957 2216 4033 legationem
2233 3951 2407 4018 misit,
2448 3965 2555 4022 qua
2588 3947 2808 4003 functus
2837 3951 2921 3999 est
2959 3942 3336 4014 Luitprandus
3361 3942 3497 3997 Cre-

1880 4049 2165 4108 monensis
2193 4046 2513 4119 episcOpus.
2561 4040 2668 4096 Sed
2726 4055 2850 4095 cum
2884 4035 3227 4106 Nicephorus
3257 4050 3496 4090 corona-

1879 4145 2032 4200 tione
2075 4141 2306 4196 duorum
2363 4136 2622 4192 Ottonum
2677 4131 2918 4208 graviter
2960 4127 3319 4185 exacerbatus
3367 4127 3500 4184 huic

1879 4231 2144 4304 legationi
2172 4227 2312 4284 nihil
2366 4224 2678 4291 detulisset,
2737 4220 2921 4276 Graca
2982 4227 3167 4273 tamen
3230 4215 3362 4283 ﬁde,
3392 4216 3496 4272 sub

1879 4324 2018 4379 falso
2049 4326 2321 4393 praetextu
2347 4316 2687 4388 nuptiarum,
2718 4311 3056 4387 legationem
3095 4309 3216 4381 ipse
3250 4307 3319 4363 ad
3350 4308 3499 4364 Otto-

1875 4429 2002 4467 nem
2047 4408 2281 4473 remisit,
2333 4405 2598 4461 nuntians
2651 4401 2730 4457 illi
2795 4409 2857 4456 ut
2902 4399 3129 4470 nuptias
3171 4405 3406 4470 pararet,
3437 4415 3497 4455 se

1874 4521 1999 4560 cum
2032 4502 2142 4556 ﬁlia
2162 4499 2319 4555 brevi
2369 4496 2707 4553 adfuturum.
2740 4491 2989 4565 Cumque
3038 4491 3144 4547 hac
3202 4490 3499 4546 occasione

1870 4588 2143 4645 exercitus
2174 4585 2388 4642 Ottonis
2454 4585 2509 4638 in
2560 4582 2770 4655 nuptiis
2820 4579 3084 4650 parandis
3128 4584 3496 4650 occuparetur

1873 4678 2174 4735 Orientales
2222 4692 2288 4730 ex
2336 4671 2637 4745 improviso
2691 4670 2923 4725 militem
2957 4669 3336 4740 'imperatoris
3395 4687 3496 4746 ag-

1873 4771 2070 4846 gressi,
2122 4766 2378 4823 eumdem
2456 4778 2657 4837 magna
2706 4767 2888 4835 strage
2956 4758 3235 4834 fugarunt.
3291 4759 3490 4815 Verum

1874 4844 2096 4933 quando
2119 4874 2185 4913 ea
2212 4854 2445 4911 victoria
2466 4851 2595 4907 elati
2621 4850 2868 4905 secundo
2900 4847 3157 4903 eumdem
3189 4844 3491 4900 exercitum

1875 4952 2329 5025 aggrederentur,
2387 4946 2681 5000 innumera
2736 4939 3033 4996 multitudo
3054 4938 3307 5013 hostium
3350 4951 3491 4991 casa

1873 5023 1988 5098 fuit.
2023 5039 2265 5114 Contigit
2318 5037 2423 5091 hac
2471 5033 2539 5088 de
2592 5047 2757 5086 causa
2802 5029 3172 5100 Nicephorum
3228 5023 3490 5092 interfici,

1870 5134 2034 5203 eique
2098 5129 2368 5184 Joannem
2426 5120 2721 5195 quemdam
2779 5123 3150 5192 cognomento
3193 5114 3487 5177 Zemisces,

1868 5221 1935 5275 ad
1966 5218 2260 5290 imperium
2291 5212 2517 5270 elevari.
2552 5209 2652 5276 Qui
2695 5206 2859 5279 paulo
2901 5213 3025 5278 post
3054 5221 3219 5277 quam
3249 5204 3495 5274 impera-

1868 5318 1952 5365 tor
1983 5308 2157 5363 factus
2189 5312 2355 5369 esset,
2387 5299 2557 5357 occisi
2588 5294 2937 5369 imperatoris
2990 5291 3286 5364 Nicephori
3319 5290 3486 5345 filiam

1867 5402 1935 5455 ad
1963 5399 2215 5454 Ottonem
2247 5392 2398 5447 misit
2431 5410 2445 5445 :
2482 5404 2649 5462 quam
2702 5387 2844 5458 ipse,
2891 5393 2952 5440 ut
2981 5384 3056 5439 ait
3094 5380 3491 5448 Witichindus,

1860 5487 2041 5541 statim
2082 5483 2195 5537 ﬁlio
2252 5479 2497 5545 tradidit,
2551 5474 2960 5545 celebratisque
3017 5469 3313 5547 magniﬁce
3372 5486 3484 5526 nu-

1864 5574 1991 5645 ptiis
2019 5586 2241 5627 omnem
2266 5567 2476 5623 Italiam
2505 5580 2675 5636 super
2720 5564 2827 5617 hoc
2858 5559 3210 5616 Germaniam
3242 5558 3489 5615 latiores

1863 5662 2125 5718 reddidit.
2161 5658 2421 5714 Eamdem
2462 5672 2495 5710 a
2526 5655 2736 5711 Joanne
2775 5666 2920 5722 papa
2946 5656 3266 5705 coronatam
3302 5648 3482 5721 impe-

1865 5758 2119 5813 ratricem
2144 5754 2312 5809 fuisse
2344 5756 2573 5808 testatur
2600 5747 2940 5821 Sigebertus.
