3924 6404
426 446 523 500 951

425 662 629 727 datam,
661 660 972 714 daamonem
993 657 1224 727 expulit.
1258 658 1315 711 ln
1329 656 1794 732 Magdeburgensi
1824 658 2041 713 civitate

427 768 620 808 recens
651 752 719 806 ab
741 751 934 805 Ottone
985 748 1210 804 condita
1250 749 1487 820 primum
1519 750 1847 821 episcOpum
1879 750 2043 805 Adel-

426 848 641 903 bertum
689 844 995 901 constituit.
1055 841 1295 914 Cumque
1322 845 1512 900 sedem
1556 845 1916 915 apostolicam
1944 860 2044 899 an-

428 953 529 993 nos
554 952 671 999 sex,
711 950 930 989 menses
970 932 1252 999 undecim,
1311 942 1367 989 et
1424 934 1546 989 dies
1570 933 1763 1009 viginti
1795 933 2043 1004 quinque

427 1032 714 1098 tenuisset,
772 1047 865 1085 VIII
889 1029 1019 1084 ldus
1062 1030 1412 1101 Septembris
1464 1029 1623 1086 obiit.
1676 1030 1938 1102 Sepultus
1960 1037 2045 1085 est

428 1126 483 1180 in
510 1124 738 1180 basilica
757 1124 941 1181 Sancti
963 1123 1130 1191 Petri,
1180 1130 1243 1179 ut
1271 1124 1463 1179 videre
1511 1134 1598 1180 est
1619 1124 1675 1180 in
1714 1123 1836 1192 ejus
1866 1124 2047 1195 epita-

428 1217 577 1289 phio.

430 1308 700 1377 Pontiﬁcis
719 1309 919 1363 summi
933 1308 1018 1361 hic
1036 1307 1367 1362 clauduntur
1383 1308 1625 1361 membra
1648 1307 1896 1373 Joannis,

1764 442 2035 497 JOANNlS
2072 443 2190 498 Xlll
2232 442 2438 497 ΡΑΡᾹΞ.

496 573 599 627 Per
623 579 875 627 catenam
906 570 1080 624 sancti
1112 569 1274 635 Petri,
1307 568 1578 639 arreptitii
1627 568 1769 625 collo
1804 569 2041 624 circum-
2069 578 2115 641 Α

3665 443 3770 499 952

2142 571 2246 637 Qui
2266 570 2506 641 prudens
2522 574 2735 639 pastor,
2761 571 3066 639 persolvens
3094 572 3275 627 debita
3306 574 3519 639 mortis,

2142 666 2307 720 lsthie
2335 669 2655 734 praemonuit
2674 667 2912 719 moriens
2929 679 3028 719 sua
3058 666 3300 721 membra
3331 667 3506 721 locari
3535 683 3551 731 ;

2144 761 2256 826 Quo
2284 762 2483 829 pietate
2518 761 2619 813 Dei
2640 759 2905 813 resolutus
2943 760 3173 815 nexibus
3202 764 3341 815 atris

2144 859 2367 925 Egregii
2387 857 2546 911 Pauli
2579 858 2785 910 meritis
2815 856 3137 910 conscendat
3160 858 3218 911 in
3245 858 3441 911 wthra.

2143 950 2292 1002 Inter
2320 946 2640 1015 apostolicos
2671 946 2924 999 calorum
2951 946 3159 1012 gaudia
3186 951 3375 1012 metut,

2147 1036 2411 1102 Gaudeat,
2442 1035 2667 1089 exsultet
2687 1037 2923 1089 sociatus
2945 1035 3166 1089 cratibus
3194 1037 3374 1090 almis.

2147 1126 2317 1178 Dicite
2344 1123 2500 1177 corde
2522 1125 2619 1192 pio
2647 1124 2931 1189 relegentes
2966 1124 3214 1177 carmina
3242 1126 3445 1190 cuncti,

2153 1216 2363 1270 Christe
2390 1216 2475 1269 tui
2498 1214 2699 1281 famuli
2716 1216 2995 1281 misertus,
3034 1215 3233 1270 scelera
3254 1230 3457 1284 purga,

2154 1305 2429 1372 Sanguine
2448 1306 2545 1373 qui
2573 1307 2758 1358 sancto
2785 1304 3065 1358 redemisti
3088 1305 3313 1357 crimine
3342 1303 3630 1358 mundum.

1068 1616 1934 1755 JOANNIS
2066 1612 2468 1751 XIII
2610 1614 3137 1750 PAPfE

1369 1859 1972 1951 EPISTOLZE
2035 1859 2191 1946 ET
2253 1858 2832 1947 DECRETA.

1223 2230 1266 2285 Ι.

627 2341 863 2382 ,ιοΑΝΝιεε
904 2341 1001 2377 Χιιι
1042 2336 1423 2377 CANONICORUM
1466 2334 1873 2375 BONONIENSIUM

879 2409 1249 2449 [MMUNITATEM
1294 2407 1618 2446 CONFlRMA'l‘.

1073 2486 1246 2555 (Anno
1273 2483 1423 2548 967.)

834 2585 1047 2657 [Maus],
1074 2586 1272 2640 Concil.
1306 2584 1489 2649 xvm,
1520 2580 1666 2653 509.]

503 2715 745 2769 Joannes
758 2714 1283 2785 episc0pus,servus
1306 2726 1589 2767 servorum
1619 2711 1736 2765 Dei.

507 2807 636 2861 Cum
667 2820 771 2877 ego
802 2806 1063 2871 Joannes,
1113 2810 1316 2858 sanctae
1347 2809 1402 2857 et
1444 2802 1759 2873 apostolicae
1792 2802 2051 2857 Romane

439 2893 693 2949 Ecclesia:
730 2893 925 2947 tertius
955 2891 1204 2947 decimus
1220 2908 1383 2962 papa,
1406 2891 1711 2946 residerem
1745 2891 1802 2945 in
1837 2892 2051 2945 Raven-

437 2989 561 3035 nate
603 2981 823 3036 civitate
876 2996 985 3035 una
1043 2996 1167 3035 cum
1212 2980 1353 3034 meis
1398 2986 1452 3034 et
1517 2980 1721 3035 ltalicis
1748 2980 2049 3050 episcopis,

433 3072 731 3129 adfuerunt
770 3071 1077 3142 praesentiae
1118 3077 1317 3126 nostrze
1358 3070 1604 3143 religiosi
1649 3070 1955 3143 presbyteri
1995 3080 2053 3125 et

434 3164 655 3220 diaconi
708 3170 913 3218 sanctae
946 3160 1315 3217 Bononiensis
1372 3160 1650 3226 Ecclesiae,
1683 3177 1746 3216 ac
1774 3176 1871 3231 pro
1921 3161 2049 3215 uni-

434 3272 591 3312 verso
622 3256 770 3311 clero
789 3254 1070 3310 canonica:
1103 3252 1553 3328 congregationis
1574 3253 1742 3307 humo
1767 3252 2043 3322 prostrati,

439 3355 655 3404 nostros
693 3346 1007 3403 osculantes
1036 3346 1229 3417 pedes,
1248 3345 1574 3401 obtulerunt
1615 3343 1907 3414 epistolam
1941 3344 2055 3399 tui-

439 3440 605 3496 tionis
626 3447 830 3494 sanctae
852 3438 1257 3493 recordationis
1288 3436 1501 3493 domini
1553 3435 1751 3491 Leonis
1805 3437 1845 3489 V
1875 3452 2052 3507 papae,

2083 2232 2133 2299 Β
2158 2226 2419 2298 paticum,
2451 2235 2546 2281 aut
2576 2226 2875 2294 teloneum,
2907 2226 3022 2281 sive
3052 2227 3366 2293 ostaticum,
3405 2242 3592 2299 neque
3626 2244 3783 2298 para-

2156 2327 2289 2385 tam,
2321 2318 2408 2373 vel
2438 2325 2865 2381 sacramentum,
2892 2318 3042 2389 quod
3066 2316 3176 2372 dici
3207 2316 3364 2371 nefas
3423 2324 3526 2384 est,
3552 2317 3780 2373 faciant.

2156 2407 2262 2462 Sed
2290 2408 2410 2462 sine
2436 2407 2750 2479 aliquorum
2801 2406 3108 2473 hominum,
3167 2407 3423 2477 publicas
3444 2408 3549 2462 sibi
3579 2424 3783 2483 geren-

2158 2499 2293 2555 tium
2324 2500 2595 2566 actiones,
2652 2498 3069 2570 perturbatione
3122 2506 3289 2572 atque
3347 2500 3612 2555 molestia
3645 2516 3779 2571 per-

2156 2593 2351 2647 sistere
2382 2592 2584 2659 securi,
2617 2592 2903 2663 quietique
2939 2592 3143 2647 nullam
3185 2592 3529 2647 sustinentes
3556 2593 3782 2647 violen-

2154 2687 2283 2740 tiam
2341 2685 2398 2739 in
2441 2685 2555 2739 suis
2622 2684 2993 2750 facultatibus,
3051 2685 3135 2739 vel
3167 2684 3424 2739 omnibus
3456 2684 3636 2739 rebus
3673 2692 3777 2739 tam

2155 2774 2454 2830 mobilibus
2485 2789 2649 2845 quam
2680 2772 3075 2837 immobilibus,
3107 2779 3212 2827 tam
3256 2773 3324 2827 de
3362 2772 3480 2826 suis
3536 2774 3781 2843 propriis

2153 2882 2317 2938 quam
2349 2865 2515 2921 etiam
2567 2866 2636 2919 de
2668 2865 3079 2929 ecclesiasticis,
3126 2864 3249 2919 sed‘
3284 2864 3338 2917 in
3399 2863 3492 2917 Dei
3550 2865 3781 2920 servitio

2154 2962 2208 3011 et
2234 2955 2490 3009 laudibus
2528 2954 2701 3025 quieti
2756 2962 2809 3008 et
2839 2951 3055 3024 paciﬁci
3088 2959 3465 3024 perseverent,
3496 2962 3782 3025 quatenus

2154 3065 2251 3120 pro
2282 3048 2441 3104 nobis
2473 3055 2528 3103 et
2557 3054 2757 3103 cuncto
2790 3048 2994 3118 populo
3017 3047 3325 3103 Christiano
3374 3051 3553 3103 securi
3592 3049 3781 3104 Domi-

2154 3155 2282 3193 num
2316 3137 2565 3209 quotidie
2597 3146 2848 3192 exorent.

2224 3231 2415 3283 Datum
2445 3244 2574 3282 xvm
2601 3228 2713 3282 Kal.
2751 3226 2892 3292 Maii,
2948 3226 3301 3297 pontiﬁcatus
3330 3227 3507 3282 nostri
3539 3243 3694 3283 anno
3725 3228 3777 3292 2,

2154 3316 2367 3373 Ottonis
2416 3316 2764 3386 imperatoris
2815 3331 2905 3370 an.
2949 3315 2983 3368 6
3035 3314 3340 3370 indictione
3370 3316 3773 3388 suprascripta.

2935 3422 3011 3477 ll.

437 3537 497 3584 ut
524 3528 730 3583 nullam
764 3527 1120 3582 donationem
1153 3526 1237 3581 vel
1271 3526 1549 3581 redditum
1586 3525 1868 3597 publicum
1908 3525 2058 3581 face-
2084 3544 2133 3612 C
2156 3531 2391 3572 JOANNES
2435 3530 2610 3612 ΡΑΡΒΑ
2627 3529 2725 3567 Vl"
2763 3530 2949 3612 Βοιμῄ
2980 3529 3081 3568 ι’κο
3136 3530 3512 3612 ιΝετιτιἮῼΝε
3562 3535 3786 3573 Ancum-

439 3624 578 3673 rent.
620 3618 775 3673 Unde
825 3616 1141 3688 compuncti
1194 3617 1380 3671 divina
1438 3616 1817 3672 misericordia
1846 3617 1914 3671 ad
1957 3632 2057 3673 eo-

437 3724 555 3762 rum
581 3706 903 3777 petitionem
962 3706 1433 3761 commodavimus
1470 3721 1692 3760 sensum
1729 3724 1743 3769 ;
1776 3713 1832 3760 et
1869 3706 1998 3762 ideo
2025 3723 2057 3761 a

439 3801 699 3874 praesenti
737 3800 951 3855 decima
978 3800 1283 3857 indictione
1323 3800 1583 3857 omnibus
1622 3800 1878 3864 ducibus,
1912 3817 2061 3855 mar-

438 3893 757 3959 chionibus,
838 3892 1134 3948 comitibus
1212 3892 1632 3964 judicibusque,
1690 3898 1745 3947 et
1801 3892 2061 3948 universo

440 3986 643 4059 p0pulo
685 4000 717 4037 a
769 3997 969 4057 magno
1020 3998 1197 4053 usque
1248 3982 1317 4037 ad
1373 3998 1603 4053 parvum
1628 3982 1681 4037 in
1720 3983 2059 4038 Bononiensi

438 4073 646 4146 Oppido
699 4070 1195 4139 commorantibus,
1262 4071 1483 4125 dilectis
1537 4069 1801 4125 fidelibus
1858 4072 2063 4127 nostris

441 4171 633 4219 notum
655 4180 776 4219 esse
801 4162 1080 4229 volumus,
1096 4169 1155 4216 ut
1172 4176 1368 4217 omnes
1399 4161 1772 4218 Bononiensis
1801 4162 2063 4218 Ecclesiae

442 4255 562 4323 filii,
588 4255 640 4310 id
671 4264 754 4310 est
789 4254 1128 4320 sacerdotes,
1160 4259 1215 4307 et
1243 4253 1444 4319 levitas,
1479 4269 1580 4308 seu
1619 4260 1851 4309 cunctus
1881 4253 2064 4309 clerus

442 4349 790 4422 ingesserunt
835 4356 1023 4404 nostro
1080 4347 1433 4417 apostolatui,
1491 4348 1599 4403 vim
1638 4363 1702 4402 ac
1740 4347 2061 4403 violentiam

444 4440 658 4512 perpeti
722 4439 775 4493 in
833 4439 947 4493 suis
1005 4437 1378 4505 facultatibus,
1439 4444 1492 4493 et
1519 4438 1708 4504 rebus,
1756 4444 1810 4492 et
1842 4454 2065 4509 posses-

443 4532 716 4597 sionibus,
748 4538 802 4585 et
831 4530 1053 4602 publica
1112 4530 1181 4584 ab
1236 4530 1346 4585 illis
1387 4530 1533 4603 exigi
1587 4529 1831 4597 servitia,
1865 4537 1973 4585 tam
2007 4531 2061 4585 in

443 4626 831 4681 ecclesiasticis
857 4641 1021 4697 quam
1054 4624 1107 4679 in
1129 4624 1245 4679 suis
1270 4624 1576 4680 mobilibus
1598 4630 1652 4679 et
1679 4624 2063 4679 immobilibus

444 4717 818 4785 substantiis;
864 4718 1015 4790 quod
1068 4726 1259 4773 contra
1303 4718 1550 4773 omnium
1610 4723 1811 4773 statuta
1841 4724 2061 4772 sancto-

447 4820 564 4858 rum
596 4803 813 4858 Patrum
858 4796 919 4859 δι
972 4805 1296 4859 canonicam
1351 4805 1731 4860 auctoritatem
1794 4819 1919 4859 esse
1940 4820 2066 4859 cer-

2496 3600 2815 3640 PISCOPATUS
2846 3600 3318 3641 nacusnuaosnsns
3350 3588 3444 3658 (1).

2790 3680 2966 3741 (tnno
2994 3673 3145 3743 967.)

2331 3766 2503 3838 [Apud
2524 3766 2714 3831 MANSI,
2748 3767 2947 3822 Concil.
2982 3771 3115 3820 tom.
3158 3765 3295 3832 Vlll,
3322 3765 3427 3821 col.
3456 3766 3613 3838 509.]

2234 3878 2472 3933 Joannes
2502 3878 2814 3948 episcOpus,
2846 3891 3036 3931 servus
3090 3891 3375 3931 servorum
3404 3877 3522 3943 Dei,
3562 3879 3783 3950 episco~

2165 3984 2267 4038 pus
2292 3966 2447 4021 urbis
2504 3966 2709 4031 Romm,
2751 3964 3208 4035 archiepiscopis,
3241 3964 3529 4035 episcopis
3565 3975 3625 4022 et
3655 3983 3787 4022 cun-

2163 4060 2266 4113 ctis
2293 4057 2618 4113 timentibus
2672 4058 2865 4120 Deum,
2911 4056 3177 4128 omnique
3231 4056 3398 4111 coetui
3443 4056 3785 4114 Christiano-

2165 4168 2307 4206 rum.

2237 4243 2434 4297 Notum
2490 4258 2613 4297 esse
2645 4241 2900 4297 volumus
2954 4240 3212 4312 qualiter,
3245 4240 3555 4310 inspirante
3594 4249 3781 4296 sancto

2166 4335 2732 4406 Spiritu,meritisque
2758 4335 3136 4404 apostolorum
3197 4333 3466 4404 principis
3508 4333 3683 4398 Petri,
3734 4341 3785 4388 et

2165 4426 2310 4481 vasis
2338 4424 2626 4480 electionis
2654 4423 2986 4479 sanctissimi
3026 4422 3197 4487 Pauli,
3240 4438 3305 4477 ac
3334 4421 3508 4476 millia
3556 4422 3783 4477 millium

2166 4525 2462 4589 martyrum
2502 4516 2723 4580 Christi,
2784 4517 2954 4571 Roma
3005 4522 3173 4585 caput
3217 4514 3388 4569 totius
3451 4515 3673 4578 mundi,
3734 4520 3784 4567 et

2168 4608 2409 4663 Ecclesia
2438 4607 2766 4663 universalis
2810 4607 2878 4660 ab
2934 4606 3140 4677 iniquis
3171 4620 3315 4676 pone
3342 4605 3722 4675 pessumdata,
3754 4620 3781 4656 a

2166 4704 2397 4759 Domino
2459 4704 2653 4759 Ottone
2707 4704 2950 4775 Augusto
2990 4701 3340 4771 imperatore.
3375 4715 3405 4753 a
3473 4698 3587 4753 Deo
3618 4713 3775 4753 coro-

2168 4803 2295 4847 nato
2316 4793 2547 4858 Caesare,
2580 4799 2635 4846 et
2687 4806 2887 4866 magno
2915 4798 2969 4844 et
3008 4797 3090 4844 ter
3130 4788 3448 4854 benedicto,
3482 4804 3633 4843 anno
3655 4800 3782 4857 apo-

446 4902 691 4950 neretur.
744 4895 919 4959 Quare
959 4895 1174 4951 illorum
1234 4896 1640 4951 calamitatibus
1670 4896 2057 4960 condolentes,
2096 4886 2396 4981 Dstolattls
2449 4884 2618 4940 nostri
2655 4881 2944 4981 secundo,
3028 4881 3332 4981 ipsiusque.
3395 4878 3774 4981 prtenominati

447 4999 546 5055 per
601 4984 698 5037 has
762 4991 975 5039 nostras
1016 4983 1226 5038 litteras
1283 4984 1514 5038 omnino
1574 4982 1958 5037 interdicimus
2012 4971 2340 5035 etvnostri
2396 4975 2700 5049 spiritualis
2757 4973 2855 5028 filii
2912 4972 3243 5029 sanctissimi
3318 4971 3535 5042 imperii
3611 4977 3775 5033 sexto,

447 5071 826 5141 prohibemus,
870 5087 1060 5127 eorum
1094 5070 1231 5125 nihil
1272 5071 1341 5125 ab
1395 5071 1478 5125 eis
1525 5069 1611 5125 vel
1650 5069 2065 5124 successoribus

446 5162 664 5217 illorum
696 5162 841 5237 exigi
881 5163 949 5217 ab
1003 5163 1191 5235 aliqua
1229 5179 1427 5237 magna
1484 5177 1760 5233 parvaque
1802 5175 2060 5231 persona,

448 5270 571 5326 qua:
600 5253 709 5309 illis
727 5254 850 5323 jure
881 5260 936 5309 et
959 5254 1212 5329 legalitcr
1237 5261 1578 5325 compertum
1616 5253 1957 5325 [competunt
1990 5251 2059 5322 η.

449 5343 1076 5416 Insuperintcrdicimus
1123 5353 1183 5402 ut
1219 5362 1323 5401 nec
1371 5345 1723 5416 portaticum,
1765 5358 1948 5415 neque
1990 5343 2066 5398 ri-

523 5527 591 5595 (1)
641 5528 1157 5608 Arcbiepiscopatus
1205 5531 1695 5608 Magdeburgensis
1737 5532 2059 5608 instituendi

449 5610 591 5677 opus
617 5598 943 5677 subJoanne
964 5598 1701 5677 Xllcmptum'sedAnovndum
1721 5604 2057 5670 absolutum,

452 5666 672 5746 tandem
707 5667 761 5721 in
793 5670 998 5740 duplici
1025 5666 1449 5746 :Bav'ennatensi
1504 5674 1741 5746 concilio
1773 5666 2058 5746 peractum

386 5776 393 5787 .
448 5734 598 5817 fgi_t_._
630 5737 826 5817 Horum
876 5734 1241 5817 conciliorum
1298 5745 1453 5817 aliud
1478 5745 1644 5817 Aprili
1703 5734 1896 5817 ménse
1927 5745 2057 5817 anni

447 5806 553 5886 967
586 5807 851 5886 habitum_
884 5817 988 5874 est,
1045 5813 1343 5886 eidemque
1393 5806 1569 5869 adfuit
1613 5831 1735 5886 cum
1790 5816 1985 5870 Ottone
2039 5814 2055 5868 l

449 5879 782 5953 imperatore
825 5879 1066 5936 Joannes
1123 5879 1394 5955 pontifex,
1444 5902 1476 5940 a
1529 5901 1639 5956 quo
1676 5885 1804 5940 data
1843 5893 1928 5940 est
1955 5900 2056 5957 pro

2168 5080 2350 5125 erecta
2378 5078 2481 5136 est,
2514 5076 2569 5122 et
2600 5068 2656 5121 in
2688 5065 2981 5137 pristinum
3035 5066 3304 5119 honorem
3336 5063 3491 5117 omni
3525 5077 3776 5117 reveren-

2168 5160 2243 5215 tia
2294 5158 2535 5213 rodacta.
2598 5156 2722 5226 Ipso
2772 5169 3011 5225 namque
3094 5167 3240 5207 anno
3293 5167 3404 5206 una
3471 5151 3771 5211 nobiscum,

2166 5252 2384 5307 favente
2414 5257 2469 5304 et
2492 5247 2878 5303 consentiente
2937 5242 3295 5298 invictissimo
3355 5242 3621 5312 praedicto
3677 5240 3775 5293 im-

2169 5349 2442 5411 peratore,
2498 5345 2615 5394 acta
2672 5345 2758 5390 est
2810 5349 3008 5407 magna
3081 5332 3327 5402 synodus
3388 5331 3660 5385 Ravenna:
3706 5343 3770 5381 xu

2163 5546 2228 5584 ea
2284 5529 2566 5584 erectione
2624 5526 2772 5602 bulla
2828 5523 3195 5602 subsequens.
3286 5519 3593 5602 Conciliare
3649 5530 3769 5602 vero

2163 5602 2468 5665 decretum,
2530 5598 2679 5670 quod
2726 5595 2912 5670 potius
2970 5587 3767 5670 dicendumesset_stipulatio

2162 5661 2565 5727 conventionis
2602 5661 2746 5723 inter
2789 5666 3109 5736 episcopum
3141 5661 3679 5736 llalberstadensem
3722 5665 3769 5736 et

2161 5759 2257 5797 eos
2288 5758 2525 5813 quorum
2582 5732 2848 5813 intererat
2894 5743 2953 5813 u_t
2985 5732 3511 5813 archiepiscopatus
3549 5732 3640 5785 ille
3658 5732 3759 5806 ,θήρ

2156 5804 2403 5940 ﬁgeretur,
2454 5811 2522 5865 ad
2575 5808 2870 5866 concilium
2911 5807 3327 5860 Ravennatense
3380 5804 3608 5858 alterum
3638 5804 3755 5855 anni

2227 5884 2261 5940 8
2290 5882 2556 5940 pertinet.

2227 5884 2261 5940 8
2289 5882 2556 5953 pertinet.
