3924 6398
199 422 307 477 953

1467 422 1803 477 EPISTOLAE
1842 425 1918 478 ΕΤ
1959 424 2250 478 DECRETA
2263 466 2274 478 .

3437 433 3539 488 954

204 549 316 603 Kal.
347 548 496 615 Maii,
549 549 1016 604 convenientibus
1045 548 1477 620 archiepiscOpis
1525 557 1580 604 et
1617 551 1827 621 episco-
1852 559 1981 626 Aet
2031 553 2306 608 scriniarii
2355 562 2558 610 sancta
2617 556 2878 611 Romanae
2934 558 3189 614 Ecclesia
3249 561 3304 614 in
3353 577 3539 616 mense

201 641 287 710 pis
314 641 752 712 circumquaque
775 657 839 695 ex
867 642 1017 696 omni
1057 642 1230 707 Italia,
1261 642 1631 696 residentibus
1659 642 1821 696 nobis

200 730 256 782 in
313 730 550 784 ecclesia
609 729 756 784 beati
786 730 973 784 Severi
1026 730 1363 785 confessoris
1395 729 1612 795 Christi,
1646 739 1700 784 et
1744 731 1819 784 ibi

201 821 422 874 statutis
493 821 752 875 omnibus
813 822 978 876 rebus
1039 823 1452 886 ecclesiasticis,
1513 824 1818 878 secundum

199 917 401 963 statuta
434 926 730 968 canonum.
781 918 835 964 et
880 911 1101 965 decreta
1143 919 1555 965 antecessorum
1609 919 1821 967 nostro-

203 1017 362 1067 rum,
429 1001 577 1055 idem
637 1003 1018 1057 sanctissimus
1083 1003 1384 1073 imperator
1433 1003 1820 1059 ardentissimo

200 1093 369 1162 coepit
409 1109 595 1148 amore
627 1094 970 1165 perquirere,
994 1095 1275 1164 quomodo
1303 1103 1490 1149 nostra
1519 1095 1821 1165 apostolica

199 1181 526 1234 auctoritate
594 1198 625 1234 a
674 1181 976 1251 primordio
1027 1197 1231 1236 nomen
1287 1182 1708 1237 Christianitatis
1765 1184 1819 1237 in

199 1269 627 1339 aquilonaribus
677 1269 923 1340 partibus
977 1269 1316 1324 dilateretur.
1368 1271 1476 1325 Nos
1514 1287 1646 1326 vero
1703 1272 1824 1340 ejus

200 1357 448 1412 animum
501 1359 557 1412 in
611 1358 704 1412 Dei
755 1359 980 1414 servitio
1012 1359 1083 1412 ita
1128 1359 1364 1413 miriﬁce
1403 1359 1687 1414 detentum
1719 1361 1821 1413 mi-

200 1459 411 1518 rantes,
465 1452 763 1507 connivere
793 1452 843 1505 ei
878 1453 1106 1523 dignum
1156 1453 1434 1518 duximus,
1492 1460 1820 1518 statuentes,

199 1549 461 1610 presente
491 1550 546 1594 et
575 1541 954 1596 consentiente
981 1547 1168 1596 sancta
1206 1542 1438 1611 synodo,
1482 1548 1535 1594 et
1568 1543 1688 1612 ipso
1719 1543 1820 1595 im-

197 1637 481 1697 peratore,
514 1635 574 1682 ut
614 1629 950 1702 Magdeburg
979 1629 1083 1683 sita
1123 1629 1277 1697 juxta
1306 1630 1518 1684 Albiam
1569 1629 1820 1697 ﬂuvium,

195 1719 293 1772 ubi
343 1719 464 1788 ipse
494 1735 525 1772 a
552 1720 663 1774 Deo
694 1720 1024 1774 benedictus
1081 1721 1382 1790 imperator
1407 1736 1608 1791 corpus
1648 1723 1822 1776 sancti

201 1807 440 1861 Mauritii
497 1823 620 1862 cum
673 1809 861 1865 multis
915 1809 1249 1880 martyribus
1302 1810 1711 1877 collocaverat,
1769 1820 1824 1866 et

199 1901 357 1956 mira
390 1900 789 1974 magnitudinis
814 1903 1105 1957 ecclesiam
1138 1913 1540 1972 construxerat,
1558 1905 1825 1975 deinceps

198 1995 527 2063 metr0polis
561 1994 632 2048 sit
662 2002 716 2049 et
747 1994 1064 2049 nominetur
1107 1997 1428 2051 auctoritate
1479 1997 1627 2050 beati
1681 1999 1820 2052 Petri

196 2083 575 2154 apostolorum
631 2082 918 2153 principis,
982 2092 1037 2139 et
1093 2101 1159 2139 ea
1219 2101 1331 2156 qua
1387 2085 1821 2154 pradecessores

197 2172 374 2226 nostri
437 2171 994 2241 ConstantinOpolim,
1071 2181 1398 2229 statuerunt.
1486 2175 1613 2229 Ideo
1690 2177 1819 2246 quia

193 2261 341 2317 ﬁlius
388 2269 598 2330 noster,
654 2279 802 2332 sape
843 2265 955 2331 jam
1008 2265 1325 2320 nominatus
1372 2266 1516 2333 Otto,
1569 2267 1816 2321 omnium

191 2357 563 2429 Augustorum
615 2355 1065 2429 augustissimus,
1124 2357 1319 2411 tertius
1383 2365 1504 2428 post
1562 2358 1820 2414 Constan-

192 2448 395 2514 tinum,
459 2447 697 2502 maxime
764 2449 1062 2504 Romanam
1155 2450 1450 2505 Ecclesiam
1517 2452 1816 2518 exaltavit,

189 2539 575 2593 concessimus
608 2546 666 2593 ut
703 2555 812 2593 non
871 2540 1150 2608 posterior
1197 2542 1268 2594 sit
1312 2541 1526 2595 caeteris
1583 2542 1814 2596 urbibus

188 2630 652 2700 metropolitanis,
688 2631 786 2685 sed
813 2647 938 2685 cum
994 2632 1189 2702 primis
1231 2632 1426 2702 prima,
1461 2641 1514 2686 et
1563 2648 1684 2686 cum
1723 2650 1816 2686 an-

185 2720 358 2790 tiquis
411 2722 638 2791 antiqua
669 2723 991 2776 inconvulsa
1038 2731 1376 2792 permaneat.
1427 2722 1814 2797 Suﬁ'raganeos

185 2826 316 2865 vero
349 2811 530 2865 eidem
563 2813 852 2883 metropoli
883 2830 1079 2870 omnes
1109 2815 1445 2870 unanimiter
1478 2815 1814 2884 praordina-

190 2898 393 2961 vimus,
427 2899 1016 2974 Brandenburgensem
1047 2903 1392 2973 episcopum,
1434 2913 1487 2957 et
1522 2903 1811 2957 llavelber-

189 3006 447 3062 gensem,
478 2990 548 3044 iis
587 2993 800 3046 cunctis
847 2993 1271 3065 quibuscunque
1319 2995 1618 3064 imperator
1643 2996 1816 3050 voluit

187 3085 241 3139 in
296 3087 434 3139 urbe
520 3086 856 3160 Magdeburg
919 3089 1374 3159 archiepiscopus
1437 3100 1809 3144 consecretur.

188 3181 385 3236 Postea
419 3198 548 3237 vero
579 3183 722 3237 idem
756 3185 1208 3256 archiepiscopus
1233 3193 1288 3238 et
1322 3201 1671 3239 successores
1700 3185 1818 3253 ejus

189 3276 436 3332 habeant
468 3285 796 3347 potestatem
832 3296 929 3348 per
957 3296 1203 3350 congrua
1235 3280 1377 3346 loca,
1421 3281 1511 3334 ubi
1571 3297 1669 3350 per
1700 3279 1818 3334 illo-

188 3384 307 3423 rum
363 3368 816 3436 praedicationem
872 3367 1252 3422 Christianitas
1297 3369 1551 3436 creverit,
1606 3369 1820 3437 cpisco-

186 3476 285 3530 pos
332 3458 594 3513 ordinare
651 3460 999 3524 nominatim,
1063 3476 1211 3514 nunc
1277 3468 1332 3514 et
1390 3462 1817 3530 praesentialiter

185 3554 510 3624 Merseburg
538 3553 672 3619 Cici,
706 3560 760 3607 et
809 3554 990 3620 Misni,
1041 3571 1072 3607 a
1101 3554 1359 3624 prasenti
1415 3555 1629 3609 decima
1657 3554 1799 3608 indi-

187 3648 336 3701 tione
415 3646 807 3716 perpetualiter
871 3645 1259 3702 conﬁrmamus
1344 3647 1779 3716 permanendum

186 3736 450 3790 Statuens
518 3736 823 3805 apostolica
879 3751 1134 3801 censura,
1201 3737 1304 3790 sub
1365 3736 1536 3790 divini
1616 3736 1808 3806 judicii

186 3823 580 3889 obtestatione,
614 3831 668 3876 et
726 3823 1086 3877 anathematis
1127 3822 1630 3889 interdictionibus,
1679 3823 1809 3877 nulli

189 3915 358 3969 licere
420 3923 733 3970 nostrorum
802 3930 1179 3970 successorum
1242 3924 1408 3987 atque
1467 3915 1810 3986 pontificum,

190 4005 273 4058 vel
327 4005 424 4060 alii
480 4005 712 4059 cuilibet
767 4020 1036 4075 persona,
1099 4006 1216 4058 hac
1273 4021 1396 4075 qua
1435 4023 1466 4058 a
1520 4005 1682 4060 nobis
1727 4006 1815 4076 pia

187 4096 501 4150 intentione
538 4102 746 4149 statuta
795 4100 922 4148 sunt
961 4094 1014 4147 in
1056 4110 1420 4165 quoscunque
1475 4096 1812 4161 convellere,

186 4189 283 4243 sed
347 4187 533 4258 potius
614 4187 768 4241 ﬁrma
838 4187 1137 4242 stabilitate
1203 4187 1525 4242 inconvulsa
1590 4205 1814 4243 manere

188 4277 508 4332 definimus.
570 4277 625 4330 Si
688 4277 813 4348 quis
869 4285 1074 4343 autem,
1144 4277 1291 4347 quod
1366 4294 1476 4333 non
1535 4279 1815 4333 credimus

190 4367 490 4421 temerario
539 4382 673 4420 ausu
733 4374 923 4421 contra
982 4367 1088 4421 hoc
1139 4375 1384 4421 nostrum
1449 4368 1813 4438 apostolicum

188 4473 354 4530 agere
387 4456 798 4525 prasumpserit
828 4456 1132 4522 decretum,
1165 4457 1301 4511 sciat
1345 4474 1406 4512 se
1450 4460 1814 4514 anathematis
1836 4491 1891 4558 Β

190 4550 428 4604 vinculis
451 4549 797 4615 innodatum,
831 4557 884 4604 et
910 4567 941 4603 a
972 4566 1142 4625 regno
1184 4552 1277 4605 Dei
1308 4552 1570 4615 alienum,
1602 4560 1657 4606 et
1689 4569 1813 4607 cum

196 4639 382 4710 impiis
410 4645 621 4692 aterno
649 4638 924 4709 supplicio
961 4639 1303 4709 deputatum.
1341 4641 1401 4694 Et
1428 4657 1558 4695 vero
1599 4642 1692 4712 qui
1725 4641 1816 4710 pio

191 4746 380 4786 amore
412 4729 735 4784 observator
789 4731 951 4799 hujus
993 4732 1160 4785 nostri
1196 4733 1468 4806 privilegii
1525 4734 1812 4796 exstiterit,

193 4819 648 4874 benedictionem
705 4836 736 4873 a
803 4821 1319 4876 misericordissimo
1397 4823 1626 4877 Domino
1706 4823 1816 4876 Deo

193 4919 383 4967 nostro
414 4912 682 4982 consequi
717 4920 1013 4979 mereatur,
1045 4919 1100 4966 et
1129 4913 1252 4968 vita
1294 4921 1513 4968 aterna
1545 4915 1816 4984 particeps

191 5007 356 5070 atque
386 5017 513 5055 cum
545 4999 749 5055 sanctis
778 5001 1040 5055 omnibus
1067 5004 1188 5056 sine
1219 5003 1326 5056 ﬁne
1357 5006 1591 5059 latetur.

263 5089 544 5160 Scriptum
579 5106 679 5159 per
710 5106 930 5145 manum
960 5091 1221 5162 Stephani
1266 5094 1486 5161 notarii,
1520 5095 1816 5168 regionarii

271 5281 342 5348 t2)
385 5279 462 5334 De
488 5280 592 5334 hac
620 5281 832 5351 synodo
864 5282 923 5334 fit
955 5281 1160 5336 mentio
1201 5281 1346 5351 apud
1376 5281 1816 5336 continuatorem

200 5351 508 5423 Reginonis
556 5351 640 5405 his
682 5352 907 5405 verbis:
956 5373 976 5401 ι(
1021 5353 1176 5406 Anno
1243 5352 1539 5407 Dominica
1605 5353 1812 5408 incarn.

196 5423 324 5487 967,
373 5423 496 5476 Otto
529 5423 833 5492 imperator
860 5424 1096 5477 natalem
1142 5423 1359 5477 Domini
1390 5423 1721 5478 celebravit:
1765 5430 1820 5478 et

197 5500 430 5567 excepto
460 5493 720 5567 praefecto
751 5494 926 5560 Urbis,
980 5494 1074 5565 qui
1099 5493 1420 5567 aufugerat,
1456 5495 1717 5567 tredecim
1755 5511 1820 5549 ex

199 5565 504 5636 majoribus
560 5564 955 5631 Romanorum,
1002 5564 1112 5636 ’qui
1168 5564 1423 5619 auctores
1480 5565 1819 5636 expulsionis

196 5635 408 5689 domini
457 5635 688 5690 Joannis
753 5651 908 5704 papa
953 5635 1188 5698 fuerant,
1238 5635 1561 5706 suspendio
1593 5636 1818 5691 interire

191 5705 373 5778 jussit.
400 5707 546 5778 lnde
577 5707 940 5778 progrediens
994 5723 1093 5777 per
1140 5705 1443 5777 Spoletum,
1507 5707 1818 5778 Ravennam

195 5777 358 5832 adiit:
395 5777 586 5848 ibique
624 5777 832 5832 Pascha
865 5779 1154 5833 celebrans
1191 5793 1316 5834 cum
1353 5777 1578 5834 domino
1606 5777 1818 5834 Joanne

1923 642 2112 712 Aprili,
2170 651 2224 697 et
2280 643 2468 698 indict.
2518 662 2568 698 χ.
2607 645 2854 700 Joannes
2911 655 3117 702 sancta
3170 650 3456 705 catholica
3488 660 3540 706 et

1921 731 2237 800 apostolica
2295 733 2551 788 Romana
2589 735 2844 790 Ecclesia
2898 738 3095 807 prasul
3138 739 3265 794 huic
3317 742 3539 797 decreto

1923 835 1952 872 a
1984 820 2143 874 nobis
2173 819 2313 875 facto
2345 837 2442 890 pro
2465 823 2882 879 conﬁrmatione
2903 827 3226 898 subscripsi.

1993 911 2218 978 Signum
2248 914 2454 968 domini
2475 913 2684 969 Ottonis
2711 919 2948 985 piissimi
2974 921 3343 988 imperatoris.

1996 1004 2103 1078 Ego
2165 1006 2480 1061 Rudoaldus
2531 1010 2840 1078 patriarcha
2905 1021 3107 1068 sancta
3169 1016 3539 1086 Aquileiensis

1925 1095 2179 1152 Ecclesia
2212 1098 2458 1162 interfui,
2482 1102 2738 1155 consensi
2771 1109 2824 1157 et
2854 1104 3174 1175 subscripsi.

2686 1207 2780 1261 Ill.

1927 1315 2160 1353 DIPLOMA
2207 1315 2426 1355 JOANNIS
2482 1319 2630 1356 ΡᾹΡΑΕ
2667 1322 2782 1370 χιιι,
2841 1323 2891 1358 ιΝ
2952 1323 3346 1362 ΒΑνΕΝΝΑτΕΝδι
3396 1326 3535 1364 CON-

1994 1386 2136 1425 (ιιι,ιο
2191 1373 2254 1440 (2)
2317 1389 2522 1439 unum,
2573 1391 2681 1436 ouo
2734 1392 3023 1430 unaomum
3077 1395 3536 1434 SALlSBURCENSEM

1997 1458 2459 1500 ARCHIEPISCOPUH
2492 1462 2718 1500 DEPONIT
2750 1465 2812 1500 ΕΤ
2853 1464 3307 1516 EXCOMMUNICAT;
3351 1468 3539 1506 1⁷3108-

1997 1529 2161 1567 ΒΙΟυΜ
2192 1530 2328 1568 VERO
2346 1532 2466 1569 EJUS
2498 1532 2632 1572 LOCO
2661 1534 3123 1575 ARCHIEPISCOPUM
3155 1538 3339 1576 CREAT.

2547 1618 2724 1681 (Anno
2763 1616 2910 1683 967.)

2069 1704 2245 1774 [Apud
2274 1705 2464 1771 MANSI,
2497 1708 2694 1763 Concil.
2727 1716 2838 1763 tom
2893 1709 3074 1775 XVlll,
3105 1711 3210 1765 col.
3239 1710 3385 1780 499.]

1995 1818 2253 1883 Joannes,
2292 1829 2496 1874 sancta
2523 1821 2783 1876 Romana
2835 1830 2888 1876 et
2933 1823 3250 1892 apostolica
3279 1823 3533 1878 Ecclesia

1927 1907 2124 1976 prasul
2153 1909 2414 1963 omnibus
2452 1910 2887 1981 archiepiscopis
2913 1921 2967 1966 et
2997 1911 3295 1982 episc0pis,
3330 1914 3534 1967 nostris

1924 2002 2141 2058 dilectis
2170 2005 2226 2058 in
2253 2005 2464 2061 Christo
2495 2006 2773 2072 fratribus,
2805 2009 2949 2078 apud
2989 2015 3232 2062 sanctam
3262 2009 3532 2077 synodum

1924 2094 2198 2150 Ravenna
2231 2098 2518 2152 nobiscum
2549 2099 2877 2170 aggregatis,
2909 2107 3126 2154 aterna
3170 2099 3535 2154 beatitudinis

1919 2190 2140 2260 gaudia.

1993 2281 2273 2336 Sanctitati
2314 2298 2378 2336 ac
2431 2283 2711 2338 dilectioni
2768 2290 2956 2338 notum
2989 2292 3187 2338 vestra
3227 2299 3350 2338 esse
3380 2285 3535 2340 volu-

1922 2384 2063 2433 mus,
2092 2371 2241 2440 quod
2275 2371 2542 2426 fleroldus
2572 2371 2780 2425 dudum
2804 2372 3239 2446 Salisburgensis
3278 2373 3536 2428 Ecclesia

1920 2459 2391 2530 archiepiscopus,
2451 2467 2638 2515 contra
2685 2461 3005 2515 canonicam
3062 2469 3114 2516 et
3180 2464 3535 2533 apostolicam

1915 2553 2297 2605 auctoritatem
2375 2552 2581 2606 nefaria
2626 2554 3058 2623 prasumptione
3131 2563 3256 2624 post
3313 2570 3538 2610 suorum

1916 2639 2198 2692 oculorum
2262 2639 2616 2694 amissionem
2674 2641 2923 2695 videatur
2984 2658 3198 2696 sacrum
3258 2641 3538 2697 celebrare

1916 2730 2238 2799 mysterium
2268 2747 2280 2783 ε
2324 2738 2398 2796 et,
2433 2733 2580 2802 quod
2612 2733 2904 2787 ridiculum
2939 2741 3040 2798 est,
3073 2733 3294 2804 pallium
3325 2739 3537 2806 gestare

1919 2819 2258 2874 solemniter.
2298 2820 2407 2875 Hoc
2438 2837 2676 2892 namque
2704 2838 2813 2876 non
2858 2822 2927 2875 ad
2962 2822 3234 2876 modicam
3268 2823 3540 2876 haereseos

1920 2912 2200 2965 vesaniam
2254 2913 2469 2977 attinet,
2502 2923 2557 2968 et
2601 2915 2763 2969 nobis
2793 2914 3154 2986 omniumque
3185 2915 3414 2970 fratrum
3450 2931 3538 2970 or-

1922 3002 2287 3056 thodoxorum
2349 3004 2658 3073 prudentia
2706 3005 2871 3059 debet
2928 3005 3100 3059 videri
3155 3005 3541 3069 exsecrabile;

1921 3095 2222 3162 prasertim
2252 3111 2376 3149 cum
2401 3096 2519 3165 ipse
2547 3111 2644 3164 pro
2670 3111 2770 3150 sua
2809 3097 2973 3166 culpa
3001 3107 3058 3150 et
3087 3095 3336 3165 perﬁdia
3366 3105 3542 3151 teme-

1883 3187 1896 3208 ‘
1921 3182 2079 3234 ritate
2121 3183 2439 3236 exoculatus
2496 3187 2589 3247 sit,
2623 3199 2689 3236 eo
2730 3184 2877 3252 quod
2909 3183 3172 3236 ecclesias
3202 3184 3297 3236 Dei
3339 3199 3542 3254 exspo-

1921 3267 2153 3336 liaverit,
2184 3270 2500 3324 thesaurum
2543 3271 2773 3344 paganis
2817 3270 3151 3343 erogaverit,
3185 3287 3420 3341 seseque
3461 3272 3542 3325 eis

1913 3362 2177 3433 junxerit,
2220 3365 2273 3418 in
2331 3364 2760 3420 Christianorum
2813 3381 3006 3418 necem
3065 3373 3119 3418 et
3172 3365 3544 3435 depradatio—

1921 3483 2066 3530 nem,
2107 3470 2298 3518 contra
2343 3459 2632 3513 dominum
2672 3467 2728 3512 et
2783 3456 3090 3526 piissimum
3152 3456 3536 3525 imperatorem

1904 3570 2067 3610 suum
2107 3551 2384 3607 seniorem
2439 3547 2665 3602 rebellis
2720 3554 2774 3600 et
2813 3544 3054 3600 inﬁdelis
3120 3546 3424 3600 exstiterit:
3484 3545 3545 3599 et

1910 3645 2143 3718 proinde
2172 3660 2202 3697 a
2223 3641 2609 3698 decessoribus
2639 3639 2843 3694 nostris
2874 3645 3077 3692 sanctae
3097 3637 3375 3692 memoria
3404 3652 3540 3708 pon-

1914 3733 2154 3789 tiﬁcibus
2180 3745 2343 3787 omne
2401 3726 2744 3783 sacerdotale
2791 3725 3034 3780 ofﬁcium
3065 3742 3215 3796 sape
3269 3726 3320 3780 ei
3351 3726 3422 3781 sit
3452 3727 3542 3781 in--

1919 3822 2249 3883 terdictum;
2289 3825 2455 3888 atque
2485 3816 2760 3870 electione
2791 3823 2845 3868 et
2885 3815 3258 3884 postulatione
3291 3815 3538 3868 omnium

1919 3931 2059 3985 pene
2115 3911 2407 3974 nobilium,
2460 3907 2827 3962 Bawariorum
2860 3906 3074 3960 scilicet
3125 3904 3456 3960 clericorum
3488 3913 3545 3960 et

1917 4004 2206 4067 laicorum,
2235 4007 2425 4055 sancta
2457 3999 2701 4053 Romana
2723 4003 2898 4050 mater
2928 3995 3192 4059 Ecclesia,
3225 4011 3337 4049 sua
3359 4001 3543 4049 aucto-

1919 4095 2094 4150 ritatis
2124 4093 2412 4165 privilegio
2453 4089 2787 4144 Fridericum
2846 4088 3022 4142 virum
3079 4086 3454 4142 venerabilem
3488 4093 3544 4142 et

1917 4183 2131 4238 cunctis
2161 4180 2495 4235 laudabilem
2530 4178 2652 4234 loco
2693 4177 2944 4246 ejusdem
2996 4176 3217 4231 Heroldi
3249 4175 3368 4229 ﬁeri
3397 4190 3544 4230 esse-

1917 4293 2025 4349 que
2057 4275 2542 4345 archiepiscopum
2576 4272 2801 4328 omnino
2840 4269 3159 4324 decreverit.
3198 4270 3543 4340 Quapropter

1919 4367 2105 4436 itaque
2140 4373 2454 4419 nostrorum
2487 4363 2844 4417 decessorum
2887 4359 3270 4415 auctoritatem
3301 4373 3539 4428 sequen-

1919 4461 2021 4520 tes,
2039 4460 2349 4523 vestraque
2368 4453 2617 4508 omnium
2648 4449 3008 4504 fraternitatis
3029 4447 3354 4503 assensione
3375 4446 3542 4502 robo-

1919 4539 2042 4610 rati,
2078 4543 2252 4614 ipsius
2293 4541 2512 4596 Heroldi
2568 4539 2881 4595 hareticam
2923 4548 2978 4593 et
3033 4536 3379 4592 temerariam
3415 4553 3540 4606 pra-

1918 4638 2144 4692 vitatem
2183 4635 2383 4690 amodo
2434 4651 2496 4688 ac
2527 4633 2812 4703 deinceips
2863 4633 3186 4688 damnamus
3216 4649 3279 4687 ac
3319 4633 3542 4703 penitus

1918 4730 2268 4786 confutamus
2320 4745 2385 4783 ex
2417 4727 2536 4784 vice
2581 4726 2726 4782 beati
2759 4726 2900 4781 Petri
2933 4725 3200 4796 principis
3257 4723 3538 4793 apostolo-

1920 4837 2060 4887 rum,
2091 4835 2309 4874 necnon
2334 4835 2530 4875 omnes
2559 4825 2858 4888 sequentes
2881 4816 3183 4872 cacitatem
3207 4814 3456 4885 corporis
3485 4819 3541 4869 et

1920 4913 2122 4966 mentis
2155 4911 2275 4979 ejus
2307 4909 2361 4962 in
2395 4909 2488 4967 tali
2518 4908 2950 4979 prasumptione
2977 4925 2990 4961 :
3024 4907 3188 4977 eique
3229 4905 3536 4960 communi-

1919 5014 2108 5060 cantes
2136 5003 2680 5059 excommunicamus
2707 5001 2886 5072 primo
2923 5008 2980 5055 et
3009 4996 3539 5054 anathematizamus

1919 5112 2096 5167 usque
2123 5096 2191 5150 ad
2222 5094 2600 5166 plenissimam
2643 5090 3108 5146 emendationem.
3170 5090 3402 5160 Insuper
3422 5088 3537 5157 jam

1921 5297 2062 5361 papa
2108 5280 2469 5361 pluri‘m‘osex
2506 5277 2746 5361 ltalia‘et
2777 5276 3052 5361 Romania
3084 5274 3378 5361 episcopos
3408 5285 3536 5361 coa-

1920 5345 2176 5415 dunavit;
2212 5357 2264 5423 et
2305 5349 2492 5423 habita
2522 5349 2753 5423 synod_o,
2786 5349 2960 5402 multa
2983 5347 3055 5423 ad
3083 5345 3376 5423 utilitatem
3407 5357 3535 5423 san-

1920 5433 2019 5477 cla
2052 5413 2305 5476 Ecclesia
2343 5413 2628 5475 adinvenit
2682 5413 2747 5473 Et
2780 5417 3088 5488 apostolico
3116 5414 3314 5492 Joanni
3343 5413 3536 5492 urbem

1921 5503 1974 5548 et
2006 5501 2202 5548 terram
2254 5491 2677 5555 Ravennatium,
2731 5484 2963 5560 aliaque
2993 5487 3303 5560 complura,
3354 5484 3541 5560 multis

1919 5572 2064 5619 retro
2095 5562 2438 5634 temporibus
2471 5554 2730 5615 Romanis
2777 5554 3136 5634 pontiﬁcibus
3175 5556 3375 5634 ablata,
3422 5554 3543 5608 red-

1919 5637 2061 5690 didit
2089 5636 2187 5702 (eel
2210 5631 2392 5705 potius
2449 5634 2844 5706 restitutionem
2866 5632 2989 5700 jam
3019 5634 3144 5683 ante
3187 5631 3394 5706 factam
3423 5640 3542 5706 cort-

1917 5699 2476 5776 ﬂrmauit),'eumque
2509 5704 2636 5758 inde
2669 5699 2896 5758 Romam
2950 5717 3075 5756 cum
3107 5715 3306 5774 magna
3355 5699 3540 5753 latitia

1919 5778 2148 5833 remisit.
2195 5798 2215 5827 ι
