3924 6404
368 371 477 428 955

1737 393 2006 448 JOANNIS
2046 395 2161 449 XIII
2203 395 2389 449 PAPIE

3616 396 3728 451 956

368 500 519 557 dicto
571 503 849 561 Friderico
895 523 995 578 per
1048 514 1428 571 auctoritatem
1458 519 1611 574 sedis
1661 526 1984 593 apostolica
2008 529 2063 597 Α
2162 525 2432 579 Arnaldus
2456 524 2819 581 Tridentinus
2841 528 3157 598 episcopus.

368 597 695 671 dignissimo
754 602 1178 678 archiepisc0po
1235 611 1502 670 honorem
1552 625 1607 672 et
1660 620 1983 695 dignitatem

372 690 794 767 Salzburgensis
818 696 1331 773 archiepiscopatus
1360 690 1753 768 confirmamus
1780 725 1835 771 et
1864 734 1985 774 cor-

370 778 717 847 roboramus,
784 790 840 838 et
897 787 1184 844 universos
1250 792 1547 851 humilitati
1596 801 1716 870 ejus
1781 804 1989 861 allube-

370 879 608 939 scentes,
667 874 1072 948 benedicimus,
1142 891 1197 937 et
1249 888 1552 947 catholicos
1594 894 1984 965 approbamus.

372 961 527 1016 Unde
568 970 825 1034 rogantes
852 967 1134 1026 hortamur
1171 976 1516 1032 sanctitatem
1561 961 1754 1036 vestra
1793 984 1990 1042 frater-

369 1052 575 1117 nitatis,
635 1053 775 1109 etin
820 1057 926 1113 hoc
982 1062 1268 1119 nobiscum
1308 1069 1519 1138 pariter
1569 1074 1904 1143 assentiatis,
1935 1086 1991 1134 et

371 1145 500 1200 huic
530 1154 729 1203 nostra
774 1153 1091 1221 apostolica
1122 1160 1396 1217 sanctioni
1427 1171 1663 1221 vestram
1695 1168 1985 1226 conﬁrma-

372 1234 579 1289 tionem
611 1238 923 1306 prabeatis.

442 1326 517 1395 (3)
554 1327 797 1385 Joannes
826 1342 1033 1390 sancta
1076 1338 1360 1395 catholica
1415 1350 1470 1398 et
1499 1346 1820 1415 apostolica
1882 1351 1987 1406 Ro-

371 1432 547 1472 mana
571 1418 827 1477 Ecclesia
858 1424 981 1481 huic
1010 1430 1277 1485 sanctioni
1312 1434 1474 1489 edita
1504 1452 1537 1491 a
1564 1454 1653 1492 me
1677 1439 1733 1492 in
1764 1439 1987 1511 Synodo

369 1507 515 1575 apud
548 1509 861 1567 Ravennam
892 1517 1217 1591 subscripsi.
1258 1542 1263 1547 ·

442 1598 671 1672 Signum
698 1602 908 1661 domini
938 1607 1151 1664 Ottonis
1171 1615 1509 1673 serenissimi
1545 1619 1911 1692 imperatoris.

443 1688 760 1747 Rodoaldus
790 1696 1101 1765 patriarcha
1128 1701 1497 1772 Aquileiensis
1525 1688 1784 1768 Ecclesia
1812 1715 1982 1771 inter-

374 1780 447 1834 fui
481 1788 535 1836 ct
561 1783 882 1856 subscripsi.

2158 618 2483 690 Teutpertus
2516 620 2616 690 [vel
2642 621 2933 693 Rupertus]
2965 621 3261 677 Feltrensis
3289 622 3619 693 episcOpus.

2160 711 2436 767 Zenobius
2466 712 2770 767 Fesulanus
2797 714 3114 783 episcOpus.

2162 802 2530 858 Gothofredus
2559 804 2832 875 Aquensis
2860 804 3179 875 episcopus.

2163 891 2323 947 Roilo
2352 892 2604 946 Astensis
2643 892 2961 963 episcopus.

2162 984 2335 1039 Luido
2366 984 2707 1040 Glosinensis
2736 984 3055 1055 episcopus.

2163 1072 2489 1126 Adalbertns
2530 1072 2795 1127 Bouensis
2833 1071 3237 1143 [Bononiensis]
3281 1071 3612 1143 episcopus.

2160 1160 2322 1215 Wido
2349 1160 2669 1215 Mutinensis
2692 1160 2989 1231 episcopus

2158 1254 2401 1308 Joannes
2434 1252 2722 1307 [molensis
2754 1252 3075 1323 episcopus.

2162 1342 2454 1397 Ratherius
2480 1340 2813 1397 Veronensis
2850 1341 3167 1412 episcopus.

2162 1433 2431 1488 Antonius
2457 1432 2771 1488 Brisnensis
2796 1433 3112 1503 episcopus.

2162 1520 2447 1575 Udalricus
2473 1521 2861 1595 Bergomensis
2888 1519 3206 1591 episcopus.

2156 1612 2398 1667 Joannes
2425 1610 2785 1666 Jordanensis
2822 1612 3139 1681 episcopus,

2158 1706 2439 1777 Aupaldus
2478 1705 2831 1761 Novariensis
2853 1705 3168 1776 episcopus.

2170 1797 2354 1867 Lupus
2384 1797 2685 1867 Spoletina
2717 1797 2997 1852 Ecclesia.

444 1868 639 1925 Petrus
722 1886 925 1933 sancta
984 1881 1323 1940 Ravennatis
1399 1888 1654 1946 Ecclesia
1716 1896 2067 1986 archiepi-B
2167 1889 2493 1986 Sigihlrclus
2514 1887 2762 1986 ξείθηδίὲ
2791 1886 3108 1986 ξρίξοορυεο

368 1976 593 2031 scepus.

441 2054 753 2126 Walpertus
782 2071 987 2117 sancta
1022 2064 1455 2126 Mediolanensis
1485 2074 1747 2132 Ecclesia
1778 2080 1993 2136 archie-

376 2158 653 2213 piscopus.

450 2236 780 2296 Lanwardus
818 2253 1019 2302 sancta
1046 2249 1348 2308 Mindensis
1386 2256 1643 2314 Ecclesia
1674 2263 1990 2335 episcopus.

450 2330 662 2387 Otkeris
690 2345 891 2392 sancta
917 2340 1191 2410 Spirensis
1211 2346 1466 2404 Ecclesia
1497 2330 1812 2425 episcopus.

449 2419 649 2476 Windo
720 2433 923 2480 sancta
989 2430 1148 2485 Silva
1219 2434 1474 2492 Candida
1534 2419 1799 2499 Ecclesia
1876 2448 1995 2519 epi-

374 2524 598 2579 scapus,
628 2520 684 2567 et
723 2513 1183 2575 bibliothecarius
1212 2526 1531 2593 apostolica
1560 2532 1730 2587 sedis.

448 2601 716 2660 Martinus
742 2616 945 2664 sancta
961 2612 1261 2670 Sutriensis
1288 2617 1544 2676 Ecclesia
1570 2625 1884 2697 episcopus.

450 2693 781 2753 Benedictus
810 2710 1012 2756 sancta
1042 2703 1361 2763 Portucnsis
1393 2693 1648 2769 Ecclesia
1680 2719 1994 2791 episcoiius.

452 2787 757 2849 Everardus
785 2797 1083 2867 episcopus
1102 2801 1463 2859 Aretinensis.

454 2886 766 2945 Sichelmus
805 2893 1100 2965 episcOpus
1126 2897 1477 2960 Florentina.

455 2976 647 3032 Petrus
679 2982 974 3053 episcopus
1003 2994 1206 3043 sancta
1249 2991 1620 3051 Volternensis
1645 2999 1919 3058 Ecclesia.

451 3068 695 3125 Joannes
724 3082 927 3129 sancta
967 3078 1332 3137 Ariminensis
1372 3084 1625 3143 Ecclesia
1682 3092 1993 3164 cpiscolius.

456 3162 732 3219 Hubertus
782 3165 1148 3242 [Adalhertus]
1183 3182 1386 3231 sancta
1438 3178 1708 3236 Lunensis
1747 3162 1999 3241 Ecclesia

381 3251 697 3323 episcopus.

458 3344 728 3401 Honestas
744 3348 1044 3422 episc0pus
1072 3362 1276 3410 sancta
1308 3357 1591 3416 Perusina
1625 3363 1899 3421 Ecclesia.

456 3433 645 3489 Petrus
670 3445 873 3493 sancta
900 3439 1198 3498 Camerina
1230 3446 1510 3504 Ecclesia.
1556 3444 1564 3451 ”

453 3527 639 3601 lngizo
680 3533 976 3605 episcopus
995 3546 1195 3593 sancta
1222 3541 1505 3599 Asisinata
1541 3546 1817 3604 Ecclesia.

452 3618 560 3673 Leo
592 3622 890 3693 episcopus
911 3636 1115 3682 sancta
1146 3630 1381 3686 Asinata
1412 3634 1687 3690 Ecclesia.

450 3705 692 3764 Joannes
722 3711 1017 3783 episcopus
1045 3724 1248 3773 sancta
1293 3719 1580 3777 Galliensis
1614 3725 1897 3793 Ecclesia,

453 3796 784 3854 Erfemarius
804 3804 1160 3861 Anconitana
1203 3808 1459 3865 Ecclesia
1498 3812 1813 3884 episcopus.

450 3886 704 3961 Attingus
736 3890 1034 3961 episcopus
1064 3896 1485 3954 Auximancnsis
1498 3900 1771 3956 Ecclesia.

453 3980 788 4043 Benedictus
820 3983 1137 4040 Humanata
1173 3988 1430 4043 Ecclesia
1463 3991 1778 4063 episcopus.

451 4072 762 4129 Eberardus
793 4074 1337 4152 iisinata[zEsinata]
1382 4084 1638 4140 Ecclesia
1676 4086 1993 4157 episcopus.

454 4163 784 4222 Benedictus
815 4167 1076 4243 Fuligina
1109 4172 1363 4228 Ecclesia
1393 4176 1706 4249 cpiscopus.

451 4256 702 4313 Julianus
735 4261 1015 4317 Lucernia
1057 4264 1311 4321 Ecclesia
1339 4269 1654 4340 episc0pus.

451 4349 744 4424 Gregorius
776 4352 1146 4410 Comaclensis
1179 4358 1435 4414 Ecclesia
1463 4363 1779 4435 episcopus.

451 4441 643 4498 Ruodo
673 4452 875 4499 sancta
898 4445 1168 4503 Cesinata
1196 4449 1451 4506 Ecclesia
1480 4453 1774 4525 episcopus

448 4537 719 4592 Arnaldus
745 4539 1079 4610 PepiIiensis
1108 4543 1419 4616 episcOpus.

451 4629 727 4685 Radaldus
752 4632 1078 4689 Rosiliensis
1109 4635 1423 4708 episcopus.

450 4720 712 4777 Martinus
741 4722 1115 4780 Matuanensis
1142 4727 1460 4798 episcopus.

451 4812 763 4882 Stephanus
789 4814 1111 4870 Ficodensis
1150 4817 1466 4887 episcopus.

450 4901 693 4957 Joannes
718 4902 1067 4959 Bellunensis
1088 4906 1406 4978 episcopus.

451 4993 736 5049 Albericus
778 4995 1169 5052 Perufunensis
1195 4999 1510 5070 episcOpus.

452 5087 780 5157 Rodulphus
808 5089 1126 5145 Vicentinus
1157 5092 1471 5162 episcOpus.

451 5174 763 5231 Gerhardus
790 5178 1102 5235 Faventina
1135 5181 1386 5237 Ecclesia
1413 5182 1728 5253 episcopus.

449 5267 642 5322 Patrus
675 5268 1170 5328 Metaumaucensis
1197 5274 1511 5345 episcopus.

453 5355 726 5410 Hubertus
753 5357 1067 5415 Parmensis
1086 5361 1401 5432 episcopus.

452 5444 616 5499 Luizo
650 5446 1054 5505 Cremonensis.

451 5534 808 5594 Ermenaldus
830 5540 1198 5615 Regionensis
1225 5544 1543 5618 episcopus.

450 5627 762 5685 Gorboldus
783 5633 1106 5692 Polonensis
1136 5639 1453 5710 episcopus.

452 5718 749 5776 Gauslinus
784 5722 1101 5782 Patavensis
1139 5729 1457 5801 episcOpus.

455 5853 523 5923 (3)
552 5849 985 5910 Meudosissima
1014 5856 1468 5927 subscriptiones.

2026 3217 2074 3283 (ἶ

2167 1983 2492 2038 Rihelardus
2512 1981 2774 2036 Fanensis
2796 1981 3053 2035 Ecclesia
3078 1979 3252 2050 episc.
3284 1980 3611 2048 subscripsi.

2163 2078 2392 2132 Auctum
2445 2076 2719 2130 Ravenna
2748 2090 2821 2128 vn
2877 2073 2991 2128 Kal.
3023 2073 3168 2139 Maii,
3204 2088 3302 2143 per
3327 2088 3560 2127 manum
3601 2072 3729 2126 Ste-

2096 2167 2263 2238 phani
2290 2165 2561 2231 scriniarii
2593 2170 2795 2217 sancta
2827 2162 3089 2217 Romana
3122 2160 3403 2225 Ecclesia,
3432 2160 3490 2215 in
3525 2175 3728 2214 mense

2097 2257 2288 2329 Aprili,
2319 2268 2374 2311 et
2427 2256 2729 2311 indictione
2758 2254 2975 2309 decima
3028 2253 3084 2306 in
3118 2251 3415 2323 prasentia
3468 2252 3727 2306 omnium

2098 2357 2409 2407 sanctorum
2444 2348 2858 2419 episcOporum.

2864 2433 2947 2487 ιν.

2238 2547 2459 2587 JOANNIS
2498 2544 2645 2584 PANE
2677 2544 2771 2581 XIII
2799 2539 3143 2580 PRIVILEGIUII
3184 2537 3285 2577 PRO
3324 2536 3579 2575 ECCLESIA

2732 2612 3094 2651 FERRARIENSI.

2731 2692 2903 2759 [Anno
2934 2688 3085 2757 967.)

2284 2789 2458 2860 [Apud
2496 2786 2691 2853 MANSI,
2732 2783 2931 2840 Concil.
2972 2788 3103 2835 tom.
3138 2777 3273 2844 XIX,
3304 2792 3429 2851 pag.
3462 2775 3539 2846 1.]

2171 2886 2227 2939 tn
2250 2880 2476 2938 nomine
2504 2874 2744 2937 Domini,
2773 2873 3015 2927 Joasuss
3045 2868 3360 2939 episcOpus,
3385 2881 3583 2920 servus
3605 2880 3730 2966 ser-

2098 2993 2291 3037 vorum
2347 2972 2463 3038 Dei,
2503 2966 2763 3025 omnibus
2805 2962 2901 3017 Dei
2941 2970 2996 3016 et
3048 2966 3251 3014 sancta
3292 2956 3552 3012 Ecclesia
3594 2955 3730 3009 tide-

2101 3074 2247 3128 libus
2765 3147 2776 3152 _
3370 3145 3379 3152 _
3428 3138 3439 3148 _

2174 3156 2571 3217 Denuntiantes
2614 3147 2939 3203 mandamus
2978 3141 3218 3214 qualiter
3263 3145 3389 3211 post
3420 3141 3630 3207 justam
3664 3152 3731 3191 ac

2101 3250 2334 3326 legalem
2366 3244 2696 3300 electionem
2751 3243 2806 3292 et
2834 3230 3310 3326 consecrationem
3349 3226 3569 3326 Martini
3599 3225 3731 3323 .Cpi-

2102 3314 2257 3409 scopi
2324 3327 2713 3393 Ferrariensis,
2758 3325 2811 3378 in
2866 3329 3056 3378 sancta
3110 3319 3353 3373 Romana
3404 3314 3650 3409 ecclesia
3703 3328 3733 3365 a

2104 3406 2264 3487 nobis
2322 3427 2544 3487 factam,
2586 3421 2641 3474 in
2680 3416 2901 3473 civitate
2958 3413 3234 3467 Ravenna
3290 3406 3549 3506 venimus
3604 3420 3729 3458 cum

2104 3523 2220 3593 ipso
2270 3512 2585 3573 venerando
2640 3506 2871 3562 Martino
2931 3501 3215 3593 episcopo,
3256 3496 3495 3593 aliisque
3538 3508 3728 3593 quam:

2020 3584 2031 3601 ’
2103 3583 2355 3684 pluribus
2411 3606 2482 3661 de
2534 3607 2722 3657 nostra
2763 3595 2901 3651 urbe
2956 3588 3236 3652 Romanis,
3278 3596 3334 3641 et
3378 3585 3435 3639 in
3470 3583 3722 3657 generali

2018 4553 2071 4619 1)

2103 3680 2303 3779 placito
2335 3718 2458 3758 cum
2492 3700 2696 3753 domno
2727 3692 2923 3746 Ottone
2951 3687 3287 3756 imperatore
3315 3680 3570 3779 diversas
3605 3695 3728 3732 cau-

2102 3771 2211 3865 sas,
2240 3797 2367 3852 lites
2396 3787 2774 3861 inspiciendas
2805 3790 2859 3837 et
2898 3774 3309 3875 deliberandas,
3337 3779 3393 3826 et
3432 3771 3727 3875 nobiscum

2101 3860 2211 3948 tum
2282 3860 2644 3941 residentium
2701 3887 2922 3945 quoque
3004 3864 3314 3962 astantium.
3390 3860 3726 3962 populorum

2100 3976 2397 4036 multitudo
2437 3970 2786 4031 clericorum,
2818 3969 2874 4016 et
2905 3959 3193 4051 laicorurn,
3228 3956 3655 4051 ePIE‘CODOPD‘D‘I,
3678 3956 3734 4000 et

2098 4070 2362 4126 abbatum
2384 4064 2454 4117 de
2471 4054 2895 4132 quampluribus
2910 4044 3243 4120 regionibus
3268 4039 3411 4095 infra
3435 4038 3729 4139 basilicam

2100 4162 2243 4217 beati
2270 4152 2599 4229 Apollinaris
2650 4149 3011 4233 convocatur;
3043 4150 3219 4233 novus
3270 4137 3511 4231 occurrit
3537 4144 3724 4233 sermo

2098 4217 2347 4323 praedicti
2399 4239 2611 4297 Martini
2650 4230 2900 4307 episcOpi
2959 4222 3348 4285 Ferrariensis,
3391 4217 3723 4323 supplicans

2098 4307 2153 4396 et
2204 4345 2398 4410 petens
2426 4350 2459 4386 a
2502 4328 2666 4384 nobis
2693 4332 2752 4381 ut
2796 4319 2982 4377 omnia
3029 4329 3230 4416 quana
3261 4315 3450 4364 sancta
3478 4307 3733 4416 Romana

2096 4402 2395 4490 universali
2422 4423 2665 4481 Ecclesia
2692 4434 2790 4490 per
2812 4429 3010 4487 papam
3033 4406 3412 4503 Vitellianum,
3439 4409 3513 4503 .et
3535 4402 3734 4503 Adria-

2098 4542 2252 4590 num,
2282 4528 2337 4577 et
2391 4520 2633 4573 Leonem
2671 4515 2876 4565 sancta
2926 4506 3183 4559 Romana
3245 4494 3504 4594 Ecclesia
3544 4494 3732 4594 pontis

2098 4588 2629 4675 ﬁcesIantecessores
2654 4610 2872 4660 nostros
2903 4599 2959 4652 in
2990 4604 3242 4694 tempore
3272 4588 3647 4694 Gonstantim,
3676 4591 3734 4694 e

2099 4712 2275 4768 Caroli
2333 4701 2702 4777 imperatoris,
2736 4712 2835 4768 per
2882 4691 3111 4789 antiqua
3165 4683 3453 4757 privilegia
3496 4679 3734 4800 iunctain:

2098 4805 2314 4877 largita,
2354 4770 2555 4854 tradita
2613 4798 2667 4847 ct
2709 4786 3066 4846 confirmata;
3100 4779 3174 4833 ita
3225 4786 3280 4829 et
3333 4788 3437 4871 nos

2099 4859 2349 4952 nostrum
2403 4884 2856 4943 conﬁrmaremus
2894 4876 3263 4965 praceptum;
3307 4862 3466 4960 cujus
3506 4859 3730 4959 scilicet

2100 4984 2384 5059 precibus,
2444 4984 2499 5032 et
2537 4968 2923 5046 petitionibus,
3076 4971 3323 5014 omnium

2101 5043 2489 5150 episcoporum
2538 5043 2593 5122 et
2622 5054 3313 5157 abbatuin,naliorumuue

2098 5135 2152 5227 et
2181 5135 2445 5224 laicorum
2477 5154 2747 5218 inclinati,
2786 5164 2887 5221 pro
2919 5143 3011 5200 Dei
3041 5142 3242 5241 timo-re.
3264 5143 3319 5190 et
3362 5135 3515 5241 illius

2099 5262 2287 5320 rabilis
2324 5254 2505 5311 fratris
2535 5247 2710 5306 nostri
2750 5239 2999 5314 prasulis
3028 5235 3270 5297 Martini,
3302 5235 3502 5324 omnia.
3527 5239 3656 5295 qua
3696 5238 3730 5275 ι

2099 5316 2304 5411 sanctis
2332 5344 2535 5403 nostris
2561 5331 3041 5427 antecessoribus,
3078 5326 3359 5427 Romana:
3371 5316 3538 5427 sedis
3578 5329 3726 5427 po:-

2101 5402 2361 5503 ti—ﬁﬁcibus,
2397 5451 2495 5507 per
2539 5428 2763 5499 antiqua
2796 5416 3081 5493 privilegia
3132 5427 3232 5482 per
3262 5402 3728 5507 Urs-onemjudi-

2303 5496 2706 5585 Fer-rariensem
2762 5513 3009 5588 perlecta
3070 5508 3271 5609 sancta
3307 5592 3317 5602 .
3353 5496 3730 5609 F-Eirllitt'lje‘tts-ls

2102 5588 2351 5687 ecclesia
2377 5621 2528 5677 beati
2559 5611 2800 5687 Georgii,
2834 5615 3083 5675 tempore
3108 5594 3345 5696 Martini,
3377 5597 3433 5687 et
3466 5588 3725 5686 ῥιπὴ-εγ.

2210 5722 2229 5727 Α
2572 5726 2575 5727 ν
2673 5714 2945 5727 “unum
2981 5689 3229 5727 ηνωιιςοίι
3269 5682 3481 5727 Marum
3525 5673 3725 5727 tradita

2102 5682 2447 5779 etIJ—oannes
2476 5682 2945 5784 pradecessorum
2981 5686 3232 5766 pradicti
3269 5682 3481 5737 Martini
3525 5682 3729 5728 tradita
