3924 6392
196 362 302 417 957

1469 374 1803 433 EPISTOLz‘E
1842 380 1923 433 ET
1966 381 2279 436 DEGRETA.

3443 393 3546 447 958

196 506 321 546 esse
342 492 730 566 cognovimus,
786 511 884 565 per
934 498 1041 553 hoc
1095 507 1342 555 nostrum
1374 518 1406 556 a
1437 510 1587 573 parte
1618 514 1822 562 sanctae
1850 514 1896 580 Α
1926 509 2194 577 cratione,
2255 518 2310 566 et
2360 512 2719 568 investitione
2767 522 2971 568 sanctae
3031 515 3288 570 Ecclesiae
3316 525 3371 570 et
3396 517 3547 571 sedis

195 581 457 636 Romanae
502 582 764 639 Ecclesia:
794 585 942 640 beati
996 588 1141 643 Petri
1190 590 1422 660 apostoli
1478 592 1532 646 in
1562 596 1823 664 praedicta

197 678 392 725 sancta
420 671 758 727 Fcrrariensi
814 675 1053 731 ecclesia
1103 676 1248 732 beati
1298 680 1537 751 Georgii,
1569 683 1823 739 similiter

193 775 381 814 coram
400 761 616 815 cunctis
644 762 953 817 astantibus
995 771 1050 819 et
1076 766 1390 823 videntibus
1428 769 1820 828 conﬁrmamus

194 859 557 922 praeceptum,
616 869 855 908 massam
913 855 1175 914 videlicet
1228 860 1599 917 Babilonicam
1647 864 1815 933 illam,

194 961 321 1016 quae
372 954 598 1001 vocatur
647 947 916 1014 Ferraria,
959 948 1014 1004 in
1048 967 1158 1022 qua
1188 952 1307 1022 ipsa
1346 962 1537 1010 sancta
1582 958 1820 1016 ecclesia

194 1034 346 1089 beati
395 1035 613 1110 Georgii
658 1036 762 1090 sita
792 1045 848 1093 et
889 1050 1211 1095 consecrata
1251 1049 1333 1096 est
1364 1059 1488 1098 cum
1518 1046 1817 1104 duodecim

192 1124 385 1179 fundis
406 1126 522 1179 suis
553 1144 567 1191 ;
602 1126 846 1182 cuialias
875 1143 1071 1184 omnes
1101 1147 1311 1187 massas
1343 1135 1587 1191 minores
1611 1140 1818 1209 positas

192 1215 345 1289 infra
374 1225 622 1273 nostrum
653 1218 907 1274 ducatum
939 1228 993 1275 et
1040 1224 1364 1279 comitatum
1411 1227 1818 1286 Ferrariensem

191 1323 323 1361 cum
365 1307 521 1361 omni
568 1308 885 1364 obedientia
933 1318 987 1365 et
1035 1314 1326 1373 securitate
1380 1316 1743 1390 subjugamus
1800 1338 1815 1386 ;

190 1415 430 1453 massam
480 1401 696 1457 scilicet
748 1409 802 1457 et
858 1403 1033 1475 ripam
1094 1405 1442 1475 Pullariolus,
1496 1428 1617 1466 cum
1678 1414 1820 1470 duo-

189 1493 379 1546 decim
413 1492 600 1549 fundis
653 1497 786 1560 suis,
849 1506 904 1553 et
952 1516 1187 1554 massam
1249 1501 1667 1561 Constantiacus
1694 1524 1818 1563 cum

193 1578 497 1635 duodecim
528 1582 715 1638 fundis
745 1586 878 1652 suis,
912 1594 966 1641 et
996 1604 1233 1649 massam
1271 1594 1664 1661 quartisianam
1693 1614 1817 1653 cum

193 1670 498 1726 duodecim
527 1672 713 1729 fundis
754 1677 870 1731 suis
891 1685 974 1743 ;et
1018 1695 1251 1735 massam
1281 1682 1492 1739 Doncro
1516 1702 1640 1741 cum
1671 1688 1817 1743 duo-

189 1761 376 1816 decim
426 1763 614 1819 fundis
662 1768 824 1833 suis;
862 1769 1055 1840 sicque
1117 1789 1350 1828 massam
1408 1776 1663 1833 Petriculi
1694 1797 1818 1835 cum

189 1850 491 1907 duodecim
536 1853 723 1909 fundis
779 1858 893 1912 suis
926 1876 939 1924 ;
970 1866 1024 1912 et
1081 1877 1314 1916 massam
1349 1863 1635 1935 P0pularis
1687 1885 1810 1924 cum

191 1943 490 1998 duodecim
532 1944 721 2000 fundis
749 1948 902 2013 suis;
948 1950 1208 2007 similiter
1250 1972 1486 2012 massam
1521 1959 1724 2028 Curuli,
1759 1972 1814 2017 et

179 2056 421 2094 massam
452 2042 879 2114 Salectamlcum
916 2047 1110 2119 viginti
1157 2058 1396 2121 quatuor
1434 2053 1620 2109 fundis
1647 2057 1762 2111 suis
1796 2077 1810 2125 ;

178 2136 493 2184 etmassam
534 2132 869 2201 Seneticam,
929 2144 984 2190 et
1036 2138 1385 2196 Castilionem
1452 2160 1577 2199 cum
1628 2148 1809 2201 omni-

179 2219 288 2271 bus
346 2216 536 2273 fundis
593 2220 709 2274 suis
739 2238 754 2285 ;
788 2222 1047 2279 similiter
1101 2236 1156 2280 et
1206 2244 1441 2283 massam
1474 2231 1808 2289 Firmianum

174 2323 305 2361 cum
325 2309 592 2364 omnibus
640 2309 848 2379 fundis,
888 2320 944 2367 et
993 2316 1347 2386 pertinentiis
1377 2320 1512 2376 suis.
1543 2321 1647 2377 Has
1675 2324 1806 2393 qui-

171 2400 304 2454 dem
336 2416 536 2456 omnes
567 2420 775 2459 massas
799 2423 923 2461 cum
956 2409 1451 2479 omnibusjuribus
1484 2416 1592 2471 sibi
1633 2420 1808 2488 perti-

174 2489 461 2553 nentibus,
497 2490 641 2546 sicut
663 2510 692 2547 a
722 2496 927 2550 sanctis
960 2499 1164 2553 nostris
1191 2503 1525 2571 supradictis
1553 2516 1807 2562 anteces-

172 2581 398 2636 soribus
440 2582 497 2636 in
540 2583 766 2654 praefata
790 2598 978 2643 sancta
1008 2590 1344 2648 Ferrariensi
1378 2598 1617 2652 ecclesia
1658 2600 1803 2658 beati

170 2669 395 2744 Georgii
435 2669 695 2744 largitum
746 2673 864 2729 fore
928 2681 1333 2751 cognovimus:
1372 2683 1447 2738 ita
1487 2693 1541 2739 et
1572 2704 1672 2743 nos
1705 2707 1805 2761 per

171 2764 282 2817 hoc
314 2773 588 2830 nostrum,
618 2766 761 2821 sicut
790 2784 959 2839 supra
998 2771 1202 2826 dictum
1254 2782 1357 2840 est,
1390 2776 1446 2830 in
1476 2786 1665 2834 sancta
1698 2798 1802 2838 no-

172 2862 291 2909 stra
321 2856 584 2921 ecclesia,
628 2866 682 2913 et
710 2858 811 2913 tibi
855 2862 1117 2931 praedicto
1143 2865 1371 2923 Martino
1428 2870 1712 2937 confratri,
1746 2885 1802 2931 et

168 2949 447 3019 episcOpo
491 2960 702 3017 nostro,
747 2959 802 3006 et
849 2957 1265 3012 successoribus
1311 2960 1418 3015 tuis
1450 2962 1591 3018 infra
1625 2974 1797 3022 totum

161 3040 429 3095 ducatum
461 3051 627 3112 atque
657 3044 1001 3112 comitatum,
1045 3054 1098 3101 et
1125 3051 1511 3122 episc0patum
1547 3065 1794 3113 nostrum

162 3127 583 3183 Ferrariensem
633 3130 688 3184 in
718 3132 952 3205 singulis
984 3138 1201 3202 massis,
1232 3140 1524 3209 ecclesias,
1545 3145 1793 3214 clericos,

160 3221 543 3291 presbyteros,
576 3223 839 3279 diaconos
863 3227 1125 3283 ordinare
1154 3240 1210 3285 et
1238 3247 1586 3290 consecrare.
1620 3238 1797 3309 Super

160 3319 283 3372 haec
298 3318 530 3388 quidem
562 3321 769 3386 omnia,
802 3323 1064 3378 omnibus
1092 3333 1201 3381 tam
1233 3331 1601 3398 prementibus
1629 3352 1793 3406 quam

158 3408 515 3477 absentibus,
576 3421 765 3466 notum
824 3413 946 3469 ﬁeri
988 3417 1264 3485 volumus,
1326 3438 1425 3491 per
1469 3426 1790 3494 praedictum

159 3500 550 3571 episcopatum
581 3502 1011 3573 Ferrariensem,
1036 3516 1090 3563 et
1133 3512 1426 3568 ecclesiam
1460 3515 1513 3569 S.
1546 3516 1791 3593 Georgii,

161 3596 218 3645 et
248 3597 305 3644 te
340 3590 630 3645 Martinam
662 3592 1007 3663 episcopum,
1037 3603 1269 3669 tuosque
1319 3599 1532 3657 futuros
1560 3590 1791 3657 succes-

159 3694 344 3743 cores,
386 3679 703 3749 episcopos,
759 3688 1051 3754 utramque
1132 3689 1447 3756 parochiam
1497 3702 1786 3762 perpetuo.

160 3772 309 3826 sicut
345 3773 650 3843 supradicti
711 3775 881 3829 nostri
931 3784 1315 3835 antecessores
1372 3781 1685 3839 habuerunt
1738 3793 1791 3840 et

158 3872 464 3917 tenuerunt
503 3864 560 3916 in
602 3880 702 3918 suo
743 3865 994 3921 dominio
1035 3887 1052 3929 ε
1113 3869 1188 3923 ita
1248 3876 1303 3925 et
1335 3888 1435 3928 nos
1463 3873 1517 3927 in
1543 3875 1692 3945 jure,
1738 3884 1792 3930 et

155 3954 435 4019 dominio,
468 3970 566 4009 seu
586 3955 877 4031 privilegio
896 3966 1098 4014 sancta
1144 3968 1344 4017 nostra:
1393 3965 1651 4021 Romanae
1684 3968 1787 4024 Ec-

155 4043 350 4099 clesiae
371 4042 524 4098 beati
569 4043 714 4098 Petri
747 4046 1005 4115 apostoli,
1038 4058 1091 4101 et
1120 4059 1307 4106 nostro
1365 4062 1790 4127 nostrorumque

153 4150 549 4190 successorum
604 4151 825 4207 semper
870 4144 1144 4195 tenemus.
1194 4142 1258 4196 Ut
1307 4144 1352 4197 si
1406 4160 1627 4215 semper
1678 4148 1782 4202 sub

155 4233 349 4280 nostra
370 4224 667 4293 electione,
694 4228 1068 4296 ordinatione,
1092 4230 1464 4300 investitione,
1493 4242 1549 4289 et
1595 4252 1787 4291 conse-

124 4316 432 4385 ‘cratione,
463 4325 518 4371 et
550 4319 827 4374 districtu.
862 4320 922 4374 Et
952 4337 1061 4375 non
1095 4322 1254 4377 liceat
1302 4339 1544 4395 unquam
1576 4328 1785 4382 nemini

156 4415 230 4467 de
263 4413 375 4467 tuis
413 4414 832 4470 successoribus
860 4414 1076 4483 futuris,
1112 4417 1389 4491 eligendis
1419 4419 1476 4474 in
1513 4420 1634 4491 ipso
1664 4423 1786 4493 epi-

152 4505 352 4574 sc0pio
387 4506 667 4577 episcOpis
695 4506 763 4560 ad
793 4506 999 4562 nullius
1021 4507 1354 4564 electionem
1370 4528 1550 4583 neque
1565 4514 1788 4569 investi-

151 4595 369 4650 tionem
429 4596 513 4650 vel
567 4597 1038 4652 consecrationem
1090 4598 1189 4664 ire,
1251 4599 1360 4654 nisi
1414 4601 1483 4655 ad
1543 4598 1829 4659 nostram'

146 4684 565 4740 sanctissimam
594 4685 783 4740 sedem
817 4686 1115 4741 Romanam
1158 4696 1213 4743 et
1241 4691 1599 4757 apostolicam
1633 4693 1781 4748 beati

151 4773 302 4830 Petri
346 4774 586 4845 apostoli
629 4781 1056 4847 nostrorumque
1107 4795 1494 4836 successorum
1531 4800 1545 4847 ;
1579 4791 1633 4838 et
1664 4801 1777 4840 non

148 4869 321 4923 liceat
376 4867 584 4921 nemini
639 4878 953 4924 nostrorum
1011 4888 1421 4939 successorum,
1476 4876 1559 4930 vel
1615 4877 1779 4932 alicui

152 4956 316 5031 regni
347 4971 564 5027 magna:
584 4972 858 5026 personae,
914 4959 1060 5031 regis
1080 4960 1294 5016 scilicet
1332 4964 1417 5016 vel
1450 4963 1628 5031 ducis,
1649 4966 1776 5035 epi-

150 5046 309 5116 scopi
369 5061 551 5115 neque
604 5046 1031 5117 archiepiscopi,
1065 5049 1211 5104 hunc
1241 5051 1525 5121 praefatum
1559 5057 1777 5126 episco-

152 5157 287 5212 pum
319 5147 375 5193 et
406 5140 697 5193 ecclesiam
740 5141 916 5196 sancti
964 5143 1202 5216 Georgii,
1255 5162 1436 5216 neque
1486 5150 1780 5221 episc0pos

146 5245 175 5282 a
209 5229 487 5288 dominio.
521 5235 576 5283 et
601 5228 748 5297 jure,
782 5238 837 5284 et
881 5230 1176 5299 electione,
1210 5234 1590 5305 ordinatione,
1624 5240 1780 5296 inve-

143 5321 398 5387 stitione,
445 5322 887 5387 consecratione,
940 5323 1196 5379 distrietu
1258 5336 1462 5383 sanctae
1519 5330 1777 5389 Romanae

150 5416 413 5472 Ecclesiae
444 5415 590 5469 beati
632 5415 773 5471 Petri
812 5417 1050 5489 apostoli
1081 5436 1357 5490 separare.
1415 5424 1468 5478 Si
1503 5443 1626 5496 quae
1648 5444 1779 5488 vero

144 5522 389 5577 persona
447 5506 609 5573 hujus
654 5508 827 5562 nostri
886 5511 1064 5580 regni,
1116 5512 1263 5586 regis
1292 5515 1374 5569 vel
1403 5514 1581 5584 ducis,
1611 5536 1779 5589 parva

138 5596 226 5650 vel
249 5611 477 5669 magna,
513 5596 655 5651 hanc
683 5599 1057 5668 supradictam
1090 5608 1332 5656 nostram
1365 5603 1775 5664 Ferrariensem

144 5699 393 5746 sanctam
419 5691 711 5746 ecclesiam
763 5694 906 5748 beati
952 5695 1172 5770 Georgii
1227 5714 1257 5752 a
1282 5698 1407 5769 jure
1439 5708 1494 5755 et
1526 5702 1775 5762 dominio

142 5788 196 5836 et
218 5788 503 5854 potestate
526 5782 917 5855 episcOporum
966 5801 1216 5854 suorum,
1248 5790 1545 5859 electione,
1575 5809 1774 5853 conse-

1822 3178 1871 3245 C

1926 600 2183 656 Romanae
2206 602 2350 657 beati
2386 603 2527 658 Petri
2550 606 2784 674 apostoli
2815 607 3176 676 separaverit,
3211 607 3295 661 vel
3326 607 3544 662 aliena-

1923 692 2082 759 verit,
2133 702 2225 747 aut
2275 695 2318 748 si
2378 696 2447 749 de
2503 695 2762 751 omnibus
2810 714 2931 767 qua:
2986 714 3017 751 a
3078 705 3269 753 sancta
3298 698 3543 753 Romana

1926 780 2164 835 Ecclesia
2192 781 2301 835 sibi
2324 790 2452 837 sunt
2480 783 2604 837 data
2638 790 2690 837 et
2717 785 2913 838 tradita
2944 785 3258 840 diminuere
3300 786 3387 840 vel
3420 802 3540 841 mo-

1921 871 2117 926 lestare
2143 871 2379 927 tentabit
2409 871 2519 927 ullo
2577 873 2762 938 modo,
2810 875 2895 929 vel
2939 875 3163 948 ingenio
3204 892 3450 946 unquam
3484 877 3538 931 in

1920 963 2107 1033 aliquo
2135 970 2381 1032 tempore
2427 964 2791 1018 anathematis
2840 965 3059 1020 vinculo
3117 983 3147 1020 a
3180 974 3333 1037 parte
3363 968 3545 1022 omni-

1921 1052 2160 1122 potentis
2192 1052 2307 1118 Dei,
2367 1060 2420 1107 et
2459 1054 2633 1107 beatae
2664 1054 2893 1128 virginis
2924 1054 3124 1117 Marize,
3156 1062 3209 1109 et
3250 1056 3539 1110 beatorum

1921 1140 2294 1208 apostolorum
2326 1141 2473 1194 Petri
2512 1148 2565 1195 ct
2618 1141 2792 1209 Pauli,
2827 1150 2881 1197 et
2907 1142 3149 1196 omnium
3200 1150 3541 1209 sanctorum,

1922 1237 1977 1284 et
2009 1239 2191 1285 nostra
2249 1240 2511 1302 perpetuo
2566 1235 2874 1307 alligamus,
2938 1236 3023 1288 cui
3070 1250 3264 1289 omnes
3308 1236 3399 1305 qui
3445 1237 3543 1290 ad-

1921 1329 2077 1373 erant
2109 1320 2183 1373 ibi
2219 1322 2620 1391 responderunt
2650 1323 2901 1377 dicentes
2930 1342 2941 1376 :
2977 1324 3108 1387 Fiat,
3140 1322 3251 1377 ﬁat.
3298 1328 3537 1387 Quorum

1922 1408 2147 1462 nomina
2197 1416 2325 1462 sunt
2386 1409 2475 1464 hic
2500 1410 2554 1463 in
2601 1420 2754 1480 parte
2800 1411 3095 1482 descripta,
3130 1412 3185 1465 id
3217 1413 3382 1466 estin
3416 1413 3535 1483 pri-

1922 1498 2060 1553 mis:

1994 1589 2255 1643 Martinus
2300 1590 2598 1660 episcOpus
2623 1600 2825 1645 sanctae
2872 1592 3209 1646 Sutriuensis
3260 1593 3535 1659 Ecclesiae,

1992 1681 2153 1736 Wido
2178 1682 2470 1752 epiSCOpus
2492 1691 2692 1737 sanctae
2711 1684 3022 1743 Serseuatis
3054 1685 3329 1739 Ecclesiae.

1992 1769 2549 1840 Joannesepiscopus
2571 1780 2774 1826 sanctae
2801 1771 3170 1827 Corneliensis
3192 1772 3458 1827 Ecclesiaa.

1992 1863 2121 1917 Azio
2169 1863 2630 1932 protoscrinarius
2684 1871 2737 1917 et
2784 1864 3152 1934 apocrisarius
3181 1873 3384 1918 sanctae
3427 1864 3535 1919 Ro-

1918 1971 2090 2009 manae
2124 1956 2402 2011 Ecclesiae.

1984 2044 2227 2099 Joannes
2248 2045 2355 2098 dux
2386 2045 2541 2099 urbis
2562 2046 2770 2106 Romze.
2795 2046 2889 2116 qui
2922 2053 3144 2100 vocatur
3174 2044 3526 2099 Gambaruto.

1984 2136 2294 2205 Stephanus
2324 2136 2621 2191 iniculator
2648 2137 2805 2191 urbis
2822 2138 3021 2191 Romae.

1982 2229 2092 2283 Nec
2112 2246 2222 2285 non
2255 2231 2455 2285 Paulus
2483 2232 2758 2305 gloriosus
2779 2232 2969 2298 judex.

1982 2319 2293 2393 Vigojudex
2324 2321 2707 2375 Fcrrariensis.

1979 2410 2170 2464 Petrus
2201 2411 2414 2466 dativus
2442 2412 2603 2467 istius
2635 2412 2872 2466 civitatis
2906 2413 3200 2466 Ravennae.

1977 2501 2220 2556 Joannes
2249 2503 2465 2557 dativus
2481 2504 2865 2558 Fcrrariensis.

1978 2589 2085 2644 Leo
2113 2590 2329 2645 dativus
2347 2591 2415 2645 de
2447 2591 2666 2646 civitate
2707 2592 2987 2647 Faventia.

1977 2682 2169 2737 Petrus
2196 2693 2250 2737 et
2272 2683 2586 2754 Stephanus
2615 2683 2780 2738 dativi
2813 2685 3022 2738 Ferrar.

1977 2777 2169 2831 Petrus
2200 2794 2405 2833 comes.

1976 2869 2270 2938 Garardus,
2303 2881 2361 2926 et
2391 2872 2650 2927 Hirardus
2677 2873 2744 2926 de
2774 2872 3093 2927 comitibus.

1974 2966 2292 3029 Arderatus,
2327 2975 2381 3021 et
2413 2967 2739 3023 Rambertus
2760 2967 3007 3042 germani
3035 2966 3328 3021 comitibus

1971 3054 2216 3109 Joannes
2247 3056 2355 3109 dux
2387 3056 2457 3110 de
2479 3057 2727 3112 Romano

1967 3150 2210 3204 Joannes
2241 3156 2296 3203 et
2326 3151 2626 3204 Almericus
2654 3148 2902 3222 germani
2930 3147 3027 3200 filii
3057 3149 3138 3201 sui

1969 3238 2168 3290 Paulus
2199 3246 2253 3291 et
2282 3237 2477 3291 Petrus
2503 3238 2742 3292 ducibus
2772 3240 3103 3294 l‘ravesaria.

1966 3329 2157 3382 Petrus
2190 3326 2335 3381 ﬁlius
2364 3328 2471 3397 ipsi
2495 3328 2667 3382 Pauli.

1969 3420 2304 3475 Romualdus
2344 3420 2473 3474 dux.

1968 3509 2168 3563 Paulus
2193 3507 2340 3563 ﬁlius
2370 3508 2667 3563 Vitabiani.

1965 3602 2208 3657 Joannes
2229 3600 2421 3655 consul
2443 3608 2496 3655 et
2526 3601 2810 3671 patricius.

1969 3695 2231 3750 Heraldus
2264 3694 2410 3749 ﬁlius
2434 3693 2637 3749 Jaraldi
2660 3710 2723 3749 ex
2755 3710 2961 3767 genere
2994 3699 3221 3755 ducum.

1965 3790 2275 3844 Atelbertus
2303 3795 2358 3843 et
2378 3789 2601 3864 Sergius
2630 3791 2875 3861 germani
2910 3793 3144 3847 ducibus

1964 3882 2212 3936 Andreas
2242 3880 2386 3935 ﬁlius
2412 3881 2691 3951 quondam
2723 3883 2944 3937 amabil.
2983 3883 3200 3938 dativus

1964 3972 2266 4027 Deusdedit
2295 3972 2364 4026 de
2399 3973 2565 4026 Ponte
2597 3974 2863 4046 Augusto.

1966 4063 2205 4118 Gasirius
2232 4062 2376 4117 ﬁlius
2400 4062 2634 4119 Joannis
2664 4063 2910 4118 consulis

1957 4155 2146 4209 Vitalis
2171 4155 2241 4210 de
2263 4155 2440 4211 Liuto.

1956 4244 2199 4299 Joannes
2240 4251 2294 4297 et
2340 4244 2525 4299 Luicio
2576 4243 2847 4317 germani,
2914 4243 3013 4297 tilii
3041 4244 3323 4313 quondam
3362 4245 3509 4300 Ana-

1887 4333 2037 4388 stasii
2072 4332 2335 4388 consulis.

1962 4426 2262 4482 Leotarius.

1960 4515 2154 4570 Petrus
2183 4516 2251 4569 de
2282 4514 2445 4570 Malo.

1958 4606 2255 4661 Mauricius
2284 4606 2458 4676 Spaza
2490 4605 2731 4661 inferno.

1959 4700 2147 4753 Vitalis
2177 4697 2326 4753 ﬁlius
2350 4698 2542 4755 Vitalis
2580 4699 2648 4752 de
2677 4696 2887 4753 Marino
3180 4747 3187 4755 .

2127 4792 2200 4842 De
2229 4788 2607 4841 tabellionibus
2636 4790 2817 4840 autem
2858 4788 2998 4841 cives
3027 4789 3264 4842 Ravenn.

1950 4877 2193 4933 Joannes
2224 4877 2419 4932 consul
2447 4877 2514 4930 de
2539 4875 2784 4943 tabellio,
2825 4875 2921 4946 qui
2948 4881 3173 4931 vocatur
3212 4875 3354 4930 Uter.

1953 4968 2531 5040 Stephanustabellio.

1951 5059 2269 5115 Dominicus
2300 5057 2543 5124 tabellio,
2573 5058 2942 5128 Appollinaris
2971 5057 3215 5123 tabellio,

1954 5152 2177 5227 Sergius
2204 5149 2448 5215 tabellio,

2344 5244 2417 5294 De
2463 5240 2802 5294 cmzcellarz’is
2833 5245 3031 5294 autem.

1954 5332 2140 5387 Vitalis
2163 5331 2525 5387 cancellarius

1954 5425 2216 5479 Martinus
2241 5422 2608 5478 cancellarius
2637 5430 2692 5477 et
2719 5438 2958 5477 sarsore.

1952 5515 2058 5569 Leo
2084 5515 2471 5569 cancellarius.

1951 5611 2136 5665 Sarius
2157 5611 2227 5664 de
2257 5610 2525 5664 Cisterno.

1950 5704 2268 5760 Dominicus
2316 5711 2372 5759 et
2424 5702 2739 5758 Bernardus
2793 5701 3119 5757 cancellarii
3176 5703 3249 5757 de
3298 5701 3497 5757 arbore

1877 5797 2164 5852 Gaudenti.
2189 5798 2284 5853 Isti
2318 5812 2514 5853 omnes
2533 5796 2602 5850 de
2630 5794 2852 5852 civitate
2871 5794 3181 5867 Ravenna.|
