3924 6406
407 411 515 468 959

1755 414 2026 470 JOANNIS
2067 415 2186 468 Xlll
2227 412 2416 468 ΡᾹΡᾹΞ

3657 409 3767 465 960

483 533 558 586 De
588 533 1032 588 Ferrariensibus
1083 542 1288 601 autem,
1323 536 1562 592 Joannes
1589 537 2035 610 archipresbyter
2065 541 2108 607 Α
2137 537 2282 611 regis
2312 537 2592 592 abbatissa
2621 535 2872 605 ejusdem
2913 534 3257 602 monasterii,
3286 543 3341 590 et
3371 533 3626 589 subditas
3665 534 3767 588 tibi

412 630 618 679 sanctae
649 625 1015 679 Ferrariensis
1046 626 1320 681 Ecclesiae.

485 713 784 783 Lopicinus
819 714 1261 769 archidiaconus.

488 802 681 855 Petrus
743 802 1046 872 presbyter,
1121 802 1391 878 Georgius
1467 806 1779 876 presbyter,
1835 807 2037 862 Bonizo

422 892 727 963 presbyter,
797 899 852 946 et
906 892 1276 962 primicerius,
1341 895 1586 950 Joannes
1643 897 2036 952 archisubdia-

421 984 564 1040 coni.

1086 1059 1162 1110 De
1183 1057 1343 1111 laicis

491 1167 597 1222 Leo
626 1166 696 1221 de
722 1168 940 1222 Andrea
965 1170 1178 1226 consul.

494 1259 731 1315 Refredo
772 1260 886 1315 filio
915 1262 1056 1329 ejus,
1092 1263 1200 1318 Leo
1231 1264 1447 1319 consul.

493 1352 789 1426 Gregorius
809 1353 876 1407 de
918 1355 1180 1424 Danielis,
1231 1364 1285 1410 et
1329 1357 1471 1412 alius
1500 1357 1798 1430 Gregorius
1823 1355 2037 1421 consul,

425 1447 614 1500 Petrus
637 1447 832 1502 consul
862 1447 1008 1503 filius
1043 1450 1240 1505 Leonis
1277 1452 1544 1516 consulis,
1579 1451 1867 1506 Anselmus
1904 1466 2042 1506 con-

421 1536 503 1589 sul
535 1535 680 1590 iilius
711 1537 1054 1600 Raimbaldo,
1091 1540 1293 1596 Paulus
1345 1542 1559 1607 consul,
1592 1542 1686 1613 qui
1715 1548 1942 1596 vocatur
1971 1543 2039 1595 de

425 1626 691 1692 Nastasia,
719 1628 962 1683 Joannes
993 1632 1087 1701 qui
1115 1639 1340 1687 vocatur
1393 1634 1462 1688 de
1485 1633 1744 1688 Cristinia
1769 1651 1782 1697 ;
1815 1643 1870 1689 et
1900 1633 2042 1688 alio—

426 1730 542 1768 rum
578 1715 865 1769 hominum
895 1718 1210 1787 multitudo,
1236 1737 1468 1792 quorum
1501 1722 1729 1778 nomina
1749 1730 1897 1778 esset
1926 1723 2042 1779 lon-

424 1818 552 1873 gum
587 1803 656 1856 ad
688 1804 1065 1860 scribendum.

1208 1917 1263 1972 V.

431 2020 656 2060 JOANNIS
687 2023 838 2060 ΡΛΡᾸΞ
886 2024 981 2062 ΧΗ]
1015 2025 1184 2062 BULLA
1221 2027 1288 2063 AD
1349 2027 1663 2068 GEBBERGAM
1720 2030 2045 2070 ABBATISSAM

959 2096 1024 2134 GA
1033 2097 1062 2133 Ν
1071 2097 1286 2134 DERSBEI
1295 2098 1505 2136 MENSEM

1072 2174 1244 2242 (Anno
1270 2175 1420 2246 968.)

435 2263 992 2340 AbAOttonemajore
1029 2271 1077 2319 et
1123 2269 1332 2340 minore
1371 2273 1614 2336 rogatus,
1667 2273 2052 2340 parthe-nonem

507 2334 1350 2415 G_auder_shcimensemtuendum
1371 2334 1607 2410 suscipit»
1621 2334 1685 2396 ρι’
1698 2344 1815 2412 ejus
1839 2359 2053 2412 posses-

503 2411 677 2466 siones
698 2411 937 2476 juraque
963 2411 1262 2476 conﬁrmat.

582 2497 755 2567 [Apud
786 2498 978 2563 MANSI,
1015 2502 1238 2568 Concil.,
1273 2511 1402 2558 tom.
1434 2503 1618 2570 XVIII,
1649 2507 1754 2561 col.
1783 2506 1930 2576 529.]

506 2600 749 2656 Joannes
779 2603 1097 2675 episcopus,
1138 2623 1331 2663 servus
1381 2626 1665 2666 servorum
1699 2614 1814 2677 Dei,
1845 2614 2056 2668 meritis

439 2695 493 2740 et
531 2690 820 2761 sanguinis
874 2692 1122 2747 claritate
1173 2698 1442 2763 rutilanti,
1484 2699 1863 2756 dilectissimae
1896 2703 2056 2756 nobis

442 2778 496 2830 in
531 2779 744 2835 Christo
762 2781 889 2836 tilia:
922 2783 1239 2852 GEHBERGE,
1271 2791 1577 2844 venerabili
1609 2792 1901 2847 abbatissae
1941 2809 2060 2849 mo-

442 2875 667 2927 nasterii
695 2883 1008 2931 sanctorum
1068 2883 1448 2939 confessorum
1504 2887 1810 2942 Innocentii
1838 2898 1892 2944 et
1917 2891 2061 2944 Ana-

444 2962 617 3026 stasii,
651 2966 797 3034 quod
831 2967 1223 3026 Gandersheim
1280 2983 1646 3045 nuncupatur,
1680 2984 1842 3048 atque
1874 2987 2059 3048 poste-

449 3054 524 3107 ris
571 3056 687 3148 suis
747 3058 800 3111 in
846 3071 1163 3131 perpetuam
1223 3068 1455 3122 salutem
1499 3070 2059 3148 benedictionemque

449 3145 828 3212 apostolicam.

521 3236 570 3287 Si
608 3236 713 3305 piis
767 3240 906 3293 votis
955 3258 1018 3296 ac
1075 3244 1330 3313 petitioni
1382 3263 1667 3303 assensum
1729 3253 2060 3321 praebemus,

448 3325 815 3424 omnipotenti
871 3330 980 3385 Deo
1005 3347 1105 3385 nos
1137 3335 1354 3403 placere
1385 3337 1683 3393 credimus.
1721 3341 2065 3412 QuaprOpter

449 3423 720 3500 universis
749 3427 952 3473 sanctae
985 3423 1271 3478 catholicae
1321 3426 1578 3482 Ecclesiae
1609 3428 1758 3495 filiis,
1787 3432 2065 3500 presenti-

450 3499 554 3554 bus
578 3507 632 3554 et
650 3501 868 3570 futuris,
897 3514 1084 3561 notum
1119 3526 1240 3565 esse
1279 3514 1534 3569 volumus
1577 3519 1727 3588 quod
1762 3499 1817 3571 in
1851 3519 2062 3590 synodo

448 3607 570 3689 quae
598 3595 744 3663 apud
777 3611 976 3689 corpus
1004 3601 1302 3658 beatissimi
1334 3607 1476 3662 Petri
1509 3612 1886 3679 apostolorum
1917 3611 2067 3682 prin-

451 3686 592 3749 cipis
619 3690 736 3736 acta
765 3693 848 3738 est
879 3686 935 3739 in
962 3705 1152 3744 mense
1185 3694 1527 3764 Decembris,
1546 3708 1600 3752 et
1634 3699 1936 3755 indictione
1963 3717 2065 3755 un-

451 3767 686 3836 decima,
719 3775 984 3830 amabiles
1010 3778 1122 3834 Deo
1153 3796 1217 3835 ac
1244 3783 1557 3852 spirituales
1595 3785 1695 3840 filii
1729 3789 1922 3855 nostri,
1948 3789 2067 3844 Otto

455 3861 630 3928 major
653 3873 713 3957 et
740 3865 940 3933 minor,
996 3873 1364 3930 serenisssimi
1415 3878 1777 3949 imperatores
1817 3883 2066 3957 Augusti,

455 3954 811 4021 apostolicam
843 3963 1228 4028 paternitatem
1295 3978 1532 4024 nostram
1591 3972 1869 4029 humiliter
1896 3954 2068 4031 obse-

457 4059 609 4098 crare
640 4046 850 4118 dignati
898 4063 1048 4117 sunt,
1105 4072 1288 4112 coram
1320 4062 1752 4135 archiepiSCOpis
1781 4068 2071 4136 etepisco-

462 4137 569 4236 pis,
616 4137 872 4194 videlicet
916 4143 1118 4199 ltalicis
1150 4155 1205 4202 et
1247 4150 1689 4220 ultramontanis,
1724 4172 1954 4213 numero
1985 4159 2081 4213 tri-

459 4235 610 4299 ginta
640 4237 694 4283 et
724 4247 842 4297 sex,
867 4242 1142 4303 quatenus
1173 4241 1456 4308 praefatum
1490 4249 1888 4303 monasterium
1940 4251 2084 4305 Gan-

459 4319 721 4418 derseim,
763 4326 911 4393 quod
943 4337 1156 4385 constat
1177 4348 1301 4387 esse
1345 4335 1446 4388 sub
1480 4343 1585 4391 tuae
1626 4338 1908 4395 tiliationis
1939 4345 2085 4418 regi-

460 4413 610 4467 mine
641 4416 806 4471 situm
839 4419 891 4472 in
925 4438 1093 4493 regno
1110 4425 1382 4483 citerioris
1407 4432 1655 4488 Saxoniie
1685 4436 1753 4489 ad
1817 4413 2082 4494 honorem

461 4507 846 4573 praedictorum
876 4514 1254 4572 confessorum
1285 4521 1482 4577 Christi
1515 4526 1824 4583 Innocentii
1856 4538 1910 4585 et
1936 4533 2081 4586 Ana-

460 4596 634 4691 stasii,
680 4603 1020 4658 auctoritatis
1071 4616 1273 4665 nostra
1306 4615 1570 4683 praesidio
1624 4620 1992 4691 muniremus,
2024 4634 2079 4680 et

461 4688 1089 4785 subtuitioncjureque
1127 4711 1330 4759 sanctae
1375 4708 1524 4762 sedis
1571 4713 1888 4780 apostolicae
1944 4688 2074 4785 per-

464 4781 632 4876 petim
691 4781 1124 4876 susciperemus.
1188 4791 1428 4856 Quorum
1505 4797 1612 4867 piis
1666 4781 2079 4875 congaudentes

465 4871 826 4963 petitionibus
855 4875 1018 4932 alacri
1069 4892 1252 4937 mente
1292 4885 1346 4938 id
1382 4886 1498 4942 fieri
1534 4871 1903 4962 decrevimus,
1937 4913 2080 4966 prae-

465 4964 736 5059 cipientes
791 4976 854 5015 ex
923 4979 1006 5031 ea,
1050 4984 1158 5038 qua
1190 4971 1306 5025 vice
1354 4975 1614 5050 clavigeri
1645 4983 1890 5037 crelestis
1919 4964 2077 5059 regni

466 5043 743 5115 fulcimur,
789 5056 1140 5126 auctoritate,
1174 5069 1232 5115 ut
1271 5043 1729 5134 praenominatum
1762 5043 2078 5134 venerabile

465 5139 780 5196 coenobium
841 5162 1005 5204 nemo
1062 5168 1306 5224 unquam
1367 5161 1712 5219 szecularium
1772 5169 2077 5238 possideat,

465 5249 650 5304 neque
678 5240 1085 5337 ef-decimiset
1116 5253 1564 5318 possessionibus
1608 5261 1855 5329 ejusdem
1913 5267 2076 5337 quid-

464 5340 627 5394 quam
670 5329 777 5382 sibi
809 5333 1012 5406 aliquis
1075 5351 1326 5413 usurpet,
1360 5362 1468 5402 non
1519 5366 1633 5419 rex,
1666 5369 1776 5409 non
1807 5329 2076 5426 marchio,

467 5427 813 5519 nonicomes,
849 5439 959 5478 non
1016 5427 1332 5501 episcOpus,
1386 5453 1489 5492 nec
1536 5442 1770 5511 quilibet
1824 5446 2081 5519 princeps

467 5516 793 5594 quacunque
835 5519 1102 5580 potestate
1157 5524 1439 5592 praeditus,
1494 5531 1599 5585 nisi
1632 5531 1771 5589 forte
1802 5538 1994 5591 tuendi
2017 5516 2080 5594 ac

469 5593 808 5704 defendendi
866 5622 1056 5704 causa,
1089 5621 1142 5667 et
1173 5617 1278 5672 hoc
1328 5625 1548 5678 nonnisi
1571 5635 1664 5681 tua
1691 5639 1746 5684 et
1785 5631 1923 5698 ejus,
1956 5651 2080 5704 quae

472 5696 572 5749 pro
605 5690 850 5784 tempore
881 5697 1151 5767 regularis
1207 5705 1394 5777 fuerit,
1445 5713 1741 5784 abbatissa,
1773 5690 2081 5781 sdbria-fiat

478 5773 861 5842 permissiorie.
910 5784 1039 5840 Esto
1093 5790 1262 5864 igitur
1307 5773 1388 5854 ad
1431 5803 1654 5864 laudem
1681 5773 2081 5884 canities};

2069 1855 2120 1922 Β

2137 640 2353 680 sorores
2381 625 2451 680 ad
2490 625 2732 679 cmlestis
2783 625 2974 695 patriae
3002 623 3207 698 gaudia
3255 623 3569 694 expetenda
3601 622 3765 676 insti-

2138 733 2266 790 gare
2295 715 2554 786 prudenti
2586 713 2906 788 magisterio
2964 730 3074 769 non
3140 720 3338 768 cesset.
3403 713 3484 767 Sit
3539 728 3765 782 semper

2138 807 2347 861 eisdem
2378 806 2660 861 sororibus
2708 805 2937 860 facultas
2962 806 3077 858 sive
3132 805 3356 858 licentia
3391 820 3458 857 ex
3513 804 3633 874 ipsa
3671 819 3769 856 sua

2140 894 2570 969 congregatione
2598 900 2723 964 post
2753 893 2965 948 obitum
2993 893 3283 947 abbatissa
3315 893 3474 946 aliam
3510 892 3618 945 sibi
3653 908 3770 944 ma-

2140 991 2299 1047 trem,
2347 981 2654 1035 secundnm
2735 981 2982 1054 regulam
3059 996 3237 1046 suam,
3296 979 3659 1042 substituere,
3719 985 3772 1032 et

2141 1091 2306 1146 quam
2335 1073 2645 1148 digniorem
2681 1072 2922 1127 viderint
2976 1071 3092 1142 pari
3120 1072 3311 1126 animo
3341 1081 3396 1125 et
3434 1086 3720 1126 consensu
3755 1087 3768 1122 :

2143 1164 2381 1218 habeant
2418 1169 2748 1234 potestatem
2799 1162 3023 1236 eligere.
3097 1158 3504 1215 Conﬁrmamus
3549 1175 3688 1214 vero
3721 1167 3774 1212 et

2142 1255 2568 1322 corroboramus
2599 1253 2702 1324 ipsi
2741 1260 2932 1308 sancto
2984 1253 3323 1308 monasterio
3353 1268 3550 1307 omnes
3581 1268 3676 1305 res
3720 1258 3772 1304 et

2142 1345 2527 1417 possessiones
2577 1344 2812 1399 mobiles
2837 1353 2893 1398 et
2944 1343 3282 1409 immobiles,
3316 1360 3454 1414 quas
3486 1359 3638 1397 nunc
3669 1342 3771 1394 ha-

2144 1438 2256 1502 bet,
2278 1445 2332 1491 et
2365 1437 2420 1490 in
2443 1443 2624 1500 antea,
2659 1436 2770 1490 Deo
2799 1435 3127 1505 Opitulante,
3162 1434 3369 1488 habere
3429 1433 3597 1487 debet
3628 1447 3773 1504 quo-

2144 1527 2278 1581 libet
2303 1526 2426 1592 jure
2456 1522 2860 1595 acquisitionis,
2894 1522 2966 1575 ita
3005 1531 3064 1576 ut
3112 1522 3333 1576 amodo‘
3393 1527 3448 1574 et
3503 1535 3687 1591 usque
3721 1521 3774 1573 in

2143 1617 2309 1672 finem
2358 1615 2560 1671 saecula
2609 1613 2978 1686 [saeculorum]
3037 1613 3268 1668 licenter
3321 1629 3416 1666 eas
3463 1619 3655 1666 teneat
3719 1620 3774 1666 et

2144 1707 2449 1780 possideat,
2482 1707 2731 1761 omnium
2765 1705 3052 1760 hominum
3109 1703 3553 1759 contradictione
3587 1717 3774 1757 remo-

2145 1809 2216 1856 ta.
2247 1801 2303 1854 Si
2335 1801 2462 1873 quis
2491 1808 2676 1855 autem
2707 1806 2898 1854 contra
2932 1797 3095 1866 hujus
3128 1797 3296 1853 nostri
3330 1796 3627 1869 apostolici
3658 1797 3775 1867 pri-

2147 1895 2333 1970 vilegii
2394 1893 2620 1948 tutelam
2679 1909 2846 1965 agere
2901 1892 3213 1956 tentaverit,
3263 1900 3318 1944 et
3365 1906 3430 1944 ex
3464 1891 3551 1944 his
3598 1906 3781 1962 quaea

2151 1984 2314 2040 nobis
2341 1985 2565 2038 decreta
2585 1991 2734 2049 sunt,
2768 1982 2953 2054 aliqua
2983 1987 3298 2053 pervertere
3332 1980 3554 2035 molitus
3584 1980 3776 2045 fuerit,

2150 2079 2300 2131 hunc
2333 2091 2460 2129 cum
2489 2073 2694 2129 auxilio
2757 2081 2963 2128 sanctae
3009 2080 3064 2128 et
3118 2072 3422 2126 individuae
3469 2070 3776 2134 Trinitatis,

2153 2171 2207 2218 et
2239 2164 2550 2217 interventu
2597 2162 2772 2216 beatae
2825 2161 3004 2216 Mariae
3061 2176 3283 2231 semper
3339 2159 3591 2234 virginis,
3653 2175 3774 2214 om-

2154 2256 2420 2325 niumque
2463 2260 2802 2318 sanctorum,
2830 2269 2894 2307 ex
2935 2253 3258 2308 auctoritate
3288 2250 3596 2305 beatissimi
3633 2251 3776 2305 Petri

2155 2343 2529 2413 apostolorum
2569 2341 2843 2411 principis
2875 2357 2999 2395 cum
3044 2355 3277 2394 assensu
3332 2339 3779 2409 comprovincia-

2157 2434 2288 2488 lium
2323 2431 2666 2502 pontiiicum,
2721 2438 2776 2486 et
2829 2432 3076 2486 omnium
3119 2430 3285 2499 hujus
3341 2438 3541 2484 nostrae
3575 2439 3778 2485 sanctae

2156 2528 2307 2582 sedis
2337 2526 2809 2600 sufi‘raganeorum
2873 2526 3259 2596 episcoporum
3326 2526 3780 2580 excommunica-

2158 2636 2300 2684 mus,
2343 2625 2398 2673 et
2429 2635 2459 2672 a
2492 2617 2776 2671 liminibus
2806 2626 3010 2671 sanctae
3057 2617 3153 2670 Dei
3187 2615 3467 2680 Ecclesia,
3500 2617 3780 2671 omnium-

2159 2726 2265 2782 que
2319 2709 2754 2765 Christianorum
2808 2709 3071 2764 societate
3122 2713 3446 2779 separantes
3482 2715 3779 2778 perpetua-

2161 2804 2285 2857 liter
2313 2800 2862 2856 anathematizamus.

2231 2891 2505 2960 Scriptum
2569 2906 2666 2959 per
2719 2905 2915 2942 manus
2957 2888 3223 2958 Stephani
3253 2888 3530 2944 scriniarii
3566 2896 3774 2943 sancta)

2165 2985 2421 3038 Romanae
2454 2981 2729 3044 Ecclesiae,
2759 2981 2814 3034 in
2846 2995 3038 3034 mense
3069 2987 3123 3034 et
3155 2981 3459 3036 indictione
3493 2997 3668 3050 supra
3698 2980 3781 3033 di-

2161 3082 2247 3127 cta
2276 3073 2569 3127 undecima
2627 3071 2769 3124 Bene
2819 3070 3016 3123 valete.
3064 3070 3182 3124 Dat.
3243 3069 3637 3125 Kal.Januarii
3683 3085 3776 3140 per

2089 3175 2356 3240 Cmanus
2411 3160 2662 3214 Widonis
2715 3158 2965 3229 episcopi
3011 3164 3216 3212 sanctae
3276 3158 3449 3228 Sylva;
3523 3158 3780 3212 Candida:

2166 3252 2445 3317 Ecclesiae,
2475 3260 2529 3306 et
2557 3248 2962 3304 bibliothecarii
3002 3254 3207 3303 sanctae
3255 3249 3407 3302 sedis
3444 3250 3782 3319 apostolicae,

2165 3360 2331 3409 anno,
2385 3345 2492 3397 Deo
2546 3341 2809 3412 propitio,
2879 3338 3232 3410 pontificatus
3289 3340 3502 3394 domini
3560 3339 3786 3394 Joannis

2166 3435 2366 3491 summi
2397 3433 2677 3505 pontiﬁcis
2731 3439 2785 3487 et
2833 3431 3163 3486 universalis
3193 3431 3335 3485 tertii
3392 3431 3598 3486 decimi
3641 3447 3785 3502 papa:

2169 3524 2223 3577 in
2277 3523 2650 3578 sacratissima
2691 3522 2826 3574 sede
2907 3519 3053 3574 beati
3108 3519 3250 3573 Petri
3305 3519 3542 3589 apostoli
3603 3519 3778 3582 tertio,

2168 3613 2563 3686 imperatoribu
2641 3611 3010 3666 serenissimis
3053 3609 3292 3664 dominis
3349 3610 3549 3664 Ottone
3582 3610 3782 3677 majore

2169 3717 2224 3764 et
2275 3709 2509 3762 minore.
2567 3707 2726 3760 Anno
2782 3704 2996 3774 imperii
3049 3704 3275 3770 majoris
3323 3711 3498 3767 sexto,
3559 3703 3782 3759 minoris

2171 3818 2300 3858 vero
2333 3802 2530 3874 primo.
2568 3802 2625 3854 ln
2657 3815 2848 3855 mense
2881 3806 2935 3854 et
2957 3798 3263 3853 indictione
3291 3797 3593 3853 undecima

2940 3907 3025 3960 Vl.

2169 4018 2392 4058 JOANNIS
2415 4017 2564 4055 ΡΛΡᾹΞ
2591 4015 2686 4053 Χιιι
2729 4014 2895 4052 BULLA
2939 4011 3039 4050 PRO
3068 4011 3405 4052 MONASTERIO
3448 4012 3493 4051 S.
3540 4011 3782 4050 ΜΔΧΙΜῙΝΙ

2817 4083 3145 4123 TREVIRENSI.

2813 4162 2990 4231 (Anno
3019 4159 3166 4228 968.)

2472 4252 2648 4323 [Apud
2673 4251 2866 4316 Massr,
2888 4251 2982 4304 ubi
3008 4265 3196 4318 supra,
3230 4249 3335 4303 col.
3363 4247 3511 4318 531.]

2254 4371 2490 4425 Joannes
2521 4368 2838 4437 epiSCOpus,
2870 4381 3067 4420 servus
3094 4379 3380 4420 servorum
3410 4364 3529 4431 Dei,
3573 4379 3788 4419 venera-

2187 4465 2282 4518 bili
2317 4463 2524 4526 abbati,
2558 4461 2783 4516 amabili
2812 4459 2976 4514 nobis
3014 4459 3070 4512 in
3100 4457 3313 4513 Christo
3344 4457 3786 4514 tilioTnEirriuno

2101 4575 2156 4642 Β
2182 4555 2543 4627 apostolicam
2571 4552 3017 4608 benedictionem
3036 4560 3090 4605 et
3117 4550 3370 4605 salutem.

2251 4646 2511 4721 Congruit
2567 4645 2871 4716 apostolico
2930 4641 3315 4708 moderamini,
3385 4642 3477 4712 pia
3521 4642 3781 4713 religione

2181 4734 2524 4805 pollentibus
2574 4733 2842 4787 benevola
2888 4731 3272 4802 compassione
3327 4746 3676 4794 succurrere,
3742 4732 3788 4780 et

2179 4824 2524 4893 poscentium
2555 4821 2756 4876 animis
2793 4820 2957 4874 alacri
3009 4819 3304 4873 devotione
3358 4818 3646 4887 impartire
3704 4832 3779 4869 as-

2178 4929 2399 4968 sensum
2435 4932 2449 4980 ;
2480 4930 2545 4969 ex
2575 4915 2678 4968 hoc
2701 4911 2846 4967 enim
2876 4911 3014 4966 lucri
3074 4910 3418 4980 potissimum
3451 4925 3483 4963 a
3514 4908 3781 4963 conditore

2180 5003 2427 5058 omnium
2460 5004 2571 5056 Deo
2602 5000 2794 5072 procul
2817 4998 2990 5053 dubio
3029 5005 3436 5067 promerentur,
3471 4995 3602 5048 dum
3635 5007 3783 5048 vene.

2181 5096 2379 5152 rabilia
2413 5095 2532 5148 loca
2561 5100 2876 5163 Opportune
2905 5090 3161 5144 ordinata
3186 5088 3256 5142 ad
3284 5088 3569 5142 meliorem
3595 5084 3781 5139 fuerint

2180 5197 2381 5245 statum
2416 5188 2661 5243 reducta.
2698 5186 2866 5256 [gitur
2918 5183 3047 5255 quia
3081 5181 3410 5252 religiositas
3451 5188 3544 5233 tua
3576 5177 3706 5250 petit
3732 5181 3780 5228 ut

2182 5279 2517 5336 monasterio
2573 5286 2686 5340 luo,
2757 5275 2902 5347 quod
2966 5275 3022 5327 in
3091 5271 3360 5327 subnrbio
3400 5268 3702 5325 Trevirensi
3734 5267 3776 5318 in

2183 5371 2450 5425 honorem
2497 5364 2801 5420 beatissimi
2857 5361 3192 5418 confessoris
3251 5359 3448 5413 Christi
3516 5353 3770 5412 Maximini

2182 5462 2556 5512 constructum
2605 5469 2725 5508 esse
2785 5451 3154 5526 dignoscitur,
3216 5449 3287 5504 ob
3356 5445 3769 5503 conservandam

2181 5547 2281 5602 filii
2308 5555 2473 5618 atque
2505 5546 2764 5601 fratribus
2784 5545 2867 5599 vel
2899 5540 3310 5598 successoribus
3328 5541 3442 5594 suis
3474 5538 3770 5594 monastica!

2181 5635 2594 5706 tranquillitatis
2671 5649 2918 5688 normam
2972 5638 3177 5685 sancta:
3213 5629 3528 5700 apostolicae
3579 5634 3774 5684 nostra,

2181 5728 2268 5783 cui
2301 5734 2524 5783 auctore
2558 5728 2670 5782 Deo
2715 5725 3098 5797 praesidemus,
3163 5722 3419 5779 Ecclesiae
3449 5718 3773 5793 privilegium

2181 5819 2578 5884 concedamus,
2605 5823 2713 5873 tua
2760 5816 3010 5887 petitioni
3052 5815 3325 5872 benevola
3377 5812 3680 5869 intentione
3701 5822 3772 5862 as-
