3924 6424
164 424 266 480 961

1445 421 1776 476 EPISTOLAS
1822 376 2256 478 ET'DECRETA.

3413 433 3518 487 962

166 572 395 611 sensum
446 554 866 610 accommodare
896 553 1229 619 curavimus,
1253 553 1621 608 decernentes
1665 567 1795 622 apo-
1824 551 2132 621 Aecclesia
2165 552 2221 605 Β.
2266 552 2408 607 Petri
2461 555 2730 626 principis
2778 557 3176 627 apostolorum,
3224 559 3519 615 assidenti-

167 646 379 700 stolica:
423 642 771 698 auctoritatis
829 651 1130 712 praecepto,
1181 649 1240 696 ut
1295 641 1652 714 congregatio
1685 641 1794 693 Deo

166 740 478 803 sanctoque
533 730 829 784 Maximino
889 729 1149 803 religiose
1200 729 1543 792 deserviens,
1574 727 1735 780 sicuti
1766 743 1796 780 a

171 820 506 876 charissimo
562 819 677 874 filio
710 826 899 874 nostro
951 818 1168 881 Ottone,
1214 817 1542 888 caaterisque
1571 816 1798 890 regibus

173 911 612 982 imperatoribus
669 910 997 965 Francorum
1064 925 1386 964 concessum
1434 918 1537 974 est,
1570 909 1796 961 liberam

172 1003 448 1072 deinceps
476 1000 722 1055 habeant
752 1006 1084 1070 potestatem
1130 998 1352 1052 creandi
1396 997 1536 1051 inter
1551 1013 1610 1050 se
1633 1012 1798 1066 quem

173 1096 489 1151 secundum
521 1095 693 1148 Deum
721 1092 828 1146 sibi
855 1092 1113 1146 abbatem
1163 1091 1454 1165 elegerint,
1489 1106 1592 1143 nec
1619 1089 1802 1159 aliqua

172 1189 484 1258 cujuslibet
502 1187 790 1259 dignitatis
818 1201 1054 1256 persona
1078 1184 1218 1239 infra
1244 1185 1660 1248 monasterium,
1695 1182 1800 1235 nisi

173 1299 208 1336 a
235 1288 292 1335 te
325 1279 504 1335 aliove
537 1278 740 1332 abbate
761 1291 1082 1332 successore
1112 1285 1207 1330 tuo
1237 1282 1484 1340 vocatus,
1532 1271 1802 1344 quidquid

175 1387 283 1444 pro
311 1386 414 1426 suo
460 1370 616 1424 libitu
671 1368 929 1424 ordinare
982 1372 1068 1421 vel
1130 1377 1338 1421 temere
1369 1381 1629 1420 exercere
1661 1379 1804 1434 prae-

175 1469 384 1514 sumat.
435 1459 704 1512 Praeterea
761 1456 1063 1526 apostolica
1094 1463 1277 1510 nostra
1318 1453 1644 1508 auctoritate
1675 1467 1802 1506 om-

177 1551 432 1606 nimodis
453 1549 839 1604 interdicimus
893 1563 962 1602 ne
1015 1547 1103 1601 cui
1147 1562 1390 1617 unquam
1441 1545 1694 1599 Ecclesiae
1725 1544 1809 1597 vel

176 1641 307 1696 sedi
338 1638 690 1704 concamhio,
747 1637 832 1691 vel
881 1636 989 1691 alio
1020 1636 1206 1706 aliquo
1256 1635 1480 1706 negotio
1520 1634 1811 1698 subdatur,

179 1733 287 1788 sed
321 1730 416 1786 tali
468 1730 728 1785 libertate
773 1735 828 1782 et
876 1727 1248 1792 immunitate,
1299 1727 1441 1780 sicut
1494 1725 1814 1779 Prumiense

184 1823 597 1880 monasterium
644 1829 956 1891 caeteraque
999 1819 1118 1874 loca
1163 1818 1389 1893 regalia,
1447 1815 1717 1871 inoffense
1763 1821 1817 1870 et

185 1911 594 1985 perpetualiter
617 1927 843 1981 semper
871 1909 1100 1965 fruatur.
1135 1911 1256 1980 lpse
1300 1918 1482 1963 autem
1517 1909 1670 1963 locus
1692 1921 1809 1960 mo-

186 2001 423 2056 nasterii
455 1999 778 2070 perenniter
842 1998 947 2052 sub
1013 1997 1415 2052 mundiburdio
1474 2011 1666 2069 regum
1725 1995 1811 2047 vel

187 2093 592 2163 imperatorum
623 2090 886 2152 filiorum,
915 2090 1126 2144 scilicet
1151 2097 1356 2144 sanctae
1409 2089 1666 2142 Romana:
1713 2087 1813 2140 Ec-

182 2182 376 2238 clesiae
394 2187 672 2252 praacepto
726 2179 1031 2250 apostolico
1084 2179 1346 2245 jubemus
1395 2183 1454 2230 ut
1495 2185 1814 2247 permaneat

185 2271 331 2325 nulli
363 2286 608 2341 unquam
641 2284 892 2339 personae
924 2266 1331 2331 beneficiarius,
1365 2266 1814 2321 autinvadendus

185 2370 402 2433 pateat,
444 2361 543 2415 sed
591 2359 662 2414 ad
713 2375 845 2413 usus
891 2365 945 2412 et
1000 2357 1455 2428 tranquillitatem
1513 2356 1815 2410 monacho-

183 2470 310 2509 rum
360 2454 435 2508 ibi
489 2452 596 2507 sub
654 2451 842 2524 regula
883 2451 938 2504 S.
987 2449 1272 2504 Benedicti
1301 2449 1412 2502 Deo
1461 2448 1815 2501 militantium

185 2546 403 2616 absque
458 2544 628 2598 ullius
679 2541 1117 2598 contradictione
1185 2540 1426 2594 libenter
1480 2546 1819 2609 permaneat.

189 2634 274 2688 Ad
325 2633 612 2688 cumulum
667 2647 893 2702 quoque
939 2630 1024 2684 vel
1078 2638 1436 2701 augmentum
1501 2629 1824 2692 monasticae

192 2721 623 2793 tranquillitatis
675 2721 989 2789 adjicimus,
1054 2736 1124 2773 ne
1169 2735 1277 2790 qua
1313 2719 1610 2787 cujuslibet
1639 2719 1826 2791 digni-

189 2813 326 2868 tatis
375 2826 617 2882 persona
646 2809 948 2881 quidquam
1002 2809 1088 2863 vel
1143 2808 1430 2861 minimum
1461 2807 1703 2861 alienare
1731 2807 1817 2860 vel

191 2903 456 2956 minuere
487 2901 557 2954 de
588 2900 757 2954 rebus
785 2898 1037 2953 ecclesiae
1093 2907 1410 2968 praesumat,
1470 2904 1577 2950 tam
1637 2913 1704 2949 ex
1735 2895 1821 2948 his

186 3009 321 3065 quae
372 2992 541 3046 modo
564 2990 898 3046 monasterio
928 2999 1023 3044 tuo
1053 2984 1252 3044 collata
1281 2998 1432 3053 sunt,
1462 3005 1625 3059 quam
1657 3005 1723 3042 ex
1740 2986 1824 3040 his

189 3101 322 3158 quae
355 3083 544 3139 caeteri
607 3083 802 3138 fideles
847 3083 904 3136 in
935 3083 1057 3136 dies
1103 3081 1353 3137 collaturi
1394 3091 1542 3136 sunt.
1600 3081 1655 3134 Si
1701 3080 1826 3151 quis

189 3184 406 3236 autem,
441 3173 589 3244 quod
622 3172 788 3237 absit,
849 3171 1060 3226 nefario
1122 3187 1256 3225 ausu
1313 3186 1651 3241 pricsumere
1710 3170 1827 3224 haec

191 3285 323 3341 quae
350 3285 383 3322 a
410 3267 575 3322 nobis
613 3267 680 3320 ad
722 3266 938 3320 laudem
973 3265 1069 3318 Dei
1098 3265 1498 3334 omnipotentis
1531 3281 1628 3334 pro
1661 3263 1832 3318 stabi-

193 3361 353 3416 litate
389 3360 502 3426 jam
559 3359 691 3413 dicti
735 3357 1068 3413 venerabilis
1129 3357 1369 3411 cmnobii
1426 3364 1628 3411 statuta
1683 3363 1831 3421 sunt,

195 3450 510 3521 infringere
562 3456 658 3504 aut
704 3449 760 3502 in
824 3463 1176 3520 quocumque
1194 3448 1402 3502 violare
1441 3448 1734 3515 studuerit,
1768 3464 1833 3502 ex

196 3542 532 3598 auctoritate
584 3542 680 3595 Dei
727 3541 1130 3611 omnipotentis
1185 3556 1284 3611 per
1334 3540 1703 3595 interventum
1773 3540 1829 3593 Β.

199 3633 349 3688 Petri
381 3631 759 3700 apostolorum
801 3629 1088 3699 principis,
1135 3631 1294 3696 cujus
1354 3629 1473 3683 vice
1532 3628 1832 3700 fungimur,

199 3734 260 3780 et
313 3730 514 3779 nostrae
571 3721 932 3777 humanitatis
978 3721 1299 3791 apostolicae
1353 3721 1831 3778 constitutionem.

199 3827 260 3872 et
280 3831 572 3870 assensum
609 3814 860 3870 omnium
919 3813 1495 3884 comprovincialium,
1563 3813 1680 3867 sive
1710 3811 1833 3866 suf-

200 3904 593 3977 fraganeorum
623 3902 1009 3972 episcoporum
1033 3899 1412 3956 anathematis
1442 3899 1662 3955 vinculo
1685 3899 1836 3954 inex-

203 3993 538 4050 tricabiliter
568 3992 903 4046 innodamus

281 4081 560 4152 Scriptum
618 4097 717 4151 per
775 4095 972 4134 manus
1009 4079 1276 4151 Stephani
1309 4079 1582 4135 scriniarii
1630 4086 1836 4134 sanctae

209 4172 474 4227 Romana:
529 4169 805 4225 Ecclesiaa.
850 4168 1072 4223 Lectum
1126 4169 1181 4222 in
1247 4169 1460 4238 synodo
1519 4168 1708 4223 Romae
1741 4169 1838 4222 ha-

210 4263 347 4328 bita,
387 4261 763 4316 assidentibus
789 4260 931 4314 divis
999 4259 1424 4319 imperatoribus
1475 4258 1673 4314 Ottone
1727 4258 1840 4313 Ma-

214 4368 360 4427 gno,
409 4351 636 4422 filioque
691 4351 813 4419 ejus
859 4350 1164 4420 aequivoco.
1220 4365 1389 4417 anno,
1443 4349 1662 4418 imperii
1724 4365 1841 4404 ma-

205 4442 359 4510 joris
405 4449 584 4508 sexto,
625 4440 867 4512 junioris
918 4439 1116 4510 primo.
1160 4439 1354 4493 Datum
1413 4455 1464 4492 iv
1514 4437 1696 4494 Nonas
1747 4437 1840 4494 Ja-

214 4534 430 4590 nuarii.

974 4623 1083 4678 νυ.

215 4735 394 4774 ΒυιιΑ
418 4733 638 4774 JOANNIS
679 4734 830 4772 PAPE
878 4734 972 4772 XIII
1017 4732 1121 4772 PRO
1171 4732 1510 4773 MONASTEBIO
1538 4735 1588 4774 Β.
1619 4733 1844 4774 JOANNIS

710 4805 1075 4844 EVANGELISTIE
1096 4806 1130 4842 Μ
1139 4805 1336 4844 ISNENSI
1349 4831 1362 4842 .

862 4882 1040 4950 (Anno
1066 4880 1216 4948 968.)

511 4989 686 5060 [Apud
715 4989 909 5055 Mausr,
932 4991 1030 5044 ubi
1052 5005 1245 5060 supra,
1277 4991 1383 5046 col.
1405 4990 1553 5061 532.]

293 5105 349 5160 Si
381 5119 606 5174 semper
665 5112 797 5159 sunt
827 5105 1186 5160 concedenda
1231 5121 1356 5178 quae
1411 5106 1519 5175 piis
1549 5106 1846 5161 desideriis

217 5201 562 5267 congruunt,
596 5200 802 5264 quanto
861 5194 1208 5264 potissimum
1258 5210 1380 5266 qum
1429 5195 1601 5249 divini
1665 5195 1847 5250 cultus

223 5281 600 5353 prcerogativa
632 5288 956 5348 noscuntur,
988 5297 1099 5337 non
1147 5291 1274 5336 sunt
1303 5283 1532 5338 omnino
1573 5285 1852 5357 abrogan-

224 5371 341 5435 da;
371 5385 496 5440 quae
527 5377 656 5424 sunt
705 5386 735 5423 a
781 5370 1136 5442 largitoribus
1181 5386 1290 5426 non
1320 5373 1499 5427 solum
1549 5375 1854 5442 poscenda,

224 5460 328 5515 sed
360 5459 411 5513 vi
435 5460 718 5515 charitatis
769 5461 960 5531 procul
1014 5461 1184 5517 dubio
1241 5463 1514 5537 exigenda
1575 5463 1602 5516 ?
1663 5465 1856 5519 Habita

227 5552 401 5624 igitur
443 5551 658 5622 synodo
733 5560 788 5607 et
845 5553 1141 5609 multorum
1186 5556 1585 5611 venerabilium
1636 5557 1854 5613 Patrum

226 5639 808 5711 coepisc0porumque
862 5650 1180 5697 nostrorum
1252 5652 1550 5712 conventu,
1601 5645 1857 5702 Romaein

307 5802 391 5877 g4)
414 5801 549 5858 Vide
589 5802 815 5876 Ducang
840 5803 1015 5860 Gloss.
1053 5805 1106 5858 in
1129 5806 1573 5877 Onercoupunga.

1897 639 2000 693 bus
2037 641 2440 713 angustissimis
2477 642 2670 713 imper.
2705 643 2993 699 Ottonibus
3041 646 3331 716 utrisque;
3375 665 3518 704 anno

1897 727 2107 781 scilicet
2138 729 2379 799 imperii,
2400 731 2624 799 majoris
2645 742 2821 798 sexto,
2854 733 3082 788 minoris
3113 735 3310 803 primo,
3344 736 3514 791 iidem

1898 820 2278 892 gloriosissimi
2332 823 2502 894 impp,
2577 825 2921 894 postularunt
2955 843 2986 879 a
3031 827 3190 881 nobis
3248 837 3522 899 quatenus

1902 913 2293 967 monasterium
2335 915 2482 985 quod
2531 932 2628 986 pro
2676 918 2922 972 remedio
2955 917 3260 972 animarum
3299 937 3520 975 suarum

1903 1005 2158 1074 primitus
2184 1009 2450 1069 construi,
2492 1017 2546 1063 et
2586 1009 2638 1062 in
2681 1009 2891 1064 honore
2925 1011 2959 1062 Β
3014 1010 3244 1065 Joannis
3272 1028 3519 1086 evange-

1903 1093 2042 1147 listaa
2073 1095 2381 1148 consecrari
2406 1095 2673 1162 fecerunt,
2705 1114 2873 1167 super
2906 1098 3082 1168 ripam
3117 1099 3383 1166 fluminis,
3431 1102 3519 1155 cui

1906 1181 2108 1235 nomen
2151 1190 2233 1235 est
2261 1183 2434 1248 Albia,
2463 1184 2516 1236 in
2543 1185 2764 1239 civitate
2781 1185 3022 1252 Missina,
3055 1187 3160 1241 sita
3189 1187 3446 1243 videlicet
3468 1189 3522 1243 in

1906 1269 2187 1338 provincia
2218 1287 2340 1341 quae
2371 1271 2572 1326 dicitur
2598 1272 2940 1340 Talemcnsc,
2973 1275 3059 1329 cui
3110 1275 3275 1328 etiam
3338 1292 3526 1331 mona-

1906 1361 2078 1416 sterio
2147 1362 2324 1416 virum
2384 1364 2783 1432 venerabilem,
2840 1367 3062 1420 nomine
3126 1367 3523 1438 Burchardum,

1909 1452 2214 1507 honorifice
2267 1455 2654 1524 praefecerunt,
2696 1457 3000 1529 privilegiis
3024 1460 3341 1528 apostolicae
3375 1462 3526 1515 sedis

1915 1540 2270 1595 decoraretur
2303 1551 2397 1606 ;ut
2443 1544 2546 1596 sub
2580 1545 2968 1611 jurisdictione
3010 1555 3212 1601 sancta:
3273 1548 3529 1602 Ecclesiae

1917 1642 2140 1695 nostrae,
2182 1633 2270 1687 cui
2302 1635 2413 1688 Deo
2445 1643 2668 1690 auclore
2724 1637 3105 1706 praesidemus,
3147 1640 3530 1706 constitutum,

1917 1723 2125 1777 nullius
2168 1724 2394 1778 alterius
2466 1726 2719 1781 Ecclesiae
2797 1728 3102 1782 ditionibus
3157 1730 3530 1785 submittatur.

1917 1814 2019 1868 Pro
2047 1831 2154 1885 qua
2203 1831 2259 1868 re
2309 1815 2415 1884 piis
2458 1815 2749 1870 desideriis
2800 1816 3048 1872 faventes
3069 1819 3168 1872 hac
3218 1828 3404 1873 nostra
3434 1837 3534 1874 au-

1914 1906 2164 1961 ctoritate
2197 1906 2250 1959 id
2297 1907 2445 1977 quod
2509 1909 2824 1978 exposcitur
2880 1908 3098 1963 effectui
3151 1911 3533 1981 mancipamus

1915 1998 2333 2068 interponentes
2365 2007 2546 2053 tamen
2571 2016 2635 2054 ea
2665 2016 2787 2071 qus
2815 2001 3016 2072 etlipsi
3053 2001 3333 2073 principes
3360 2003 3531 2057 nostri

1916 2089 2225 2144 innumeris
2273 2091 2576 2165 privilegiis
2604 2093 2833 2162 cupiunt
2864 2095 3088 2164 exponi,
3136 2102 3191 2149 et
3235 2095 3447 2149 cunctis
3475 2095 3531 2149 in

1915 2181 2125 2236 Christo
2175 2182 2435 2237 fidelibus
2482 2183 2765 2238 manifesta
2820 2185 2957 2239 fieri.
2989 2187 3133 2240 More
3184 2187 3535 2257 antiquorum

1915 2270 2088 2340 impp.
2118 2270 2173 2323 lii
2197 2271 2306 2325 duo
2362 2271 2745 2342 imperatores,
2784 2280 2940 2342 pater
2972 2282 3030 2327 et
3058 2273 3224 2337 filius,
3259 2274 3418 2328 nobis
3445 2291 3539 2328 as-

1915 2363 2185 2425 sidentes,
2215 2365 2475 2418 Misnensi
2509 2366 2854 2436 episcopatui
2907 2366 3200 2420 terminum
3264 2366 3540 2436 imposue-

1918 2466 2066 2525 runt,
2099 2460 2437 2514 nominando
2482 2460 2621 2514 fines
2648 2467 2701 2514 et
2745 2461 3238 2516 determinationes
3270 2461 3538 2525 locorum,

1924 2551 2066 2604 sicut
2088 2549 2231 2604 infra
2261 2558 2500 2605 tenetur.
2546 2551 2643 2604 Ubi
2674 2559 2838 2621 caput
2869 2559 2923 2605 et
2947 2550 3070 2605 fons
3101 2558 3186 2605 est
3209 2565 3387 2620 aquae,
3413 2566 3537 2620 qum

1925 2644 2128 2699 dicitur
2143 2644 2350 2699 Odera:
2387 2645 2516 2699 inde
2562 2645 2718 2716 quasi
2769 2654 2917 2699 recta
2963 2645 3050 2698 via
3080 2661 3256 2715 usque
3283 2644 3350 2697 ad
3374 2649 3540 2714 caput

1928 2736 2136 2800 Albiae;
2171 2737 2300 2790 inde
2333 2736 2590 2790 deorsum
2641 2737 2697 2789 in
2728 2736 3127 2791 occidentalem
3167 2743 3398 2805 partem,
3449 2734 3543 2787 ubi

1922 2823 2119 2879 divisio
2140 2825 2368 2878 duarum
2397 2824 2688 2896 regionum
2724 2833 2809 2878 est
2850 2825 3051 2878 Behem
3086 2831 3137 2878 et
3167 2823 3414 2878 Nisinen.
3451 2822 3553 2875 lbi—

1925 2913 2050 2966 dem
2081 2913 2224 2968 ultra
2254 2913 2490 2978 Albiam,
2537 2919 2590 2967 ct
2648 2929 2748 2984 per
2807 2907 2998 2966 silvani
3033 2913 3088 2965 in
3149 2911 3548 2967 occidentalem

1927 3011 2162 3075 partem,
2208 3020 2382 3075 usque
2413 3005 2481 3058 ad
2508 3011 2672 3074 caput
2724 3005 2925 3071 Mildaa,
2967 3011 3022 3058 et
3051 3004 3131 3058 sic
3172 3005 3427 3059 deorsum
3456 3018 3555 3072 per

1927 3095 2120 3149 ambas
2143 3095 2333 3168 plagas
2387 3095 2635 3162 ejusdem
2702 3094 2968 3160 ﬂuminis,
2998 3111 3174 3164 usque
3226 3096 3356 3148 dum
3384 3093 3548 3147 Milda

1883 3217 1901 3238 η
1930 3184 2095 3238 intrat
2119 3184 2172 3236 in
2207 3182 2417 3236 Albiam
2450 3185 2576 3248 (nec
2623 3198 2733 3237 non
2773 3183 2844 3237 ob
2903 3183 3006 3237 hoc
3055 3181 3372 3236 diximusin
3405 3181 3556 3235 occi-

1883 3260 1904 3285 λ
1935 3275 2140 3330 dentali
2174 3276 2356 3348 plaga,
2387 3275 2513 3344 quia
2545 3276 2732 3328 multa:
2771 3275 2913 3328 villa:
2964 3274 3242 3344 pertinent
3271 3273 3338 3327 ad
3360 3273 3552 3327 orien-

1936 3364 2072 3417 tales
2092 3362 2260 3416 urbes
2290 3361 2432 3416 infra
2467 3362 2724 3415 eumdem
2768 3362 3112 3432 terminum),
3145 3371 3199 3416 et
3224 3362 3304 3416 sic
3329 3377 3549 3416 sursum

1934 3463 1988 3510 et
2009 3455 2149 3508 ultra
2181 3453 2522 3524 provinciam
2554 3453 2743 3521 Nizizi,
2768 3454 2834 3508 ad
2861 3453 3044 3525 ipsum
3095 3454 3388 3508 terminum
3435 3453 3556 3508 sine

1936 3547 2127 3601 dubio.
2157 3545 2266 3600 Nec
2305 3560 2417 3599 non
2448 3545 2502 3598 in
2533 3545 2705 3598 altera
2726 3553 2879 3616 parte
2908 3545 3110 3611 Luzici;
3159 3554 3216 3601 et
3246 3545 3473 3616 Selpoli,
3506 3555 3564 3600 et

1936 3642 2014 3696 sic
2041 3657 2213 3712 usque
2244 3640 2313 3694 ad
2357 3640 2630 3695 civitatem
2662 3640 2904 3710 Sulpize,
2953 3642 3100 3695 illam
3128 3641 3390 3696 videlicet
3414 3640 3553 3695 infra

1936 3737 2192 3790 eumdem
2229 3735 2548 3800 terminum,
2600 3743 2652 3789 et
2704 3735 2834 3790 inde
2877 3736 2933 3788 in
2963 3752 3160 3806 aquam
3208 3752 3331 3806 quae
3359 3735 3560 3790 dicitur

1937 3827 2132 3890 Odera,
2184 3837 2239 3881 et
2293 3827 2374 3881 sic
2415 3826 2591 3882 Odera
2641 3843 2881 3890 sursum,
2923 3843 3098 3897 usque
3131 3828 3198 3880 ad
3227 3834 3390 3897 caput
3413 3828 3556 3894 ejus.

1937 3915 2139 3988 Omnes
2181 3931 2310 3968 vero
2342 3915 2808 3985 quemadmodum
2843 3914 2896 3968 hi
2934 3925 3236 3985 praesentes
3256 3915 3558 3985 imperato.

1939 4020 2026 4058 res
2047 4003 2302 4057 statuisse
2332 4002 2592 4068 fatentur,
2625 4003 2717 4073 qui
2761 4003 2900 4055 intra
2933 4003 3094 4056 istum
3133 4003 3428 4057 terminum
3463 4004 3560 4058 ha-

1939 4092 2136 4157 bitant,
2167 4092 2222 4145 in
2250 4091 2400 4146 omni
2433 4090 2708 4145 fertilitate
2749 4098 2928 4156 terrae,
2954 4090 3165 4165 frugum
3199 4098 3253 4145 et
3273 4091 3548 4160 pecudum

1940 4184 1997 4238 in
2019 4192 2251 4257 argento
2285 4190 2338 4237 et
2389 4183 2746 4247 vestimento,
2780 4200 2883 4237 nec
2910 4199 3040 4249 non,
3091 4184 3239 4254 quod
3271 4182 3556 4238 Teutonici

1943 4275 2160 4341 dicunt,
2202 4275 2472 4329 Ubercota
2504 4275 2598 4344 (4),
2622 4273 2942 4347 ctRelunga
2973 4273 3305 4328 familiarum
3329 4272 3560 4342 insuper

1941 4377 2055 4425 tota
2079 4369 2336 4434 utilitate,
2375 4379 2430 4424 et
2458 4369 2513 4423 in
2558 4367 2818 4424 omnibus
2848 4368 3032 4433 rebus,
3059 4366 3264 4438 quibus
3306 4365 3566 4420 mortales

1941 4467 2189 4526 utuntur,
2222 4459 2277 4513 in
2319 4458 2554 4513 diversis
2591 4457 2774 4512 modis
2829 4455 3251 4520 decimationes,
3286 4470 3423 4525 quas
3455 4453 3566 4508 Deo

1856 4582 1916 4652 D
1946 4551 2743 4628 cunctagubernandidebent,
2769 4551 2836 4606 ad
2854 4551 3213 4605 Misinensem
3241 4547 3562 4611 Ecclesiam,

1899 4641 1908 4669 ²
1947 4647 2124 4718 primo
2152 4647 2284 4713 Deo,
2318 4646 2522 4700 deinde
2551 4644 2606 4698 S.
2639 4643 2839 4700 Joanni
2889 4643 3263 4717 evangelista,
3304 4641 3566 4696 universa

1945 4735 2227 4790 dubietate
2286 4734 2478 4805 procul
2527 4741 2755 4799 remota,
2817 4731 3153 4803 persolvant,
3223 4730 3462 4786 referant
3514 4735 3572 4783 et

1945 4827 2200 4881 reddant.
2234 4826 2542 4896 (Testantur
2572 4824 2736 4878 etiam
2788 4824 2956 4878 iidem
2989 4830 3294 4895 praesentes
3324 4819 3565 4875 nobilis-

1945 4916 2071 4970 simi
2102 4917 2465 4986 imperatores
2493 4914 2759 4986 quasdam
2799 4931 2888 4967 res
2929 4913 3013 4968 sui
3041 4913 3184 4982 juris
3209 4927 3274 4966 ac
3304 4908 3566 4982 pr0prie-

1945 5013 2074 5067 tatis
2091 5012 2273 5067 eidem
2301 5019 2503 5068 sancta:
2536 5010 2818 5066 Misinensi
2853 5009 3126 5073 Ecclesiae,
3160 5008 3248 5063 cui
3271 5006 3562 5063 venerabi-

1947 5101 2014 5156 lis
2039 5102 2338 5172 episcOpus
2399 5101 2743 5156 Burchardus
2788 5113 3026 5170 praeesse
3057 5098 3422 5169 dignoscitur,
3461 5111 3560 5166 pro

1949 5193 2197 5248 remedio
2249 5193 2552 5248 animarum
2605 5207 2827 5247 suarum
2885 5191 2945 5245 in
2999 5189 3281 5260 proprium
3323 5187 3563 5251 dedisse,

1955 5286 2058 5341 hoc
2084 5292 2168 5340 est
2194 5284 2525 5339 tributorum
2566 5299 2793 5339 suorum
2840 5282 2895 5336 in
2955 5282 3201 5354 quinque
3250 5279 3572 5352 regionibus

1955 5389 2138 5450 partes
2163 5379 2430 5443 decimas,
2455 5378 2511 5431 in
2540 5376 2890 5444 Talemcnce,
2913 5376 2969 5431 in
3009 5376 3154 5442 Nisa,
3195 5376 3252 5429 in
3282 5374 3569 5440 Milezanc,
3627 5369 3632 5373 ’

1957 5469 2012 5522 in
2043 5465 2256 5532 Luzice,
2291 5466 2346 5520 in
2365 5466 2597 5521 Diedesa
2631 5483 2643 5520 :
2674 5473 2733 5520 ut
2763 5473 3092 5536 anteaquam
3150 5479 3334 5519 comes
3359 5477 3577 5517 earum-

1957 5559 2084 5612 dem
2109 5555 2396 5626 regionum
2430 5564 2640 5626 partem
2673 5555 2779 5610 sibi
2830 5555 2898 5608 ab
2945 5553 3083 5624 ipsis
3134 5567 3455 5608 concessam
3478 5565 3576 5605 au-

1960 5648 2095 5704 ferat
2123 5654 2290 5717 atque
2311 5643 2627 5711 distribuat,
2659 5641 2904 5698 decimas
2945 5658 3044 5712 per
3074 5648 3248 5699 totum
3272 5657 3336 5699 ac
3366 5657 3465 5712 per
3490 5641 3577 5694 in-
