3924 6400
413 454 520 511 963

1745 439 2013 495 JOANNIS
2052 439 2171 493 Xlll
2212 437 2416 492 PAPZE.

3664 435 3767 490 964

420 604 632 667 tegrum
660 592 772 659 jam
815 589 975 643 dicta
1006 591 1211 640 sancta
1242 583 1338 638 Dei
1369 581 1625 637 Ecclesia
1661 577 1952 647 persolvat,
1974 576 2029 631 id
2061 578 2109 644 Α
2135 575 2396 630 Romana
2448 571 2728 638 Ecclesia,
2784 572 2840 626 in
2865 585 3061 625 mense
3090 568 3399 636 Decembri,
3446 567 3763 623 indictione

418 665 501 741 est
529 685 583 737 in
615 682 798 742 melle,
831 678 1049 733 crusina
1078 676 1171 743 (5),
1227 672 1505 727 solutione
1545 668 1784 742 argenti,
1814 665 2031 721 manci-

420 775 545 847 piis,
576 769 944 832 vestimentis,
976 765 1180 836 porcis,
1240 762 1540 825 frumento,
1574 768 1628 814 et
1686 759 1741 812 in
1773 757 2034 812 omnibus

420 845 606 927 rebus,
636 878 758 931 quae
786 858 851 911 ad
884 856 1076 909 ﬁscum
1106 852 1491 923 pradictorum
1538 848 1714 919 impp.
1754 845 2037 917 pertinere

419 955 697 1016 videntur,
759 956 961 1003 sancta
1010 944 1292 1000 Misinensi
1354 942 1634 1006 Ecclesia,
1673 956 1775 995 nec
1828 954 1940 994 non
1979 937 2031 991 8.

419 1042 615 1099 Joanni
662 1037 1021 1112 evangelista
1079 1035 1164 1090 sui
1215 1035 1356 1105 juris
1388 1034 1709 1097 'l‘eloneum,
1744 1048 1775 1085 a
1815 1029 2037 1084 civitate

419 1150 541 1206 qua
569 1131 772 1186 dicitur
805 1128 1085 1201 Bclegora,
1134 1139 1310 1195 usque
1344 1122 1410 1177 ad
1442 1123 1691 1191 ejusdem
1724 1118 2039 1174 Misinensis

422 1223 668 1280 ecclesia
702 1226 942 1290 partum,
964 1232 1203 1281 sursum,
1230 1215 1472 1285 indeque
1498 1213 1683 1267 denuo
1725 1227 1825 1281 per
1849 1209 2041 1263 ambas

422 1312 609 1384 plagas
632 1306 842 1379 prafati
885 1305 1131 1359 ﬂuminis
1172 1303 1344 1357 Albia
1376 1303 1653 1365 deorsum,
1684 1300 1874 1370 sicque
1902 1297 2042 1351 infra

422 1400 752 1473 pralinitum
794 1397 1089 1451 terminum
1118 1394 1453 1465 ubicumque
1499 1407 1699 1445 manus
1730 1389 2039 1463 negotiato-

421 1510 537 1548 rum
569 1494 711 1545 ultra
742 1488 954 1543 Albiam
988 1489 1095 1541 huc
1155 1485 1401 1556 illucque
1462 1500 1584 1538 sese
1635 1480 1943 1547 diverterit,
1977 1495 2041 1534 ex

426 1586 662 1653 integro,
697 1592 752 1636 et
780 1581 992 1651 absque
1022 1580 1134 1633 ulla
1164 1577 1598 1633 contradictione
1627 1574 1808 1629 cidem
1833 1586 2043 1643 prauo-

426 1678 644 1731 minata
673 1676 792 1729 sedi
822 1673 1132 1737 Misincnsi,
1165 1670 1407 1742 persolvi
1441 1677 1493 1724 et
1525 1668 1664 1723 tradi
1695 1673 2046 1738 perrenmter

422 1767 821 1837 constituisse.)
854 1767 913 1820 Et
971 1766 1097 1819 ideo
1130 1764 1185 1817 in
1227 1763 1437 1817 Christo
1464 1760 1748 1815 sanximus
1783 1757 2044 1811 ﬁrmiter-

2139 666 2435 723 undechna

2208 758 2436 830 Signum
2469 755 2679 812 domini
2709 755 2921 810 Ottonis
2953 754 3187 810 minoris
3206 751 3622 825 imp.Augusti.

2210 849 2403 903 Petrus
2424 847 2801 903 Ravennensis
2828 846 3086 901 Ecclesia
3144 844 3614 915 archiepiscopus
3640 842 3769 896 sub-

2139 944 2381 1015 scripsit.
2418 943 2696 1000 Rodaldus
2727 942 3039 1013 patriarcha
3096 939 3471 1012 Aquileiensis
3517 937 3770 993 subscri-

2142 1036 2267 1109 psit.
2303 1031 2547 1109 Sigolfus
2569 1036 2867 1106 cpiscOpus
2898 1034 2949 1087 S.
2988 1032 3319 1087 Placentina
3343 1030 3614 1086 Ecclesia
3648 1046 3772 1085 con-

2141 1130 2287 1185 sensi
2320 1136 2374 1184 ct
2411 1128 2733 1199 subscripsi.
2783 1127 3069 1183 Udalricus
3117 1126 3419 1197 episcopus
3458 1122 3515 1176 S.
3578 1121 3773 1191 Perga-

2141 1220 2353 1273 mensis
2386 1217 2644 1299 Ecqlesia
2701 1217 2957 1272 consensi
2989 1224 3043 1271 et
3082 1214 3407 1285 subscripsi.
3442 1213 3622 1287 Siggo
3655 1211 3772 1265 Ple-

2143 1312 2329 1367 densis
2387 1311 2700 1383 [Blerensis]
2746 1310 3003 1365 Ecclesia
3043 1309 3342 1380 episcopus
3398 1305 3670 1362 consensi
3727 1311 3775 1359 et

2143 1405 2462 1475 subscripsi.
2502 1402 2833 1458 Benedictus
2885 1401 3185 1472 episcopus
3214 1400 3269 1454 S.
3294 1396 3774 1468 Fulinensis[Ful-

2142 1499 2408 1574 ginensis]
2449 1496 2707 1552 Ecclesia
2733 1495 2994 1551 consensi
3033 1502 3087 1549 et
3127 1494 3221 1548 SS.
3271 1493 3521 1548 Joannes
3553 1491 3772 1561 episco-

2144 1609 2248 1664 pus
2273 1592 2324 1646 S.
2360 1590 2701 1646 Normiensis
2726 1590 2796 1659 (6)
2840 1587 3099 1643 Ecclesia
3140 1585 3495 1656 subscripsit.
3530 1584 3775 1638 Joannes

2145 1683 2442 1754 episcopus
2472 1680 2832 1737 S.Galliensis
2866 1678 3196 1751 [Galliensis]
3230 1677 3490 1731 Ecclesia
3515 1674 3771 1730 subscri-

2147 1774 2273 1846 psit.
2316 1773 2557 1828 Joannes
2610 1772 2906 1842 episcopus
2955 1770 3008 1823 S.
3058 1761 3772 1837 ArinensislAriminensis]

422 1878 530 1932 que
575 1858 956 1914 concessimus
1010 1863 1067 1910 ut
1110 1855 1295 1909 nullus
1346 1852 1825 1923 metr0politanus,
1859 1847 2045 1903 nullus

2170 1866 2401 1922 Ecclesia
2433 1865 2685 1920 interfuit
2713 1872 2768 1920 et
2805 1861 3154 1934 subscripsit.
3187 1860 3519 1916 Humbertus
3554 1858 3777 1929 episco—

421 1950 738 2021 cpiSCOpus,
789 1946 939 2001 nulla
991 1944 1156 1999 etiam
1232 1958 1433 2017 magna
1477 1941 1564 1997 vel
1624 1955 1790 2012 parva
1819 1937 2045 1993 alterius

423 2041 633 2098 ordinis
660 2046 715 2093 et
743 2038 948 2114 gradus
979 2052 1237 2108 persona,
1298 2041 1497 2105 prater
1546 2033 1697 2088 sedis
1727 2029 2044 2103 apostolica

422 2134 744 2196 antistitem,
779 2130 920 2185 infra
967 2129 1231 2185 terminos
1290 2126 1603 2181 Misinensis
1644 2124 1922 2190 Ecclesia,
1957 2121 2042 2176 cui

427 2222 761 2279 venerabilis
791 2220 1088 2291 episc0pus
1119 2218 1466 2273 Burcbardus
1498 2230 1742 2288 praesse
1771 2211 2047 2288 dignosci-

431 2322 535 2376 tur,
567 2326 899 2382 quemquam
932 2310 1211 2375 ordinare,
1245 2305 1577 2375 dijudicare,
1611 2301 2051 2360 excommunica-

426 2418 503 2467 re,
530 2401 616 2455 vel
642 2399 855 2471 aliquid
878 2406 1083 2453 temere
1108 2395 1518 2463 exercere,ullo
1538 2394 1703 2449 modo
1729 2399 2047 2464 prasumat.

428 2491 742 2545 Statuentes
773 2488 938 2542 etiam
971 2485 1276 2557 apostolica
1308 2499 1561 2551 censura,
1593 2483 1695 2538 sub
1738 2481 1912 2536 divini
1961 2482 2051 2550 ju-

428 2580 558 2635 dicii
590 2578 979 2643 obtestatione,
1004 2586 1056 2631 et
1088 2577 1284 2632 validis
1324 2584 1489 2646 atque
1512 2574 1793 2630 atrocibus
1822 2574 2052 2628 anathe-

428 2672 591 2726 matis
626 2669 1129 2734 interdictionibus,
1170 2674 1230 2721 ut
1256 2668 1440 2721 nullus
1478 2667 1779 2737 imperator
1805 2665 2050 2736 posthac,

426 2771 517 2818 aut
550 2781 643 2817 rex
676 2763 882 2827 nullus,
910 2762 1026 2814 sive
1056 2758 1329 2830 quispiam
1376 2758 1536 2823 alius,
1583 2757 1965 2827 cujuscunque
1987 2756 2055 2809 sit

431 2856 718 2925 dignitatis
748 2861 1018 2925 potestate
1043 2854 1327 2924 praditus,
1353 2852 1601 2921 ejusdem
1634 2850 1893 2905 Ecclesia
1925 2865 2057 2903 cau-

431 2951 508 3004 sis
540 2956 835 3020 praesumat
866 2948 1206 3011 incumbere,
1240 2947 1323 3001 vel
1358 2946 1649 3001 minimum
1711 2942 1973 3015 quiddam
1990 2957 2055 2995 ex

433 3044 521 3097 his
551 3058 674 3113 qua.
703 3042 771 3095 ad
794 3041 928 3095 illud
979 3040 1369 3094 monasterium
1404 3038 1456 3091 S.
1519 3035 1750 3093 Joannis
1776 3034 2056 3106 pertinere

436 3130 721 3196 videntur,
778 3128 863 3183 cui
910 3127 1258 3181 Burcliardus
1315 3126 1611 3197 episcopus
1650 3122 1932 3194 prasidct,
1965 3129 2057 3177 aut

2149 1977 2251 2031 pus
2295 1960 2352 2015 S.
2400 1959 2683 2015 Laviensis
2738 1955 3045 2028 [Lunensis]
3089 1952 3350 2009 Ecclesia
3409 1950 3685 2007 consensi
3730 1956 3777 2003 et

2145 2049 2469 2121 subscripsi.
2503 2047 2819 2105 Gerhardus
2845 2046 3144 2117 episcOpus
3176 2041 3487 2097 Faventina
3522 2038 3778 2095 Ecclesia

2147 2140 2407 2195 consensi
2440 2148 2495 2194 et
2546 2135 2869 2207 subscripsi.
2932 2132 3205 2189 Aufredus
3257 2128 3625 2205 [Wigfredus]
3658 2127 3775 2198 epi—

2152 2244 2355 2299 scopus
2383 2225 2746 2282 Verdecensis
2780 2221 3177 2295 [Virdunensis]
3228 2219 3487 2276 Ecclesia
3513 2216 3774 2273 consensi

2152 2330 2207 2379 et
2235 2321 2560 2392 subscripsi.
2595 2320 2872 2376 Zenobius
2889 2318 3189 2389 episcopus
3218 2314 3501 2371 Fesolana
3516 2312 3775 2369 Ecclesia

2152 2412 2411 2469 consensi
2443 2420 2499 2467 et
2536 2409 2859 2480 subscripsi.
2889 2405 3172 2463 Gaidolfus
3201 2406 3503 2476 episcopus
3524 2401 3776 2457 Firmina

2158 2499 2466 2573 [Firmana]
2537 2498 2797 2554 Ecclesia
2846 2489 3103 2552 consensi
3163 2502 3220 2550 et
3270 2491 3612 2563 subscripsi.
3675 2489 3777 2561 Ego

2156 2595 2349 2648 Petrus
2368 2592 2663 2663 episcopus
2700 2590 3006 2644 Kamerina
3035 2587 3318 2658 iEcclesia
3345 2586 3422 2639 ibi
3455 2584 3537 2640 fui
3568 2593 3627 2638 et
3655 2581 3779 2637 sub-

2155 2682 2374 2753 scripsi.
2408 2679 2757 2736 Eberhardus
2786 2680 3082 2750 episcOpus
3111 2677 3347 2732 Aretina
3376 2674 3778 2751 Ecclesiacon—

2156 2772 2303 2827 sensi
2343 2781 2399 2826 et
2419 2769 2743 2839 subscripsi.
2769 2746 3081 2839 Stephanus
3117 2765 3416 2837 episcopus
3443 2746 3776 2817 Narnini‘en-

2155 2866 2231 2921 sis
2262 2863 2519 2919 Ecclesia
2549 2861 2808 2917 consensi
2862 2866 2915 2914 et
2958 2857 3280 2928 subscripsi.
3322 2856 3627 2910 Alberinus
3667 2855 3776 2925 epi-

2156 2972 2358 3027 scopus
2375 2955 2722 3010 Ausculanus
2746 2951 3071 3022 subscripsi.
3091 2949 3361 3005 Antonius
3389 2946 3777 3009 Brixiensism

2159 3052 2413 3107 Ecclesiae
2445 3050 2740 3122 episcOpus
2769 3046 3098 3117 subscripsi.
3159 3044 3467 3100 Diotericus
3530 3042 3779 3097 Metensis

2162 3141 2423 3197 Ecclesia
2452 3139 2750 3211 episcopus
2767 3135 3090 3206 subscripsi.
3126 3132 3461 3189 Lanwardus
3482 3129 3777 3186 Mindensis

434 3222 541 3277 Sibi
583 3230 789 3277 temere
822 3219 1123 3317 κξίηάίίξξιῖίθν
1154 3225 1247 3317 3}"
1279 3218 1443 3273 θῖίθυί
1494 3231 2058 3317 ηιειξηεθ--Ρδτνεείιιξθ
2083 3249 2131 3317 C
2160 3233 2460 3305 episcopus
2477 3230 2799 3302 subscripsi.
2820 3229 3120 3284 Huibertus
3135 3227 3434 3297 episcopus
3454 3221 3778 3293 subscripsi.

437 3318 689 3386 p'ersona
710 3329 807 3383 pro
841 3310 1115 3366 beneﬁcio
1170 3311 1321 3376 dare,
1370 3319 1463 3364 aut
1495 3309 1854 3381 quoquolibet
1892 3306 2058 3363 modo

436 3408 569 3461 inde
602 3406 818 3460 auferre
831 3404 917 3458 vel
937 3403 1178 3457 alienare
1206 3402 1854 3476 audcat.Promulgamus
1869 3400 2053 3463 etiam,

438 3496 625 3550 ethoc
663 3493 987 3548 auctoritate
1047 3493 1103 3545 Β.
1160 3491 1303 3545 Petri
1363 3492 1737 3562 apostolorum
1767 3488 2056 3561 principis,

443 3603 624 3641 coram
654 3587 763 3641 Deo
804 3594 858 3639 et
886 3584 1119 3639 terribili
1160 3584 1281 3651 ejus
1312 3583 1494 3638 futuro
1557 3581 1795 3637 examini
1828 3597 1928 3652 per
1954 3581 2063 3635 hu-

435 3676 527 3744 jus
558 3675 728 3729 nostri
752 3674 1021 3745 privilegii
1052 3682 1215 3743 atquc
1247 3672 1528 3727 constituti
1578 3671 1685 3727 vim
1738 3670 2066 3728 intermina-

445 3782 585 3829 mus,
615 3782 686 3819 ne
715 3764 837 3835 quis
877 3762 1188 3818 mortalium
1222 3761 1329 3814 sibi
1361 3761 1524 3815 licere
1558 3760 1838 3815 existimet
1856 3759 2064 3831 aliquid

446 3878 509 3917 ex
570 3858 1019 3932 possessionibus
1062 3855 1376 3910 Misinensis
1425 3854 1702 3923 Ecclesia,
1744 3863 1853 3909 tam
1883 3870 1948 3909 ex
1979 3853 2067 3907 his

447 3967 568 4023 quae
600 3950 834 4003 antehac
865 3964 895 4001 a
925 3945 1342 4021 gloriosissimis
1386 3943 1814 4016 imperatoribus
1864 3944 2061 3999 Ottone

448 4050 504 4095 et
556 4039 677 4109 ejus
725 4038 1007 4108 aquivoco
1057 4035 1184 4097 filio,
1246 4036 1331 4089 vel
1387 4050 1417 4087 a
1477 4035 1693 4090 cateris
1739 4033 2064 4089 Christianis

448 4130 628 4183 eidem
660 4135 850 4182 sancto
874 4127 993 4181 loco
1026 4125 1208 4180 oblata
1234 4130 1399 4195 atque
1431 4123 1628 4178 collata
1645 4131 1792 4189 sunt,
1827 4138 2063 4194 quaque

450 4219 804 4290 postmodum
856 4227 983 4272 sunt
1017 4214 1378 4279 conferenda,
1419 4222 1480 4269 ut
1530 4214 1777 4285 profecto
1819 4214 1974 4282 juxta
2008 4213 2065 4268 id

450 4315 597 4384 quod
628 4312 938 4382 subjectum
970 4320 1073 4375 est,
1108 4310 1254 4362 idem
1284 4307 1616 4363 venerabilis
1655 4308 1809 4362 locus
1836 4314 2064 4378 aposto-

453 4404 559 4457 lico
594 4403 697 4457 hoc
728 4399 1020 4473 privilegio
1066 4399 1398 4453 inconcusse
1447 4398 1684 4452 donatus
1728 4404 2067 4468 permaneat.

454 4490 508 4543 Si
539 4489 664 4560 quis
702 4495 904 4547 autem.
938 4486 1088 4558 quod
1155 4485 1382 4539 minime
1413 4492 1687 4554 optamus,
1735 4484 1947 4539 nefaria
1975 4501 2073 4539 au-

2162 3330 2305 3386 Luzo
2352 3331 2650 3400 episcopus
2705 3323 3093 3382 Cremonensis
3161 3320 3488 3390 subscripsi.
3549 3320 3778 3373 Joannes

2161 3421 2459 3493 episcopus
2514 3416 2888 3471 Turdonensis
2968 3408 3370 3484 [Terdonensis]
3455 3404 3775 3475 subrcripsi.

2163 3513 2489 3568 Adelbertus
2542 3508 2838 3579 episcopus
2880 3503 3207 3573 subscripsi.
3268 3501 3433 3574 Otger
3489 3499 3777 3570 episcOpus

2166 3598 2491 3670 subscripsi.
2553 3595 2866 3651 Sichelinus
2909 3591 3259 3648 Florentinus
3310 3589 3619 3660 epiSCOpus
3656 3584 3778 3639 sub—

2166 3694 2381 3765 scripsi.
2413 3690 2701 3746 Albericus
2730 3687 3028 3758 episcopus
3052 3682 3380 3753 subscripsi.
3423 3681 3657 3754 Artingo
3685 3678 3777 3731 Au-

2166 3786 2401 3841 siniana
2433 3781 2692 3838 Ecclesia
2710 3778 3009 3849 episcopus
3029 3774 3355 3845 subscripsi.
3387 3773 3622 3827 lnsinno
3652 3771 3779 3824 Lau—

2167 3875 2426 3932 canensis
2456 3869 2883 3945 [Lavicanensis]
2931 3866 3185 3923 Ecclesia
3213 3865 3516 3935 episcOpus
3545 3861 3774 3919 subscri-

2165 3969 2266 4041 psi.
2284 3965 2624 4023 Ertemarius
2653 3962 2849 4018 Ancias
2874 3961 3170 4031 episcopus
3184 3956 3520 4026 subscripsi.
3543 3954 3778 4010 Julianus

2165 4038 2465 4130 episcopus
2507 4054 2816 4110 Nucerinus
2846 4050 3171 4121 subscripsi.
3235 4047 3555 4118 Stephanus
3593 4038 3778 4100 Cervia'?

2168 4152 2424 4210 Ecclesia
2453 4151 2748 4221 episcOpus
2802 4145 3127 4215 subscripsi.
3185 4146 3306 4197 Atto
3357 4140 3668 4215 Senegalia
3697 4136 3784 4190 Ec—

2168 4245 2352 4301 clesia
2381 4244 2678 4313 episcopus
2733 4237 3052 4308 subscripsi.
3117 4237 3303 4306 Lupus
3329 4233 3648 4303 Spoltrinus
3677 4225 3780 4297 epi-

2173 4348 2377 4403 scOpus
2406 4330 2626 4400 scripsi.
2662 4328 2849 4399 Lyndo
2906 4325 3177 4381 Clusiana
3208 4322 3466 4379 Ecclesia
3499 4321 3779 4391 episcOpus

2174 4419 2502 4490 subscripsi.

2246 4513 2379 4567 Data
2420 4526 2480 4563 ιιι
2518 4509 2657 4563 Νοιι.
2690 4505 2934 4561 Januarii
2984 4520 3081 4575 per
3134 4518 3331 4557 manus
3363 4501 3642 4567 Widonis,
3671 4495 3779 4567 epi-

455 4578 708 4673 Emme
728 4578 997 4673 “‘B‘E‘I‘la’
1020 4592 1050 4629 a
1081 4573 1243 4630 nobis
1385 4574 1603 4628 [andem
1637 4573 1730 4628 Dei
1770 4573 2144 4673 Ρτολδίδδίί)
2174 4601 2327 4673 sc0pi
2376 4599 2430 4654 S.
2456 4598 2618 4653 Silva
2652 4596 2909 4652 Candida
2942 4573 3221 4659 Ecclesia,
3273 4598 3327 4646 et
3380 4582 3777 4645 hibliothecarii

458 4672 605 4726 litate
664 4670 946 4740 sapcdicti
1009 4668 1327 4724 monasterii
1380 4675 1583 4722 statuta
1621 4675 1769 4734 sunt,
1797 4666 2074 4742 refragare

461 4762 897 4835 praesumpserit,
923 4762 1207 4833 nostrique
1225 4762 1487 4833 pracepti
1513 4769 1892 4835 transgressor
1908 4762 2076 4816 exsti-

460 4856 605 4923 terit,
648 4854 783 4909 sciat
814 4871 873 4908 se
931 4854 1299 4908 anathematis
1356 4853 1580 4908 vinculo
1640 4854 1990 4920 innodatum,
2022 4859 2077 4907 et

458 4963 582 5003 cum
616 4946 840 5001 diabolo
872 4953 1038 5016 atque
1062 4944 1204 4999 Juda
1232 4944 1495 4999 traditore
1518 4944 1736 4999 Domini
1761 4944 2075 4999 nostriJesu

458 5039 654 5093 Christi
688 5039 876 5093 aterni
908 5036 1151 5093 incendii
1192 5036 1470 5107 supplicio
1501 5036 1843 5106 deputatum.
1875 5038 2078 5094 Atvero

457 5128 551 5198 qui
574 5127 668 5197 pio
708 5126 910 5180 intuitu
938 5126 1105 5194 hujus
1131 5124 1416 5196 apostolici
1445 5125 1728 5180 constituti
1755 5126 2082 5183 observator

459 5216 752 5282 exstiterit,
794 5215 1204 5271 benedictionis
1242 5215 1471 5291 gratiam
1503 5231 1534 5269 a
1562 5215 2080 5274 misericordissima

461 5305 693 5361 Domino
714 5306 826 5361 Deo
857 5306 1242 5376 multipliciter
1262 5313 1651 5379 consequatur,
1684 5315 1740 5363 et
1767 5308 1890 5363 vita
1921 5315 2081 5365 ater—

468 5413 552 5452 na
587 5398 863 5469 particeps
894 5397 1039 5454 efﬁci
1071 5408 1369 5454 mereatur.

537 5486 813 5554 Scriptum
874 5504 974 5557 per
1021 5504 1217 5542 manus
1257 5487 1529 5558 Stephani
1556 5488 1823 5543 scriniarii
1881 5496 2082 5547 sancta

651 5663 831 5745 )festis
865 5669 1340 5745 pelliceagenus.
1366 5671 1632 5745 Ducangl,
1661 5670 1978 5745 V.Crusna.

472 5728 975 5857 nigﬂgarnieasis.
1019 5741 1126 5794 Sed
1143 5728 1401 5797 "inferius
1457 5749 1539 5799 est
1555 5728 1897 5813 “Stephanus
1934 5746 2086 5803 Nar-

2176 4702 2376 4749 sancta
2407 4691 2559 4747 sedis
2589 4688 2929 4760 apostolica.
2961 4687 3117 4740 Anno
3161 4684 3271 4738 Deo
3318 4682 3586 4754 prepitio,
3612 4674 3779 4751 ponti-

2177 4786 2371 4841 ﬁcatus
2393 4782 2605 4839 domini
2637 4780 2865 4837 Joannis
2894 4778 3094 4834 summi
3147 4773 3425 4848 pontiﬁcis
3485 4782 3541 4829 et
3572 4771 3777 4828 univer-

2178 4875 2308 4931 salis
2332 4873 2479 4930 tertii
2509 4872 2712 4928 decimi
2746 4884 2924 4942 papa,
2953 4870 3009 4923 in
3022 4866 3392 4923 sacratissima
3408 4864 3543 4920 sede
3561 4865 3617 4917 Β.
3651 4854 3775 4914 Petri

2180 4962 2417 5035 apostoli
2454 4962 2639 5028 tertio,
2681 4956 3084 5030 imperantibus
3114 4954 3356 5010 dominis
3382 4952 3647 5024 piissimis
3683 4949 3777 5000 Au-

2183 5056 2355 5129 gustis
2384 5054 2580 5109 Ottone
2620 5059 2675 5108 et
2703 5053 2824 5124 ejus
2841 5050 3126 5123 aquivoco
3152 5046 3286 5114 ﬁlio,
3320 5063 3351 5100 a
3381 5046 3493 5100 Deo
3526 5036 3775 5099 coronatis

2182 5148 2399 5222 magnis
2428 5144 2879 5217 imperatoribus,
2928 5158 3074 5198 anno
3121 5140 3351 5210 majoris
3379 5136 3773 5210 imperiisexto,

2183 5246 2239 5293 et
2267 5236 2499 5292 minoris
2530 5235 2708 5307 primo
2732 5229 3606 5297 inmenseJanuario,indictione
3633 5233 3771 5290 supra

2187 5328 2334 5385 dicta
2364 5327 2678 5388 undecima,

2821 5417 2965 5488 (Loc.
2996 5417 3175 5485 Sign.)

2265 5672 2438 5758 (7).Ita
2465 5667 2762 5744 legendum
2806 5683 2929 5725 cum
2961 5664 3106 5738 apud
3162 5664 3440 5720 Labbeum
3498 5663 3567 5718 sit
3612 5658 3770 5716 Brisa-

2192 5760 2393 5801 nenszs.
