3956 6230
148 438 3533 499 Η

1500 635 1663 681 ANNO
1707 634 1920 680 DOMINI
1965 635 2219 681 DCCCCLX

1552 820 2159 1023 ΑΤΤο

713 1138 1917 1274 VEBCELLENSIS
2039 1136 2982 1280 EPISCOPUS.

1176 1490 2491 1615 PROLEGOMENA.

542 1715 649 1787 (Ex
676 1712 929 1770 editione
960 1712 1317 1770 Vercellensi
1347 1713 1485 1769 anni
1519 1714 1675 1781 i768,
1708 1718 2053 1785 procurante
2084 1713 2149 1767 D.
2184 1711 2386 1768 Carolo
2418 1711 2695 1768 Burontio
2726 1712 2817 1767 del
2850 1713 3141 1788 Signore.)

1113 2008 1667 2098 EPISTOLA
1751 2008 2240 2098 DEDICAT
2249 2006 2407 2093 ΟΒ
2426 2008 2565 2090 IA.

199 2218 436 2290 Optimo
464 2214 719 2288 principi
746 2214 983 2270 Vicroai
1012 2217 1251 2271 Auaneo
1282 2214 1584 2270 Sabaudiae
1617 2214 1774 2283 duci,
1806 2212 2047 2268 Carolus
2078 2212 2414 2268 Bonos-nus
2454 2228 2561 2267 nar.
2590 2212 2861 2268 Smxoaa.

200 2316 317 2371 Cur
338 2316 410 2371 ad
435 2320 491 2370 te
512 2330 700 2386 usque
724 2312 925 2369 oculos
941 2312 1246 2369 sustollere
1262 2313 1537 2379 auscrim,
1562 2316 1827 2366 etmeum
1852 2312 2007 2365 hunc
2035 2312 2505 2383 qualemcunque
2521 2310 2777 2366 laborem
2802 2314 2965 2383 grato
2980 2310 3175 2365 animo
3198 2314 3253 2366 te
3277 2316 3542 2384 exceptu-

126 2431 259 2470 rum
292 2414 601 2486 sperarim,
636 2413 907 2483 Princeps
940 2410 1327 2483 amplissime,
1362 2426 1451 2465 res
1484 2410 1612 2481 ipsa
1642 2409 1853 2464 melius
1885 2410 2115 2477 dixerit,
2148 2426 2324 2480 quam
2358 2426 2461 2481 ego
2494 2410 2752 2465 facturus
2784 2410 2917 2464 sim.

187 2512 426 2568 Attonis
455 2511 717 2566 Ecclesiae
776 2515 903 2565 octo
962 2511 1033 2564 ab
1064 2510 1199 2565 hinc
1222 2510 1349 2579 jam
1410 2506 1639 2563 saeculis
1690 2508 1945 2579 episc0pi
2005 2507 2209 2579 Opera,
2249 2507 2460 2578 partim
2516 2507 2646 2562 aD.
2712 2512 2861 2563 Luca
2891 2507 3196 2562 D’Acberio
3256 2507 3315 2562 in
3350 2507 3537 2581 Spici-

117 2611 409 2684 legiojam
427 2610 603 2676 edita,
628 2609 855 2664 lacunis
873 2613 1065 2663 tamen
1092 2606 1381 2678 plurimis,
1410 2605 1786 2675 hiatibusque
1809 2605 2168 2669 lebefactata,
2196 2606 2408 2675 partim
2433 2606 2489 2659 in
2515 2606 2771 2661 archivio
2796 2611 2993 2661 nostro
3012 2604 3315 2678 capitulari
3338 2606 3532 2663 hacte-

117 2726 229 2764 nus
257 2709 508 2764 obscure
537 2706 798 2771 latentia,
830 2706 890 2760 in
927 2705 1227 2777 publicum
1256 2720 1411 2758 nunc
1442 2704 1676 2759 tandem
1711 2704 1957 2774 integra,
2000 2708 2174 2774 atque
2205 2704 2278 2757 ad
2312 2704 2486 2759 fidem
2515 2703 2860 2775 autographi
2895 2703 3109 2775 ubique
3158 2709 3359 2759 exacta
3384 2705 3530 2761 dum

116 2808 428 2878 prodeunt,
462 2805 644 2860 alium
675 2810 828 2859 certe
860 2803 1229 2857 Maecenatem
1261 2818 1569 2873 exposcere
1602 2818 1705 2856 nec
1736 2802 2026 2856 debebant
2057 2818 2161 2855 nec
2193 2806 2668 2873 poterant,quam
2698 2801 2963 2872 eum,qui
2988 2807 3045 2857 et
3074 2802 3300 2873 paterni
3331 2819 3529 2859 exem-

114 2905 221 2977 pli,
251 2910 307 2960 et
336 2903 577 2976 ingenii,
604 2907 659 2957 et
688 2902 992 2973 dignitatis
1012 2917 1191 2955 causa
1222 2899 1539 2971 religionis,
1571 2915 1823 2967 morum,
1848 2899 2255 2954 ecclesiasticae
2277 2899 2597 2970 disciplinae
2620 2899 3069 2971 litterarumque
3096 2902 3303 2966 fautor,
3329 2906 3531 2959 custos

114 3007 171 3057 et
200 3003 409 3057 vindex
440 3006 529 3057 est
551 3002 685 3073 jure
716 2998 932 3072 optimo
966 2998 1294 3053 habendus.

183 3098 317 3154 Haec
346 3100 546 3170 igitur.
580 3116 704 3169 quae
729 3115 862 3153 cum
888 3113 1152 3152 meorum
1183 3095 1241 3150 in
1271 3110 1361 3150 me
1385 3093 1736 3166 collegarum
1762 3093 1955 3149 studio
1980 3098 2036 3148 et
2068 3094 2300 3159 ﬁducia,
2324 3098 2451 3149 tum
2479 3109 2608 3150 mea
2628 3110 2768 3149 cura
2796 3094 2985 3151 lucem
3006 3096 3225 3167 vident,
3246 3100 3528 3153 consueta

110 3196 496 3267 benignitate,
530 3196 957 3251 humanissime
990 3193 1287 3265 Princeps,
1322 3194 1517 3263 excipe
1548 3196 1721 3262 atque
1768 3190 2085 3246 Ecclesiam
2118 3192 2286 3259 hanc,
2323 3208 2555 3263 meque,
2589 3196 2645 3247 et
2674 3209 2835 3248 meos
2866 3209 3095 3265 omnes,
3126 3195 3267 3250 dum
3296 3195 3404 3249 tibi
3436 3210 3526 3250 re-

107 3295 334 3366 giaeque
365 3295 601 3351 familias
633 3298 845 3349 cuncta
875 3310 907 3349 a
937 3293 1051 3348 Deo
1072 3308 1352 3364 prOSpera
1375 3289 1633 3361 quotidie
1657 3305 1983 3361 precamur,
2010 3288 2067 3343 in
2095 3289 2180 3344 tui
2211 3289 2480 3345 clientela
2524 3305 2755 3345 servare
2780 3306 2975 3362 perge,
3006 3291 3271 3364 patrique
3302 3293 3524 3365 optimo

106 3392 231 3465 regi
264 3398 461 3449 nostro
493 3392 918 3466 augustissimo
950 3406 1323 3461 summopere
1351 3389 1792 3444 commendatos
1825 3386 1987 3442 velis.

177 3724 696 3833 CAROLUS
750 3724 1387 3830 BURONTIUS
1444 3722 1659 3828 DEL
1723 3718 2215 3829 SIGNORE
2268 3719 2744 3828 LECTORI
2794 3723 3422 3832 BENEVOLO.

176 4063 406 4118 Attonis
436 4060 627 4133 Opera
662 4060 880 4133 publici
927 4060 1083 4131 juris
1130 4061 1315 4115 facere
1362 4059 1757 4131 cogitantibus
1786 4061 1839 4125 Α
1869 4075 1937 4113 ex
1964 4058 2036 4114 iis
2067 4057 2399 4131 colligimus
2425 4074 2556 4130 qua:
2584 4060 2643 4114 in
2677 4060 2791 4116 fine
2813 4062 3205 4133 Expositionis
3236 4064 3515 4137 Epistola-

106 4153 276 4207 nobis
310 4166 498 4224 Operae
545 4150 793 4222 pretium
843 4150 1070 4204 videtur
1108 4147 1387 4203 nonnulla
1417 4150 1487 4202 de
1518 4154 1752 4203 auctore

107 4241 294 4312 deque
324 4240 613 4312 Operibus
640 4239 807 4311 ipsis,
856 4246 1033 4309 atque
1068 4239 1137 4293 de
1167 4238 1276 4293 bac
1321 4242 1519 4293 nostra
1550 4254 1751 4292 eorum

99 4329 354 4386 editione
386 4329 640 4385 breviter
666 4328 915 4400 praefari.

681 4472 772 4527 DE
814 4470 1163 4527 AUCTORE.

170 4599 211 4652 Ι.
246 4600 494 4652 Attones
528 4597 677 4651 duos
711 4594 1099 4666 episcopalem
1130 4593 1523 4649 Vercellarum
1556 4599 1749 4650 catae-

98 4685 261 4741 dram
296 4686 580 4750 tenuisse,
632 4689 808 4756 atque
860 4683 1016 4738 hunc
1066 4688 1333 4738 nostrum
1374 4687 1541 4738 (etate
1572 4682 1751 4739 fuisse

97 4775 484 4845 posteriorem
526 4773 739 4828 litteris
791 4772 1175 4845 prodiderunt
1197 4772 1504 4827 Rossottus
1534 4772 1591 4826 in
1624 4772 1748 4843 Syl-

98 4863 254 4935 labo,
290 4868 347 4920 et
380 4863 717 4918 d'Acherius
744 4862 803 4917 in
835 4859 1144 4934 Spicilegio
1169 4879 1180 4916 :
1206 4866 1264 4916 at
1293 4862 1467 4916 unius
1499 4866 1751 4916 tantum-

95 4954 271 5008 modo
305 4950 592 5007 memoria
644 4951 799 5022 apud
850 4967 957 5005 nos
988 4954 1176 5005 exstat
1223 4950 1468 5015 Attonis,
1510 4950 1747 5021 scriptis

87 5041 387 5111 factisque
410 5038 775 5094 celeberrimi
803 5056 816 5103 ;
849 5036 1092 5092 alterius
1116 5042 1308 5092 autem
1343 5037 1622 5107 cujusvis,
1646 5038 1746 5108 qui

80 5129 268 5197 hunc,
303 5127 390 5183 vel
423 5128 786 5199 praecesserit
816 5126 1009 5197 annis,
1037 5126 1123 5182 vel
1155 5127 1506 5182 subsecutus
1538 5126 1633 5195 sit,
1666 5127 1746 5180 ni-

81 5216 168 5271 hil
203 5217 262 5271 in
295 5216 703 5272 monumentis
732 5215 1039 5270 habemus.

155 5306 228 5361 II.
268 5315 312 5361 A
348 5304 678 5377 longinqua
708 5306 942 5376 regione
972 5303 1083 5360 huc
1117 5302 1440 5359 advenisse.
1473 5306 1741 5360 Attonem

150 5521 228 5592 (1)
257 5521 422 5586 Quod
460 5518 563 5592 alii
595 5518 864 5592 _mino_ris
918 5519 1174 5575 nominis
1207 5523 1500 5592 auctores,
1539 5516 1638 5592 qui
1673 5518 1741 5573 de

77 5588 261 5649 rebus
285 5591 563 5662 Ecclesiae
595 5588 987 5662 Vercellarum
1024 5590 1591 5662 scripserunt,veluti
1624 5592 1740 5644 Mo-

76 5664 253 5737 dena,
306 5660 705 5728 Corbellinus,
758 5661 1024 5719 Cosanus
1082 5660 1444 5719 aflirmavere
1473 5664 1744 5719 Attonem

406 5793 679 5851 Parnm.
724 5786 1040 5854 CXXXIV.

1776 5431 1825 5496 B

1864 4164 1993 4202 rum
2034 4154 2091 4201 U.
2127 4147 2293 4202 Pauli
2354 4165 2631 4219 peroraris
2691 4150 2810 4205 ait:
2842 4152 2916 4205 Tu
2943 4152 3165 4223 dedisti,
3208 4158 3271 4208 ut
3292 4164 3515 4226 propter

1860 4244 2103 4306 gustum,
2135 4240 2185 4291 et
2209 4239 2539 4292 suavitatem
2571 4237 2736 4308 hujus
2767 4240 2917 4309 vitae,
2957 4250 3157 4297 sanctae
3186 4241 3509 4314 Scriptura,

1861 4330 2097 4394 gentem,
2127 4328 2477 4398 patriamque
2496 4327 2884 4397 relinquerem.
2912 4329 3195 4385 Caeterum
3228 4333 3338 4387 sub
3369 4348 3510 4403 quo-

1864 4432 1996 4469 nam
2030 4414 2171 4469 caalo
2204 4421 2376 4471 natus
2399 4416 2494 4480 sit,
2517 4432 2702 4487 quave
2728 4417 2798 4471 de
2824 4422 2993 4490 gente
3018 4419 3188 4474 nobis
3210 4419 3506 4487 advectus,

1861 4503 2017 4559 haud
2053 4508 2206 4559 certo
2239 4505 2389 4559 inter
2430 4506 2743 4575 scriptores
2774 4511 3023 4575 constat,
3058 4508 3154 4578 qui
3186 4508 3312 4578 ejus
3343 4522 3510 4564 men-

1858 4593 2078 4648 tionem
2098 4593 2531 4648 fecerunt.Nam
2550 4594 2859 4651 Rossottus
2884 4612 3016 4651 mox
3036 4596 3250 4651 citatus
3272 4596 3343 4652 ab
3362 4597 3508 4669 Epo-

1861 4681 2031 4736 redize
2063 4681 2503 4738 marchionibus
2525 4688 2874 4754 prognatum
2907 4684 3160 4739 afﬁrmat
3182 4689 3381 4751 ,testes
3409 4703 3509 4760 ap-

1859 4768 2083 4840 pellans
2135 4770 2584 4841 probatissimos
2634 4776 2943 4837 auctores;
2996 4787 3246 4844 quorum
3306 4778 3504 4832 tamen

1860 4858 2099 4913 nomina
2131 4858 2313 4923 siluit,
2341 4859 2422 4913 uti
2455 4863 2511 4913 et
2533 4864 2830 4915 momenta
2850 4860 3066 4932 quibus
3098 4862 3242 4919 ﬁdes
3266 4863 3501 4921 illorum

1856 4946 2195 5002 testimonio
2228 4947 2587 5003 concilietur.
2615 4948 2966 5005 D‘Acherius
2990 4956 3265 5022 praeterea
3295 4954 3353 5008 in
3386 4953 3509 5010 lau-

1857 5036 1989 5090 dato
2019 5036 2164 5103 loco,
2199 5053 2266 5092 ex
2315 5038 2676 5092 Ferdinando
2718 5037 2981 5110 Ughello,
3006 5023 3297 5099 .Attonem
3325 5042 3505 5098 Alde-

1855 5124 2000 5196 garii
2034 5125 2221 5181 filium
2252 5127 2431 5194 dicit;
2459 5127 2559 5181 sed
2583 5126 2740 5182 enim
2774 5128 2907 5199 quis
2931 5128 3277 5203 Aldegarius
3309 5132 3503 5199 fuerit,

1854 5220 1910 5268 et
1942 5215 2011 5268 ad
2048 5232 2224 5287 quam
2248 5221 2480 5287 gentem
2512 5216 2871 5284 referendus,
2898 5225 3103 5273 neuter
3132 5222 3299 5277 docet
3321 5220 3418 5292 (1).
3442 5222 3502 5277 Si

1854 5302 1996 5373 quid
2029 5321 2135 5358 nos
2157 5305 2518 5374 judicamus,
2565 5322 2599 5360 a
2631 5306 3029 5378 Longobardis
3074 5310 3342 5365 Attonem
3365 5310 3504 5381 jure

1855 5515 2078 5571 scilicet
2108 5533 2177 5571 ex
2222 5517 2655 5585 advocatorum,
2704 5518 2793 5573 vel
2842 5518 3247 5578 vicecomitum
3281 5521 3504 5578 familia

1856 5593 2208 5659 prognatum
2236 5604 2383 5657 esse,
2407 5591 2500 5643 vix
2523 5595 2612 5643 est
2638 5593 3242 5659 commemorandum,
3276 5609 3410 5649 cum
3433 5609 3503 5648 ex

1856 5658 2019 5715 nullo
2048 5658 2210 5731 gravi
2242 5663 2625 5716 monumento
2656 5661 2923 5716 ducatur.

3148 5789 3178 5847 1
