3956 6230
417 327 486 388 11
1398 327 1736 389 ATTONIS
1782 326 2368 388 VERCELLENSIS
2415 326 2838 388 EPISCOPUS
3737 330 3805 388 12

414 485 610 558 aliquo
641 488 900 558 repetere
931 485 1064 557 quis
1096 501 1265 557 posse
1303 486 1564 543 videtur:
1598 504 1732 542 nam
1765 503 1832 542 ex
1865 486 2052 558 ipsius
2081 489 2135 554 Α
2167 485 2518 541 exstinctum
2553 485 2840 550 incendio,
2891 500 2993 538 nec
3053 499 3450 539 successorem
3506 489 3805 556 propterea

416 579 788 644 testamento,
820 575 976 647 quod
1000 591 1161 630 num.
1193 576 1258 628 10
1279 577 1618 644 referemus,
1643 579 1800 648 patet
1822 577 2056 631 fratrem

417 664 466 720 ei
493 663 673 719 fuisse
693 667 1014 734 Aupsrtum
1036 664 1290 731 nomine,
1311 668 1366 718 et
1386 665 1900 735 Longobardorum
1925 664 2059 736 legi-

419 755 530 809 bus
561 769 628 808 ex
653 753 888 806 natione
906 751 1117 808 vixisse
1143 768 1156 808 :
1180 753 1341 824 atqui
1369 753 1619 818 Attonis,
1652 753 1914 824 Auperti,
1947 754 2059 808 his-

419 857 532 912 que
564 839 782 895 similia
825 840 1062 895 nomina
1108 849 1340 912 gentem
1391 842 1549 896 illam
1595 842 1866 912 sapiunt:
1900 844 2058 912 leges

366 946 394 986 3
451 930 615 995 tiam,
649 936 705 983 et
728 946 936 997 mores,
961 931 1174 1001 quibus
1197 932 1328 1001 quis
1351 931 1507 997 vivit,
1535 948 1652 1002 qua
1673 932 1741 986 de
1766 937 1934 1002 gente
1959 931 2053 1001 sit,

419 1017 654 1088 aliquod
684 1017 873 1073 solent
903 1020 1155 1090 praebere
1184 1018 1487 1074 indicium.

489 1105 585 1162 ΙΙΙ.
618 1105 765 1162 Illud
789 1123 956 1179 porro
981 1107 1374 1162 indubitatum
1398 1113 1504 1171 est,
1530 1113 1806 1163 Attonem
1833 1107 2058 1163 Vercel-

416 1194 604 1251 larum
618 1195 958 1269 episcopum
973 1199 1232 1251 creatum
1251 1196 1429 1252 fuisse
1448 1214 1598 1252 anno
1617 1197 2058 1269 nongentesimo

412 1284 694 1358 vigesimo
727 1289 956 1356 quarto,
988 1284 1391 1356 Ragemberto,
1426 1285 1516 1340 cui
1542 1287 1802 1358 proxime
1834 1301 2059 1341 succes-

414 1373 510 1440 it,
543 1378 747 1444 quarto
779 1373 916 1428 ldus
957 1373 1151 1428 Martii
1180 1375 1443 1444 ejusdem
1493 1375 1629 1430 anni
1663 1375 1872 1446 Papias,
1909 1375 2057 1430 facto

414 1463 486 1517 ab
517 1461 808 1534 Hungaris
839 1461 1126 1528 incendio,
1161 1478 1190 1516 e
1221 1462 1364 1516 vivis
1397 1463 1628 1519 sublato
1660 1464 1755 1534 (2).

484 1550 677 1606 Sacris
705 1549 909 1605 infulis
930 1566 996 1605 eo
1027 1567 1180 1606 anno
1201 1551 1538 1607 decoratum
1561 1555 1830 1608 Attonem
1865 1552 2056 1607 Eccle-

412 1638 510 1695 siae
544 1642 753 1694 nostra;
784 1639 1118 1694 cathedram
1152 1641 1506 1707 ascendisse,
1550 1641 1763 1695 invicto
1797 1645 1935 1695 sunt
1965 1657 2057 1697 ar-

413 1733 712 1801 gumento,
745 1728 1108 1800 autographa
1156 1728 1546 1785 instrumenta
1593 1731 1922 1785 donationis
1955 1730 2056 1799 (3),

415 1833 533 1890 qua
561 1817 764 1872 eadem
795 1817 944 1872 hanc
992 1817 1309 1872 Ecclesiain
1341 1817 1681 1887 cumulavit,
1715 1819 2056 1889 consignata

417 1922 570 1962 anno
584 1905 1320 1961 incarnationisDominicie
1335 1907 1802 1978 nongentissimo
1818 1908 1970 1978 quad
1981 1921 2064 1961 ra-

417 1994 640 2069 gesimo
663 1995 887 2067 quinto,
913 1995 1288 2066 pontificatus
1311 2000 1505 2051 autem
1528 1996 1759 2051 Attonis
1788 1996 2063 2052 vicesimo

417 2083 629 2156 primo.
644 2083 779 2140 Jam
796 2084 973 2151 enim,
994 2085 1043 2140 si
1065 2101 1132 2139 ex
1145 2085 1459 2157 nongentis
1476 2085 1866 2156 quadraginta
1898 2085 2064 2156 quin-

419 2188 532 2244 que
559 2173 730 2230 annis
761 2189 795 2228 a
821 2172 1124 2228 Dominica
1153 2173 1554 2229 incarnatione
1577 2173 1938 2229 subtraxeris
1967 2191 2066 2229 an-

419 2277 521 2318 nos
537 2260 744 2334 viginti
766 2265 822 2316 et
835 2277 1017 2316 unum
1031 2261 1425 2332 pontificatus,
1446 2263 1515 2316 ad
1532 2278 1753 2317 annum
1766 2262 2063 2318 reduceris

419 2349 935 2422 nongentesimum
963 2348 1306 2404 vicesimum
1338 2355 1638 2420 quartum.

488 2438 635 2494 Hinc
661 2437 899 2510 colliges
929 2455 961 2494 a
1002 2455 1134 2494 vero
1183 2438 1398 2495 abiisse
1449 2439 1754 2511 Ughellum
1789 2441 1886 2512 (4),
1921 2442 2061 2496 dum

420 2526 776 2584 Vercellensi
808 2527 1070 2583 Ecclesiae
1113 2545 1266 2584 anno
1321 2530 1761 2600 nongentesimo
1786 2531 2062 2586 vicesimo

425 2616 628 2690 quinto
660 2616 962 2688 praefuisse
990 2616 1366 2688 Norgandum
1401 2618 1670 2673 asseruit.

498 2704 591 2762 IV.
625 2705 825 2761 Eidem
855 2705 1162 2778 Norgando
1209 2707 1470 2778 proxime
1518 2709 1872 2764 successisse
1905 2711 2064 2763 Atto-

426 2813 583 2862 nem,
615 2795 999 2867 Ragemberto
1021 2796 1091 2850 ad
1114 2794 1388 2850 saeculum
1413 2797 1826 2852 duodecimum
1859 2798 2064 2865 misso,

424 2891 627 2941 auctor
654 2890 742 2940 est
764 2888 1018 2940 Joannes
1047 2883 1378 2955 Stephanus
1427 2886 1746 2954 Ferrarius,
1778 2886 2064 2941 Vercella-

425 2991 558 3030 rum
588 2978 644 3030 et
670 2973 794 3045 ipse
814 2973 1123 3045 episcopus
1145 2975 1243 3044 (5),
1270 2974 1655 3029 antecessoris
1679 2975 1770 3029 sui
1802 2975 2064 3030 Bonomii

428 3062 726 3120 Tabellam
755 3063 833 3135 (6)
863 3066 1228 3134 prosecutus,
1249 3063 1463 3132 quibus
1485 3063 1800 3118 novissime
1821 3064 2067 3119 accessit

426 3151 793 3208 clarissimus
824 3152 1006 3207 lricus
1035 3151 1095 3206 in
1127 3150 1382 3205 Historia
1410 3151 1759 3205 Tridinensi.

2171 573 2445 629 habuisse
2466 576 2735 629 Attonem
2765 573 2967 628 eodem
3025 573 3274 626 incendii
3307 589 3459 627 anno
3492 573 3675 628 sacris
3708 575 3804 629 de-

2171 669 2431 717 coratum
2465 663 2690 718 infulis.

2240 752 2307 807 V.
2349 758 2533 823 Longe
2562 753 2826 823 graviora
2849 756 2987 805 sunt
3017 751 3073 804 in
3103 751 3395 806 hanc'rem
3433 758 3809 809 monumenta

2171 841 2304 902 duo,
2329 841 2544 911 quibus
2571 848 2765 912 aperte
2788 840 3110 906 coniicitur,
3142 841 3594 911 Ragemhartum
3619 843 3803 911 proxi-

2170 929 2281 982 mis
2313 936 2444 982 ante
2484 936 2747 984 Attonem
2783 929 2952 983 annis
2987 928 3299 983 Ecclesium
3335 931 3551 986 rexisse
3585 932 3808 986 Vercel-

2169 1019 2429 1084 leusem;
2458 1036 2702 1090 quisque
2727 1037 2792 1074 eo
2817 1018 3114 1072 lubentius
3142 1020 3394 1090 proferre
3416 1020 3806 1091 aggredimur,

2169 1107 2323 1176 quod
2346 1107 2572 1161 erudito
2605 1107 2815 1178 cuique
2842 1109 3097 1178 optanda
3130 1108 3335 1162 merito
3364 1109 3688 1163 videantur.

2245 1195 2500 1249 Primum
2534 1201 2622 1250 est
2667 1195 2914 1266 epistola
2962 1195 3211 1251 formata
3258 1213 3432 1266 quam
3475 1213 3542 1251 ex
3574 1197 3810 1269 antiquo

2170 1274 2411 1337 archivii
2443 1284 2623 1339 nostri
2657 1283 2853 1339 codice
2877 1283 3027 1353 sign.
3062 1301 3226 1338 num.
3259 1286 3350 1351 53,
3373 1285 3675 1340 Canonum
3703 1285 3813 1341 col-

2170 1370 2480 1427 lectionem
2515 1389 2630 1427 una
2651 1361 2781 1427 cum
2807 1372 3031 1444 aliquot
3050 1372 3303 1439 Attonis,
3328 1373 3627 1445 opusculis
3659 1391 3812 1430 com-

2170 1461 2452 1531 plectente
2469 1462 2932 1533 desumpsimus,
2960 1478 3256 1533 quamque
3277 1467 3333 1516 et
3354 1463 3564 1518 saeculo
3588 1465 3811 1518 decimo

2170 1549 2536 1620 scriptam,et
2558 1550 2786 1606 Attonis
2810 1551 2996 1620 ipsius
3013 1552 3186 1620 jussu
3211 1567 3344 1604 eum
3367 1551 3425 1604 in
3449 1552 3706 1607 codicem
3733 1569 3815 1608 re-

2173 1637 2587 1706 latam,suadet
2601 1641 2785 1693 forma
2799 1640 3198 1694 characterum
3215 1639 3492 1695 smculum
3511 1640 3706 1712 ipsum
3724 1659 3815 1696 sa-

2171 1725 2356 1797 piens,
2385 1733 2438 1782 et
2470 1744 2602 1782 cum
2633 1728 3077 1782 Attonianorum
3111 1743 3354 1799 Operum
3381 1730 3815 1786 characteribus

2170 1832 2408 1886 prorsus
2439 1817 2642 1871 eadem
2673 1818 2774 1886 (7),
2809 1817 2891 1870 En
2917 1815 3346 1888 praeclarissimi
3370 1819 3667 1891 exemplar
3697 1836 3818 1875 mo-

2176 1904 2440 1958 numenti
2474 1922 2540 1959 ex
2572 1905 2932 1977 autographo
2965 1906 3032 1961 ad
3067 1905 3351 1960 amussim
3381 1914 3680 1962 exaratum
3710 1926 3722 1964 :

2173 2015 2200 2041 ‹‹
2238 1991 2435 2068 Incipit
2466 1994 2716 2068 epistola,
2768 2009 3105 2068 quamqmosg
3137 1995 3364 2049 Latinus
3390 1998 3682 2066 formatam
3715 2014 3816 2068 ap-

2242 2063 2434 2146 pet-lat,
2467 2063 2501 2118 α
2529 2067 2727 2119 sanctis
2776 2063 3035 2120 Patribus
3084 2065 3141 2118 in
3189 2063 3421 2123 Nicazna
3458 2069 3662 2138 synodo
3690 2063 3814 2124 con-

2243 2138 2637 2262 inlttzlltgbmine
2667 2206 2878 2273 Patris,
2905 2211 2961 2261 et
2991 2206 3139 2273 Filii,
3163 2211 3220 2262 et
3248 2207 3502 2280 Spiritus
3533 2211 3746 2266 sancti.

2594 2371 2621 2398 ‹‹
2654 2352 2974 2404 ΠΦΟΗΡΝΛΚ
3005 2350 3080 2420 (8)
3113 2349 3259 2405 Mille
3287 2296 3396 2404 xxi:

2251 2459 2269 2485 -
2308 2437 2814 2507 Reverentissimo,
2837 2436 3112 2508 omnique
3137 2455 3301 2492 sacra
3329 2439 3699 2495 veneratione
3723 2457 3818 2496 co-

2171 2524 2340 2580 lendo
2373 2526 2523 2580 Patri
2556 2527 2793 2581 Andreae
2826 2532 3038 2581 sanctae
3069 2527 3516 2583 Mediolanensis
3548 2529 3818 2585 Ecclesiae

2175 2615 2631 2687 archiepiscopo,
2683 2616 3108 2687 Ragembertus
3157 2622 3370 2670 sancta:
3429 2617 3820 2674 Vercellensis

2174 2704 2440 2759 Ecclesiae
2469 2704 2708 2760 humilis
2731 2705 3061 2776 episcopus,
3087 2710 3515 2776 prasentem,et
3535 2713 3818 2763 aeternam

2174 2793 2231 2846 in
2266 2793 2510 2847 Domino
2539 2792 2896 2848 felicitatem.
2931 2793 3078 2857 Quia
3107 2793 3288 2849 sacris
3315 2795 3577 2866 apicibus
3607 2799 3820 2853 vestris

2174 2880 2538 2936 Wali‘redum
2593 2881 2859 2937 Ecclesiae
2919 2888 3127 2938 nostrae
3177 2883 3600 2938 subdiaconum
3652 2887 3823 2942 vobis

2175 2970 2636 3024 consecrandum
2654 2971 2919 3025 Ecclesiae
2938 2971 3344 3041 Eporrediensi
3367 2973 3436 3026 ad
3455 2978 3652 3028 votum
3675 2975 3823 3030 cleri

2174 3064 2232 3112 et
2258 3058 2774 3130 populipraesulem
2804 3059 3101 3129 expetistis
3131 3075 3143 3112 :
3172 3060 3380 3114 nefasa
3405 3061 3572 3116 nobis
3595 3061 3824 3134 aliquid

2176 3149 2394 3202 sanctis
2427 3147 2809 3218 petitionibus
2854 3146 3062 3202 vestris
3110 3147 3380 3220 denegari
3413 3150 3824 3221 exstimantes,

497 3240 597 3296 His
629 3239 982 3314 opponimus
1011 3239 1495 3311 antiquissimum
1519 3239 1949 3312 Necrologium,
1971 3257 2066 3296 no-
2094 3230 2138 3293 C
2169 3225 2338 3308 juxta
2351 3254 2630 3302 amorem,
2655 3241 2711 3291 et
2735 3235 3115 3290 reverentiam
3131 3238 3421 3292 canonicos
3440 3239 3828 3308 deﬁnitionis,

423 3335 636 3401 strum,
677 3329 777 3385 ubi
825 3329 895 3384 de
951 3328 1262 3400 Norgando
1320 3327 1612 3399 legimus:
1645 3345 1677 3382 v
1733 3329 1853 3383 Kal.
1904 3329 2060 3384 Mart.

420 3419 555 3476 obiit
579 3417 906 3476 venerandae
960 3418 1246 3473 memoria:
1298 3417 1620 3487 Norgandu:
1676 3416 1838 3490 hujus
1879 3419 2060 3474 Eccle-

416 3509 518 3565 siae
575 3508 870 3580 episcopus,
931 3508 1027 3578 qui
1093 3507 1382 3560 canonica:
1437 3506 1734 3574 ordinavit,
1792 3515 1843 3562 et
1899 3506 2064 3576 huius

417 3595 675 3653 Ecclesiae
703 3594 919 3650 ordines
965 3595 1271 3649 nobilitatis
1318 3595 1586 3649 instituit.
1639 3594 1784 3649 Nam
1825 3601 2062 3666 praeter-

419 3701 596 3757 quam
629 3685 784 3756 quod
813 3681 1128 3739 verisimile
1160 3699 1274 3737 non
1316 3687 1424 3751 est,
1459 3682 1782 3755 Necrologii
1813 3685 2063 3756 scripto-

419 3790 540 3831 rem
574 3773 943 3845 deplorandae
976 3771 1182 3827 mortis
1211 3788 1395 3844 genus
1427 3771 1609 3827 fuisse
1639 3775 2063 3843 praetermissu-

422 3880 576 3932 rum,
624 3862 673 3918 si
731 3861 1000 3933 Papiensi
1055 3860 1320 3915 incendio
1379 3860 1646 3932 periisset
1694 3861 2061 3933 Norgandus,

425 3951 582 4008 haud
614 3951 865 4006 cohaeret
910 3949 1032 4005 dies
1063 3950 1122 4004 in
1169 3949 1503 4022 Necrologio
1555 3955 1754 4004 notata
1783 3967 1915 4005 cum
1949 3952 2062 4022 die,

427 4041 501 4096 ad
533 4056 711 4113 quam
743 4038 1138 4111 Luitprandus
1187 4055 1408 4094 coaevus
1450 4039 1701 4110 scriptor
1730 4038 2066 4095 incendium

429 4131 623 4200 refert,
655 4130 729 4186 ad
759 4146 814 4184 IV
870 4127 1091 4184 scilicet
1120 4128 1257 4182 Idus
1312 4127 1499 4182 Martii
1538 4145 1631 4184 an.
1691 4129 1814 4182 924.
1851 4131 2066 4193 Quam-

428 4219 629 4276 obrem
660 4223 813 4274 recte
841 4216 1215 4283 concluseris,
1248 4217 1624 4288 Norgandum
1658 4233 1764 4272 nec
1793 4218 2067 4290 praedicto

499 4380 578 4452 (2)
608 4379 740 4435 Vid.
774 4379 1054 4434 Frodoad.
1085 4378 1146 4434 in
1177 4378 1412 4450 Chron.,
1458 4383 1514 4434 et
1543 4379 1883 4450 Luitprand.
1916 4380 2046 4436 Hist

430 4451 515 4508 ib.
546 4468 627 4522 ui,
660 4467 788 4522 cap.
820 4456 878 4506 et
909 4467 1066 4522 seqq.

497 4493 510 4507 .
546 4468 627 4522 ui,
660 4467 788 4522 cap.
820 4467 878 4506 et
909 4467 1068 4576 seqq;

497 4523 573 4594 (3)
601 4523 988 4594 Asservantur
1076 4537 1154 4577 eeo
1183 4521 1243 4576 in
1277 4521 1531 4577 archivio
1576 4526 1795 4590 nostro,
1830 4537 2068 4576 eorum-

427 4610 541 4665 que
557 4593 860 4665 exemplar
887 4593 1203 4649 referemus
1235 4609 1397 4648 num.
1431 4596 1486 4647 8.

516 4666 568 4734 4)
601 4664 662 4720 In
694 4665 818 4721 Ital.
847 4681 997 4721 sacr.

516 4669 568 4734 4)
601 4669 662 4720 In
694 4669 818 4721 Ital.
847 4681 997 4721 sacr.

489 4669 567 4819 (ᾧ)
596 4736 756 4819 In
788 4737 1018 4802 Euseb.,
1077 4741 1134 4792 et
1163 4737 1292 4807 ejus
1335 4751 1658 4790 successor.
1707 4733 1838 4786 Vita
1868 4732 2061 4787 Romae

421 4809 578 4864 edita
610 4809 766 4863 1602.

491 4879 568 4951 (ὃ)
597 4882 816 4951 Adject.
852 4880 923 4934 ad
956 4877 1264 4951 Collectan.
1293 4876 1454 4951 (edita
1485 4875 1644 4951 des.
1682 4872 1950 4928 Eusebio.

511 4881 546 4934 6
597 4882 816 4951 Adject.
852 4880 923 4934 ad
956 4879 1264 4935 Collectan.
1298 4879 1454 4931 edita
1485 4879 1555 4930 de
1587 4879 1644 4929 S.
1682 4879 1950 4928 Eusebio.

490 4879 568 5022 i7;
599 4951 658 5006 In
719 4952 832 5007 ﬁne
890 4951 1069 5022 hujus
1121 4949 1336 5005 codicis
1395 4947 1453 5000 hi
1507 4945 1685 5000 etiam
1743 4960 1950 4998 versus
1979 4942 2060 4997 le-

419 5028 654 5094 guntur.

478 5131 614 5188 Atto,
646 5129 741 5178 tibi
765 5128 976 5192 praesui,
1008 5132 1192 5192 ternos
1221 5121 1575 5192 ego_confero
1606 5120 1784 5176 libros,

541 5192 734 5242 Eusebi
763 5188 982 5253 inartyr,
1014 5188 1225 5248 suscipe
1256 5189 1398 5253 vota,
1434 5196 1584 5253 rosio.

479 5255 685 5309 Primus
713 5255 877 5303 habet
904 5242 1138 5312 glossas:
1162 5242 1402 5312 'psalmos
1425 5247 1716 5312 pertractat
1745 5246 1797 5292 et
1826 5242 1995 5296 alter:

539 5307 746 5368 Tertius
774 5307 1008 5365 ofﬁcium
1039 5307 1250 5360 disserit
1281 5320 1438 5354 omne
1468 5307 1702 5354 Patrum.

477 5381 582 5430 Nec
613 5379 832 5428 credant
858 5377 960 5424 hoc
991 5388 1073 5422 me
1102 5371 1197 5421 tibi
1229 5371 1398 5418 solum
1431 5372 1641 5418 tradere
1671 5369 1888 5418 donum.

539 5441 800 5490 Ecclesiae
829 5438 1028 5500 quique
1059 5432 1351 5500 exspoliare
1372 5433 1558 5500 solent.

473 5504 626 5563 Quod
657 5503 700 5549 si
729 5493 1037 5563 intestatum
1072 5493 1304 5563 moriens
1333 5495 1458 5554 quid
1480 5493 1618 5563 forte
1648 5495 1946 5558 relinquam
1976 5510 1987 5544 :

504 5557 749 5614 Ecclesiae
782 5561 1050 5624 proprium
1086 5559 1378 5624 istiusesse
1411 5557 1554 5606 volo.

471 5624 675 5679 Praedia
702 5622 1052 5674 sic'maneant
1078 5639 1090 5675 :
1121 5622 1196 5671 sic
1222 5623 1326 5672 sint
1354 5624 1408 5672 et
1436 5625 1628 5672 caetera
1655 5624 1852 5672 cuncta
1879 5636 1891 5678 ;

532 5685 746 5750 Occasio
774 5685 953 5754 pravis
973 5699 1074 5742 nec
1101 5685 1257 5741 detur
1283 5684 1396 5740 ulla
1423 5683 1552 5741 viris

2174 3341 2359 3396 usque
2389 3326 2461 3379 ad
2505 3325 2753 3396 gradum
2805 3324 3171 3379 subdiaconii
3219 3331 3550 3382 nostrorum
3599 3331 3828 3399 praede-

2171 3429 2406 3469 cessoru
2419 3430 2472 3468 m
2489 3413 2878 3468 sollicitudine
2892 3420 3225 3483 promutum
3237 3459 3250 3484 ,
3274 3416 3828 3486 paternitativestraa

2173 3503 2242 3557 ad
2269 3500 2657 3573 episcopalem
2682 3501 3040 3570 cathedram,
3065 3503 3310 3559 Domino
3337 3505 3827 3577 adminiculante,

2173 3592 2549 3646 concedimus
2580 3593 3147 3664 promovendum.Ne
3170 3610 3304 3665 ergo
3331 3595 3398 3646 de
3422 3594 3608 3664 ipsius
3631 3601 3831 3652 trans-

2174 3687 2300 3735 acta
2329 3681 2786 3745 conversatione,
2811 3682 2929 3738 sive
2951 3683 3219 3754 praesenti
3250 3683 3624 3739 concessione
3647 3687 3829 3756 quid-

2174 3769 2328 3840 piam
2362 3770 2607 3826 almitati
2630 3777 2834 3826 vestrae
2858 3787 3094 3825 necesse
3117 3771 3194 3824 sit
3216 3769 3530 3843 ambigere,
3563 3789 3828 3843 presen-

2174 3859 2334 3913 tibus
2364 3859 2718 3914 humilitatis
2739 3864 2948 3915 nostrae
2973 3858 3183 3912 litteris
3207 3875 3339 3913 eum
3366 3861 3680 3931 prosecuti,
3713 3879 3827 3917 su-

2177 3965 2348 4016 mus;
2381 3949 2596 4020 quibus
2655 3947 2822 4002 illum
2875 3947 2935 4000 in
2995 3954 3368 4002 sacrosancta
3413 3947 3712 4020 religione,
3761 3951 3828 4006 in

2176 4042 2460 4107 quantum
2493 4036 2910 4102 audivimus,et
2930 4035 3328 4108 cognovimus,
3354 4042 3529 4108 atque
3561 4037 3835 4096 humana

2177 4124 2461 4197 fragilitas
2491 4124 2803 4179 exstimare
2829 4123 3066 4189 sufﬁcit,
3099 4123 3382 4193 hactenus
3412 4132 3834 4185 conversatum

2179 4215 2360 4270 fuisse
2379 4213 3040 4282 testiiicamur,eumque
3062 4214 3132 4267 ad
3159 4214 3216 4269 id
3240 4215 3636 4270 ministerium
3661 4231 3838 4286 pera-

2241 4338 2294 4388 Si
2314 4337 2453 4400 quis
2480 4335 2618 4400 forte
2648 4349 2814 4398 rapax
2845 4340 3051 4400 partem
3082 4337 3396 4387 subduxerit
3423 4337 3603 4400 ullam,

2303 4397 2504 4447 Sentiet
2533 4397 2658 4461 hinc
2686 4397 2891 4460 pceuas,
2923 4399 3337 4461 Tartareumque
3366 4401 3558 4448 locum.

2243 4461 2389 4512 Alter
2419 4461 2517 4524 erit
2539 4460 2724 4522 Judas)
2757 4460 3097 4524 Dathan‘erit
3122 4460 3264 4524 alter
3284 4462 3518 4524 Abyron,

2304 4522 2572 4585 Exspoliat
2600 4526 2643 4570 si
2673 4523 2792 4585 quis
2819 4521 3019 4584 templa
3047 4522 3228 4570 divina
3247 4521 3421 4573 bonis.

3097 4619 3117 4657 Ι

2244 4675 2320 4746 (8)
2351 4674 2642 4753 Numerus
2673 4671 2766 4726 hic
2803 4673 2977 4753 .mitle
3022 4689 3132 4728 xxx
3175 4674 3426 4753 .nigriori
3466 4679 3825 4753 atramento,

2173 4743 2535 4821 diversisque
2557 4743 2855 4821 aliquanto
2872 4743 3325 4821 characteribus,
3350 4747 3552 4821 charta
3571 4743 3830 4821 insuper

2175 4817 2472 4890 aliquanto
2505 4831 2681 4885 super
2704 4815 2936 4890 abrasa,
2971 4817 3226 4890 scriptus
3260 4820 3493 4890 legitur,
3527 4820 3622 4874 ubi
3670 4815 3829 4879 forte

2173 4885 2831 4959 rectiorisupputatione
2853 4885 3152 4959 legebatur
3173 4885 3388 4957 Mva'u,
3413 4894 3554 4946 Cum
3579 4892 3737 4945 enim
3757 4894 3823 4949 in

2173 4957 2419 5030 epistola
2440 4957 3080 5032 numerusperlitteras
3102 4978 3412 5032 expressus
3434 4962 3490 5015 in
3512 4979 3825 5020 summam

2171 5028 2384 5104 ductus
2405 5028 2770 5100 ipsislitteris
2801 5028 3224 5104 consequenter
3253 5035 3565 5104 adjunctus
3598 5033 3828 5090 innua-

2171 5107 2284 5176 tur;
2304 5101 2380 5155 ibi
2402 5117 2708 5156 numerum
2725 5119 2918 5176 nicavit
2935 5101 3122 5174 primo
3137 5103 3246 5176 legi
3261 5101 3672 5175 de'buissejure
3687 5123 3830 5162 sus-

2169 5174 2452 5245 picamur,
2488 5178 2705 5247 cumet
2757 5173 2832 5247 ibi
2862 5173 3043 5241 locus,
3071 5177 3168 5230 ubi
3196 5173 3825 5247 cxstiterit,appareat,

2167 5243 2224 5300 et
2257 5262 2451 5300 revera
2482 5261 2548 5298 ex
2583 5243 2740 5299 hisce
2787 5246 3019 5311 litteris,
3053 5248 3329 5317 adjuncta
3377 5243 3568 5302 littera
3593 5243 3655 5300 Ζ.
3692 5243 3829 5304 sive

2167 5333 2410 5371 numero
2433 5317 2766 5371 indictionis
2792 5318 3176 5387 septimm,hic
3203 5335 3484 5372 numerus
3505 5318 3825 5375 contletur.

2165 5389 2264 5442 Vel
2302 5388 2528 5452 saltem,
2563 5389 2798 5458 dempto
2829 5388 3169 5442 indictionis
3199 5405 3464 5452 numero,
3496 5388 3827 5457 legendum

2163 5465 2317 5516 esset
2348 5477 2580 5514 MXXXXX
2604 5475 2615 5512 :
2650 5458 2872 5513 scilicet
2894 5459 3085 5531 abrasi
3111 5459 3268 5512 fuere
3295 5460 3408 5531 duo
3437 5459 3665 5513 numeri
3694 5476 3773 5514 xx
3807 5481 3824 5531 ;

2164 5549 2358 5587 revera
2389 5547 2542 5603 enim
2569 5545 2850 5603 numerus
2873 5529 3414 5603 quinquageuarius
3438 5545 3552 5584 non
3577 5529 3828 5603 semper

2161 5604 2330 5676 signo
2362 5619 2415 5668 ι,
2446 5599 2559 5678 sed
2595 5599 2856 5678 quinque
2900 5617 2936 5654 x
2979 5599 3039 5655 in
3070 5601 3286 5658 nostris
3317 5600 3476 5660 hisce
3506 5599 3820 5678 codicibus

2159 5669 2473 5756 expressus
2507 5669 2740 5731 visitur.
2762 5669 2776 5671 “
3765 5669 3820 5691 μ.
