3956 6230
126 374 185 433 l7
1537 370 2120 435 PROLEGOMENA
2136 413 2149 427 .
3474 368 3548 427 18

122 503 593 579 perlustrarunt.
631 502 870 559 Barbari
908 520 1117 575 nempe
1144 502 1369 559 Italiam
1404 504 1788 576 undequaquc
1819 516 1866 577 Α
1904 502 2148 557 tissimis
2206 501 2465 556 hostium
2525 500 2962 557 incursionibus
3010 501 3078 556 ad
3111 500 3437 556 eas'rerum
3469 517 3542 555 an

123 600 415 651 vastantes
449 593 679 665 aliique
697 594 841 648 alios
858 612 924 647 ex
952 594 1251 664 occupatis
1271 595 1507 649 sedibus
1528 594 1576 646 vi
1602 595 1787 663 depel-

121 686 312 749 lentes,
350 691 409 737 et
446 699 607 753 srepe
641 683 854 737 iterum
885 683 1062 753 pulsi,
1090 684 1345 737 humana
1370 683 1583 749 omnia,
1620 688 1671 736 et
1699 684 1786 736 di-

118 774 241 826 vina
257 772 489 842 susdeq
502 789 573 824 ue
590 778 884 825 verterant
905 790 915 837 ;
940 788 1107 842 pessn
1122 772 1306 825 ndata:
1324 770 1591 825 liberales
1613 778 1783 835 artes,

121 863 464 933 perturbata
500 861 733 931 religio,
772 878 963 915 rerum
1000 861 1260 915 omnium
1297 878 1531 915 summa
1562 861 1786 914 invecta

114 951 417 1006 calamitas
446 969 459 1015 ;
497 956 679 1021 atque
713 950 833 1005 haec
860 950 1055 1003 omnia
1090 967 1203 1021 pra:
1232 949 1451 1003 czeteris
1504 948 1657 1002 mala
1692 967 1782 1003 cx-

110 1042 503 1111 periebantur
536 1039 968 1110 Vercellenses,
1003 1040 1355 1107 euntium,et
1390 1040 1779 1103 redeuntium,

110 1130 255 1185 inter
278 1146 542 1200 seseque
568 1129 638 1183 de
658 1129 853 1200 praeda
870 1130 1265 1200 pugnantium
1288 1129 1668 1182 barbarorum
1688 1128 1778 1181 iti-

113 1219 231 1275 neri
266 1220 600 1273 admodum
631 1217 885 1273 obnoxii.

180 1306 400 1375 Quales
434 1308 612 1363 etiam
643 1307 898 1362 solerent
929 1324 995 1361 ea
1021 1310 1185 1360 aetate
1240 1305 1508 1360 Ecclesiis
1567 1306 1775 1375 prceﬁci

111 1397 394 1467 episcopi,
428 1402 494 1449 ut
523 1395 670 1450 alios
702 1397 1167 1466 praetermittam,
1205 1396 1378 1449 refert
1425 1393 1777 1448 Muratorius

110 1486 262 1555 (t3):
298 1507 323 1534 ι(
358 1485 416 1539 Si
452 1485 807 1539 rifiutavano
842 1485 855 1537 i
918 1483 1241 1538 meritevoli
1302 1483 1454 1537 eletti
1510 1484 1775 1553 (pastores

109 1575 337 1643 scilicet)
369 1590 401 1627 e
455 1573 781 1628 conveniva
828 1573 1126 1644 prenderi
1165 1571 1459 1643 prediletti
1522 1572 1593 1624 da
1653 1571 1773 1625 loro

110 1662 373 1732 (videlicet
398 1680 436 1717 a
464 1663 841 1733 principibus)
862 1662 1147 1717 ancorcbé
1168 1662 1423 1730 indegni,
1451 1678 1562 1714 non
1590 1659 1774 1714 consi-

114 1753 368 1806 derando
420 1751 541 1806 essi
598 1752 805 1805 merito
838 1750 927 1804 del
959 1766 1181 1821 sapere,
1217 1766 1247 1804 e
1280 1749 1430 1803 della
1476 1751 1651 1803 bonta
1686 1748 1770 1802 de‘

113 1839 390 1905 costumi,
430 1855 529 1893 ma
560 1840 878 1894 solamente
912 1842 982 1893 de
1018 1839 1325 1903 ricchezze,
1357 1837 1395 1891 il
1431 1839 1765 1909 parcntado,

117 1929 225 1984 edi
282 1929 552 1998 servigii.
608 1929 649 1982 E
708 1944 767 1983 se
819 1945 933 1983 non
985 1929 1319 1982 vendexano
1351 1927 1401 1982 le
1442 1928 1646 1981 Chiese
1678 1945 1780 1997 per

123 2018 363 2083 danaro,
400 2017 455 2072 le
489 2018 713 2072 davano
756 2018 1110 2072 nondimeno
1156 2018 1211 2070 in
1248 2020 1593 2089 pagamento
1626 2016 1778 2070 della

124 2109 337 2163 servitu
374 2112 642 2180 prestata
673 2108 744 2161 da
773 2107 908 2173 essi,
930 2107 1049 2161 oda
1070 2106 1158 2159 lor
1189 2106 1409 2177 parenti
1448 2105 1561 2159 alla
1584 2112 1771 2159 corte:

122 2212 252 2267 pero
303 2197 351 2251 si
413 2196 713 2251 vedevano
746 2195 1004 2249 fancinlli
1041 2195 1207 2249 alzati
1232 2194 1283 2249 al
1317 2200 1640 2262 vescovato,
1666 2211 1695 2247 e
1726 2194 1775 2249 si

124 2282 427 2355 obbligava
458 2283 499 2336 il
531 2282 739 2354 popolo
772 2300 804 2336 a
828 2283 932 2336 dar
953 2282 1395 2337 testimonianze
1422 2282 1777 2337 favorevolia

123 2372 307 2441 questi
345 2370 709 2437 sbarbatelli,
745 2372 849 2425 che
881 2388 1107 2442 appena
1148 2387 1362 2425 aveano
1422 2371 1711 2441 imparato
1746 2388 1778 2425 a

124 2460 407 2515 memoria
458 2460 705 2531 qualche
756 2460 997 2515 articolo
1042 2459 1193 2515 della
1248 2460 1394 2525 fede,
1447 2476 1549 2531 per
1581 2465 1776 2531 petere

124 2549 487 2620 rispondere,
525 2551 745 2604 benché
778 2549 1105 2615 tremando,
1138 2548 1232 2603 all’
1265 2564 1458 2603 esame
1486 2567 1497 2603 :
1535 2548 1573 2601 il
1604 2548 1774 2619 quale

124 2654 215 2693 era
241 2638 497 2692 tuttavia
531 2638 591 2692 in
623 2656 729 2692 uso
763 2638 1045 2710 piuttosto
1078 2654 1179 2708 per
1212 2638 1645 2707 formalita,che
1679 2655 1778 2708 per

125 2727 365 2782 chiarire
396 2727 453 2782 la
486 2728 719 2782 scienza
751 2727 943 2782 d‘essi.
978 2728 1058 2781 Ed
1078 2727 1359 2798 eccoqual
1388 2730 1538 2781 fosse
1561 2728 1617 2781 in
1640 2745 1775 2798 que-

127 2815 195 2869 sti
225 2815 478 2883 tempilo
504 2822 659 2871 stato
684 2816 1013 2871 miserabile
1059 2817 1206 2871 delle
1238 2817 1438 2870 Chiese
1481 2816 1722 2870 d'ltalia.
1748 2839 1772 2865 ››

129 2903 227 2957 Cui
286 2905 435 2959 adde
495 2907 673 2960 etiam
736 2906 964 2960 Atlonis
1018 2906 1203 2978 ipsius
1255 2923 1320 2959 ea
1352 2906 1420 2959 de
1448 2905 1776 2959 calamitate

128 2994 533 3049 testimonium
610 2996 671 3048 in
758 3000 1004 3050 tractatu
1079 2997 1150 3049 De
1198 2999 1471 3066 pressaris
1528 2997 1776 3049 ecclesia-

131 3084 289 3136 uicis.

194 3172 501 3227 Enimvero
536 3173 637 3243 qui
670 3172 936 3227 Ecclesiae
982 3190 1283 3244 nunquam
1344 3172 1679 3227 defuturum
1715 3189 1775 3227 se

130 3264 518 3333 spoponderat
567 3261 834 3317 Christus
896 3264 1197 3330 Dominus,
1244 3265 1367 3332 jam
1428 3263 1604 3317 veluti
1639 3280 1772 3317 cum
1806 3252 1847 3318 C

129 3351 342 3407 ceteris
373 3352 558 3407 rebus
583 3351 856 3406 omnibus
889 3352 1156 3423 collapsa:
1192 3352 1453 3422 religioni
1477 3353 1773 3422 egregium

128 3439 388 3495 excitavit
419 3445 819 3511 reparatorem
850 3443 1145 3505 Attonem,
1182 3441 1279 3513 qui
1340 3458 1407 3495 ex
1461 3441 1772 3513 episcopali

127 3527 421 3595 cathedra,
452 3535 735 3599 tanquam
764 3546 794 3583 e
820 3529 1060 3584 sublimi
1094 3531 1237 3595 loco,
1270 3530 1483 3584 diffusa
1516 3529 1774 3600 pietatis,

127 3620 178 3668 et
219 3616 632 3672 ecclesiasticae
711 3618 986 3673 doctrinae
1047 3617 1568 3690 splendentissima
1626 3618 1772 3688 luce,

126 3702 591 3761 Vercellensibus
606 3706 886 3778 primum,
906 3712 1028 3761 tum
1056 3707 1321 3761 finitimis
1344 3707 1516 3762 etiam
1544 3708 1773 3779 populis

130 3808 189 3846 ac
217 3794 500 3850 universa:
535 3796 901 3866 resplenduit
932 3796 1278 3862 Ecclesiae,et
1303 3814 1417 3867 qua
1448 3797 1770 3851 remedium

128 3880 266 3936 ferre
298 3884 654 3956 gravissima
687 3890 953 3955 poterant
984 3885 1159 3951 mala,
1196 3902 1428 3939 summa
1450 3885 1768 3955 vigilantia,

130 3978 293 4041 atque
322 3973 639 4028 indefessis
672 3974 868 4027 attulit
897 3974 1269 4028 viribus'Huc
1303 3974 1549 4043 pertinet
1571 3975 1771 4043 ejusin

131 4060 410 4116 visitanda
463 4062 676 4132 sigulis
709 4062 877 4116 annis
937 4063 1166 4118 direcesi
1228 4062 1598 4123 sollicitudo;
1658 4065 1770 4118 huc

130 4148 400 4204 eximium
435 4151 581 4204 illud
615 4153 685 4205 ab
712 4168 776 4205 co
809 4151 1030 4206 editum
1065 4152 1393 4223 Capitulare
1417 4153 1483 4205 ad
1510 4152 1645 4206 cleri
1678 4170 1771 4223 po-

132 4237 361 4309 pulique
418 4240 913 4309 reformationem,
977 4246 1150 4312 atque
1209 4243 1277 4294 ad
1316 4240 1767 4296 ecclesiasticam

132 4325 519 4397 disciplinam,
555 4329 735 4383 veluti
782 4328 1143 4400 postliminio
1202 4330 1623 4384 revocandam:
1656 4330 1769 4385 huc

130 4428 294 4469 sacrae
325 4419 640 4472 conciones
666 4420 732 4472 ad
766 4434 1000 4490 gregem
1034 4420 1368 4489 frequenter
1398 4419 1767 4489 habitre,qui-

129 4501 230 4557 bus
261 4505 328 4559 ad
349 4505 649 4579 Evangelii
671 4523 935 4562 normam
955 4506 1357 4561 institueretur
1382 4525 1393 4573 ;
1419 4507 1532 4561 huc
1555 4508 1765 4577 episto-

1899 592 2123 661 gustias
2144 592 2376 645 adducti
2401 590 2479 644 illi
2507 591 2755 659 fuerant,
2781 594 2997 659 utcum
3024 607 3127 645 nec
3157 594 3363 663 praesto
3388 594 3543 644 esset

1898 700 2011 753 quo
2046 682 2127 734 vel
2164 681 2506 735 tenuissimo
2535 681 2845 743 alerentur,
2883 681 3138 734 officium
3198 684 3545 752 cogerentur

1897 773 2167 839 abjicere.
2200 770 2262 826 1d
2292 770 2625 839 intelligens
2650 769 3206 841 Atto,prmdiaipsis,
3234 769 3544 841 possessio-

1896 877 2113 931 nesque
2150 859 2555 914 liberalissime
2580 860 2772 925 cessit,
2797 867 2855 913 ut
2877 859 3044 930 pulsa
3067 875 3271 930 nempe
3294 858 3541 913 necessi-

1894 952 2213 1013 tudine,om
2227 967 2353 1003 nem
2382 950 2448 1003 ad
2476 949 3089 1017 divinacogitationcm
3116 953 3535 1003 converterent.

1894 1044 1972 1093 En
2007 1038 2377 1109 chirographi
2414 1038 2743 1093 donationis
2768 1037 3097 1107 exemplar:

1966 1151 1992 1178 ‹‹
2030 1130 2087 1182 In
2126 1129 2360 1181 nomine
2390 1132 2601 1181 sancta:
2633 1132 2689 1181 et
2720 1126 3027 1181 individuis
3045 1126 3536 1197 Trinitatis.‘._'Atto

1892 1218 2096 1273 divinae
2140 1216 2534 1271 miserationis
2594 1233 2833 1271 munere
2882 1220 3096 1271 sanctae
3150 1215 3536 1273 Vercellensis

1889 1307 2155 1362 Ecclesiae
2185 1306 2427 1361 humilis
2450 1306 2617 1376 episcu
2648 1306 3253 1376 pus.Quotiescunque
3279 1305 3537 1376 indigen-

1887 1398 2066 1463 tibus,
2102 1398 2257 1467 Deoq
2290 1394 2787 1452 antibasuefamul
2881 1411 3004 1465 pro,
3054 1412 3254 1450 eorum
3314 1393 3538 1448 scilicet

1886 1487 2221 1543 calamitate
2249 1485 3270 1560 proclamantibus,consulimus,eos
3292 1483 3536 1538 liberius

1887 1575 2002 1631 Deo
2038 1578 2153 1631 fam
2165 1575 2405 1641 ulari,ac
2438 1592 2539 1647 pro
2556 1576 2806 1639 nobis,et
2828 1571 3535 1641 benefactoribusgnostris

1886 1666 2216 1735 promptius
2248 1665 2783 1731 orare,nullatenus
2809 1662 3413 1731 difﬁdimus,ideoque
3433 1678 3533 1716 no-

1883 1755 2027 1809 verit
2050 1755 2313 1809 omnium
2348 1762 2559 1809 sanctze
2588 1754 2679 1808 Dei
2716 1754 2983 1808 Ecclesiae
3002 1753 3262 1808 fidelium
3288 1768 3537 1824 prasen-

1886 1843 2035 1897 tium
2072 1845 2310 1915 scilicet,
2347 1862 2411 1900 ac
2447 1846 2780 1899 futurorum
2828 1842 3136 1909 industria,
3162 1846 3378 1896 sancta:
3436 1839 3535 1895 Dei

1887 1933 2185 2002 genitricis
2218 1934 2408 1987 Mariae
2440 1949 2669 2003 semper
2700 1932 3069 2002 virginis,seu
3094 1931 3242 1985 beati
3264 1929 3536 2002 martyris

1890 2021 2120 2077 Eusebii
2183 2024 2491 2076 canonicos
2545 2023 2653 2075 sub
2708 2025 2908 2074 nostro
2948 2019 3227 2091 regimine
3258 2020 3534 2090 degentes

1888 2115 2148 2165 nostram
2188 2111 2400 2183 petisse
2432 2108 3005 2179 mercedem,quippe
3028 2124 3161 2161 cum
3183 2112 3399 2171 essent,
3418 2112 3528 2161 Deo

1892 2206 2457 2266 annuente,numero
2488 2195 2747 2268 triginta,
2780 2200 3081 2266 sumptum
3106 2194 3345 2249 minime
3367 2194 3529 2248 suffi-

1887 2289 2135 2343 cientem
2162 2289 2462 2353 habentes,
2498 2304 2612 2358 quo
2666 2286 2984 2340 subsistere
3042 2287 3299 2355 possent,
3357 2287 3533 2354 atque

1887 2378 2153 2431 divinum
2187 2376 2447 2431 officium
2481 2376 2539 2430 in
2564 2376 2689 2445 jam
2724 2372 2979 2445 prefatis
3024 2371 3311 2427 ecclesiis’
3342 2371 3533 2426 debite

1887 2466 2235 2536 persolvere,
2272 2465 2485 2537 precati
2520 2467 2975 2534 sunt,quatenus
3004 2465 3103 2515 aut
3126 2461 3406 2516 eumdum
3432 2478 3535 2515 nu-

1888 2572 2115 2609 merum
2152 2555 2435 2620 minuere,
2470 2560 2570 2609 aut
2600 2551 2879 2607 auxilium
2906 2550 3247 2621 hujusmodi
3280 2550 3535 2605 tribuere

1887 2644 2289 2715 dignaremur.
2323 2645 2441 2698 Nos
2472 2659 2607 2713 ergo
2640 2640 2856 2695 talibus
2890 2640 3138 2711 permoti
3179 2638 3535 2695 clamoribus

1886 2732 2245 2787 curticellam
2280 2750 2455 2786 unam
2488 2732 2867 2785 constitutam
2902 2729 2960 2784 in
2996 2728 3358 2783 Montanario
3390 2728 3537 2800 perti

1889 2827 2118 2875 nentem
2156 2822 2223 2876 de
2255 2828 2415 2877 curte
2447 2820 2738 2893 quondam
2774 2820 3084 2891 regia,qua2
3119 2817 3534 2884 t'uitVercellis,

1888 2928 2065 2981 quam
2092 2912 2258 2965 nobis
2291 2917 2538 2980 nostrqu
2551 2927 2618 2963 ue
2633 2908 2896 2963 Ecclesia:
2918 2907 3139 2962 domini
3162 2912 3217 2962 et
3237 2906 3538 2962 serenissi-

1888 3001 1965 3054 mi
2001 3017 2167 3071 reges
2198 3017 2298 3070 per
2332 2999 2596 3071 praecepti
2632 2998 2903 3069 paginam
2939 2996 3061 3069 Ugo
3114 3001 3171 3052 et
3225 2996 3535 3051 Lotharius

1886 3095 2301 3144 concesserunt
2332 3105 2463 3143 cum
2486 3088 2759 3143 omnibus
2773 3086 2898 3141 suis
2913 3085 3255 3156 adjacentiis
3272 3101 3337 3139 ac
3362 3086 3533 3139 fami-

1886 3178 1981 3232 liis
2016 3180 2319 3248 utriusque
2352 3194 2523 3232 sexus
2556 3177 2638 3229 eis
2662 3174 3154 3241 concessimus,ut
3176 3174 3246 3227 de
3267 3174 3395 3244 ejus
3419 3176 3534 3228 tru-

1887 3267 2059 3341 gibus
2120 3285 2222 3323 seu
2281 3266 2504 3338 reliquo
2562 3265 2791 3319 redditu
2852 3263 2924 3321 ad
2963 3281 3069 3319 nos
3102 3263 3531 3334 pertinentibus

1887 3358 2162 3412 alimenta
2177 3356 2431 3411 habeant
2453 3372 2471 3416 ;
2491 3355 2572 3408 ita
2591 3359 2791 3408 tamen
2806 3357 2869 3407 ut
2888 3352 3212 3423 frugesjam
3226 3352 3391 3405 dictae
3405 3368 3533 3405 cur-

1886 3446 2089 3500 ticellze
2121 3463 2233 3499 non
2268 3462 2369 3516 per
2400 3443 2663 3514 singulos
2689 3441 2966 3506 dividant,
2989 3442 3086 3495 sed
3111 3440 3182 3494 de
3208 3439 3353 3510 ipsis
3372 3455 3529 3494 com-

1887 3536 2144 3589 muniter
2176 3548 2366 3587 annue
2415 3531 2524 3585 sibi
2577 3529 2946 3585 refectionem
3007 3529 3063 3583 in
3124 3531 3345 3582 statuto
3403 3526 3529 3583 loco

1885 3640 2087 3679 eorum
2144 3623 2432 3677 canonicae
2482 3624 2826 3691 praeparent.
2888 3622 3034 3673 Nam
3068 3634 3198 3673 cum
3231 3616 3531 3673 Dominica

1884 3713 2095 3768 dicitur
2126 3728 2262 3766 voce
2289 3728 2301 3765 :
2340 3711 2438 3767 Ubi
2467 3710 2597 3775 duo,
2628 3709 2715 3763 vel
2745 3718 2851 3763 tres
2871 3709 3186 3778 cangregati
3214 3708 3425 3777 fuerint
3471 3708 3533 3761 in

1882 3803 2110 3857 neruine
2140 3816 2277 3867 meo,
2308 3800 2389 3854 ibi
2411 3816 2533 3853 sum
2574 3801 2631 3853 in
2660 3797 2839 3852 medio
2871 3813 3078 3863 eorum,
3106 3795 3291 3851 multo
3340 3795 3531 3868 magis

1883 3892 2034 3945 inter
2058 3896 2141 3945 tot
2173 3893 2377 3945 fratres
2407 3888 2609 3943 laudes
2639 3892 2749 3941 Deo
2780 3888 2849 3942 de
2908 3886 3170 3958 ejusdem
3230 3884 3529 3941 beneficiis

1884 3980 2060 4036 simul
2090 3981 2423 4047 referentes,
2458 3984 2514 4033 et
2546 3979 2614 4032 de
2641 3978 2835 4032 divino
2859 3976 3133 4048 mysterio
3182 3992 3286 4031 seu
3339 3976 3526 4047 profe-

1884 4077 1978 4124 ctu
2012 4070 2246 4132 animas,
2280 4069 2658 4139 corporisque
2684 4071 2805 4121 tam
2838 4081 3404 4136 suorum,quamque
3427 4065 3525 4119 be-

1881 4159 2241 4213 nefactorum
2276 4156 2447 4210 simul
2472 4156 2819 4209 meditantes
2850 4158 3189 4224 praesentem
3212 4169 3341 4208 esse
3359 4153 3530 4207 mini-

1882 4263 1973 4301 me
2000 4247 2351 4300 diffidimus.
2387 4244 2487 4299 His
2514 4243 2764 4313 denique
2794 4243 2989 4297 taliter
3012 4242 3303 4315 perfectis,
3335 4258 3406 4296 ne
3462 4242 3523 4297 in

1884 4341 2176 4407 posterum
2212 4350 2388 4403 super
2419 4333 2568 4387 hanc
2600 4336 2808 4385 nostra
2831 4330 3225 4385 concessionis
3248 4330 3524 4401 paginam

1882 4423 2079 4493 aliqua
2101 4422 2428 4492 insurgeret
2458 4418 2836 4491 ambiguitas,
2861 4424 2923 4474 ut
2944 4418 3185 4475 liberius
3203 4423 3383 4473 Deum
3406 4417 3503 4473 lau

1880 4512 2039 4580 dare,
2074 4527 2139 4565 ac
2170 4528 2272 4581 pro
2306 4515 2637 4564 nostrorum
2670 4508 2965 4564 seniorum
3018 4507 3390 4562 dominorum
3433 4522 3522 4562 re-

131 4588 223 4683 lc's,
258 4594 549 4663 plurimae,
612 4595 700 4650 vel
734 4595 864 4651 aliis
894 4596 1204 4667 episcopis,
1238 4596 1327 4650 vel
1355 4596 1766 4651 ecclesiasticis
1798 4619 1846 4683 Β
1880 4616 2041 4672 gum,
2076 4598 2294 4669 Ugonis
2322 4604 2377 4653 et
2408 4597 2685 4664 Lotharii,
2719 4602 2893 4667 atque
2924 4600 3093 4649 notra
3112 4592 3299 4647 salute
3320 4594 3524 4651 sedule

129 4678 276 4748 viris,
337 4682 423 4737 vel
484 4683 662 4750 clero,
720 4684 811 4738 vel
867 4684 1080 4756 populo
1130 4702 1235 4740 suo
1294 4685 1595 4755 incriptze:
1655 4686 1766 4739 huc

132 4772 325 4825 caetera
382 4772 585 4827 omnia
639 4772 827 4843 ipsius
884 4775 1122 4845 scripta,
1156 4774 1425 4844 factaque
1458 4773 1763 4844 praesulem

132 4854 397 4932 doctrina,
432 4865 485 4915 et
520 4859 821 4932 religionis
850 4863 970 4917 zelo
1001 4862 1229 4936 insigne
1272 4863 1489 4935 ubique
1522 4863 1765 4917 referen-

132 4942 219 4998 tia.

193 5032 331 5090 VIII.
365 5036 937 5093 Praetermittendum
970 5039 1078 5094 hoc
1104 5038 1228 5096 loco
1260 5058 1374 5095 non
1409 5046 1497 5095 est
1528 5039 1759 5112 praecla-

136 5134 251 5175 rum
272 5124 616 5181 Christianae
647 5125 1016 5183 liberalitatis
1048 5128 1763 5201 exemplum,quoepisco—

133 5221 230 5275 pus
259 5214 795 5282 praestantissimus
826 5219 1079 5288 nonjam
1106 5218 1535 5285 moriens,dum
1556 5232 1763 5288 nempe

136 5310 246 5365 quae
278 5302 526 5358 retinere
559 5304 815 5374 amplius
834 5323 947 5360 non
970 5306 1127 5375 licet,
1151 5306 1343 5362 fucata
1363 5306 1764 5361 muniﬁcentia

134 5381 421 5459 largimur,
451 5395 554 5449 sed
591 5393 691 5447 diu
725 5395 915 5449 adhuc
946 5395 1504 5467 vivendispet‘retus,
1530 5398 1762 5452 canoni-

137 5487 223 5531 cos
252 5495 385 5536 suos
398 5481 637 5554 egregia
657 5483 1315 5543 cumulavitdonatione.
1328 5486 1471 5544 Nam
1496 5487 1761 5558 frequen-

205 5688 310 5763 (13)
337 5693 398 5751 In
425 5693 639 5753 Annal.
673 5695 797 5756 Ita].
827 5698 900 5754 ad
927 5716 1021 5756 an.
1047 5698 1172 5755 958.

1878 4706 2112 4746 exorare
2135 4688 2387 4757 valeant,
2419 4687 2537 4741 haec
2565 4685 2762 4742 omnia
2793 4684 3026 4756 scriptis
3048 4683 3198 4737 tradi
3232 4698 3335 4755 per
3377 4684 3520 4741 Ver-

1875 4778 2150 4833 cellinum
2198 4776 2597 4847 presbyterum
2650 4775 2720 4828 ad
2779 4774 2963 4828 vicem
3021 4771 3251 4828 Eistulﬁ
3310 4778 3520 4831 nostras

1875 4867 2141 4921 Ecclesize
2174 4864 2493 4920 cancellrrii
2519 4862 3051 4933 jussimus.Subter
3084 4878 3262 4917 manu
3285 4864 3521 4935 propria

1874 4958 2481 5011 conﬁrmantes.Anno
2496 4950 2952 5006 incarnationnis
2969 4950 3275 5005 Dominicis
3288 4952 3517 5023 945pon

1874 5045 2131 5099 tiﬁcatus
2192 5047 2386 5097 autem
2445 5040 2626 5095 nostri
2658 5058 2774 5111 xxi,
2834 5040 3152 5097 indictione
3205 5057 3287 5096 In.
3323 5042 3386 5096 In
3419 5041 3518 5097 Dei

1875 5133 2127 5188 nomine.
2160 5134 2367 5186 Actum
2398 5127 2674 5184 Vercellis
2704 5128 2963 5185 feliciter.

1948 5244 1975 5271 ‹‹
2006 5224 2136 5277 Atto
2170 5222 2359 5294 gratia
2393 5220 2486 5273 Dei
2519 5218 2828 5291 episcopus
2849 5236 2882 5274 a
2906 5236 2998 5275 me
3024 5220 3171 5275 facto
3194 5218 3517 5290 subscripsi

1944 5332 1971 5359 ‹‹
2008 5310 2211 5364 Petrus
2234 5308 2415 5378 judex
2446 5308 2793 5362 domnorum
2828 5313 3191 5379 regum.not.
3226 5308 3451 5361 subscr.

1943 5421 1971 5447 ‹‹
2005 5398 2356 5452 Cunibertus
2372 5398 2553 5467 judex
2570 5398 2918 5451 domnorum
2946 5412 3146 5467 regum
3166 5395 3515 5451 not.subscr.

1945 5511 1970 5535 ‹‹
1997 5486 2297 5541 Odelricus
2320 5487 2503 5555 judex
2533 5489 2653 5540 not.
2688 5501 2781 5540 me
2810 5488 2956 5541 teste
2987 5485 3214 5539 subscr.
