  <div class='ocr_page' id='page_1' title='image "/cluster/home/n/w/nwhite01/storage/ocr_20150623/134-135/uva.x000829784/027.png"; bbox 0 0 3956 6230; ppageno 0'>
   <div class='ocr_carea' id='block_1_1' title="bbox 341 269 3757 364">
    <p class='ocr_par' dir='ltr' id='par_1_1' title="bbox 341 269 3757 364">
     <span class='ocr_line' id='line_1_1' title="bbox 341 269 3757 364; baseline 0 -30"><span class='ocrx_word' id='word_1_1' title='bbox 341 274 421 334; x_wconf 73' lang='grc'><strong>23</strong></span> <span class='ocrx_word' id='word_1_2' title='bbox 1368 270 1706 333; x_wconf 82' lang='lat' dir='ltr'><strong>ATTONIS</strong></span> <span class='ocrx_word' id='word_1_3' title='bbox 1749 270 2332 334; x_wconf 84' lang='lat' dir='ltr'><strong>VERCELLENSIS</strong></span> <span class='ocrx_word' id='word_1_4' title='bbox 2377 269 2729 334; x_wconf 83' lang='lat' dir='ltr'><strong>EPISCOPI</strong></span> <span class='ocrx_word' id='word_1_5' title='bbox 3447 349 3468 364; x_wconf 37' lang='grc' dir='ltr'><em>ί</em></span> <span class='ocrx_word' id='word_1_6' title='bbox 3674 277 3757 335; x_wconf 66' lang='lat'><strong>24</strong></span> 
     </span>
    </p>
   </div>
   <div class='ocr_carea' id='block_1_2' title="bbox 348 402 3751 486">
    <p class='ocr_par' dir='ltr' id='par_1_2' title="bbox 348 402 3751 486">
     <span class='ocr_line' id='line_1_2' title="bbox 348 402 3751 486; baseline 0.001 -28"><span class='ocrx_word' id='word_1_7' title='bbox 348 404 571 486; x_wconf 60' lang='lat' dir='ltr'><strong>tingere</strong></span> <span class='ocrx_word' id='word_1_8' title='bbox 602 419 775 486; x_wconf 71' lang='lat' dir='ltr'><strong>aqua.</strong></span> <span class='ocrx_word' id='word_1_9' title='bbox 808 403 875 486; x_wconf 61' lang='lat' dir='ltr'><strong>Et</strong></span> <span class='ocrx_word' id='word_1_10' title='bbox 906 419 977 458; x_wconf 87' lang='lat' dir='ltr'><strong>ne</strong></span> <span class='ocrx_word' id='word_1_11' title='bbox 1007 402 1251 486; x_wconf 70' lang='lat' dir='ltr'><strong>intentio</strong></span> <span class='ocrx_word' id='word_1_12' title='bbox 1277 403 1584 486; x_wconf 59' lang='lat' dir='ltr'><strong>(legendum</strong></span> <span class='ocrx_word' id='word_1_13' title='bbox 1601 406 1740 486; x_wconf 54' lang='lat' dir='ltr'><strong>forte</strong></span> <span class='ocrx_word' id='word_1_14' title='bbox 1761 408 1993 486; x_wconf 31' lang='lat' dir='ltr'><strong>co‘nten-</strong></span> <span class='ocrx_word' id='word_1_15' title='bbox 2023 407 2074 472; x_wconf 78' lang='grc' dir='ltr'>Α</span> <span class='ocrx_word' id='word_1_16' title='bbox 2106 403 2177 484; x_wconf 79' lang='lat' dir='ltr'><strong>de</strong></span> <span class='ocrx_word' id='word_1_17' title='bbox 2207 403 2416 486; x_wconf 71' lang='lat' dir='ltr'><strong>Quinto</strong></span> <span class='ocrx_word' id='word_1_18' title='bbox 2450 410 2507 486; x_wconf 75' lang='lat' dir='ltr'><strong>et</strong></span> <span class='ocrx_word' id='word_1_19' title='bbox 2536 405 2918 486; x_wconf 78' lang='lat' dir='ltr'><strong>Calviniasco,</strong></span> <span class='ocrx_word' id='word_1_20' title='bbox 2951 408 3022 462; x_wconf 92' lang='lat' dir='ltr'><strong>de</strong></span> <span class='ocrx_word' id='word_1_21' title='bbox 3052 405 3276 469; x_wconf 89' lang='lat' dir='ltr'><strong>Casale,</strong></span> <span class='ocrx_word' id='word_1_22' title='bbox 3309 409 3365 486; x_wconf 77' lang='lat' dir='ltr'><strong>et</strong></span> <span class='ocrx_word' id='word_1_23' title='bbox 3401 405 3751 486; x_wconf 74' lang='lat' dir='ltr'><strong>_Auzeni_ngo</strong></span> 
     </span>
    </p>
   </div>
   <div class='ocr_carea' id='block_1_3' title="bbox 344 473 1990 556">
    <p class='ocr_par' dir='ltr' id='par_1_3' title="bbox 344 473 1990 556">
     <span class='ocr_line' id='line_1_3' title="bbox 344 473 1990 556; baseline -0.001 -27"><span class='ocrx_word' id='word_1_24' title='bbox 344 473 907 556; x_wconf 32' lang='lat' dir='ltr'><strong>tiolori‘returinde,‘</strong></span> <span class='ocrx_word' id='word_1_25' title='bbox 949 473 1290 556; x_wconf 58' lang='lat' dir='ltr'><strong>subjunxiti</strong></span> <span class='ocrx_word' id='word_1_26' title='bbox 1334 473 1529 556; x_wconf 79' lang='lat' dir='ltr'><strong>Placet</strong></span> <span class='ocrx_word' id='word_1_27' title='bbox 1585 473 1752 556; x_wconf 76' lang='lat' dir='ltr'><strong>nobis</strong></span> <span class='ocrx_word' id='word_1_28' title='bbox 1783 481 1840 529; x_wconf 90' lang='lat' dir='ltr'><strong>et</strong></span> <span class='ocrx_word' id='word_1_29' title='bbox 1863 490 1990 556; x_wconf 23' lang='lat' dir='ltr'><strong>trec-</strong></span> 
     </span>
    </p>
   </div>
   <div class='ocr_carea' id='block_1_4' title="bbox 345 546 1992 618">
    <p class='ocr_par' dir='ltr' id='par_1_4' title="bbox 345 546 1992 618">
     <span class='ocr_line' id='line_1_4' title="bbox 345 546 1992 618; baseline -0.001 -16"><span class='ocrx_word' id='word_1_30' title='bbox 345 546 475 618; x_wconf 83' lang='lat' dir='ltr'><strong>tum</strong></span> <span class='ocrx_word' id='word_1_31' title='bbox 508 546 856 618; x_wconf 12' lang='lat' dir='ltr'><strong>viidetur,rut</strong></span> <span class='ocrx_word' id='word_1_32' title='bbox 877 547 992 600; x_wconf 92' lang='lat' dir='ltr'><strong>duo</strong></span> <span class='ocrx_word' id='word_1_33' title='bbox 1016 552 1246 601; x_wconf 90' lang='lat' dir='ltr'><strong>tantum</strong></span> <span class='ocrx_word' id='word_1_34' title='bbox 1280 547 1599 618; x_wconf 80' lang='lat' dir='ltr'><strong>presbyteri</strong></span> <span class='ocrx_word' id='word_1_35' title='bbox 1632 548 1706 600; x_wconf 91' lang='lat' dir='ltr'><strong>de</strong></span> <span class='ocrx_word' id='word_1_36' title='bbox 1737 546 1992 617; x_wconf 81' lang='lat' dir='ltr'><strong>praefatis</strong></span> 
     </span>
    </p>
   </div>
   <div class='ocr_carea' id='block_1_5' title="bbox 344 564 1991 699">
    <p class='ocr_par' dir='ltr' id='par_1_5' title="bbox 344 564 1991 699">
     <span class='ocr_line' id='line_1_5' title="bbox 345 564 1991 672; baseline -0.001 -70"><span class='ocrx_word' id='word_1_37' title='bbox 345 564 475 602; x_wconf 77' lang='lat' dir='ltr'><strong>tum</strong></span> <span class='ocrx_word' id='word_1_38' title='bbox 508 564 756 616; x_wconf 74' lang='lat' dir='ltr'><strong>Videtur,</strong></span> <span class='ocrx_word' id='word_1_39' title='bbox 792 564 856 599; x_wconf 73' lang='lat' dir='ltr'><strong>ut</strong></span> <span class='ocrx_word' id='word_1_40' title='bbox 877 564 992 600; x_wconf 87' lang='lat' dir='ltr'><strong>ouo</strong></span> <span class='ocrx_word' id='word_1_41' title='bbox 1016 564 1246 601; x_wconf 75' lang='lat' dir='ltr'><strong>tantum</strong></span> <span class='ocrx_word' id='word_1_42' title='bbox 1275 564 1599 672; x_wconf 67' lang='lat' dir='ltr'><strong>presnyteri</strong></span> <span class='ocrx_word' id='word_1_43' title='bbox 1632 564 1706 600; x_wconf 86' lang='lat' dir='ltr'><strong>ae</strong></span> <span class='ocrx_word' id='word_1_44' title='bbox 1737 564 1991 617; x_wconf 75' lang='lat' dir='ltr'><strong>prasinus</strong></span> 
     </span>
     <span class='ocr_line' id='line_1_6' title="bbox 344 617 1991 699; baseline -0.002 -25"><span class='ocrx_word' id='word_1_45' title='bbox 344 617 605 699; x_wconf 68' lang='lat' dir='ltr'><strong>ecclesiis</strong></span> <span class='ocrx_word' id='word_1_46' title='bbox 627 617 1142 699; x_wconf 68' lang='lat' dir='ltr'><strong>studioseveniant</strong></span> <span class='ocrx_word' id='word_1_47' title='bbox 1172 619 1266 699; x_wconf 30' lang='lat' dir='ltr'><strong>ad‘</strong></span> <span class='ocrx_word' id='word_1_48' title='bbox 1297 635 1388 699; x_wconf 43' lang='lat' dir='ltr'><strong>“oc</strong></span> <span class='ocrx_word' id='word_1_49' title='bbox 1438 618 1809 699; x_wconf 44' lang='lat' dir='ltr'><strong>mysterium.</strong></span> <span class='ocrx_word' id='word_1_50' title='bbox 1828 634 1991 699; x_wconf 73' lang='lat' dir='ltr'><strong>pera-</strong></span> 
     </span>
    </p>
   </div>
   <div class='ocr_carea' id='block_1_6' title="bbox 345 688 1987 762">
    <p class='ocr_par' dir='ltr' id='par_1_6' title="bbox 345 688 1987 762">
     <span class='ocr_line' id='line_1_7' title="bbox 345 688 1987 762; baseline -0.001 -19"><span class='ocrx_word' id='word_1_51' title='bbox 345 689 627 762; x_wconf 88' lang='lat' dir='ltr'><strong>gendum,</strong></span> <span class='ocrx_word' id='word_1_52' title='bbox 649 688 706 742; x_wconf 90' lang='lat' dir='ltr'>id</span> <span class='ocrx_word' id='word_1_53' title='bbox 738 693 846 754; x_wconf 87' lang='lat' dir='ltr'><strong>est,</strong></span> <span class='ocrx_word' id='word_1_54' title='bbox 871 689 942 744; x_wconf 91' lang='lat' dir='ltr'><strong>de</strong></span> <span class='ocrx_word' id='word_1_55' title='bbox 961 689 1200 744; x_wconf 85' lang='lat' dir='ltr'><strong>Petiana</strong></span> <span class='ocrx_word' id='word_1_56' title='bbox 1220 693 1275 744; x_wconf 90' lang='lat' dir='ltr'><strong>et</strong></span> <span class='ocrx_word' id='word_1_57' title='bbox 1296 688 1614 744; x_wconf 89' lang='lat' dir='ltr'><strong>Petroriolo</strong></span> <span class='ocrx_word' id='word_1_58' title='bbox 1635 688 1813 744; x_wconf 81' lang='lat' dir='ltr'>simul</span> <span class='ocrx_word' id='word_1_59' title='bbox 1838 689 1952 742; x_wconf 92' lang='lat' dir='ltr'><strong>duo</strong></span> <span class='ocrx_word' id='word_1_60' title='bbox 1975 706 1987 742; x_wconf 92' lang='lat'><strong>:</strong></span> 
     </span>
    </p>
   </div>
   <div class='ocr_carea' id='block_1_7' title="bbox 2107 474 3752 550">
    <p class='ocr_par' dir='ltr' id='par_1_7' title="bbox 2107 474 3752 550">
     <span class='ocr_line' id='line_1_8' title="bbox 2107 474 3752 550; baseline 0.004 -24"><span class='ocrx_word' id='word_1_61' title='bbox 2107 474 2285 550; x_wconf 81' lang='lat' dir='ltr'><strong>simili</strong></span> <span class='ocrx_word' id='word_1_62' title='bbox 2320 476 2636 532; x_wconf 72' lang='lat' dir='ltr'><strong>statuimus</strong></span> <span class='ocrx_word' id='word_1_63' title='bbox 2669 477 2912 545; x_wconf 83' lang='lat' dir='ltr'><strong>ratione,</strong></span> <span class='ocrx_word' id='word_1_64' title='bbox 2945 495 3253 550; x_wconf 84' lang='lat' dir='ltr'><strong>quousque</strong></span> <span class='ocrx_word' id='word_1_65' title='bbox 3281 477 3563 550; x_wconf 79' lang='lat' dir='ltr'><strong>_vicissim</strong></span> <span class='ocrx_word' id='word_1_66' title='bbox 3597 474 3752 534; x_wconf 71' lang='lat' dir='ltr'><strong>vices</strong></span> 
     </span>
    </p>
   </div>
   <div class='ocr_carea' id='block_1_8' title="bbox 2103 544 3750 672">
    <p class='ocr_par' dir='ltr' id='par_1_8' title="bbox 2103 544 3750 672">
     <span class='ocr_line' id='line_1_9' title="bbox 2103 544 3750 672; baseline 0.004 -74"><span class='ocrx_word' id='word_1_67' title='bbox 2103 544 2388 672; x_wconf 59' lang='grc' dir='ltr'><strong>ἱιὲριθῗῐιι</strong></span> <span class='ocrx_word' id='word_1_68' title='bbox 2419 565 2578 618; x_wconf 89' lang='lat' dir='ltr'><strong>suas,</strong></span> <span class='ocrx_word' id='word_1_69' title='bbox 2637 555 2695 604; x_wconf 89' lang='lat' dir='ltr'><strong>et</strong></span> <span class='ocrx_word' id='word_1_70' title='bbox 2751 544 2995 622; x_wconf 75' lang='lat' dir='ltr'><strong>implere</strong></span> <span class='ocrx_word' id='word_1_71' title='bbox 3051 544 3356 605; x_wconf 78' lang='lat' dir='ltr'><strong>annuatim</strong></span> <span class='ocrx_word' id='word_1_72' title='bbox 3412 550 3626 606; x_wconf 88' lang='lat' dir='ltr'><strong>iterum</strong></span> <span class='ocrx_word' id='word_1_73' title='bbox 3660 551 3750 605; x_wconf 89' lang='lat' dir='ltr'><strong>in-</strong></span> 
     </span>
     <span class='ocr_line' id='line_1_10' title="bbox 2103 634 2401 672; baseline 0.007 -1"><span class='ocrx_word' id='word_1_74' title='bbox 2103 634 2132 671; x_wconf 88' lang='lat' dir='ltr'>c</span> <span class='ocrx_word' id='word_1_75' title='bbox 2179 634 2287 672; x_wconf 88' lang='lat' dir='ltr'><strong>oen</strong></span> <span class='ocrx_word' id='word_1_76' title='bbox 2320 658 2332 672; x_wconf 94' lang='lat'><strong>.</strong></span> <span class='ocrx_word' id='word_1_77' title='bbox 2371 640 2401 667; x_wconf 84' lang='grc'><strong>››</strong></span> 
     </span>
    </p>
   </div>
   <div class='ocr_carea' id='block_1_9' title="bbox 2103 634 2401 673">
    <p class='ocr_par' dir='ltr' id='par_1_9' title="bbox 2103 634 2401 673">
     <span class='ocr_line' id='line_1_11' title="bbox 2103 634 2401 673; baseline -0.013 -2"><span class='ocrx_word' id='word_1_78' title='bbox 2103 634 2332 673; x_wconf 78' lang='grc' dir='ltr'><strong>ΟΠΟθῐὶι.</strong></span> <span class='ocrx_word' id='word_1_79' title='bbox 2371 640 2401 667; x_wconf 81' lang='grc'><strong>›)</strong></span> 
     </span>
    </p>
   </div>
   <div class='ocr_carea' id='block_1_10' title="bbox 1298 919 2786 1020">
    <p class='ocr_par' dir='ltr' id='par_1_10' title="bbox 1298 919 2786 1020">
     <span class='ocr_line' id='line_1_12' title="bbox 1298 919 2786 1020; baseline 0.001 -3"><span class='ocrx_word' id='word_1_80' title='bbox 1298 923 1467 1017; x_wconf 89' lang='lat' dir='ltr'><strong>DE</strong></span> <span class='ocrx_word' id='word_1_81' title='bbox 1533 921 2065 1017; x_wconf 89' lang='lat' dir='ltr'><strong>ATTONIS</strong></span> <span class='ocrx_word' id='word_1_82' title='bbox 2137 919 2786 1020; x_wconf 83' lang='lat' dir='ltr'><strong>OPEBIBUS.</strong></span> 
     </span>
    </p>
   </div>
   <div class='ocr_carea' id='block_1_11' title="bbox 421 1207 1992 1282">
    <p class='ocr_par' dir='ltr' id='par_1_11' title="bbox 421 1207 1992 1282">
     <span class='ocr_line' id='line_1_13' title="bbox 421 1207 1992 1282; baseline 0.001 -19"><span class='ocrx_word' id='word_1_83' title='bbox 421 1208 564 1264; x_wconf 89' lang='lat' dir='ltr'><strong>XIV.</strong></span> <span class='ocrx_word' id='word_1_84' title='bbox 579 1209 659 1264; x_wconf 91' lang='lat' dir='ltr'><strong>De</strong></span> <span class='ocrx_word' id='word_1_85' title='bbox 677 1212 883 1264; x_wconf 83' lang='lat' dir='ltr'><strong>Attene</strong></span> <span class='ocrx_word' id='word_1_86' title='bbox 906 1208 1212 1277; x_wconf 83' lang='lat' dir='ltr'><strong>hactenus,</strong></span> <span class='ocrx_word' id='word_1_87' title='bbox 1228 1209 1356 1280; x_wconf 82' lang='lat' dir='ltr'><strong>jam</strong></span> <span class='ocrx_word' id='word_1_88' title='bbox 1383 1207 1453 1264; x_wconf 90' lang='lat' dir='ltr'><strong>de</strong></span> <span class='ocrx_word' id='word_1_89' title='bbox 1486 1207 1675 1281; x_wconf 80' lang='lat' dir='ltr'><strong>ipsius</strong></span> <span class='ocrx_word' id='word_1_90' title='bbox 1697 1209 1992 1282; x_wconf 83' lang='lat' dir='ltr'><strong>operibus.</strong></span> 
     </span>
    </p>
   </div>
   <div class='ocr_carea' id='block_1_12' title="bbox 350 1297 1993 1370">
    <p class='ocr_par' dir='ltr' id='par_1_12' title="bbox 350 1297 1993 1370">
     <span class='ocr_line' id='line_1_14' title="bbox 350 1297 1993 1370; baseline 0 -19"><span class='ocrx_word' id='word_1_91' title='bbox 350 1299 573 1370; x_wconf 90' lang='lat' dir='ltr'><strong>Quanto</strong></span> <span class='ocrx_word' id='word_1_92' title='bbox 621 1297 742 1353; x_wconf 70' lang='lat' dir='ltr'><strong>haec</strong></span> <span class='ocrx_word' id='word_1_93' title='bbox 792 1297 849 1352; x_wconf 90' lang='lat' dir='ltr'><strong>in</strong></span> <span class='ocrx_word' id='word_1_94' title='bbox 895 1297 1078 1370; x_wconf 90' lang='lat' dir='ltr'><strong>pretio</strong></span> <span class='ocrx_word' id='word_1_95' title='bbox 1127 1313 1360 1370; x_wconf 84' lang='lat' dir='ltr'><strong>semper</strong></span> <span class='ocrx_word' id='word_1_96' title='bbox 1407 1298 1721 1354; x_wconf 78' lang='lat' dir='ltr'><strong>habuerint</strong></span> <span class='ocrx_word' id='word_1_97' title='bbox 1758 1297 1993 1368; x_wconf 84' lang='lat' dir='ltr'><strong>eruditi,</strong></span> 
     </span>
    </p>
   </div>
   <div class='ocr_carea' id='block_1_13' title="bbox 349 1385 1996 1459">
    <p class='ocr_par' dir='ltr' id='par_1_13' title="bbox 349 1385 1996 1459">
     <span class='ocr_line' id='line_1_15' title="bbox 349 1385 1996 1459; baseline 0.001 -19"><span class='ocrx_word' id='word_1_98' title='bbox 349 1389 634 1457; x_wconf 82' lang='lat' dir='ltr'><strong>quotquot</strong></span> <span class='ocrx_word' id='word_1_99' title='bbox 657 1385 757 1442; x_wconf 89' lang='lat' dir='ltr'><strong>illa</strong></span> <span class='ocrx_word' id='word_1_100' title='bbox 779 1391 1087 1456; x_wconf 90' lang='lat' dir='ltr'><strong>noverunt,</strong></span> <span class='ocrx_word' id='word_1_101' title='bbox 1114 1387 1448 1458; x_wconf 89' lang='lat' dir='ltr'><strong>quibusque</strong></span> <span class='ocrx_word' id='word_1_102' title='bbox 1474 1387 1627 1441; x_wconf 90' lang='lat' dir='ltr'><strong>votis</strong></span> <span class='ocrx_word' id='word_1_103' title='bbox 1650 1387 1996 1459; x_wconf 83' lang='lat' dir='ltr'><strong>exoptarint,</strong></span> 
     </span>
    </p>
   </div>
   <div class='ocr_carea' id='block_1_14' title="bbox 348 1474 1994 1548">
    <p class='ocr_par' dir='ltr' id='par_1_14' title="bbox 348 1474 1994 1548">
     <span class='ocr_line' id='line_1_16' title="bbox 348 1474 1994 1548; baseline 0.001 -19"><span class='ocrx_word' id='word_1_104' title='bbox 348 1479 416 1529; x_wconf 88' lang='lat' dir='ltr'><strong>ut</strong></span> <span class='ocrx_word' id='word_1_105' title='bbox 443 1491 474 1529; x_wconf 91' lang='lat' dir='ltr'><strong>e</strong></span> <span class='ocrx_word' id='word_1_106' title='bbox 503 1475 738 1530; x_wconf 88' lang='lat' dir='ltr'><strong>scriniis</strong></span> <span class='ocrx_word' id='word_1_107' title='bbox 768 1480 934 1530; x_wconf 89' lang='lat' dir='ltr'><strong>eruta</strong></span> <span class='ocrx_word' id='word_1_108' title='bbox 963 1474 1022 1529; x_wconf 91' lang='lat' dir='ltr'><strong>in</strong></span> <span class='ocrx_word' id='word_1_109' title='bbox 1046 1474 1339 1547; x_wconf 82' lang='lat' dir='ltr'><strong>publicam</strong></span> <span class='ocrx_word' id='word_1_110' title='bbox 1361 1475 1756 1548; x_wconf 81' lang='lat' dir='ltr'><strong>proferrentur</strong></span> <span class='ocrx_word' id='word_1_111' title='bbox 1774 1475 1994 1544; x_wconf 83' lang='lat' dir='ltr'><strong>lucem;</strong></span> 
     </span>
    </p>
   </div>
   <div class='ocr_carea' id='block_1_15' title="bbox 349 1564 1995 1636">
    <p class='ocr_par' dir='ltr' id='par_1_15' title="bbox 349 1564 1995 1636">
     <span class='ocr_line' id='line_1_17' title="bbox 349 1564 1995 1636; baseline 0.001 -19"><span class='ocrx_word' id='word_1_112' title='bbox 349 1579 467 1636; x_wconf 86' lang='lat' dir='ltr'><strong>qua</strong></span> <span class='ocrx_word' id='word_1_113' title='bbox 499 1564 737 1620; x_wconf 90' lang='lat' dir='ltr'><strong>demum</strong></span> <span class='ocrx_word' id='word_1_114' title='bbox 771 1565 1056 1636; x_wconf 82' lang='lat' dir='ltr'><strong>applausu</strong></span> <span class='ocrx_word' id='word_1_115' title='bbox 1089 1565 1208 1619; x_wconf 89' lang='lat' dir='ltr'><strong>sint</strong></span> <span class='ocrx_word' id='word_1_116' title='bbox 1237 1570 1495 1636; x_wconf 80' lang='lat' dir='ltr'><strong>excepta,</strong></span> <span class='ocrx_word' id='word_1_117' title='bbox 1515 1582 1657 1632; x_wconf 86' lang='lat' dir='ltr'><strong>cum</strong></span> <span class='ocrx_word' id='word_1_118' title='bbox 1683 1565 1995 1620; x_wconf 88' lang='lat' dir='ltr'><strong>clarissimi</strong></span> 
     </span>
    </p>
   </div>
   <div class='ocr_carea' id='block_1_16' title="bbox 352 1651 1999 1726">
    <p class='ocr_par' dir='ltr' id='par_1_16' title="bbox 352 1651 1999 1726">
     <span class='ocr_line' id='line_1_18' title="bbox 352 1651 1999 1726; baseline 0.001 -20"><span class='ocrx_word' id='word_1_119' title='bbox 352 1651 638 1708; x_wconf 82' lang='lat' dir='ltr'><strong>d’Acherii</strong></span> <span class='ocrx_word' id='word_1_120' title='bbox 661 1654 876 1723; x_wconf 88' lang='lat' dir='ltr'><strong>studio,</strong></span> <span class='ocrx_word' id='word_1_121' title='bbox 897 1653 1036 1708; x_wconf 87' lang='lat' dir='ltr'><strong>licet</strong></span> <span class='ocrx_word' id='word_1_122' title='bbox 1055 1669 1159 1708; x_wconf 90' lang='lat' dir='ltr'><strong>nec</strong></span> <span class='ocrx_word' id='word_1_123' title='bbox 1178 1654 1507 1721; x_wconf 90' lang='lat' dir='ltr'><strong>omnia,nec</strong></span> <span class='ocrx_word' id='word_1_124' title='bbox 1530 1655 1755 1726; x_wconf 88' lang='lat' dir='ltr'><strong>integra</strong></span> <span class='ocrx_word' id='word_1_125' title='bbox 1775 1654 1999 1725; x_wconf 91' lang='lat' dir='ltr'><strong>prodie-</strong></span> 
     </span>
    </p>
   </div>
   <div class='ocr_carea' id='block_1_17' title="bbox 351 1741 1994 1815">
    <p class='ocr_par' dir='ltr' id='par_1_17' title="bbox 351 1741 1994 1815">
     <span class='ocr_line' id='line_1_19' title="bbox 351 1741 1994 1815; baseline 0.002 -19"><span class='ocrx_word' id='word_1_126' title='bbox 351 1741 490 1808; x_wconf 85' lang='lat' dir='ltr'><strong>rint,</strong></span> <span class='ocrx_word' id='word_1_127' title='bbox 521 1742 617 1797; x_wconf 85' lang='lat' dir='ltr'><strong>vix</strong></span> <span class='ocrx_word' id='word_1_128' title='bbox 645 1742 756 1797; x_wconf 92' lang='lat' dir='ltr'><strong>dici</strong></span> <span class='ocrx_word' id='word_1_129' title='bbox 790 1746 999 1814; x_wconf 80' lang='lat' dir='ltr'><strong>potest.</strong></span> <span class='ocrx_word' id='word_1_130' title='bbox 1033 1743 1322 1815; x_wconf 87' lang='lat' dir='ltr'><strong>Legantur</strong></span> <span class='ocrx_word' id='word_1_131' title='bbox 1372 1760 1500 1814; x_wconf 71' lang='lat' dir='ltr'><strong>quas</strong></span> <span class='ocrx_word' id='word_1_132' title='bbox 1553 1743 1729 1798; x_wconf 86' lang='lat' dir='ltr'><strong>habet</strong></span> <span class='ocrx_word' id='word_1_133' title='bbox 1774 1743 1994 1800; x_wconf 81' lang='lat' dir='ltr'><strong>Natalis</strong></span> 
     </span>
    </p>
   </div>
   <div class='ocr_carea' id='block_1_18' title="bbox 2107 1209 3752 1285">
    <p class='ocr_par' dir='ltr' id='par_1_18' title="bbox 2107 1209 3752 1285">
     <span class='ocr_line' id='line_1_20' title="bbox 2107 1209 3752 1285; baseline 0.005 -23"><span class='ocrx_word' id='word_1_134' title='bbox 2107 1212 2279 1264; x_wconf 88' lang='lat' dir='ltr'><strong>tenus</strong></span> <span class='ocrx_word' id='word_1_135' title='bbox 2303 1209 2450 1281; x_wconf 82' lang='lat' dir='ltr'><strong>fugit</strong></span> <span class='ocrx_word' id='word_1_136' title='bbox 2469 1209 2749 1266; x_wconf 89' lang='lat' dir='ltr'><strong>eximium</strong></span> <span class='ocrx_word' id='word_1_137' title='bbox 2774 1209 2929 1266; x_wconf 81' lang='lat' dir='ltr'>aliud</span> <span class='ocrx_word' id='word_1_138' title='bbox 2953 1211 3180 1268; x_wconf 85' lang='lat' dir='ltr'><strong>Attonis</strong></span> <span class='ocrx_word' id='word_1_139' title='bbox 3201 1229 3369 1285; x_wconf 87' lang='lat' dir='ltr'><strong>opus,</strong></span> <span class='ocrx_word' id='word_1_140' title='bbox 3387 1219 3752 1271; x_wconf 85' lang='lat' dir='ltr'><strong>commenta-</strong></span> 
     </span>
    </p>
   </div>
   <div class='ocr_carea' id='block_1_19' title="bbox 2108 1295 3752 1376">
    <p class='ocr_par' dir='ltr' id='par_1_19' title="bbox 2108 1295 3752 1376">
     <span class='ocr_line' id='line_1_21' title="bbox 2108 1295 3752 1376; baseline 0.007 -27"><span class='ocrx_word' id='word_1_141' title='bbox 2108 1295 2230 1351; x_wconf 89' lang='lat' dir='ltr'><strong>rius</strong></span> <span class='ocrx_word' id='word_1_142' title='bbox 2259 1297 2525 1354; x_wconf 87' lang='lat' dir='ltr'><strong>videlicet</strong></span> <span class='ocrx_word' id='word_1_143' title='bbox 2555 1299 2612 1352; x_wconf 93' lang='lat' dir='ltr'><strong>in</strong></span> <span class='ocrx_word' id='word_1_144' title='bbox 2645 1315 2847 1356; x_wconf 88' lang='lat' dir='ltr'><strong>omnes</strong></span> <span class='ocrx_word' id='word_1_145' title='bbox 2878 1299 2991 1354; x_wconf 89' lang='lat' dir='ltr'><strong>divi</strong></span> <span class='ocrx_word' id='word_1_146' title='bbox 3022 1300 3184 1356; x_wconf 84' lang='lat' dir='ltr'><strong>Pauli</strong></span> <span class='ocrx_word' id='word_1_147' title='bbox 3234 1301 3539 1373; x_wconf 83' lang='lat' dir='ltr'><strong>Epistolas,</strong></span> <span class='ocrx_word' id='word_1_148' title='bbox 3575 1320 3752 1376; x_wconf 89' lang='lat' dir='ltr'><strong>quem</strong></span> 
     </span>
    </p>
   </div>
   <div class='ocr_carea' id='block_1_20' title="bbox 2107 1384 3758 1465">
    <p class='ocr_par' dir='ltr' id='par_1_20' title="bbox 2107 1384 3758 1465">
     <span class='ocr_line' id='line_1_22' title="bbox 2107 1384 3758 1465; baseline 0.006 -27"><span class='ocrx_word' id='word_1_149' title='bbox 2107 1384 2205 1458; x_wconf 91' lang='lat' dir='ltr'><strong>qui</strong></span> <span class='ocrx_word' id='word_1_150' title='bbox 2247 1384 2513 1458; x_wconf 86' lang='lat' dir='ltr'><strong>legerint,</strong></span> <span class='ocrx_word' id='word_1_151' title='bbox 2537 1386 2692 1441; x_wconf 85' lang='lat' dir='ltr'><strong>haud</strong></span> <span class='ocrx_word' id='word_1_152' title='bbox 2727 1386 2920 1443; x_wconf 89' lang='lat' dir='ltr'><strong>hercle</strong></span> <span class='ocrx_word' id='word_1_153' title='bbox 2945 1392 3217 1460; x_wconf 87' lang='lat' dir='ltr'><strong>poterunt</strong></span> <span class='ocrx_word' id='word_1_154' title='bbox 3237 1389 3380 1461; x_wconf 91' lang='lat' dir='ltr'><strong>quin</strong></span> <span class='ocrx_word' id='word_1_155' title='bbox 3403 1407 3758 1465; x_wconf 81' lang='lat' dir='ltr'><strong>magnopere</strong></span> 
     </span>
    </p>
   </div>
   <div class='ocr_carea' id='block_1_21' title="bbox 2108 1473 3757 1549">
    <p class='ocr_par' dir='ltr' id='par_1_21' title="bbox 2108 1473 3757 1549">
     <span class='ocr_line' id='line_1_23' title="bbox 2108 1473 3757 1549; baseline 0.005 -21"><span class='ocrx_word' id='word_1_156' title='bbox 2108 1473 2394 1529; x_wconf 89' lang='lat' dir='ltr'><strong>mirentur</strong></span> <span class='ocrx_word' id='word_1_157' title='bbox 2427 1474 2637 1530; x_wconf 67' lang='lat' dir='ltr'><strong>saeculo</strong></span> <span class='ocrx_word' id='word_1_158' title='bbox 2660 1477 2842 1532; x_wconf 81' lang='lat' dir='ltr'><strong>cassis</strong></span> <span class='ocrx_word' id='word_1_159' title='bbox 2865 1477 3196 1549; x_wconf 84' lang='lat' dir='ltr'><strong>ignorantia</strong></span> <span class='ocrx_word' id='word_1_160' title='bbox 3216 1480 3475 1535; x_wconf 87' lang='lat' dir='ltr'><strong>tenebris</strong></span> <span class='ocrx_word' id='word_1_161' title='bbox 3496 1479 3757 1537; x_wconf 88' lang='lat' dir='ltr'><strong>involuto</strong></span> 
     </span>
    </p>
   </div>
   <div class='ocr_carea' id='block_1_22' title="bbox 2104 1561 3750 1639">
    <p class='ocr_par' dir='ltr' id='par_1_22' title="bbox 2104 1561 3750 1639">
     <span class='ocr_line' id='line_1_24' title="bbox 2104 1561 3750 1639; baseline 0.004 -23"><span class='ocrx_word' id='word_1_162' title='bbox 2104 1561 2293 1616; x_wconf 88' lang='lat' dir='ltr'><strong>virum</strong></span> <span class='ocrx_word' id='word_1_163' title='bbox 2327 1562 2620 1618; x_wconf 82' lang='lat' dir='ltr'><strong>exstitisse</strong></span> <span class='ocrx_word' id='word_1_164' title='bbox 2649 1563 2746 1634; x_wconf 91' lang='lat' dir='ltr'><strong>qui</strong></span> <span class='ocrx_word' id='word_1_165' title='bbox 2768 1568 2930 1619; x_wconf 91' lang='lat' dir='ltr'><strong>tanta</strong></span> <span class='ocrx_word' id='word_1_166' title='bbox 2957 1565 3243 1636; x_wconf 88' lang='lat' dir='ltr'><strong>sapientia</strong></span> <span class='ocrx_word' id='word_1_167' title='bbox 3265 1570 3503 1638; x_wconf 90' lang='lat' dir='ltr'><strong>tamque</strong></span> <span class='ocrx_word' id='word_1_168' title='bbox 3521 1567 3750 1639; x_wconf 83' lang='lat' dir='ltr'><strong>acriju-</strong></span> 
     </span>
    </p>
   </div>
   <div class='ocr_carea' id='block_1_23' title="bbox 2104 1648 3752 1726">
    <p class='ocr_par' dir='ltr' id='par_1_23' title="bbox 2104 1648 3752 1726">
     <span class='ocr_line' id='line_1_25' title="bbox 2104 1648 3752 1726; baseline 0.005 -22"><span class='ocrx_word' id='word_1_169' title='bbox 2104 1648 2253 1705; x_wconf 90' lang='lat' dir='ltr'><strong>dicio</strong></span> <span class='ocrx_word' id='word_1_170' title='bbox 2287 1651 2537 1706; x_wconf 89' lang='lat' dir='ltr'><strong>summis</strong></span> <span class='ocrx_word' id='word_1_171' title='bbox 2569 1652 2638 1707; x_wconf 91' lang='lat' dir='ltr'><strong>de</strong></span> <span class='ocrx_word' id='word_1_172' title='bbox 2679 1653 3042 1724; x_wconf 88' lang='lat' dir='ltr'><strong>argumentis</strong></span> <span class='ocrx_word' id='word_1_173' title='bbox 3091 1653 3343 1726; x_wconf 86' lang='lat' dir='ltr'><strong>eleganti</strong></span> <span class='ocrx_word' id='word_1_174' title='bbox 3398 1655 3572 1710; x_wconf 88' lang='lat' dir='ltr'><strong>etiam</strong></span> <span class='ocrx_word' id='word_1_175' title='bbox 3606 1657 3752 1712; x_wconf 90' lang='lat' dir='ltr'><strong>scri-</strong></span> 
     </span>
    </p>
   </div>
   <div class='ocr_carea' id='block_1_24' title="bbox 2104 1739 3748 1816">
    <p class='ocr_par' dir='ltr' id='par_1_24' title="bbox 2104 1739 3748 1816">
     <span class='ocr_line' id='line_1_26' title="bbox 2104 1739 3748 1816; baseline 0.005 -23"><span class='ocrx_word' id='word_1_176' title='bbox 2104 1739 2284 1810; x_wconf 89' lang='lat' dir='ltr'><strong>pserit</strong></span> <span class='ocrx_word' id='word_1_177' title='bbox 2302 1740 2471 1812; x_wconf 56' lang='grc' dir='ltr'><strong>διδ-ιο.</strong></span> <span class='ocrx_word' id='word_1_178' title='bbox 2489 1740 2672 1804; x_wconf 89' lang='lat' dir='ltr'><strong>Quam</strong></span> <span class='ocrx_word' id='word_1_179' title='bbox 2691 1741 2830 1796; x_wconf 89' lang='lat' dir='ltr'><strong>inibi</strong></span> <span class='ocrx_word' id='word_1_180' title='bbox 2847 1741 3748 1816; x_wconf 87' lang='lat' dir='ltr'><strong>animadvertentScripturarum</strong></span> 
     </span>
    </p>
   </div>
   <div class='ocr_carea' id='block_1_25' title="bbox 352 1827 3754 1913">
    <p class='ocr_par' dir='ltr' id='par_1_25' title="bbox 352 1827 3754 1913">
     <span class='ocr_line' id='line_1_27' title="bbox 352 1827 3754 1913; baseline 0.002 -29"><span class='ocrx_word' id='word_1_181' title='bbox 352 1829 680 1888; x_wconf 79' lang='lat' dir='ltr'><strong>Alexander</strong></span> <span class='ocrx_word' id='word_1_182' title='bbox 709 1831 922 1887; x_wconf 89' lang='lat' dir='ltr'><strong>Histor.</strong></span> <span class='ocrx_word' id='word_1_183' title='bbox 955 1831 1171 1887; x_wconf 86' lang='lat' dir='ltr'><strong>Eccles.</strong></span> <span class='ocrx_word' id='word_1_184' title='bbox 1207 1837 1348 1888; x_wconf 91' lang='lat' dir='ltr'><strong>tom.</strong></span> <span class='ocrx_word' id='word_1_185' title='bbox 1402 1833 1472 1902; x_wconf 91' lang='lat' dir='ltr'><strong>II,</strong></span> <span class='ocrx_word' id='word_1_186' title='bbox 1534 1833 1630 1888; x_wconf 83' lang='lat' dir='ltr'><strong>lol.</strong></span> <span class='ocrx_word' id='word_1_187' title='bbox 1693 1833 1820 1894; x_wconf 87' lang='lat'><strong>338.</strong></span> <span class='ocrx_word' id='word_1_188' title='bbox 1851 1833 1989 1890; x_wconf 92' lang='lat' dir='ltr'><strong>edit.</strong></span> <span class='ocrx_word' id='word_1_189' title='bbox 2023 1849 2070 1913; x_wconf 78' lang='grc' dir='ltr'>Β</span> <span class='ocrx_word' id='word_1_190' title='bbox 2102 1827 2366 1900; x_wconf 73' lang='lat' dir='ltr'><strong>Perillam</strong></span> <span class='ocrx_word' id='word_1_191' title='bbox 2391 1829 2417 1883; x_wconf 73' lang='lat' dir='ltr'><strong>l&#39;</strong></span> <span class='ocrx_word' id='word_1_192' title='bbox 2448 1845 2622 1900; x_wconf 86' lang='lat' dir='ltr'><strong>quam</strong></span> <span class='ocrx_word' id='word_1_193' title='bbox 2645 1829 3040 1886; x_wconf 70' lang='lat' dir='ltr'><strong>doctrinarum</strong></span> <span class='ocrx_word' id='word_1_194' title='bbox 3059 1830 3366 1903; x_wconf 76' lang='lat' dir='ltr'><strong>puritatem</strong></span> <span class='ocrx_word' id='word_1_195' title='bbox 3391 1832 3419 1887; x_wconf 82' lang='lat'><strong>?</strong></span> <span class='ocrx_word' id='word_1_196' title='bbox 3442 1850 3613 1905; x_wconf 85' lang='lat' dir='ltr'><strong>quem</strong></span> <span class='ocrx_word' id='word_1_197' title='bbox 3659 1835 3754 1890; x_wconf 87' lang='lat' dir='ltr'><strong>de-</strong></span> 
     </span>
    </p>
   </div>
   <div class='ocr_carea' id='block_1_26' title="bbox 355 1920 1991 1994">
    <p class='ocr_par' dir='ltr' id='par_1_26' title="bbox 355 1920 1991 1994">
     <span class='ocr_line' id='line_1_28' title="bbox 355 1920 1991 1994; baseline -0.001 -17"><span class='ocrx_word' id='word_1_198' title='bbox 355 1920 538 1988; x_wconf 81' lang='lat' dir='ltr'><strong>Paris.</strong></span> <span class='ocrx_word' id='word_1_199' title='bbox 575 1921 712 1978; x_wconf 91' lang='lat' dir='ltr'><strong>anni</strong></span> <span class='ocrx_word' id='word_1_200' title='bbox 741 1921 892 1976; x_wconf 79' lang='grc'><strong>1743.</strong></span> <span class='ocrx_word' id='word_1_201' title='bbox 914 1921 1216 1976; x_wconf 85' lang='lat' dir='ltr'><strong>Adeantur</strong></span> <span class='ocrx_word' id='word_1_202' title='bbox 1242 1921 1415 1976; x_wconf 87' lang='lat' dir='ltr'><strong>etiam</strong></span> <span class='ocrx_word' id='word_1_203' title='bbox 1445 1921 1657 1994; x_wconf 90' lang='lat' dir='ltr'><strong>Pagius</strong></span> <span class='ocrx_word' id='word_1_204' title='bbox 1681 1923 1750 1978; x_wconf 92' lang='lat' dir='ltr'><strong>ad</strong></span> <span class='ocrx_word' id='word_1_205' title='bbox 1772 1939 1991 1977; x_wconf 92' lang='lat' dir='ltr'><strong>annum</strong></span> 
     </span>
    </p>
   </div>
   <div class='ocr_carea' id='block_1_27' title="bbox 351 2007 1991 2078">
    <p class='ocr_par' dir='ltr' id='par_1_27' title="bbox 351 2007 1991 2078">
     <span class='ocr_line' id='line_1_29' title="bbox 351 2007 1991 2078; baseline 0.001 -13"><span class='ocrx_word' id='word_1_206' title='bbox 351 2009 480 2076; x_wconf 87' lang='lat'><strong>960,</strong></span> <span class='ocrx_word' id='word_1_207' title='bbox 518 2007 780 2065; x_wconf 87' lang='lat' dir='ltr'><strong>Fleurius</strong></span> <span class='ocrx_word' id='word_1_208' title='bbox 809 2009 866 2070; x_wconf 89' lang='lat' dir='ltr'><strong>in</strong></span> <span class='ocrx_word' id='word_1_209' title='bbox 895 2008 1107 2066; x_wconf 87' lang='lat' dir='ltr'><strong>Histor.</strong></span> <span class='ocrx_word' id='word_1_210' title='bbox 1145 2009 1361 2064; x_wconf 88' lang='lat' dir='ltr'><strong>Eccles.</strong></span> <span class='ocrx_word' id='word_1_211' title='bbox 1413 2014 1557 2065; x_wconf 90' lang='lat' dir='ltr'><strong>tom.</strong></span> <span class='ocrx_word' id='word_1_212' title='bbox 1617 2010 1730 2078; x_wconf 85' lang='lat' dir='ltr'><strong>XII,</strong></span> <span class='ocrx_word' id='word_1_213' title='bbox 1768 2009 1868 2066; x_wconf 91' lang='lat' dir='ltr'><strong>lib.</strong></span> <span class='ocrx_word' id='word_1_214' title='bbox 1903 2029 1991 2078; x_wconf 86' lang='lat' dir='ltr'><strong>LV,</strong></span> 
     </span>
    </p>
   </div>
   <div class='ocr_carea' id='block_1_28' title="bbox 351 2097 1988 2172">
    <p class='ocr_par' dir='ltr' id='par_1_28' title="bbox 351 2097 1988 2172">
     <span class='ocr_line' id='line_1_30' title="bbox 351 2097 1988 2172; baseline 0.001 -19"><span class='ocrx_word' id='word_1_215' title='bbox 351 2097 517 2172; x_wconf 61' lang='lat'><strong>254;</strong></span> <span class='ocrx_word' id='word_1_216' title='bbox 551 2097 872 2154; x_wconf 88' lang='lat' dir='ltr'><strong>Gulielmus</strong></span> <span class='ocrx_word' id='word_1_217' title='bbox 902 2097 1048 2155; x_wconf 86' lang='lat' dir='ltr'><strong>Cave</strong></span> <span class='ocrx_word' id='word_1_218' title='bbox 1081 2098 1294 2154; x_wconf 87' lang='lat' dir='ltr'><strong>Histor.</strong></span> <span class='ocrx_word' id='word_1_219' title='bbox 1329 2097 1505 2154; x_wconf 89' lang='lat' dir='ltr'><strong>litter.</strong></span> <span class='ocrx_word' id='word_1_220' title='bbox 1539 2103 1680 2154; x_wconf 89' lang='lat' dir='ltr'><strong>tom.</strong></span> <span class='ocrx_word' id='word_1_221' title='bbox 1742 2101 1810 2168; x_wconf 90' lang='lat' dir='ltr'><strong>II,</strong></span> <span class='ocrx_word' id='word_1_222' title='bbox 1857 2118 1988 2172; x_wconf 92' lang='lat' dir='ltr'><strong>pag.</strong></span> 
     </span>
    </p>
   </div>
   <div class='ocr_carea' id='block_1_29' title="bbox 348 2181 1988 2264">
    <p class='ocr_par' dir='ltr' id='par_1_29' title="bbox 348 2181 1988 2264">
     <span class='ocr_line' id='line_1_31' title="bbox 348 2181 1988 2264; baseline 0.004 -24"><span class='ocrx_word' id='word_1_223' title='bbox 348 2181 438 2256; x_wconf 85' lang='lat'><strong>99,</strong></span> <span class='ocrx_word' id='word_1_224' title='bbox 455 2186 594 2252; x_wconf 82' lang='lat' dir='ltr'><strong>edit.</strong></span> <span class='ocrx_word' id='word_1_225' title='bbox 612 2185 783 2242; x_wconf 88' lang='lat' dir='ltr'><strong>Basil.</strong></span> <span class='ocrx_word' id='word_1_226' title='bbox 808 2208 821 2258; x_wconf 66' lang='grc' dir='ltr'>ς</span> <span class='ocrx_word' id='word_1_227' title='bbox 844 2187 1033 2260; x_wconf 91' lang='lat' dir='ltr'><strong>Dupin</strong></span> <span class='ocrx_word' id='word_1_228' title='bbox 1052 2187 1268 2243; x_wconf 86' lang='lat' dir='ltr'><strong>Histor.</strong></span> <span class='ocrx_word' id='word_1_229' title='bbox 1296 2187 1512 2244; x_wconf 88' lang='lat' dir='ltr'><strong>Eccles.</strong></span> <span class='ocrx_word' id='word_1_230' title='bbox 1541 2189 1652 2244; x_wconf 93' lang='lat' dir='ltr'><strong>vol.</strong></span> <span class='ocrx_word' id='word_1_231' title='bbox 1677 2191 1831 2256; x_wconf 86' lang='lat' dir='ltr'><strong>VIII,</strong></span> <span class='ocrx_word' id='word_1_232' title='bbox 1857 2208 1988 2264; x_wconf 86' lang='lat' dir='ltr'><strong>pag.</strong></span> 
     </span>
    </p>
   </div>
   <div class='ocr_carea' id='block_1_30' title="bbox 344 2268 1990 2350">
    <p class='ocr_par' dir='ltr' id='par_1_30' title="bbox 344 2268 1990 2350">
     <span class='ocr_line' id='line_1_32' title="bbox 344 2268 1990 2350; baseline 0.002 -20"><span class='ocrx_word' id='word_1_233' title='bbox 344 2275 452 2344; x_wconf 88' lang='lat'><strong>26;</strong></span> <span class='ocrx_word' id='word_1_234' title='bbox 503 2273 719 2336; x_wconf 87' lang='lat' dir='ltr'><strong>Racine</strong></span> <span class='ocrx_word' id='word_1_235' title='bbox 766 2268 909 2330; x_wconf 81' lang='lat' dir='ltr'><strong>tem.</strong></span> <span class='ocrx_word' id='word_1_236' title='bbox 961 2275 1057 2341; x_wconf 82' lang='grc' dir='ltr'><strong>ιν,</strong></span> <span class='ocrx_word' id='word_1_237' title='bbox 1108 2291 1239 2348; x_wconf 86' lang='lat' dir='ltr'><strong>pag.</strong></span> <span class='ocrx_word' id='word_1_238' title='bbox 1294 2277 1416 2342; x_wconf 84' lang='grc'><strong>109,</strong></span> <span class='ocrx_word' id='word_1_239' title='bbox 1475 2275 1611 2333; x_wconf 86' lang='lat' dir='ltr'><strong>edit.</strong></span> <span class='ocrx_word' id='word_1_240' title='bbox 1663 2271 1990 2350; x_wconf 89' lang='lat' dir='ltr'><strong>Ultraject.,</strong></span> 
     </span>
    </p>
   </div>
   <div class='ocr_carea' id='block_1_31' title="bbox 345 2362 1986 2432">
    <p class='ocr_par' dir='ltr' id='par_1_31' title="bbox 345 2362 1986 2432">
     <span class='ocr_line' id='line_1_33' title="bbox 345 2362 1986 2432; baseline 0.005 -14"><span class='ocrx_word' id='word_1_241' title='bbox 345 2362 530 2419; x_wconf 87' lang='lat' dir='ltr'><strong>articl.</strong></span> <span class='ocrx_word' id='word_1_242' title='bbox 562 2364 668 2430; x_wconf 85' lang='lat'><strong>6,§</strong></span> <span class='ocrx_word' id='word_1_243' title='bbox 699 2364 768 2432; x_wconf 66' lang='lat'><strong>4;</strong></span> <span class='ocrx_word' id='word_1_244' title='bbox 799 2363 1118 2431; x_wconf 89' lang='lat' dir='ltr'><strong>Murator.,</strong></span> <span class='ocrx_word' id='word_1_245' title='bbox 1145 2365 1216 2420; x_wconf 89' lang='lat' dir='ltr'><strong>ad</strong></span> <span class='ocrx_word' id='word_1_246' title='bbox 1266 2381 1359 2421; x_wconf 91' lang='lat' dir='ltr'><strong>an.</strong></span> <span class='ocrx_word' id='word_1_247' title='bbox 1393 2365 1498 2421; x_wconf 82' lang='lat'><strong>958</strong></span> <span class='ocrx_word' id='word_1_248' title='bbox 1553 2371 1610 2422; x_wconf 91' lang='lat' dir='ltr'><strong>et</strong></span> <span class='ocrx_word' id='word_1_249' title='bbox 1637 2367 1744 2422; x_wconf 85' lang='lat'><strong>959</strong></span> <span class='ocrx_word' id='word_1_250' title='bbox 1776 2369 1986 2426; x_wconf 82' lang='lat' dir='ltr'><strong>Annal.</strong></span> 
     </span>
    </p>
   </div>
   <div class='ocr_carea' id='block_1_32' title="bbox 345 2451 473 2507">
    <p class='ocr_par' dir='ltr' id='par_1_32' title="bbox 345 2451 473 2507">
     <span class='ocr_line' id='line_1_34' title="bbox 345 2451 473 2507; baseline 0 0"><span class='ocrx_word' id='word_1_251' title='bbox 345 2451 473 2507; x_wconf 82' lang='lat' dir='ltr'><strong>Ital.</strong></span> 
     </span>
    </p>
   </div>
   <div class='ocr_carea' id='block_1_33' title="bbox 415 2539 1990 2616">
    <p class='ocr_par' dir='ltr' id='par_1_33' title="bbox 415 2539 1990 2616">
     <span class='ocr_line' id='line_1_35' title="bbox 415 2539 1990 2616; baseline 0.004 -20"><span class='ocrx_word' id='word_1_252' title='bbox 415 2539 533 2596; x_wconf 87' lang='lat' dir='ltr'><strong>XV.</strong></span> <span class='ocrx_word' id='word_1_253' title='bbox 565 2539 796 2596; x_wconf 88' lang='lat' dir='ltr'><strong>Attonis</strong></span> <span class='ocrx_word' id='word_1_254' title='bbox 826 2539 1014 2612; x_wconf 88' lang='lat' dir='ltr'><strong>Opera</strong></span> <span class='ocrx_word' id='word_1_255' title='bbox 1042 2557 1342 2600; x_wconf 88' lang='lat' dir='ltr'><strong>recensere</strong></span> <span class='ocrx_word' id='word_1_256' title='bbox 1373 2559 1683 2616; x_wconf 81' lang='lat' dir='ltr'><strong>aggressus</strong></span> <span class='ocrx_word' id='word_1_257' title='bbox 1733 2546 1990 2604; x_wconf 88' lang='lat' dir='ltr'><strong>Joannes</strong></span> 
     </span>
    </p>
   </div>
   <div class='ocr_carea' id='block_1_34' title="bbox 343 2628 1988 2709">
    <p class='ocr_par' dir='ltr' id='par_1_34' title="bbox 343 2628 1988 2709">
     <span class='ocr_line' id='line_1_36' title="bbox 343 2628 1988 2709; baseline 0.004 -23"><span class='ocrx_word' id='word_1_258' title='bbox 343 2628 978 2701; x_wconf 84' lang='lat' dir='ltr'><strong>StephanusFerrerius</strong></span> <span class='ocrx_word' id='word_1_259' title='bbox 991 2648 1055 2686; x_wconf 92' lang='lat' dir='ltr'><strong>su</strong></span> <span class='ocrx_word' id='word_1_260' title='bbox 1064 2631 1719 2704; x_wconf 81' lang='lat' dir='ltr'><strong>pracit.(15).Sermones</strong></span> <span class='ocrx_word' id='word_1_261' title='bbox 1733 2637 1988 2709; x_wconf 90' lang='lat' dir='ltr'><strong>primum</strong></span> 
     </span>
    </p>
   </div>
   <div class='ocr_carea' id='block_1_35' title="bbox 345 2717 1991 2800">
    <p class='ocr_par' dir='ltr' id='par_1_35' title="bbox 345 2717 1991 2800">
     <span class='ocr_line' id='line_1_37' title="bbox 345 2717 1991 2800; baseline 0.005 -26"><span class='ocrx_word' id='word_1_262' title='bbox 345 2717 561 2792; x_wconf 83' lang='lat' dir='ltr'><strong>posuit,</strong></span> <span class='ocrx_word' id='word_1_263' title='bbox 593 2721 716 2774; x_wconf 88' lang='lat' dir='ltr'><strong>tum</strong></span> <span class='ocrx_word' id='word_1_264' title='bbox 736 2720 1034 2793; x_wconf 87' lang='lat' dir='ltr'><strong>epistolas,</strong></span> <span class='ocrx_word' id='word_1_265' title='bbox 1053 2721 1184 2776; x_wconf 92' lang='lat' dir='ltr'><strong>dein</strong></span> <span class='ocrx_word' id='word_1_266' title='bbox 1211 2720 1589 2796; x_wconf 74' lang='lat' dir='ltr'><strong>Polypticum,</strong></span> <span class='ocrx_word' id='word_1_267' title='bbox 1609 2725 1726 2779; x_wconf 90' lang='lat' dir='ltr'><strong>sive</strong></span> <span class='ocrx_word' id='word_1_268' title='bbox 1745 2727 1991 2800; x_wconf 90' lang='lat' dir='ltr'><strong>Perpen-</strong></span> 
     </span>
    </p>
   </div>
   <div class='ocr_carea' id='block_1_36' title="bbox 345 2805 1988 2886">
    <p class='ocr_par' dir='ltr' id='par_1_36' title="bbox 345 2805 1988 2886">
     <span class='ocr_line' id='line_1_38' title="bbox 345 2805 1988 2886; baseline 0.005 -24"><span class='ocrx_word' id='word_1_269' title='bbox 345 2805 628 2879; x_wconf 88' lang='lat' dir='ltr'><strong>diculum,</strong></span> <span class='ocrx_word' id='word_1_270' title='bbox 661 2807 795 2863; x_wconf 91' lang='lat' dir='ltr'><strong>inde</strong></span> <span class='ocrx_word' id='word_1_271' title='bbox 828 2807 1109 2876; x_wconf 85' lang='lat' dir='ltr'><strong>Canones,</strong></span> <span class='ocrx_word' id='word_1_272' title='bbox 1160 2827 1262 2865; x_wconf 93' lang='lat' dir='ltr'><strong>seu</strong></span> <span class='ocrx_word' id='word_1_273' title='bbox 1310 2811 1658 2884; x_wconf 87' lang='lat' dir='ltr'><strong>Capitulare,</strong></span> <span class='ocrx_word' id='word_1_274' title='bbox 1694 2820 1988 2886; x_wconf 89' lang='lat' dir='ltr'><strong>postremo</strong></span> 
     </span>
    </p>
   </div>
   <div class='ocr_carea' id='block_1_37' title="bbox 342 2896 1986 2974">
    <p class='ocr_par' dir='ltr' id='par_1_37' title="bbox 342 2896 1986 2974">
     <span class='ocr_line' id='line_1_39' title="bbox 342 2896 1986 2974; baseline 0.006 -23"><span class='ocrx_word' id='word_1_275' title='bbox 342 2899 658 2960; x_wconf 85' lang='lat' dir='ltr'><strong>tractatum</strong></span> <span class='ocrx_word' id='word_1_276' title='bbox 690 2896 770 2954; x_wconf 91' lang='lat' dir='ltr'><strong>De</strong></span> <span class='ocrx_word' id='word_1_277' title='bbox 801 2899 1092 2969; x_wconf 88' lang='lat' dir='ltr'><strong>pressuris</strong></span> <span class='ocrx_word' id='word_1_278' title='bbox 1123 2899 1555 2956; x_wconf 83' lang='lat' dir='ltr'><strong>ecclesiasticis.</strong></span> <span class='ocrx_word' id='word_1_279' title='bbox 1581 2908 1768 2974; x_wconf 85' lang='lat' dir='ltr'><strong>Atque</strong></span> <span class='ocrx_word' id='word_1_280' title='bbox 1786 2905 1986 2962; x_wconf 82' lang='lat' dir='ltr'><strong>eadem</strong></span> 
     </span>
    </p>
   </div>
   <div class='ocr_carea' id='block_1_38' title="bbox 343 2986 1990 3064">
    <p class='ocr_par' dir='ltr' id='par_1_38' title="bbox 343 2986 1990 3064">
     <span class='ocr_line' id='line_1_40' title="bbox 343 2986 1990 3064; baseline 0.005 -23"><span class='ocrx_word' id='word_1_281' title='bbox 343 2986 565 3058; x_wconf 86' lang='lat' dir='ltr'><strong>passim</strong></span> <span class='ocrx_word' id='word_1_282' title='bbox 591 3004 799 3061; x_wconf 85' lang='lat' dir='ltr'><strong>magna</strong></span> <span class='ocrx_word' id='word_1_283' title='bbox 828 3005 960 3044; x_wconf 92' lang='lat' dir='ltr'><strong>cum</strong></span> <span class='ocrx_word' id='word_1_284' title='bbox 989 2988 1160 3046; x_wconf 89' lang='lat' dir='ltr'><strong>laude</strong></span> <span class='ocrx_word' id='word_1_285' title='bbox 1188 2996 1516 3046; x_wconf 88' lang='lat' dir='ltr'><strong>memorant</strong></span> <span class='ocrx_word' id='word_1_286' title='bbox 1536 2997 1824 3064; x_wconf 81' lang='lat' dir='ltr'><strong>quotquot</strong></span> <span class='ocrx_word' id='word_1_287' title='bbox 1873 2994 1990 3050; x_wconf 78' lang='lat' dir='ltr'><strong>fere</strong></span> 
     </span>
    </p>
   </div>
   <div class='ocr_carea' id='block_1_39' title="bbox 342 3075 1987 3140">
    <p class='ocr_par' dir='ltr' id='par_1_39' title="bbox 342 3075 1987 3140">
     <span class='ocr_line' id='line_1_41' title="bbox 342 3075 1987 3140; baseline 0.006 -10"><span class='ocrx_word' id='word_1_288' title='bbox 342 3075 414 3131; x_wconf 89' lang='lat' dir='ltr'><strong>de</strong></span> <span class='ocrx_word' id='word_1_289' title='bbox 442 3075 850 3134; x_wconf 87' lang='lat' dir='ltr'><strong>ecclesiasticis</strong></span> <span class='ocrx_word' id='word_1_290' title='bbox 880 3077 1056 3133; x_wconf 90' lang='lat' dir='ltr'><strong>rebus</strong></span> <span class='ocrx_word' id='word_1_291' title='bbox 1107 3079 1416 3135; x_wconf 85' lang='lat' dir='ltr'><strong>Historiam</strong></span> <span class='ocrx_word' id='word_1_292' title='bbox 1477 3087 1670 3137; x_wconf 84' lang='lat' dir='ltr'><strong>texere</strong></span> <span class='ocrx_word' id='word_1_293' title='bbox 1701 3081 1987 3140; x_wconf 87' lang='lat' dir='ltr'><strong>hactenus</strong></span> 
     </span>
    </p>
   </div>
   <div class='ocr_carea' id='block_1_40' title="bbox 342 3163 749 3220">
    <p class='ocr_par' dir='ltr' id='par_1_40' title="bbox 342 3163 749 3220">
     <span class='ocr_line' id='line_1_42' title="bbox 342 3163 749 3220; baseline 0.002 -1"><span class='ocrx_word' id='word_1_294' title='bbox 342 3163 749 3220; x_wconf 88' lang='lat' dir='ltr'><strong>instituerunt.</strong></span> 
     </span>
    </p>
   </div>
   <div class='ocr_carea' id='block_1_41' title="bbox 413 3253 1984 3330">
    <p class='ocr_par' dir='ltr' id='par_1_41' title="bbox 413 3253 1984 3330">
     <span class='ocr_line' id='line_1_43' title="bbox 413 3253 1984 3330; baseline 0.005 -21"><span class='ocrx_word' id='word_1_295' title='bbox 413 3253 815 3325; x_wconf 86' lang='lat' dir='ltr'><strong>Opportunum</strong></span> <span class='ocrx_word' id='word_1_296' title='bbox 849 3259 1040 3312; x_wconf 88' lang='lat' dir='ltr'><strong>tamen</strong></span> <span class='ocrx_word' id='word_1_297' title='bbox 1073 3256 1284 3312; x_wconf 85' lang='lat' dir='ltr'><strong>accidit</strong></span> <span class='ocrx_word' id='word_1_298' title='bbox 1308 3257 1625 3330; x_wconf 88' lang='lat' dir='ltr'><strong>legentium</strong></span> <span class='ocrx_word' id='word_1_299' title='bbox 1661 3258 1844 3316; x_wconf 92' lang='lat' dir='ltr'><strong>oculis</strong></span> <span class='ocrx_word' id='word_1_300' title='bbox 1875 3260 1984 3317; x_wconf 90' lang='lat' dir='ltr'><strong>hoc</strong></span> 
     </span>
    </p>
   </div>
   <div class='ocr_carea' id='block_1_42' title="bbox 340 3341 1984 3420">
    <p class='ocr_par' dir='ltr' id='par_1_42' title="bbox 340 3341 1984 3420">
     <span class='ocr_line' id='line_1_44' title="bbox 340 3341 1984 3420; baseline 0.007 -24"><span class='ocrx_word' id='word_1_301' title='bbox 340 3341 467 3411; x_wconf 83' lang='lat' dir='ltr'><strong>loco</strong></span> <span class='ocrx_word' id='word_1_302' title='bbox 493 3344 778 3416; x_wconf 82' lang='lat' dir='ltr'><strong>subjicere</strong></span> <span class='ocrx_word' id='word_1_303' title='bbox 802 3361 928 3420; x_wconf 65' lang='lat' dir='ltr'><strong>qua</strong></span> <span class='ocrx_word' id='word_1_304' title='bbox 949 3345 1018 3400; x_wconf 89' lang='lat' dir='ltr'><strong>de</strong></span> <span class='ocrx_word' id='word_1_305' title='bbox 1040 3347 1379 3402; x_wconf 90' lang='lat' dir='ltr'><strong>eorumdem</strong></span> <span class='ocrx_word' id='word_1_306' title='bbox 1405 3364 1650 3403; x_wconf 91' lang='lat' dir='ltr'><strong>numero</strong></span> <span class='ocrx_word' id='word_1_307' title='bbox 1674 3353 1729 3403; x_wconf 91' lang='lat' dir='ltr'><strong>et</strong></span> <span class='ocrx_word' id='word_1_308' title='bbox 1753 3351 1984 3408; x_wconf 80' lang='lat' dir='ltr'><strong>fortuna</strong></span> 
     </span>
    </p>
   </div>
   <div class='ocr_carea' id='block_1_43' title="bbox 340 3431 1765 3506">
    <p class='ocr_par' dir='ltr' id='par_1_43' title="bbox 340 3431 1765 3506">
     <span class='ocr_line' id='line_1_45' title="bbox 340 3431 1765 3506; baseline 0.004 -19"><span class='ocrx_word' id='word_1_309' title='bbox 340 3431 514 3496; x_wconf 76' lang='lat' dir='ltr'><strong>retert</strong></span> <span class='ocrx_word' id='word_1_310' title='bbox 540 3434 757 3488; x_wconf 89' lang='lat' dir='ltr'><strong>Auctor</strong></span> <span class='ocrx_word' id='word_1_311' title='bbox 785 3436 1178 3506; x_wconf 86' lang='lat' dir='ltr'><strong>supplementi</strong></span> <span class='ocrx_word' id='word_1_312' title='bbox 1213 3435 1282 3490; x_wconf 89' lang='lat' dir='ltr'><strong>ad</strong></span> <span class='ocrx_word' id='word_1_313' title='bbox 1317 3435 1765 3493; x_wconf 85' lang='lat' dir='ltr'><strong>Bellarminum.</strong></span> 
     </span>
    </p>
   </div>
   <div class='ocr_carea' id='block_1_44' title="bbox 412 3520 1982 3593">
    <p class='ocr_par' dir='ltr' id='par_1_44' title="bbox 412 3520 1982 3593">
     <span class='ocr_line' id='line_1_46' title="bbox 412 3520 1982 3593; baseline 0.01 -24"><span class='ocrx_word' id='word_1_314' title='bbox 412 3543 440 3569; x_wconf 87' lang='grc'><strong>‹‹</strong></span> <span class='ocrx_word' id='word_1_315' title='bbox 468 3520 695 3576; x_wconf 82' lang='lat' dir='ltr'><strong>Attonis</strong></span> <span class='ocrx_word' id='word_1_316' title='bbox 729 3537 922 3593; x_wconf 88' lang='lat' dir='ltr'><strong>opera,</strong></span> <span class='ocrx_word' id='word_1_317' title='bbox 952 3521 1166 3593; x_wconf 88' lang='lat' dir='ltr'><strong>inquit,</strong></span> <span class='ocrx_word' id='word_1_318' title='bbox 1199 3524 1288 3577; x_wconf 91' lang='lat' dir='ltr'><strong>vir</strong></span> <span class='ocrx_word' id='word_1_319' title='bbox 1334 3523 1699 3579; x_wconf 86' lang='lat' dir='ltr'><strong>clarissimus</strong></span> <span class='ocrx_word' id='word_1_320' title='bbox 1727 3527 1982 3585; x_wconf 88' lang='lat' dir='ltr'><strong>Joannes</strong></span> 
     </span>
    </p>
   </div>
   <div class='ocr_carea' id='block_1_45' title="bbox 340 3591 1982 3666">
    <p class='ocr_par' dir='ltr' id='par_1_45' title="bbox 340 3591 1982 3666">
     <span class='ocr_line' id='line_1_47' title="bbox 340 3591 1982 3666; baseline 0.004 -18"><span class='ocrx_word' id='word_1_321' title='bbox 340 3591 501 3666; x_wconf 71' lang='lat' dir='ltr'><strong>Bono</strong></span> <span class='ocrx_word' id='word_1_322' title='bbox 523 3591 812 3666; x_wconf 83' lang='lat' dir='ltr'><strong>generalis</strong></span> <span class='ocrx_word' id='word_1_323' title='bbox 834 3591 1358 3666; x_wconf 7' lang='lat' dir='ltr'><strong>abibasgreformatw</strong></span> <span class='ocrx_word' id='word_1_324' title='bbox 1373 3598 1834 3666; x_wconf 72' lang='lat' dir='ltr'><strong>congregationis</strong></span> <span class='ocrx_word' id='word_1_325' title='bbox 1848 3617 1982 3654; x_wconf 85' lang='lat' dir='ltr'><strong>san-</strong></span> 
     </span>
    </p>
   </div>
   <div class='ocr_carea' id='block_1_46' title="bbox 341 3663 1979 3736">
    <p class='ocr_par' dir='ltr' id='par_1_46' title="bbox 341 3663 1979 3736">
     <span class='ocr_line' id='line_1_48' title="bbox 341 3663 1979 3736; baseline 0.005 -18"><span class='ocrx_word' id='word_1_326' title='bbox 341 3663 419 3718; x_wconf 85' lang='lat' dir='ltr'><strong>cti</strong></span> <span class='ocrx_word' id='word_1_327' title='bbox 453 3663 754 3736; x_wconf 76' lang='lat' dir='ltr'><strong>Bernardi,</strong></span> <span class='ocrx_word' id='word_1_328' title='bbox 779 3680 878 3718; x_wconf 84' lang='lat' dir='ltr'><strong>seu</strong></span> <span class='ocrx_word' id='word_1_329' title='bbox 903 3664 1257 3721; x_wconf 83' lang='lat' dir='ltr'><strong>Fulientium</strong></span> <span class='ocrx_word' id='word_1_330' title='bbox 1289 3666 1346 3719; x_wconf 90' lang='lat' dir='ltr'><strong>in</strong></span> <span class='ocrx_word' id='word_1_331' title='bbox 1387 3663 1547 3721; x_wconf 80' lang='lat' dir='ltr'><strong>Italia</strong></span> <span class='ocrx_word' id='word_1_332' title='bbox 1578 3668 1979 3736; x_wconf 81' lang='lat' dir='ltr'><strong>(Pedemonta-</strong></span> 
     </span>
    </p>
   </div>
   <div class='ocr_carea' id='block_1_47' title="bbox 342 3733 1983 3810">
    <p class='ocr_par' dir='ltr' id='par_1_47' title="bbox 342 3733 1983 3810">
     <span class='ocr_line' id='line_1_49' title="bbox 342 3733 1983 3810; baseline 0.005 -20"><span class='ocrx_word' id='word_1_333' title='bbox 342 3749 458 3790; x_wconf 83' lang='lat' dir='ltr'><strong>nus</strong></span> <span class='ocrx_word' id='word_1_334' title='bbox 487 3733 736 3810; x_wconf 72' lang='lat' dir='ltr'><strong>scilicet,</strong></span> <span class='ocrx_word' id='word_1_335' title='bbox 763 3736 861 3806; x_wconf 84' lang='lat' dir='ltr'><strong>qui</strong></span> <span class='ocrx_word' id='word_1_336' title='bbox 889 3736 1004 3810; x_wconf 61' lang='lat' dir='ltr'><strong>iuit</strong></span> <span class='ocrx_word' id='word_1_337' title='bbox 1032 3743 1234 3810; x_wconf 81' lang='lat' dir='ltr'><strong>postea</strong></span> <span class='ocrx_word' id='word_1_338' title='bbox 1263 3737 1320 3792; x_wconf 91' lang='lat' dir='ltr'><strong>S.</strong></span> <span class='ocrx_word' id='word_1_339' title='bbox 1354 3737 1420 3792; x_wconf 78' lang='grc' dir='ltr'><strong>Β.</strong></span> <span class='ocrx_word' id='word_1_340' title='bbox 1456 3738 1514 3795; x_wconf 83' lang='lat' dir='ltr'><strong>E.</strong></span> <span class='ocrx_word' id='word_1_341' title='bbox 1549 3733 1884 3810; x_wconf 78' lang='lat' dir='ltr'><strong>cardinalis)</strong></span> <span class='ocrx_word' id='word_1_342' title='bbox 1915 3759 1983 3798; x_wconf 85' lang='lat' dir='ltr'><strong>ex</strong></span> 
     </span>
    </p>
   </div>
   <div class='ocr_carea' id='block_1_48' title="bbox 341 3805 1976 3882">
    <p class='ocr_par' dir='ltr' id='par_1_48' title="bbox 341 3805 1976 3882">
     <span class='ocr_line' id='line_1_50' title="bbox 341 3805 1976 3882; baseline 0.006 -23"><span class='ocrx_word' id='word_1_343' title='bbox 341 3805 744 3882; x_wconf 72' lang='lat' dir='ltr'><strong>manuscripto</strong></span> <span class='ocrx_word' id='word_1_344' title='bbox 782 3805 998 3882; x_wconf 67' lang='lat' dir='ltr'><strong>codice</strong></span> <span class='ocrx_word' id='word_1_345' title='bbox 1033 3805 1339 3882; x_wconf 32' lang='lat' dir='ltr'><strong>’Vaticano</strong></span> <span class='ocrx_word' id='word_1_346' title='bbox 1363 3826 1556 3882; x_wconf 13' lang='lat' dir='ltr'><strong>gnum.</strong></span> <span class='ocrx_word' id='word_1_347' title='bbox 1613 3811 1772 3866; x_wconf 80' lang='grc'>4322.</span> <span class='ocrx_word' id='word_1_348' title='bbox 1807 3805 1976 3882; x_wconf 80' lang='lat' dir='ltr'><strong>eruit,</strong></span> 
     </span>
    </p>
   </div>
   <div class='ocr_carea' id='block_1_49' title="bbox 342 3875 1978 3953">
    <p class='ocr_par' dir='ltr' id='par_1_49' title="bbox 342 3875 1978 3953">
     <span class='ocr_line' id='line_1_51' title="bbox 342 3875 1978 3953; baseline 0.006 -23"><span class='ocrx_word' id='word_1_349' title='bbox 342 3875 600 3953; x_wconf 59' lang='lat' dir='ltr'><strong>describi</strong></span> <span class='ocrx_word' id='word_1_350' title='bbox 627 3875 848 3933; x_wconf 72' lang='lat' dir='ltr'><strong>curavit</strong></span> <span class='ocrx_word' id='word_1_351' title='bbox 876 3877 1069 3953; x_wconf 72' lang='lat' dir='ltr'><strong>Romae</strong></span> <span class='ocrx_word' id='word_1_352' title='bbox 1100 3897 1251 3953; x_wconf 71' lang='lat' dir='ltr'><strong>anno</strong></span> <span class='ocrx_word' id='word_1_353' title='bbox 1282 3878 1436 3953; x_wconf 67' lang='lat'><strong>1664,</strong></span> <span class='ocrx_word' id='word_1_354' title='bbox 1458 3887 1631 3953; x_wconf 89' lang='lat' dir='ltr'><strong>atque</strong></span> <span class='ocrx_word' id='word_1_355' title='bbox 1661 3885 1732 3936; x_wconf 87' lang='lat' dir='ltr'><strong>ad</strong></span> <span class='ocrx_word' id='word_1_356' title='bbox 1772 3875 1978 3940; x_wconf 83' lang='lat' dir='ltr'><strong>Lucam</strong></span> 
     </span>
    </p>
   </div>
   <div class='ocr_carea' id='block_1_50' title="bbox 341 3946 1977 4022">
    <p class='ocr_par' dir='ltr' id='par_1_50' title="bbox 341 3946 1977 4022">
     <span class='ocr_line' id='line_1_52' title="bbox 341 3946 1977 4022; baseline 0.005 -20"><span class='ocrx_word' id='word_1_357' title='bbox 341 3946 708 4022; x_wconf 64' lang='lat' dir='ltr'><strong>d’Acherium</strong></span> <span class='ocrx_word' id='word_1_358' title='bbox 742 3949 1096 4022; x_wconf 86' lang='lat' dir='ltr'><strong>monachum</strong></span> <span class='ocrx_word' id='word_1_359' title='bbox 1139 3946 1579 4006; x_wconf 79' lang='lat' dir='ltr'><strong>Benedictinum</strong></span> <span class='ocrx_word' id='word_1_360' title='bbox 1631 3955 1977 4022; x_wconf 85' lang='lat' dir='ltr'><strong>transmisit,</strong></span> 
     </span>
    </p>
   </div>
   <div class='ocr_carea' id='block_1_51' title="bbox 340 4019 1979 4098">
    <p class='ocr_par' dir='ltr' id='par_1_51' title="bbox 340 4019 1979 4098">
     <span class='ocr_line' id='line_1_53' title="bbox 340 4019 1979 4098; baseline 0.005 -26"><span class='ocrx_word' id='word_1_361' title='bbox 340 4019 442 4098; x_wconf 77' lang='lat' dir='ltr'><strong>qui</strong></span> <span class='ocrx_word' id='word_1_362' title='bbox 475 4035 545 4098; x_wconf 80' lang='lat' dir='ltr'><strong>e__a</strong></span> <span class='ocrx_word' id='word_1_363' title='bbox 570 4020 823 4098; x_wconf 65' lang='lat' dir='ltr'><strong>inseruit</strong></span> <span class='ocrx_word' id='word_1_364' title='bbox 850 4026 1008 4098; x_wconf 69' lang='lat' dir='ltr'><strong>temo</strong></span> <span class='ocrx_word' id='word_1_365' title='bbox 1039 4021 1188 4076; x_wconf 86' lang='lat' dir='ltr'><strong>VIII.</strong></span> <span class='ocrx_word' id='word_1_366' title='bbox 1213 4039 1246 4076; x_wconf 88' lang='lat' dir='ltr'><strong>a</strong></span> <span class='ocrx_word' id='word_1_367' title='bbox 1267 4038 1398 4098; x_wconf 74' lang='lat' dir='ltr'><strong>pag.</strong></span> <span class='ocrx_word' id='word_1_368' title='bbox 1424 4025 1450 4098; x_wconf 83' lang='lat' dir='ltr'><strong>_i</strong></span> <span class='ocrx_word' id='word_1_369' title='bbox 1474 4024 1543 4098; x_wconf 82' lang='lat' dir='ltr'><strong>ad</strong></span> <span class='ocrx_word' id='word_1_370' title='bbox 1568 4024 1668 4098; x_wconf 84' lang='grc'><strong>138</strong></span> <span class='ocrx_word' id='word_1_371' title='bbox 1685 4019 1979 4098; x_wconf 83' lang='lat' dir='ltr'><strong>Spicilegii</strong></span> 
     </span>
    </p>
   </div>
   <div class='ocr_carea' id='block_1_52' title="bbox 340 4089 1978 4170">
    <p class='ocr_par' dir='ltr' id='par_1_52' title="bbox 340 4089 1978 4170">
     <span class='ocr_line' id='line_1_54' title="bbox 340 4089 1978 4170; baseline 0.004 -24"><span class='ocrx_word' id='word_1_372' title='bbox 340 4089 454 4146; x_wconf 76' lang='lat' dir='ltr'><strong>sui.</strong></span> <span class='ocrx_word' id='word_1_373' title='bbox 486 4091 556 4170; x_wconf 67' lang='lat' dir='ltr'><strong>Et</strong></span> <span class='ocrx_word' id='word_1_374' title='bbox 575 4097 716 4170; x_wconf 65' lang='lat' dir='ltr'><strong>sunt</strong></span> <span class='ocrx_word' id='word_1_375' title='bbox 739 4108 753 4146; x_wconf 85' lang='lat'><strong>:</strong></span> <span class='ocrx_word' id='word_1_376' title='bbox 780 4092 1134 4170; x_wconf 76' lang='lat' dir='ltr'><strong>Capitulare,</strong></span> <span class='ocrx_word' id='word_1_377' title='bbox 1167 4089 1566 4170; x_wconf 33' lang='lat' dir='ltr'><strong>seujCapitula</strong></span> <span class='ocrx_word' id='word_1_378' title='bbox 1597 4089 1824 4152; x_wconf 76' lang='lat' dir='ltr'><strong>Attohis</strong></span> <span class='ocrx_word' id='word_1_379' title='bbox 1855 4089 1978 4170; x_wconf 72' lang='lat' dir='ltr'><strong>epi-</strong></span> 
     </span>
    </p>
   </div>
   <div class='ocr_carea' id='block_1_53' title="bbox 339 4161 1977 4240">
    <p class='ocr_par' dir='ltr' id='par_1_53' title="bbox 339 4161 1977 4240">
     <span class='ocr_line' id='line_1_55' title="bbox 339 4161 1977 4240; baseline 0.006 -24"><span class='ocrx_word' id='word_1_380' title='bbox 339 4161 501 4240; x_wconf 75' lang='lat' dir='ltr'><strong>scopi</strong></span> <span class='ocrx_word' id='word_1_381' title='bbox 527 4179 550 4234; x_wconf 24' lang='lat'><strong>;,</strong></span> <span class='ocrx_word' id='word_1_382' title='bbox 575 4163 744 4240; x_wconf 69' lang='lat' dir='ltr'><strong>Liber</strong></span> <span class='ocrx_word' id='word_1_383' title='bbox 763 4165 834 4240; x_wconf 73' lang='lat' dir='ltr'><strong>de</strong></span> <span class='ocrx_word' id='word_1_384' title='bbox 859 4161 1148 4240; x_wconf 75' lang='lat' dir='ltr'><strong>pressuris</strong></span> <span class='ocrx_word' id='word_1_385' title='bbox 1164 4161 1574 4240; x_wconf 71' lang='lat' dir='ltr'><strong>ecclesiasticis</strong></span> <span class='ocrx_word' id='word_1_386' title='bbox 1595 4185 1608 4234; x_wconf 90' lang='lat'>;</span> <span class='ocrx_word' id='word_1_387' title='bbox 1631 4174 1806 4240; x_wconf 85' lang='lat' dir='ltr'><strong>atque</strong></span> <span class='ocrx_word' id='word_1_388' title='bbox 1827 4161 1977 4240; x_wconf 71' lang='lat' dir='ltr'><strong>epis-</strong></span> 
     </span>
    </p>
   </div>
   <div class='ocr_carea' id='block_1_54' title="bbox 341 4231 1976 4304">
    <p class='ocr_par' dir='ltr' id='par_1_54' title="bbox 341 4231 1976 4304">
     <span class='ocr_line' id='line_1_56' title="bbox 341 4231 1976 4304; baseline 0.006 -17"><span class='ocrx_word' id='word_1_389' title='bbox 341 4231 468 4288; x_wconf 73' lang='lat' dir='ltr'><strong>tolas</strong></span> <span class='ocrx_word' id='word_1_390' title='bbox 492 4231 680 4289; x_wconf 67' lang='lat' dir='ltr'><strong>variae.</strong></span> <span class='ocrx_word' id='word_1_391' title='bbox 704 4234 766 4290; x_wconf 93' lang='lat' dir='ltr'><strong>In</strong></span> <span class='ocrx_word' id='word_1_392' title='bbox 790 4231 996 4290; x_wconf 80' lang='lat' dir='ltr'><strong>iisdem</strong></span> <span class='ocrx_word' id='word_1_393' title='bbox 1020 4241 1213 4290; x_wconf 90' lang='lat' dir='ltr'><strong>autem</strong></span> <span class='ocrx_word' id='word_1_394' title='bbox 1232 4236 1550 4304; x_wconf 89' lang='lat' dir='ltr'><strong>codicibus,</strong></span> <span class='ocrx_word' id='word_1_395' title='bbox 1569 4231 1686 4294; x_wconf 81' lang='lat' dir='ltr'><strong>tam</strong></span> <span class='ocrx_word' id='word_1_396' title='bbox 1702 4231 1976 4298; x_wconf 75' lang='lat' dir='ltr'><strong>Vaticano</strong></span> 
     </span>
    </p>
   </div>
   <div class='ocr_carea' id='block_1_55' title="bbox 340 4304 1978 4430">
    <p class='ocr_par' dir='ltr' id='par_1_55' title="bbox 340 4304 1978 4430">
     <span class='ocr_line' id='line_1_57' title="bbox 381 4304 1978 4382; baseline 0.006 -24"><span class='ocrx_word' id='word_1_397' title='bbox 381 4321 516 4359; x_wconf 88' lang='lat' dir='ltr'><strong>uam</strong></span> <span class='ocrx_word' id='word_1_398' title='bbox 541 4304 913 4372; x_wconf 82' lang='lat' dir='ltr'><strong>VerCellensi,</strong></span> <span class='ocrx_word' id='word_1_399' title='bbox 935 4311 1100 4360; x_wconf 90' lang='lat' dir='ltr'><strong>erant</strong></span> <span class='ocrx_word' id='word_1_400' title='bbox 1117 4311 1390 4376; x_wconf 71' lang='lat' dir='ltr'><strong>praeterea</strong></span> <span class='ocrx_word' id='word_1_401' title='bbox 1411 4325 1707 4364; x_wconf 87' lang='lat' dir='ltr'><strong>sermones</strong></span> <span class='ocrx_word' id='word_1_402' title='bbox 1731 4318 1978 4382; x_wconf 87' lang='lat' dir='ltr'><strong>septem-</strong></span> 
     </span>
     <span class='ocr_line' id='line_1_58' title="bbox 340 4321 1972 4430; baseline 0 0"><span class='ocrx_word' id='word_1_403' title='bbox 340 4321 528 4430; x_wconf 58' lang='lat' dir='ltr'><strong>gecim</strong></span> <span class='ocrx_word' id='word_1_404' title='bbox 559 4377 632 4430; x_wconf 91' lang='lat' dir='ltr'><strong>de</strong></span> <span class='ocrx_word' id='word_1_405' title='bbox 663 4376 908 4430; x_wconf 83' lang='lat' dir='ltr'><strong>diversis</strong></span> <span class='ocrx_word' id='word_1_406' title='bbox 931 4379 1314 4430; x_wconf 68' lang='lat' dir='ltr'><strong>argumentis.</strong></span> <span class='ocrx_word' id='word_1_407' title='bbox 1347 4384 1402 4430; x_wconf 87' lang='lat' dir='ltr'><strong>et</strong></span> <span class='ocrx_word' id='word_1_408' title='bbox 1425 4379 1770 4430; x_wconf 58' lang='lat' dir='ltr'><strong>Polvnticns</strong></span> <span class='ocrx_word' id='word_1_409' title='bbox 1804 4399 1972 4430; x_wconf 74' lang='lat' dir='ltr'><strong>nnmm</strong></span> 
     </span>
    </p>
   </div>
   <div class='ocr_carea' id='block_1_56' title="bbox 379 4376 1972 4454">
    <p class='ocr_par' dir='ltr' id='par_1_56' title="bbox 379 4376 1972 4454">
     <span class='ocr_line' id='line_1_59' title="bbox 379 4376 1972 4454; baseline 0.006 -24"><span class='ocrx_word' id='word_1_410' title='bbox 379 4376 528 4430; x_wconf 89' lang='lat' dir='ltr'><strong>ecim</strong></span> <span class='ocrx_word' id='word_1_411' title='bbox 559 4377 632 4454; x_wconf 78' lang='lat' dir='ltr'><strong>de</strong></span> <span class='ocrx_word' id='word_1_412' title='bbox 663 4376 908 4454; x_wconf 76' lang='lat' dir='ltr'><strong>diversis</strong></span> <span class='ocrx_word' id='word_1_413' title='bbox 931 4379 1314 4454; x_wconf 79' lang='lat' dir='ltr'><strong>argumentis,</strong></span> <span class='ocrx_word' id='word_1_414' title='bbox 1347 4384 1402 4432; x_wconf 88' lang='lat' dir='ltr'><strong>et</strong></span> <span class='ocrx_word' id='word_1_415' title='bbox 1425 4379 1772 4454; x_wconf 83' lang='lat' dir='ltr'><strong>Polypticus,</strong></span> <span class='ocrx_word' id='word_1_416' title='bbox 1798 4376 1972 4454; x_wconf 74' lang='lat' dir='ltr'><strong>quem</strong></span> 
     </span>
    </p>
   </div>
   <div class='ocr_carea' id='block_1_57' title="bbox 339 4446 1978 4524">
    <p class='ocr_par' dir='ltr' id='par_1_57' title="bbox 339 4446 1978 4524">
     <span class='ocr_line' id='line_1_60' title="bbox 339 4446 1978 4524; baseline 0.007 -24"><span class='ocrx_word' id='word_1_417' title='bbox 339 4446 826 4524; x_wconf 66' lang='lat' dir='ltr'><strong>Pcrpendiculum</strong></span> <span class='ocrx_word' id='word_1_418' title='bbox 861 4446 1136 4524; x_wconf 76' lang='lat' dir='ltr'><strong>appellat,</strong></span> <span class='ocrx_word' id='word_1_419' title='bbox 1181 4465 1293 4518; x_wconf 91' lang='lat' dir='ltr'><strong>quo</strong></span> <span class='ocrx_word' id='word_1_420' title='bbox 1319 4521 1331 4524; x_wconf 93' lang='lat'>_</span> <span class='ocrx_word' id='word_1_421' title='bbox 1352 4467 1497 4524; x_wconf 79' lang='lat' dir='ltr'><strong>noxa</strong></span> <span class='ocrx_word' id='word_1_422' title='bbox 1529 4446 1892 4524; x_wconf 56' lang='lat' dir='ltr'><strong>redarguere</strong></span> <span class='ocrx_word' id='word_1_423' title='bbox 1922 4463 1978 4511; x_wconf 90' lang='lat' dir='ltr'><strong>et</strong></span> 
     </span>
    </p>
   </div>
   <div class='ocr_carea' id='block_1_58' title="bbox 339 4517 1976 4596">
    <p class='ocr_par' dir='ltr' id='par_1_58' title="bbox 339 4517 1976 4596">
     <span class='ocr_line' id='line_1_61' title="bbox 339 4517 1976 4596; baseline 0.005 -24"><span class='ocrx_word' id='word_1_424' title='bbox 339 4517 584 4596; x_wconf 76' lang='lat' dir='ltr'><strong>honesta</strong></span> <span class='ocrx_word' id='word_1_425' title='bbox 614 4519 840 4596; x_wconf 75' lang='lat' dir='ltr'><strong>sancire</strong></span> <span class='ocrx_word' id='word_1_426' title='bbox 869 4517 1054 4596; x_wconf 69' lang='lat' dir='ltr'><strong>decet,</strong></span> <span class='ocrx_word' id='word_1_427' title='bbox 1086 4517 1221 4596; x_wconf 78' lang='lat' dir='ltr'><strong>cum</strong></span> <span class='ocrx_word' id='word_1_428' title='bbox 1254 4521 1488 4596; x_wconf 82' lang='lat' dir='ltr'><strong>scholiis</strong></span> <span class='ocrx_word' id='word_1_429' title='bbox 1513 4541 1527 4590; x_wconf 93' lang='lat'>;</span> <span class='ocrx_word' id='word_1_430' title='bbox 1585 4525 1682 4579; x_wconf 91' lang='lat' dir='ltr'><strong>sed</strong></span> <span class='ocrx_word' id='word_1_431' title='bbox 1716 4517 1857 4596; x_wconf 72' lang='lat' dir='ltr'><strong>quia</strong></span> <span class='ocrx_word' id='word_1_432' title='bbox 1887 4529 1976 4582; x_wconf 84' lang='lat' dir='ltr'><strong>vix</strong></span> 
     </span>
    </p>
   </div>
   <div class='ocr_carea' id='block_1_59' title="bbox 338 4581 2055 4715">
    <p class='ocr_par' dir='ltr' id='par_1_59' title="bbox 338 4581 2055 4715">
     <span class='ocr_line' id='line_1_62' title="bbox 341 4581 2055 4715; baseline 0.008 -73"><span class='ocrx_word' id='word_1_433' title='bbox 341 4588 451 4715; x_wconf 63' lang='lat' dir='ltr'><strong>legi</strong></span> <span class='ocrx_word' id='word_1_434' title='bbox 482 4597 751 4662; x_wconf 88' lang='lat' dir='ltr'><strong>possunt,</strong></span> <span class='ocrx_word' id='word_1_435' title='bbox 785 4591 916 4646; x_wconf 91' lang='lat' dir='ltr'><strong>ideo</strong></span> <span class='ocrx_word' id='word_1_436' title='bbox 943 4581 1279 4663; x_wconf 81' lang='lat' dir='ltr'><strong>transcripti</strong></span> <span class='ocrx_word' id='word_1_437' title='bbox 1313 4609 1427 4648; x_wconf 83' lang='lat' dir='ltr'><strong>non</strong></span> <span class='ocrx_word' id='word_1_438' title='bbox 1462 4581 1619 4650; x_wconf 79' lang='lat' dir='ltr'><strong>sunt.</strong></span> <span class='ocrx_word' id='word_1_439' title='bbox 1655 4581 1752 4651; x_wconf 75' lang='lat' dir='ltr'><strong>Est</strong></span> <span class='ocrx_word' id='word_1_440' title='bbox 1783 4604 1975 4654; x_wconf 88' lang='lat' dir='ltr'><strong>autem</strong></span> <span class='ocrx_word' id='word_1_441' title='bbox 2009 4581 2055 4644; x_wconf 79' lang='grc' dir='ltr'>Π</span> 
     </span>
     <span class='ocr_line' id='line_1_63' title="bbox 338 4660 1980 4715; baseline 0 0"><span class='ocrx_word' id='word_1_442' title='bbox 338 4660 412 4715; x_wconf 86' lang='lat' dir='ltr'><strong>do</strong></span> <span class='ocrx_word' id='word_1_443' title='bbox 438 4663 546 4715; x_wconf 88' lang='lat' dir='ltr'><strong>end</strong></span> <span class='ocrx_word' id='word_1_444' title='bbox 558 4678 656 4715; x_wconf 92' lang='lat' dir='ltr'><strong>um</strong></span> <span class='ocrx_word' id='word_1_445' title='bbox 675 4662 829 4715; x_wconf 79' lang='lat' dir='ltr'><strong>quod</strong></span> <span class='ocrx_word' id='word_1_446' title='bbox 847 4663 1470 4715; x_wconf 83' lang='lat' dir='ltr'><strong>manuscrintuscodex</strong></span> <span class='ocrx_word' id='word_1_447' title='bbox 1487 4666 1804 4715; x_wconf 76' lang='lat' dir='ltr'><strong>Vaticanus</strong></span> <span class='ocrx_word' id='word_1_448' title='bbox 1828 4669 1980 4715; x_wconf 73' lang='lat' dir='ltr'><strong>lacn-</strong></span> 
     </span>
    </p>
   </div>
   <div class='ocr_carea' id='block_1_60' title="bbox 379 4677 412 4716">
    <p class='ocr_par' dir='ltr' id='par_1_60' title="bbox 379 4677 412 4716">
     <span class='ocr_line' id='line_1_64' title="bbox 379 4677 412 4716; baseline 0 0"><span class='ocrx_word' id='word_1_449' title='bbox 379 4677 412 4716; x_wconf 91' lang='grc' dir='ltr'>ο</span> 
     </span>
    </p>
   </div>
   <div class='ocr_carea' id='block_1_61' title="bbox 438 4662 1980 4733">
    <p class='ocr_par' dir='ltr' id='par_1_61' title="bbox 438 4662 1980 4733">
     <span class='ocr_line' id='line_1_65' title="bbox 438 4662 1980 4733; baseline 0.005 -17"><span class='ocrx_word' id='word_1_450' title='bbox 438 4663 546 4716; x_wconf 89' lang='lat' dir='ltr'><strong>end</strong></span> <span class='ocrx_word' id='word_1_451' title='bbox 558 4678 656 4716; x_wconf 91' lang='lat' dir='ltr'><strong>um</strong></span> <span class='ocrx_word' id='word_1_452' title='bbox 675 4662 829 4733; x_wconf 90' lang='lat' dir='ltr'><strong>quod</strong></span> <span class='ocrx_word' id='word_1_453' title='bbox 847 4662 1284 4733; x_wconf 80' lang='lat' dir='ltr'><strong>manuscriptus</strong></span> <span class='ocrx_word' id='word_1_454' title='bbox 1297 4666 1470 4720; x_wconf 86' lang='lat' dir='ltr'><strong>codex</strong></span> <span class='ocrx_word' id='word_1_455' title='bbox 1487 4666 1804 4723; x_wconf 89' lang='lat' dir='ltr'><strong>Vaticanus</strong></span> <span class='ocrx_word' id='word_1_456' title='bbox 1827 4669 1980 4723; x_wconf 89' lang='lat' dir='ltr'><strong>lacu-</strong></span> 
     </span>
    </p>
   </div>
   <div class='ocr_carea' id='block_1_62' title="bbox 338 4731 1977 4810">
    <p class='ocr_par' dir='ltr' id='par_1_62' title="bbox 338 4731 1977 4810">
     <span class='ocr_line' id='line_1_66' title="bbox 338 4731 1977 4810; baseline 0.006 -25"><span class='ocrx_word' id='word_1_457' title='bbox 338 4731 434 4787; x_wconf 85' lang='lat' dir='ltr'><strong>nis</strong></span> <span class='ocrx_word' id='word_1_458' title='bbox 453 4731 813 4810; x_wconf 70' lang='lat' dir='ltr'><strong>pluribusin</strong></span> <span class='ocrx_word' id='word_1_459' title='bbox 845 4732 1011 4810; x_wconf 71' lang='lat' dir='ltr'><strong>foliis</strong></span> <span class='ocrx_word' id='word_1_460' title='bbox 1042 4731 1276 4810; x_wconf 81' lang='lat' dir='ltr'><strong>laboret,</strong></span> <span class='ocrx_word' id='word_1_461' title='bbox 1309 4737 1443 4791; x_wconf 89' lang='lat' dir='ltr'><strong>inde</strong></span> <span class='ocrx_word' id='word_1_462' title='bbox 1475 4737 1696 4810; x_wconf 88' lang='lat' dir='ltr'><strong>integer</strong></span> <span class='ocrx_word' id='word_1_463' title='bbox 1739 4742 1977 4795; x_wconf 90' lang='lat' dir='ltr'><strong>omnino</strong></span> 
     </span>
    </p>
   </div>
   <div class='ocr_carea' id='block_1_63' title="bbox 337 4803 1974 4876">
    <p class='ocr_par' dir='ltr' id='par_1_63' title="bbox 337 4803 1974 4876">
     <span class='ocr_line' id='line_1_67' title="bbox 337 4803 1974 4876; baseline 0.004 -17"><span class='ocrx_word' id='word_1_464' title='bbox 337 4803 638 4876; x_wconf 72' lang='lat' dir='ltr'><strong>saeuaque</strong></span> <span class='ocrx_word' id='word_1_465' title='bbox 659 4803 858 4858; x_wconf 89' lang='lat' dir='ltr'><strong>haberi</strong></span> <span class='ocrx_word' id='word_1_466' title='bbox 885 4819 996 4876; x_wconf 82' lang='lat' dir='ltr'><strong>non</strong></span> <span class='ocrx_word' id='word_1_467' title='bbox 1020 4806 1229 4876; x_wconf 89' lang='lat' dir='ltr'><strong>potuit,</strong></span> <span class='ocrx_word' id='word_1_468' title='bbox 1256 4823 1360 4864; x_wconf 90' lang='lat' dir='ltr'><strong>nec</strong></span> <span class='ocrx_word' id='word_1_469' title='bbox 1382 4811 1575 4864; x_wconf 87' lang='lat' dir='ltr'><strong>sanari</strong></span> <span class='ocrx_word' id='word_1_470' title='bbox 1596 4803 1774 4866; x_wconf 65' lang='lat' dir='ltr'><strong>Etiam</strong></span> <span class='ocrx_word' id='word_1_471' title='bbox 1801 4811 1974 4866; x_wconf 90' lang='lat' dir='ltr'><strong>colla-</strong></span> 
     </span>
    </p>
   </div>
   <div class='ocr_carea' id='block_1_64' title="bbox 333 4873 1974 4951">
    <p class='ocr_par' dir='ltr' id='par_1_64' title="bbox 333 4873 1974 4951">
     <span class='ocr_line' id='line_1_68' title="bbox 333 4873 1974 4951; baseline 0.004 -21"><span class='ocrx_word' id='word_1_472' title='bbox 333 4873 493 4932; x_wconf 80' lang='lat' dir='ltr'><strong>tione</strong></span> <span class='ocrx_word' id='word_1_473' title='bbox 523 4873 1152 4951; x_wconf 56' lang='lat' dir='ltr'><strong>manuscriptipodicis</strong></span> <span class='ocrx_word' id='word_1_474' title='bbox 1174 4873 1576 4944; x_wconf 83' lang='lat' dir='ltr'><strong>Vercellensis,</strong></span> <span class='ocrx_word' id='word_1_475' title='bbox 1605 4897 1776 4951; x_wconf 89' lang='lat' dir='ltr'><strong>quem</strong></span> <span class='ocrx_word' id='word_1_476' title='bbox 1800 4883 1974 4936; x_wconf 90' lang='lat' dir='ltr'><strong>dene-</strong></span> 
     </span>
    </p>
   </div>
   <div class='ocr_carea' id='block_1_65' title="bbox 333 4945 1977 5072">
    <p class='ocr_par' dir='ltr' id='par_1_65' title="bbox 333 4945 1977 5072">
     <span class='ocr_line' id='line_1_69' title="bbox 333 4945 1977 5024; baseline 0.003 -22"><span class='ocrx_word' id='word_1_477' title='bbox 333 4951 550 5018; x_wconf 84' lang='lat' dir='ltr'><strong>garunt</strong></span> <span class='ocrx_word' id='word_1_478' title='bbox 566 4945 850 5001; x_wconf 88' lang='lat' dir='ltr'><strong>canonici.</strong></span> <span class='ocrx_word' id='word_1_479' title='bbox 888 4945 1107 5002; x_wconf 84' lang='lat' dir='ltr'><strong>Floruit</strong></span> <span class='ocrx_word' id='word_1_480' title='bbox 1137 4954 1268 5006; x_wconf 81' lang='lat' dir='ltr'><strong>Atto</strong></span> <span class='ocrx_word' id='word_1_481' title='bbox 1300 4969 1486 5024; x_wconf 89' lang='lat' dir='ltr'><strong>usque</strong></span> <span class='ocrx_word' id='word_1_482' title='bbox 1516 4953 1586 5008; x_wconf 88' lang='lat' dir='ltr'><strong>ad</strong></span> <span class='ocrx_word' id='word_1_483' title='bbox 1620 4945 1840 5008; x_wconf 79' lang='lat' dir='ltr'><strong>annum</strong></span> <span class='ocrx_word' id='word_1_484' title='bbox 1871 4953 1977 5007; x_wconf 83' lang='lat'><strong>960</strong></span> 
     </span>
     <span class='ocr_line' id='line_1_70' title="bbox 333 5017 807 5072; baseline -0.004 0"><span class='ocrx_word' id='word_1_485' title='bbox 333 5022 392 5072; x_wconf 84' lang='lat' dir='ltr'><strong>et</strong></span> <span class='ocrx_word' id='word_1_486' title='bbox 424 5017 600 5072; x_wconf 89' lang='lat' dir='ltr'><strong>ultra.</strong></span> <span class='ocrx_word' id='word_1_487' title='bbox 637 5037 665 5065; x_wconf 84' lang='lat'><strong>»</strong></span> <span class='ocrx_word' id='word_1_488' title='bbox 696 5019 807 5071; x_wconf 87' lang='lat' dir='ltr'><strong>etc.</strong></span> 
     </span>
    </p>
   </div>
   <div class='ocr_carea' id='block_1_66' title="bbox 333 5021 807 5088">
    <p class='ocr_par' dir='ltr' id='par_1_66' title="bbox 333 5021 807 5088">
     <span class='ocr_line' id='line_1_71' title="bbox 333 5021 807 5088; baseline -0.006 -15"><span class='ocrx_word' id='word_1_489' title='bbox 333 5022 392 5072; x_wconf 84' lang='lat' dir='ltr'><strong>et</strong></span> <span class='ocrx_word' id='word_1_490' title='bbox 424 5021 600 5088; x_wconf 89' lang='lat' dir='ltr'><strong>ultra,</strong></span> <span class='ocrx_word' id='word_1_491' title='bbox 637 5037 665 5065; x_wconf 84' lang='lat'>»</span> <span class='ocrx_word' id='word_1_492' title='bbox 696 5021 807 5071; x_wconf 87' lang='lat' dir='ltr'><strong>etc.</strong></span> 
     </span>
    </p>
   </div>
   <div class='ocr_carea' id='block_1_67' title="bbox 401 5104 1974 5182">
    <p class='ocr_par' dir='ltr' id='par_1_67' title="bbox 401 5104 1974 5182">
     <span class='ocr_line' id='line_1_72' title="bbox 401 5104 1974 5182; baseline 0.004 -21"><span class='ocrx_word' id='word_1_493' title='bbox 401 5105 502 5162; x_wconf 85' lang='lat' dir='ltr'><strong>His</strong></span> <span class='ocrx_word' id='word_1_494' title='bbox 534 5104 824 5170; x_wconf 71' lang='lat' dir='ltr'><strong>cohaerent</strong></span> <span class='ocrx_word' id='word_1_495' title='bbox 853 5123 978 5178; x_wconf 63' lang='lat' dir='ltr'><strong>quis</strong></span> <span class='ocrx_word' id='word_1_496' title='bbox 1003 5109 1172 5180; x_wconf 91' lang='lat' dir='ltr'><strong>paulo</strong></span> <span class='ocrx_word' id='word_1_497' title='bbox 1195 5110 1397 5168; x_wconf 78' lang='lat' dir='ltr'><strong>fusiori</strong></span> <span class='ocrx_word' id='word_1_498' title='bbox 1427 5111 1761 5167; x_wconf 88' lang='lat' dir='ltr'><strong>narratione</strong></span> <span class='ocrx_word' id='word_1_499' title='bbox 1784 5127 1974 5182; x_wconf 88' lang='lat' dir='ltr'><strong>prose-</strong></span> 
     </span>
    </p>
   </div>
   <div class='ocr_carea' id='block_1_68' title="bbox 330 5190 1973 5268">
    <p class='ocr_par' dir='ltr' id='par_1_68' title="bbox 330 5190 1973 5268">
     <span class='ocr_line' id='line_1_73' title="bbox 330 5190 1973 5268; baseline 0 -18"><span class='ocrx_word' id='word_1_500' title='bbox 330 5195 534 5265; x_wconf 86' lang='lat' dir='ltr'><strong>quitur</strong></span> <span class='ocrx_word' id='word_1_501' title='bbox 554 5190 836 5252; x_wconf 85' lang='lat' dir='ltr'><strong>Acherius</strong></span> <span class='ocrx_word' id='word_1_502' title='bbox 856 5195 979 5268; x_wconf 85' lang='lat' dir='ltr'><strong>ipse</strong></span> <span class='ocrx_word' id='word_1_503' title='bbox 994 5215 1014 5252; x_wconf 86' lang='grc'><strong>.·</strong></span> <span class='ocrx_word' id='word_1_504' title='bbox 1028 5221 1055 5248; x_wconf 87' lang='grc'><strong><em>‹‹</em></strong></span> <span class='ocrx_word' id='word_1_505' title='bbox 1068 5200 1334 5268; x_wconf 89' lang='lat' dir='ltr'><strong>Atto,hoc</strong></span> <span class='ocrx_word' id='word_1_506' title='bbox 1347 5200 1584 5264; x_wconf 88' lang='lat' dir='ltr'><strong>nomine</strong></span> <span class='ocrx_word' id='word_1_507' title='bbox 1605 5201 1921 5268; x_wconf 88' lang='lat' dir='ltr'><strong>secundus,</strong></span> <span class='ocrx_word' id='word_1_508' title='bbox 1945 5224 1973 5250; x_wconf 90' lang='grc'><strong>››</strong></span> 
     </span>
    </p>
   </div>
   <div class='ocr_carea' id='block_1_69' title="bbox 329 5281 1972 5358">
    <p class='ocr_par' dir='ltr' id='par_1_69' title="bbox 329 5281 1972 5358">
     <span class='ocr_line' id='line_1_74' title="bbox 329 5281 1972 5358; baseline 0.004 -20"><span class='ocrx_word' id='word_1_509' title='bbox 329 5287 436 5338; x_wconf 90' lang='lat' dir='ltr'><strong>etc.</strong></span> <span class='ocrx_word' id='word_1_510' title='bbox 471 5281 594 5338; x_wconf 69' lang='lat' dir='ltr'><strong>Vide</strong></span> <span class='ocrx_word' id='word_1_511' title='bbox 622 5284 780 5353; x_wconf 75' lang='lat' dir='ltr'><strong>infra</strong></span> <span class='ocrx_word' id='word_1_512' title='bbox 806 5289 1202 5358; x_wconf 70' lang='lat' dir='ltr'><strong>Praefationem</strong></span> <span class='ocrx_word' id='word_1_513' title='bbox 1229 5288 1450 5343; x_wconf 78' lang='lat' dir='ltr'><strong>Acherii</strong></span> <span class='ocrx_word' id='word_1_514' title='bbox 1478 5292 1540 5342; x_wconf 71' lang='lat' dir='ltr'><strong>in</strong></span> <span class='ocrx_word' id='word_1_515' title='bbox 1592 5303 1750 5342; x_wconf 75' lang='lat' dir='ltr'><strong>suam</strong></span> <span class='ocrx_word' id='word_1_516' title='bbox 1778 5288 1972 5344; x_wconf 80' lang='lat' dir='ltr'><strong>editio-</strong></span> 
     </span>
    </p>
   </div>
   <div class='ocr_carea' id='block_1_70' title="bbox 328 5372 974 5440">
    <p class='ocr_par' dir='ltr' id='par_1_70' title="bbox 328 5372 974 5440">
     <span class='ocr_line' id='line_1_75' title="bbox 328 5372 974 5440; baseline 0.011 -16"><span class='ocrx_word' id='word_1_517' title='bbox 328 5387 454 5424; x_wconf 79' lang='lat' dir='ltr'><strong>nem</strong></span> <span class='ocrx_word' id='word_1_518' title='bbox 485 5372 717 5440; x_wconf 74' lang='lat' dir='ltr'><strong>Operam</strong></span> <span class='ocrx_word' id='word_1_519' title='bbox 746 5374 974 5431; x_wconf 74' lang='lat' dir='ltr'><strong>Attonis.</strong></span> 
     </span>
    </p>
   </div>
   <div class='ocr_carea' id='block_1_71' title="bbox 399 5457 1970 5522">
    <p class='ocr_par' dir='ltr' id='par_1_71' title="bbox 399 5457 1970 5522">
     <span class='ocr_line' id='line_1_76' title="bbox 399 5457 1970 5522; baseline 0.006 -9"><span class='ocrx_word' id='word_1_520' title='bbox 399 5457 540 5513; x_wconf 88' lang='lat' dir='ltr'><strong>XVI.</strong></span> <span class='ocrx_word' id='word_1_521' title='bbox 565 5459 697 5522; x_wconf 62' lang='lat' dir='ltr'><strong>Quis</strong></span> <span class='ocrx_word' id='word_1_522' title='bbox 719 5478 851 5519; x_wconf 90' lang='lat' dir='ltr'><strong>cum</strong></span> <span class='ocrx_word' id='word_1_523' title='bbox 872 5464 954 5520; x_wconf 90' lang='lat' dir='ltr'><strong>ita</strong></span> <span class='ocrx_word' id='word_1_524' title='bbox 984 5465 1104 5521; x_wconf 89' lang='lat' dir='ltr'><strong>sint</strong></span> <span class='ocrx_word' id='word_1_525' title='bbox 1133 5463 1496 5518; x_wconf 88' lang='lat' dir='ltr'><strong>eruditorum</strong></span> <span class='ocrx_word' id='word_1_526' title='bbox 1529 5463 1796 5520; x_wconf 89' lang='lat' dir='ltr'><strong>notitiam</strong></span> <span class='ocrx_word' id='word_1_527' title='bbox 1829 5465 1970 5522; x_wconf 88' lang='lat' dir='ltr'><strong>hac-</strong></span> 
     </span>
    </p>
   </div>
   <div class='ocr_carea' id='block_1_72' title="bbox 401 5579 793 5653">
    <p class='ocr_par' dir='ltr' id='par_1_72' title="bbox 401 5579 793 5653">
     <span class='ocr_line' id='line_1_77' title="bbox 401 5579 793 5653; baseline 0.02 -18"><span class='ocrx_word' id='word_1_528' title='bbox 401 5579 512 5653; x_wconf 78' lang='grc'><strong>(45)</strong></span> <span class='ocrx_word' id='word_1_529' title='bbox 537 5581 707 5643; x_wconf 88' lang='lat' dir='ltr'><strong>Num.</strong></span> <span class='ocrx_word' id='word_1_530' title='bbox 739 5587 793 5643; x_wconf 80' lang='grc'><strong>4.</strong></span> 
     </span>
    </p>
   </div>
   <div class='ocr_carea' id='block_1_73' title="bbox 2103 1916 3749 1988">
    <p class='ocr_par' dir='ltr' id='par_1_73' title="bbox 2103 1916 3749 1988">
     <span class='ocr_line' id='line_1_78' title="bbox 2103 1916 3749 1988; baseline 0.005 -18"><span class='ocrx_word' id='word_1_531' title='bbox 2103 1916 2280 1988; x_wconf 90' lang='lat' dir='ltr'><strong>nique</strong></span> <span class='ocrx_word' id='word_1_532' title='bbox 2299 1919 2721 1973; x_wconf 84' lang='lat' dir='ltr'><strong>sententiarum</strong></span> <span class='ocrx_word' id='word_1_533' title='bbox 2741 1918 3027 1974; x_wconf 87' lang='lat' dir='ltr'><strong>delectum</strong></span> <span class='ocrx_word' id='word_1_534' title='bbox 3046 1919 3073 1973; x_wconf 87' lang='lat'><strong>?</strong></span> <span class='ocrx_word' id='word_1_535' title='bbox 3094 1920 3240 1986; x_wconf 90' lang='lat' dir='ltr'><strong>Quid</strong></span> <span class='ocrx_word' id='word_1_536' title='bbox 3263 1920 3291 1974; x_wconf 83' lang='lat'><strong>?</strong></span> <span class='ocrx_word' id='word_1_537' title='bbox 3313 1923 3473 1987; x_wconf 89' lang='lat' dir='ltr'><strong>Quod</strong></span> <span class='ocrx_word' id='word_1_538' title='bbox 3498 1924 3749 1980; x_wconf 89' lang='lat' dir='ltr'><strong>sanctis-</strong></span> 
     </span>
    </p>
   </div>
   <div class='ocr_carea' id='block_1_74' title="bbox 2102 2004 3748 2083">
    <p class='ocr_par' dir='ltr' id='par_1_74' title="bbox 2102 2004 3748 2083">
     <span class='ocr_line' id='line_1_79' title="bbox 2102 2004 3748 2083; baseline 0.005 -23"><span class='ocrx_word' id='word_1_539' title='bbox 2102 2004 2261 2060; x_wconf 68' lang='lat' dir='ltr'><strong>simae</strong></span> <span class='ocrx_word' id='word_1_540' title='bbox 2293 2006 2591 2079; x_wconf 89' lang='lat' dir='ltr'><strong>religionis</strong></span> <span class='ocrx_word' id='word_1_541' title='bbox 2623 2007 2900 2080; x_wconf 88' lang='lat' dir='ltr'><strong>dogmata</strong></span> <span class='ocrx_word' id='word_1_542' title='bbox 2931 2026 2964 2063; x_wconf 92' lang='lat' dir='ltr'><strong>a</strong></span> <span class='ocrx_word' id='word_1_543' title='bbox 2994 2009 3392 2076; x_wconf 70' lang='lat' dir='ltr'><strong>:novatoribus</strong></span> <span class='ocrx_word' id='word_1_544' title='bbox 3440 2012 3748 2083; x_wconf 89' lang='lat' dir='ltr'><strong>posteriori</strong></span> 
     </span>
    </p>
   </div>
   <div class='ocr_carea' id='block_1_75' title="bbox 2101 2094 3746 2170">
    <p class='ocr_par' dir='ltr' id='par_1_75' title="bbox 2101 2094 3746 2170">
     <span class='ocr_line' id='line_1_80' title="bbox 2101 2094 3746 2170; baseline 0.004 -20"><span class='ocrx_word' id='word_1_545' title='bbox 2101 2098 2264 2150; x_wconf 66' lang='lat' dir='ltr'><strong>aetate</strong></span> <span class='ocrx_word' id='word_1_546' title='bbox 2293 2095 2575 2167; x_wconf 88' lang='lat' dir='ltr'><strong>impelita,</strong></span> <span class='ocrx_word' id='word_1_547' title='bbox 2607 2094 2785 2150; x_wconf 88' lang='lat' dir='ltr'><strong>veluti</strong></span> <span class='ocrx_word' id='word_1_548' title='bbox 2815 2097 2885 2152; x_wconf 90' lang='lat' dir='ltr'><strong>de</strong></span> <span class='ocrx_word' id='word_1_549' title='bbox 2917 2096 3131 2153; x_wconf 83' lang='lat' dir='ltr'><strong>Christi</strong></span> <span class='ocrx_word' id='word_1_550' title='bbox 3163 2099 3474 2170; x_wconf 68' lang='lat' dir='ltr'><strong>praesentia</strong></span> <span class='ocrx_word' id='word_1_551' title='bbox 3528 2100 3585 2155; x_wconf 93' lang='lat' dir='ltr'><strong>in</strong></span> <span class='ocrx_word' id='word_1_552' title='bbox 3630 2101 3746 2157; x_wconf 87' lang='lat' dir='ltr'><strong>Eu-</strong></span> 
     </span>
    </p>
   </div>
   <div class='ocr_carea' id='block_1_76' title="bbox 2101 2184 3743 2262">
    <p class='ocr_par' dir='ltr' id='par_1_76' title="bbox 2101 2184 3743 2262">
     <span class='ocr_line' id='line_1_81' title="bbox 2101 2184 3743 2262; baseline 0.005 -24"><span class='ocrx_word' id='word_1_553' title='bbox 2101 2184 2390 2240; x_wconf 79' lang='lat' dir='ltr'><strong>charistiaa</strong></span> <span class='ocrx_word' id='word_1_554' title='bbox 2440 2190 2826 2254; x_wconf 84' lang='lat' dir='ltr'><strong>sacramento,</strong></span> <span class='ocrx_word' id='word_1_555' title='bbox 2871 2185 3046 2241; x_wconf 91' lang='lat' dir='ltr'><strong>veluti</strong></span> <span class='ocrx_word' id='word_1_556' title='bbox 3099 2186 3168 2242; x_wconf 91' lang='lat' dir='ltr'><strong>de</strong></span> <span class='ocrx_word' id='word_1_557' title='bbox 3218 2189 3555 2260; x_wconf 87' lang='lat' dir='ltr'><strong>purgatorio</strong></span> <span class='ocrx_word' id='word_1_558' title='bbox 3588 2189 3743 2262; x_wconf 86' lang='lat' dir='ltr'><strong>igne,</strong></span> 
     </span>
    </p>
   </div>
   <div class='ocr_carea' id='block_1_77' title="bbox 2098 2271 3745 2350">
    <p class='ocr_par' dir='ltr' id='par_1_77' title="bbox 2098 2271 3745 2350">
     <span class='ocr_line' id='line_1_82' title="bbox 2098 2271 3745 2350; baseline 0.004 -22"><span class='ocrx_word' id='word_1_559' title='bbox 2098 2271 2276 2328; x_wconf 87' lang='lat' dir='ltr'><strong>veluti</strong></span> <span class='ocrx_word' id='word_1_560' title='bbox 2307 2273 2421 2328; x_wconf 91' lang='lat' dir='ltr'><strong>alia</strong></span> <span class='ocrx_word' id='word_1_561' title='bbox 2453 2274 2637 2328; x_wconf 89' lang='lat' dir='ltr'><strong>multa</strong></span> <span class='ocrx_word' id='word_1_562' title='bbox 2692 2274 2922 2330; x_wconf 89' lang='lat' dir='ltr'><strong>invictis</strong></span> <span class='ocrx_word' id='word_1_563' title='bbox 2975 2277 3336 2348; x_wconf 88' lang='lat' dir='ltr'><strong>argumentis</strong></span> <span class='ocrx_word' id='word_1_564' title='bbox 3369 2278 3745 2350; x_wconf 83' lang='lat' dir='ltr'><strong>conﬁrmata,</strong></span> 
     </span>
    </p>
   </div>
   <div class='ocr_carea' id='block_1_78' title="bbox 2100 2361 3744 2439">
    <p class='ocr_par' dir='ltr' id='par_1_78' title="bbox 2100 2361 3744 2439">
     <span class='ocr_line' id='line_1_83' title="bbox 2100 2361 3744 2439; baseline 0.005 -24"><span class='ocrx_word' id='word_1_565' title='bbox 2100 2361 2390 2417; x_wconf 91' lang='lat' dir='ltr'><strong>constanti</strong></span> <span class='ocrx_word' id='word_1_566' title='bbox 2421 2362 2732 2419; x_wconf 88' lang='lat' dir='ltr'><strong>traditione</strong></span> <span class='ocrx_word' id='word_1_567' title='bbox 2763 2363 3010 2436; x_wconf 89' lang='lat' dir='ltr'><strong>posteris</strong></span> <span class='ocrx_word' id='word_1_568' title='bbox 3040 2381 3143 2439; x_wconf 91' lang='lat' dir='ltr'><strong>per</strong></span> <span class='ocrx_word' id='word_1_569' title='bbox 3174 2364 3348 2422; x_wconf 89' lang='lat' dir='ltr'><strong>hosce</strong></span> <span class='ocrx_word' id='word_1_570' title='bbox 3381 2371 3744 2424; x_wconf 86' lang='lat' dir='ltr'><strong>commenta-</strong></span> 
     </span>
    </p>
   </div>
   <div class='ocr_carea' id='block_1_79' title="bbox 2101 2448 3750 2527">
    <p class='ocr_par' dir='ltr' id='par_1_79' title="bbox 2101 2448 3750 2527">
     <span class='ocr_line' id='line_1_84' title="bbox 2101 2448 3750 2527; baseline 0.005 -23"><span class='ocrx_word' id='word_1_571' title='bbox 2101 2448 2219 2507; x_wconf 89' lang='lat' dir='ltr'><strong>rios</strong></span> <span class='ocrx_word' id='word_1_572' title='bbox 2242 2455 2379 2506; x_wconf 91' lang='lat' dir='ltr'><strong>sunt</strong></span> <span class='ocrx_word' id='word_1_573' title='bbox 2399 2451 2749 2508; x_wconf 88' lang='lat' dir='ltr'><strong>transmissa</strong></span> <span class='ocrx_word' id='word_1_574' title='bbox 2769 2452 3078 2509; x_wconf 86' lang='lat' dir='ltr'><strong>?Necillud</strong></span> <span class='ocrx_word' id='word_1_575' title='bbox 3094 2455 3347 2526; x_wconf 85' lang='lat' dir='ltr'><strong>profecto</strong></span> <span class='ocrx_word' id='word_1_576' title='bbox 3361 2455 3521 2527; x_wconf 88' lang='lat' dir='ltr'><strong>parvi</strong></span> <span class='ocrx_word' id='word_1_577' title='bbox 3537 2456 3750 2513; x_wconf 82' lang='lat' dir='ltr'><strong>facient</strong></span> 
     </span>
    </p>
   </div>
   <div class='ocr_carea' id='block_1_80' title="bbox 2100 2539 3740 2616">
    <p class='ocr_par' dir='ltr' id='par_1_80' title="bbox 2100 2539 3740 2616">
     <span class='ocr_line' id='line_1_85' title="bbox 2100 2539 3740 2616; baseline 0.005 -22"><span class='ocrx_word' id='word_1_578' title='bbox 2100 2539 2350 2596; x_wconf 88' lang='lat' dir='ltr'><strong>sanioris</strong></span> <span class='ocrx_word' id='word_1_579' title='bbox 2373 2540 2645 2596; x_wconf 65' lang='lat' dir='ltr'><strong>doctrina:</strong></span> <span class='ocrx_word' id='word_1_580' title='bbox 2667 2541 2940 2611; x_wconf 87' lang='lat' dir='ltr'><strong>studiosi,</strong></span> <span class='ocrx_word' id='word_1_581' title='bbox 2963 2543 3117 2614; x_wconf 93' lang='lat' dir='ltr'><strong>quod</strong></span> <span class='ocrx_word' id='word_1_582' title='bbox 3141 2544 3633 2616; x_wconf 80' lang='lat' dir='ltr'><strong>Augustinianam</strong></span> <span class='ocrx_word' id='word_1_583' title='bbox 3667 2547 3740 2603; x_wconf 88' lang='lat' dir='ltr'><strong>de</strong></span> 
     </span>
    </p>
   </div>
   <div class='ocr_carea' id='block_1_81' title="bbox 2100 2628 3746 2706">
    <p class='ocr_par' dir='ltr' id='par_1_81' title="bbox 2100 2628 3746 2706">
     <span class='ocr_line' id='line_1_86' title="bbox 2100 2628 3746 2706; baseline 0.005 -24"><span class='ocrx_word' id='word_1_584' title='bbox 2100 2628 2294 2685; x_wconf 91' lang='lat' dir='ltr'><strong>divina</strong></span> <span class='ocrx_word' id='word_1_585' title='bbox 2325 2630 2514 2702; x_wconf 86' lang='lat' dir='ltr'><strong>gratia</strong></span> <span class='ocrx_word' id='word_1_586' title='bbox 2545 2631 2912 2698; x_wconf 89' lang='lat' dir='ltr'><strong>sententiam,</strong></span> <span class='ocrx_word' id='word_1_587' title='bbox 2935 2636 3218 2706; x_wconf 90' lang='lat' dir='ltr'><strong>tanquam</strong></span> <span class='ocrx_word' id='word_1_588' title='bbox 3247 2632 3360 2688; x_wconf 90' lang='lat' dir='ltr'><strong>illis</strong></span> <span class='ocrx_word' id='word_1_589' title='bbox 3380 2635 3746 2706; x_wconf 89' lang='lat' dir='ltr'><strong>temporibus</strong></span> 
     </span>
    </p>
   </div>
   <div class='ocr_carea' id='block_1_82' title="bbox 2101 2718 3745 2797">
    <p class='ocr_par' dir='ltr' id='par_1_82' title="bbox 2101 2718 3745 2797">
     <span class='ocr_line' id='line_1_87' title="bbox 2101 2718 3745 2797; baseline 0.005 -26"><span class='ocrx_word' id='word_1_590' title='bbox 2101 2718 2582 2790; x_wconf 89' lang='lat' dir='ltr'><strong>probatissimum</strong></span> <span class='ocrx_word' id='word_1_591' title='bbox 2603 2719 3068 2792; x_wconf 87' lang='lat' dir='ltr'><strong>dogma,rejectis</strong></span> <span class='ocrx_word' id='word_1_592' title='bbox 3089 2721 3365 2778; x_wconf 92' lang='lat' dir='ltr'><strong>omnibus</strong></span> <span class='ocrx_word' id='word_1_593' title='bbox 3386 2723 3457 2778; x_wconf 92' lang='lat' dir='ltr'><strong>ad</strong></span> <span class='ocrx_word' id='word_1_594' title='bbox 3483 2723 3745 2797; x_wconf 84' lang='lat' dir='ltr'><strong>Pelagia-</strong></span> 
     </span>
    </p>
   </div>
   <div class='ocr_carea' id='block_1_83' title="bbox 2100 2807 3740 2880">
    <p class='ocr_par' dir='ltr' id='par_1_83' title="bbox 2100 2807 3740 2880">
     <span class='ocr_line' id='line_1_88' title="bbox 2100 2807 3740 2880; baseline 0.004 -18"><span class='ocrx_word' id='word_1_595' title='bbox 2100 2807 2358 2862; x_wconf 90' lang='lat' dir='ltr'><strong>nismum</strong></span> <span class='ocrx_word' id='word_1_596' title='bbox 2393 2812 2689 2880; x_wconf 92' lang='lat' dir='ltr'><strong>utcunque</strong></span> <span class='ocrx_word' id='word_1_597' title='bbox 2722 2807 3154 2866; x_wconf 89' lang='lat' dir='ltr'><strong>declinantibus</strong></span> <span class='ocrx_word' id='word_1_598' title='bbox 3185 2815 3523 2868; x_wconf 87' lang='lat' dir='ltr'><strong>constanter</strong></span> <span class='ocrx_word' id='word_1_599' title='bbox 3578 2813 3649 2872; x_wconf 84' lang='lat' dir='ltr'><strong>iis</strong></span> <span class='ocrx_word' id='word_1_600' title='bbox 3681 2813 3740 2870; x_wconf 92' lang='lat' dir='ltr'><strong>in</strong></span> 
     </span>
    </p>
   </div>
   <div class='ocr_carea' id='block_1_84' title="bbox 2099 2897 3195 2954">
    <p class='ocr_par' dir='ltr' id='par_1_84' title="bbox 2099 2897 3195 2954">
     <span class='ocr_line' id='line_1_89' title="bbox 2099 2897 3195 2954; baseline 0.004 -4"><span class='ocrx_word' id='word_1_601' title='bbox 2099 2897 2538 2951; x_wconf 90' lang='lat' dir='ltr'><strong>commentariis</strong></span> <span class='ocrx_word' id='word_1_602' title='bbox 2568 2903 2851 2952; x_wconf 88' lang='lat' dir='ltr'><strong>assertam</strong></span> <span class='ocrx_word' id='word_1_603' title='bbox 2880 2898 3195 2954; x_wconf 90' lang='lat' dir='ltr'><strong>invenient.</strong></span> 
     </span>
    </p>
   </div>
   <div class='ocr_carea' id='block_1_85' title="bbox 2168 3003 3746 3076">
    <p class='ocr_par' dir='ltr' id='par_1_85' title="bbox 2168 3003 3746 3076">
     <span class='ocr_line' id='line_1_90' title="bbox 2168 3003 3746 3076; baseline 0.006 -18"><span class='ocrx_word' id='word_1_604' title='bbox 2168 3003 2334 3058; x_wconf 88' lang='lat' dir='ltr'><strong>XVII.</strong></span> <span class='ocrx_word' id='word_1_605' title='bbox 2372 3004 2494 3068; x_wconf 89' lang='lat' dir='ltr'><strong>Quo</strong></span> <span class='ocrx_word' id='word_1_606' title='bbox 2527 3005 2641 3062; x_wconf 84' lang='lat' dir='ltr'><strong>fato</strong></span> <span class='ocrx_word' id='word_1_607' title='bbox 2671 3005 3134 3076; x_wconf 88' lang='lat' dir='ltr'><strong>pretiosissimus</strong></span> <span class='ocrx_word' id='word_1_608' title='bbox 3163 3006 3256 3062; x_wconf 88' lang='lat' dir='ltr'><strong>hic</strong></span> <span class='ocrx_word' id='word_1_609' title='bbox 3308 3007 3618 3064; x_wconf 86' lang='lat' dir='ltr'><strong>thesaurus</strong></span> <span class='ocrx_word' id='word_1_610' title='bbox 3657 3013 3746 3068; x_wconf 89' lang='lat' dir='ltr'><strong>tot</strong></span> 
     </span>
    </p>
   </div>
   <div class='ocr_carea' id='block_1_86' title="bbox 2097 3091 3744 3162">
    <p class='ocr_par' dir='ltr' id='par_1_86' title="bbox 2097 3091 3744 3162">
     <span class='ocr_line' id='line_1_91' title="bbox 2097 3091 3744 3162; baseline 0.003 -14"><span class='ocrx_word' id='word_1_611' title='bbox 2097 3091 2329 3148; x_wconf 72' lang='lat' dir='ltr'><strong>saeculis</strong></span> <span class='ocrx_word' id='word_1_612' title='bbox 2358 3092 2653 3162; x_wconf 88' lang='lat' dir='ltr'><strong>detulerit,</strong></span> <span class='ocrx_word' id='word_1_613' title='bbox 2683 3094 2836 3150; x_wconf 88' lang='lat' dir='ltr'><strong>haud</strong></span> <span class='ocrx_word' id='word_1_614' title='bbox 2893 3096 3038 3152; x_wconf 84' lang='lat' dir='ltr'><strong>satis</strong></span> <span class='ocrx_word' id='word_1_615' title='bbox 3087 3095 3244 3152; x_wconf 89' lang='lat' dir='ltr'><strong>scio:</strong></span> <span class='ocrx_word' id='word_1_616' title='bbox 3303 3101 3363 3153; x_wconf 87' lang='lat' dir='ltr'><strong>at</strong></span> <span class='ocrx_word' id='word_1_617' title='bbox 3411 3097 3481 3152; x_wconf 92' lang='lat' dir='ltr'><strong>de</strong></span> <span class='ocrx_word' id='word_1_618' title='bbox 3510 3099 3744 3160; x_wconf 79' lang='lat' dir='ltr'><strong>Attonis</strong></span> 
     </span>
    </p>
   </div>
   <div class='ocr_carea' id='block_1_87' title="bbox 2098 3181 3743 3255">
    <p class='ocr_par' dir='ltr' id='par_1_87' title="bbox 2098 3181 3743 3255">
     <span class='ocr_line' id='line_1_92' title="bbox 2098 3181 3743 3255; baseline 0.007 -20"><span class='ocrx_word' id='word_1_619' title='bbox 2098 3181 2517 3238; x_wconf 81' lang='lat' dir='ltr'><strong>fecundissimo</strong></span> <span class='ocrx_word' id='word_1_620' title='bbox 2541 3199 2693 3253; x_wconf 90' lang='lat' dir='ltr'><strong>penu</strong></span> <span class='ocrx_word' id='word_1_621' title='bbox 2718 3184 3037 3255; x_wconf 88' lang='lat' dir='ltr'><strong>profectum</strong></span> <span class='ocrx_word' id='word_1_622' title='bbox 3067 3185 3090 3238; x_wconf 81' lang='grc' dir='ltr'>Γ</span> <span class='ocrx_word' id='word_1_623' title='bbox 3091 3185 3266 3255; x_wconf 87' lang='lat' dir='ltr'><strong>uisse,</strong></span> <span class='ocrx_word' id='word_1_624' title='bbox 3293 3187 3382 3242; x_wconf 84' lang='lat' dir='ltr'><strong>ita</strong></span> <span class='ocrx_word' id='word_1_625' title='bbox 3403 3191 3627 3244; x_wconf 82' lang='lat' dir='ltr'><strong>certum</strong></span> <span class='ocrx_word' id='word_1_626' title='bbox 3644 3187 3743 3254; x_wconf 72' lang='lat' dir='ltr'><strong>ha,-</strong></span> 
     </span>
    </p>
   </div>
   <div class='ocr_carea' id='block_1_88' title="bbox 2096 3269 3740 3347">
    <p class='ocr_par' dir='ltr' id='par_1_88' title="bbox 2096 3269 3740 3347">
     <span class='ocr_line' id='line_1_93' title="bbox 2096 3269 3740 3347; baseline 0.004 -23"><span class='ocrx_word' id='word_1_627' title='bbox 2096 3269 2203 3324; x_wconf 90' lang='lat' dir='ltr'><strong>beo</strong></span> <span class='ocrx_word' id='word_1_628' title='bbox 2235 3287 2413 3341; x_wconf 87' lang='lat' dir='ltr'><strong>quam</strong></span> <span class='ocrx_word' id='word_1_629' title='bbox 2445 3273 2600 3342; x_wconf 85' lang='lat' dir='ltr'><strong>quod</strong></span> <span class='ocrx_word' id='word_1_630' title='bbox 2635 3272 2904 3330; x_wconf 85' lang='lat' dir='ltr'><strong>maxime.</strong></span> <span class='ocrx_word' id='word_1_631' title='bbox 2938 3273 3082 3328; x_wconf 88' lang='lat' dir='ltr'><strong>Nam</strong></span> <span class='ocrx_word' id='word_1_632' title='bbox 3142 3290 3496 3347; x_wconf 80' lang='lat' dir='ltr'><strong>comparans.</strong></span> <span class='ocrx_word' id='word_1_633' title='bbox 3530 3276 3740 3338; x_wconf 85' lang='lat' dir='ltr'><strong>borum</strong></span> 
     </span>
    </p>
   </div>
   <div class='ocr_carea' id='block_1_89' title="bbox 2095 3360 3748 3439">
    <p class='ocr_par' dir='ltr' id='par_1_89' title="bbox 2095 3360 3748 3439">
     <span class='ocr_line' id='line_1_94' title="bbox 2095 3360 3748 3439; baseline 0.005 -23"><span class='ocrx_word' id='word_1_634' title='bbox 2095 3360 2655 3427; x_wconf 82' lang='lat' dir='ltr'><strong>commentariorum</strong></span> <span class='ocrx_word' id='word_1_635' title='bbox 2679 3361 2892 3434; x_wconf 77' lang='lat' dir='ltr'><strong>stylum</strong></span> <span class='ocrx_word' id='word_1_636' title='bbox 2913 3378 3044 3417; x_wconf 91' lang='lat' dir='ltr'>cum</span> <span class='ocrx_word' id='word_1_637' title='bbox 3069 3363 3290 3420; x_wconf 62' lang='lat' dir='ltr'><strong>ceteris</strong></span> <span class='ocrx_word' id='word_1_638' title='bbox 3310 3366 3542 3432; x_wconf 83' lang='lat' dir='ltr'><strong>Attonis</strong></span> <span class='ocrx_word' id='word_1_639' title='bbox 3561 3367 3748 3439; x_wconf 69' lang='lat' dir='ltr'><strong>operi,-</strong></span> 
     </span>
    </p>
   </div>
   <div class='ocr_carea' id='block_1_90' title="bbox 2094 3447 3739 3524">
    <p class='ocr_par' dir='ltr' id='par_1_90' title="bbox 2094 3447 3739 3524">
     <span class='ocr_line' id='line_1_95' title="bbox 2094 3447 3739 3524; baseline 0.005 -22"><span class='ocrx_word' id='word_1_640' title='bbox 2094 3447 2226 3514; x_wconf 88' lang='lat' dir='ltr'><strong>bus,</strong></span> <span class='ocrx_word' id='word_1_641' title='bbox 2261 3447 2628 3506; x_wconf 85' lang='lat' dir='ltr'><strong>simillimum</strong></span> <span class='ocrx_word' id='word_1_642' title='bbox 2666 3450 3160 3522; x_wconf 83' lang='lat' dir='ltr'><strong>ubiqueinveuio.</strong></span> <span class='ocrx_word' id='word_1_643' title='bbox 3215 3451 3336 3524; x_wconf 85' lang='lat' dir='ltr'><strong>Non</strong></span> <span class='ocrx_word' id='word_1_644' title='bbox 3389 3471 3526 3510; x_wconf 86' lang='lat' dir='ltr'><strong>raro.</strong></span> <span class='ocrx_word' id='word_1_645' title='bbox 3563 3454 3739 3520; x_wconf 83' lang='lat' dir='ltr'><strong>etiam</strong></span> 
     </span>
    </p>
   </div>
   <div class='ocr_carea' id='block_1_91' title="bbox 2094 3537 3739 3615">
    <p class='ocr_par' dir='ltr' id='par_1_91' title="bbox 2094 3537 3739 3615">
     <span class='ocr_line' id='line_1_96' title="bbox 2094 3537 3739 3615; baseline 0.007 -24"><span class='ocrx_word' id='word_1_646' title='bbox 2094 3537 2330 3596; x_wconf 81' lang='lat' dir='ltr'><strong>easdem</strong></span> <span class='ocrx_word' id='word_1_647' title='bbox 2352 3539 2670 3594; x_wconf 83' lang='lat' dir='ltr'><strong>sententias</strong></span> <span class='ocrx_word' id='word_1_648' title='bbox 2694 3538 2749 3594; x_wconf 89' lang='lat' dir='ltr'><strong>in</strong></span> <span class='ocrx_word' id='word_1_649' title='bbox 2778 3540 3216 3598; x_wconf 87' lang='lat' dir='ltr'><strong>commentariis</strong></span> <span class='ocrx_word' id='word_1_650' title='bbox 3238 3543 3484 3614; x_wconf 84' lang='lat' dir='ltr'><strong>reperio,</strong></span> <span class='ocrx_word' id='word_1_651' title='bbox 3507 3559 3658 3615; x_wconf 87' lang='lat' dir='ltr'><strong>quas</strong></span> <span class='ocrx_word' id='word_1_652' title='bbox 3678 3543 3739 3602; x_wconf 90' lang='lat' dir='ltr'><strong>in</strong></span> 
     </span>
    </p>
   </div>
   <div class='ocr_carea' id='block_1_92' title="bbox 2093 3624 3740 3703">
    <p class='ocr_par' dir='ltr' id='par_1_92' title="bbox 2093 3624 3740 3703">
     <span class='ocr_line' id='line_1_97' title="bbox 2093 3624 3740 3703; baseline 0.006 -23"><span class='ocrx_word' id='word_1_653' title='bbox 2093 3624 2354 3696; x_wconf 87' lang='lat' dir='ltr'><strong>epistolis</strong></span> <span class='ocrx_word' id='word_1_654' title='bbox 2375 3631 2434 3681; x_wconf 91' lang='lat' dir='ltr'><strong>et</strong></span> <span class='ocrx_word' id='word_1_655' title='bbox 2466 3643 2567 3697; x_wconf 91' lang='lat' dir='ltr'><strong>per</strong></span> <span class='ocrx_word' id='word_1_656' title='bbox 2595 3628 2799 3684; x_wconf 89' lang='lat' dir='ltr'><strong>eadem</strong></span> <span class='ocrx_word' id='word_1_657' title='bbox 2825 3628 2943 3684; x_wconf 83' lang='lat' dir='ltr'><strong>fere</strong></span> <span class='ocrx_word' id='word_1_658' title='bbox 2969 3630 3144 3686; x_wconf 90' lang='lat' dir='ltr'><strong>verba</strong></span> <span class='ocrx_word' id='word_1_659' title='bbox 3172 3647 3501 3703; x_wconf 80' lang='lat' dir='ltr'><strong>expressas.</strong></span> <span class='ocrx_word' id='word_1_660' title='bbox 3527 3632 3740 3690; x_wconf 79' lang='lat' dir='ltr'><strong>Confer</strong></span> 
     </span>
    </p>
   </div>
   <div class='ocr_carea' id='block_1_93' title="bbox 2091 3713 3735 3793">
    <p class='ocr_par' dir='ltr' id='par_1_93' title="bbox 2091 3713 3735 3793">
     <span class='ocr_line' id='line_1_98' title="bbox 2091 3713 3735 3793; baseline 0.005 -27"><span class='ocrx_word' id='word_1_661' title='bbox 2091 3713 2395 3784; x_wconf 89' lang='lat' dir='ltr'><strong>epistolam</strong></span> <span class='ocrx_word' id='word_1_662' title='bbox 2421 3717 2496 3771; x_wconf 86' lang='lat' dir='ltr'><strong>de</strong></span> <span class='ocrx_word' id='word_1_663' title='bbox 2523 3716 2854 3776; x_wconf 83' lang='lat' dir='ltr'><strong>obedientia</strong></span> <span class='ocrx_word' id='word_1_664' title='bbox 2883 3718 3253 3790; x_wconf 85' lang='lat' dir='ltr'><strong>principibus</strong></span> <span class='ocrx_word' id='word_1_665' title='bbox 3283 3720 3578 3780; x_wconf 85' lang='lat' dir='ltr'><strong>debita,ad</strong></span> <span class='ocrx_word' id='word_1_666' title='bbox 3614 3722 3735 3793; x_wconf 80' lang='lat' dir='ltr'><strong>epi-</strong></span> 
     </span>
    </p>
   </div>
   <div class='ocr_carea' id='block_1_94' title="bbox 2091 3805 3736 3883">
    <p class='ocr_par' dir='ltr' id='par_1_94' title="bbox 2091 3805 3736 3883">
     <span class='ocr_line' id='line_1_99' title="bbox 2091 3805 3736 3883; baseline 0.005 -27"><span class='ocrx_word' id='word_1_667' title='bbox 2091 3818 2332 3874; x_wconf 89' lang='lat' dir='ltr'><strong>scopum</strong></span> <span class='ocrx_word' id='word_1_668' title='bbox 2366 3805 2691 3861; x_wconf 87' lang='lat' dir='ltr'><strong>Wadonem</strong></span> <span class='ocrx_word' id='word_1_669' title='bbox 2725 3807 2967 3864; x_wconf 88' lang='lat' dir='ltr'><strong>missam</strong></span> <span class='ocrx_word' id='word_1_670' title='bbox 2991 3823 3123 3864; x_wconf 86' lang='lat' dir='ltr'><strong>cum</strong></span> <span class='ocrx_word' id='word_1_671' title='bbox 3146 3809 3516 3882; x_wconf 80' lang='lat' dir='ltr'><strong>expositione</strong></span> <span class='ocrx_word' id='word_1_672' title='bbox 3530 3810 3736 3883; x_wconf 79' lang='lat' dir='ltr'><strong>capitis</strong></span> 
     </span>
    </p>
   </div>
   <div class='ocr_carea' id='block_1_95' title="bbox 2089 3893 2944 3964">
    <p class='ocr_par' dir='ltr' id='par_1_95' title="bbox 2089 3893 2944 3964">
     <span class='ocr_line' id='line_1_100' title="bbox 2089 3893 2944 3964; baseline 0.006 -18"><span class='ocrx_word' id='word_1_673' title='bbox 2089 3908 2191 3946; x_wconf 83' lang='lat' dir='ltr'><strong>xm</strong></span> <span class='ocrx_word' id='word_1_674' title='bbox 2224 3893 2492 3964; x_wconf 62' lang='lat' dir='ltr'><strong>Epistolas</strong></span> <span class='ocrx_word' id='word_1_675' title='bbox 2521 3894 2592 3948; x_wconf 86' lang='lat' dir='ltr'><strong>ad</strong></span> <span class='ocrx_word' id='word_1_676' title='bbox 2628 3895 2944 3956; x_wconf 84' lang='lat' dir='ltr'><strong>Romanos.</strong></span> 
     </span>
    </p>
   </div>
   <div class='ocr_carea' id='block_1_96' title="bbox 2158 4000 3731 4076">
    <p class='ocr_par' dir='ltr' id='par_1_96' title="bbox 2158 4000 3731 4076">
     <span class='ocr_line' id='line_1_101' title="bbox 2158 4000 3731 4076; baseline 0.006 -24"><span class='ocrx_word' id='word_1_677' title='bbox 2158 4001 2443 4055; x_wconf 68' lang='lat' dir='ltr'><strong>Praeterea</strong></span> <span class='ocrx_word' id='word_1_678' title='bbox 2467 4000 2524 4055; x_wconf 91' lang='lat' dir='ltr'><strong>in</strong></span> <span class='ocrx_word' id='word_1_679' title='bbox 2551 4001 2664 4056; x_wconf 80' lang='lat' dir='ltr'><strong>fine</strong></span> <span class='ocrx_word' id='word_1_680' title='bbox 2679 4000 3247 4058; x_wconf 79' lang='lat' dir='ltr'><strong>Commentariorum</strong></span> <span class='ocrx_word' id='word_1_681' title='bbox 3270 4002 3391 4058; x_wconf 71' lang='lat' dir='ltr'><strong>haec</strong></span> <span class='ocrx_word' id='word_1_682' title='bbox 3413 4002 3731 4076; x_wconf 78' lang='lat' dir='ltr'><strong>leguntur:</strong></span> 
     </span>
    </p>
   </div>
   <div class='ocr_carea' id='block_1_97' title="bbox 2096 4089 3737 4167">
    <p class='ocr_par' dir='ltr' id='par_1_97' title="bbox 2096 4089 3737 4167">
     <span class='ocr_line' id='line_1_102' title="bbox 2096 4089 3737 4167; baseline 0.005 -25"><span class='ocrx_word' id='word_1_683' title='bbox 2096 4089 2424 4144; x_wconf 72' lang='lat' dir='ltr'><strong>Vercellium</strong></span> <span class='ocrx_word' id='word_1_684' title='bbox 2454 4089 2740 4155; x_wconf 66' lang='lat' dir='ltr'><strong>diaconus,</strong></span> <span class='ocrx_word' id='word_1_685' title='bbox 2789 4099 2840 4144; x_wconf 76' lang='lat' dir='ltr'><strong>et</strong></span> <span class='ocrx_word' id='word_1_686' title='bbox 2889 4091 3162 4146; x_wconf 61' lang='lat' dir='ltr'><strong>Tubertus</strong></span> <span class='ocrx_word' id='word_1_687' title='bbox 3190 4092 3557 4150; x_wconf 69' lang='lat' dir='ltr'><strong>subdiaconus</strong></span> <span class='ocrx_word' id='word_1_688' title='bbox 3573 4097 3737 4167; x_wconf 66' lang='lat' dir='ltr'><strong>jussu</strong></span> 
     </span>
    </p>
   </div>
   <div class='ocr_carea' id='block_1_98' title="bbox 2088 4175 3734 4252">
    <p class='ocr_par' dir='ltr' id='par_1_98' title="bbox 2088 4175 3734 4252">
     <span class='ocr_line' id='line_1_103' title="bbox 2088 4175 3734 4252; baseline 0.006 -22"><span class='ocrx_word' id='word_1_689' title='bbox 2088 4175 2302 4231; x_wconf 77' lang='lat' dir='ltr'><strong>domini</strong></span> <span class='ocrx_word' id='word_1_690' title='bbox 2331 4178 2540 4234; x_wconf 70' lang='lat' dir='ltr'><strong>Arionis</strong></span> <span class='ocrx_word' id='word_1_691' title='bbox 2568 4180 2908 4248; x_wconf 62' lang='lat' dir='ltr'><strong>scripsimus.</strong></span> <span class='ocrx_word' id='word_1_692' title='bbox 2935 4179 3162 4252; x_wconf 82' lang='lat' dir='ltr'><strong>Integer</strong></span> <span class='ocrx_word' id='word_1_693' title='bbox 3179 4186 3374 4238; x_wconf 87' lang='lat' dir='ltr'><strong>autem</strong></span> <span class='ocrx_word' id='word_1_694' title='bbox 3394 4183 3734 4239; x_wconf 80' lang='lat' dir='ltr'><strong>Attoniano—</strong></span> 
     </span>
    </p>
   </div>
   <div class='ocr_carea' id='block_1_99' title="bbox 2089 4265 3734 4342">
    <p class='ocr_par' dir='ltr' id='par_1_99' title="bbox 2089 4265 3734 4342">
     <span class='ocr_line' id='line_1_104' title="bbox 2089 4265 3734 4342; baseline 0.005 -23"><span class='ocrx_word' id='word_1_695' title='bbox 2089 4282 2218 4320; x_wconf 91' lang='lat' dir='ltr'><strong>rum</strong></span> <span class='ocrx_word' id='word_1_696' title='bbox 2251 4265 2508 4337; x_wconf 90' lang='lat' dir='ltr'><strong>Operum</strong></span> <span class='ocrx_word' id='word_1_697' title='bbox 2530 4265 2738 4334; x_wconf 76' lang='lat' dir='ltr'><strong>Codex,</strong></span> <span class='ocrx_word' id='word_1_698' title='bbox 2761 4267 2914 4323; x_wconf 87' lang='lat' dir='ltr'><strong>inter</strong></span> <span class='ocrx_word' id='word_1_699' title='bbox 2934 4267 3086 4324; x_wconf 81' lang='lat' dir='ltr'><strong>alios</strong></span> <span class='ocrx_word' id='word_1_700' title='bbox 3111 4271 3338 4342; x_wconf 68' lang='lat' dir='ltr'><strong>multos.</strong></span> <span class='ocrx_word' id='word_1_701' title='bbox 3359 4270 3598 4326; x_wconf 84' lang='lat' dir='ltr'><strong>ambivii</strong></span> <span class='ocrx_word' id='word_1_702' title='bbox 3631 4288 3734 4328; x_wconf 55' lang='lat' dir='ltr'><strong>nov</strong></span> 
     </span>
    </p>
   </div>
   <div class='ocr_carea' id='block_1_100' title="bbox 2089 4353 3736 4429">
    <p class='ocr_par' dir='ltr' id='par_1_100' title="bbox 2089 4353 3736 4429">
     <span class='ocr_line' id='line_1_105' title="bbox 2089 4353 3736 4429; baseline 0.005 -21"><span class='ocrx_word' id='word_1_703' title='bbox 2089 4354 2192 4408; x_wconf 87' lang='lat' dir='ltr'><strong>slri</strong></span> <span class='ocrx_word' id='word_1_704' title='bbox 2216 4353 2487 4425; x_wconf 83' lang='lat' dir='ltr'><strong>signatus</strong></span> <span class='ocrx_word' id='word_1_705' title='bbox 2511 4357 2770 4422; x_wconf 69' lang='lat' dir='ltr'><strong>num.40,</strong></span> <span class='ocrx_word' id='word_1_706' title='bbox 2789 4357 2864 4412; x_wconf 89' lang='lat' dir='ltr'><strong>ab</strong></span> <span class='ocrx_word' id='word_1_707' title='bbox 2887 4361 3134 4429; x_wconf 78' lang='lat' dir='ltr'><strong>utroque</strong></span> <span class='ocrx_word' id='word_1_708' title='bbox 3154 4358 3265 4414; x_wconf 88' lang='lat' dir='ltr'><strong>hoc</strong></span> <span class='ocrx_word' id='word_1_709' title='bbox 3285 4359 3478 4415; x_wconf 79' lang='lat' dir='ltr'><strong>scriba</strong></span> <span class='ocrx_word' id='word_1_710' title='bbox 3496 4364 3589 4416; x_wconf 82' lang='lat' dir='ltr'><strong>est</strong></span> <span class='ocrx_word' id='word_1_711' title='bbox 3607 4377 3736 4416; x_wconf 82' lang='lat' dir='ltr'><strong>exa-</strong></span> 
     </span>
    </p>
   </div>
   <div class='ocr_carea' id='block_1_101' title="bbox 2089 4442 3713 4519">
    <p class='ocr_par' dir='ltr' id='par_1_101' title="bbox 2089 4442 3713 4519">
     <span class='ocr_line' id='line_1_106' title="bbox 2089 4442 3713 4519; baseline 0.006 -24"><span class='ocrx_word' id='word_1_712' title='bbox 2089 4447 2272 4496; x_wconf 82' lang='lat' dir='ltr'><strong>ratus.</strong></span> <span class='ocrx_word' id='word_1_713' title='bbox 2307 4442 2462 4498; x_wconf 88' lang='lat' dir='ltr'><strong>Idem</strong></span> <span class='ocrx_word' id='word_1_714' title='bbox 2489 4443 2849 4501; x_wconf 87' lang='lat' dir='ltr'><strong>Vercellinus</strong></span> <span class='ocrx_word' id='word_1_715' title='bbox 2877 4463 3031 4502; x_wconf 81' lang='lat' dir='ltr'><strong>anno</strong></span> <span class='ocrx_word' id='word_1_716' title='bbox 3061 4447 3168 4502; x_wconf 84' lang='grc'><strong>945</strong></span> <span class='ocrx_word' id='word_1_717' title='bbox 3188 4448 3316 4518; x_wconf 82' lang='lat' dir='ltr'><strong>jam</strong></span> <span class='ocrx_word' id='word_1_718' title='bbox 3349 4448 3407 4503; x_wconf 89' lang='lat' dir='ltr'><strong>in</strong></span> <span class='ocrx_word' id='word_1_719' title='bbox 3439 4449 3713 4519; x_wconf 80' lang='lat' dir='ltr'><strong>presbyte</strong></span> 
     </span>
    </p>
   </div>
   <div class='ocr_carea' id='block_1_102' title="bbox 2087 4535 3730 4606">
    <p class='ocr_par' dir='ltr' id='par_1_102' title="bbox 2087 4535 3730 4606">
     <span class='ocr_line' id='line_1_107' title="bbox 2087 4535 3730 4606; baseline 0.007 -23"><span class='ocrx_word' id='word_1_720' title='bbox 2087 4547 2218 4594; x_wconf 84' lang='lat' dir='ltr'><strong>rum</strong></span> <span class='ocrx_word' id='word_1_721' title='bbox 2251 4537 2622 4590; x_wconf 88' lang='lat' dir='ltr'><strong>consecratus</strong></span> <span class='ocrx_word' id='word_1_722' title='bbox 2655 4535 3083 4606; x_wconf 82' lang='lat' dir='ltr'><strong>autographum</strong></span> <span class='ocrx_word' id='word_1_723' title='bbox 3114 4535 3448 4593; x_wconf 77' lang='lat' dir='ltr'><strong>donationis</strong></span> <span class='ocrx_word' id='word_1_724' title='bbox 3505 4536 3730 4593; x_wconf 83' lang='lat' dir='ltr'><strong>instru-</strong></span> 
     </span>
    </p>
   </div>
   <div class='ocr_carea' id='block_1_103' title="bbox 2092 4620 3731 4694">
    <p class='ocr_par' dir='ltr' id='par_1_103' title="bbox 2092 4620 3731 4694">
     <span class='ocr_line' id='line_1_108' title="bbox 2092 4620 3731 4694; baseline 0.007 -23"><span class='ocrx_word' id='word_1_725' title='bbox 2092 4622 2358 4673; x_wconf 88' lang='lat' dir='ltr'><strong>mentum</strong></span> <span class='ocrx_word' id='word_1_726' title='bbox 2389 4620 2658 4691; x_wconf 88' lang='lat' dir='ltr'><strong>scripsit:</strong></span> <span class='ocrx_word' id='word_1_727' title='bbox 2693 4637 2758 4676; x_wconf 86' lang='lat' dir='ltr'><strong>ac</strong></span> <span class='ocrx_word' id='word_1_728' title='bbox 2788 4621 2838 4677; x_wconf 90' lang='lat' dir='ltr'><strong>si</strong></span> <span class='ocrx_word' id='word_1_729' title='bbox 2885 4622 3064 4694; x_wconf 87' lang='lat' dir='ltr'><strong>hujus</strong></span> <span class='ocrx_word' id='word_1_730' title='bbox 3120 4623 3336 4680; x_wconf 71' lang='lat' dir='ltr'><strong>chartas</strong></span> <span class='ocrx_word' id='word_1_731' title='bbox 3366 4625 3731 4682; x_wconf 78' lang='lat' dir='ltr'><strong>characteres</strong></span> 
     </span>
    </p>
   </div>
   <div class='ocr_carea' id='block_1_104' title="bbox 2090 4707 3732 4780">
    <p class='ocr_par' dir='ltr' id='par_1_104' title="bbox 2090 4707 3732 4780">
     <span class='ocr_line' id='line_1_109' title="bbox 2090 4707 3732 4780; baseline 0.006 -20"><span class='ocrx_word' id='word_1_732' title='bbox 2090 4707 2434 4776; x_wconf 85' lang='lat' dir='ltr'><strong>inspexeris,</strong></span> <span class='ocrx_word' id='word_1_733' title='bbox 2465 4709 2670 4765; x_wconf 87' lang='lat' dir='ltr'><strong>eodem</strong></span> <span class='ocrx_word' id='word_1_734' title='bbox 2719 4711 2856 4780; x_wconf 89' lang='lat' dir='ltr'><strong>jure</strong></span> <span class='ocrx_word' id='word_1_735' title='bbox 2911 4710 3070 4767; x_wconf 87' lang='lat' dir='ltr'><strong>dices</strong></span> <span class='ocrx_word' id='word_1_736' title='bbox 3128 4728 3262 4768; x_wconf 84' lang='lat' dir='ltr'><strong>eum</strong></span> <span class='ocrx_word' id='word_1_737' title='bbox 3293 4713 3732 4770; x_wconf 75' lang='lat' dir='ltr'><strong>characteribus</strong></span> 
     </span>
    </p>
   </div>
   <div class='ocr_carea' id='block_1_105' title="bbox 2087 4797 3734 4870">
    <p class='ocr_par' dir='ltr' id='par_1_105' title="bbox 2087 4797 3734 4870">
     <span class='ocr_line' id='line_1_110' title="bbox 2087 4797 3734 4870; baseline 0.007 -22"><span class='ocrx_word' id='word_1_738' title='bbox 2087 4797 2664 4863; x_wconf 89' lang='lat' dir='ltr'><strong>commentariorum,</strong></span> <span class='ocrx_word' id='word_1_739' title='bbox 2688 4815 2804 4868; x_wconf 91' lang='lat' dir='ltr'><strong>qua</strong></span> <span class='ocrx_word' id='word_1_740' title='bbox 2834 4804 2996 4870; x_wconf 90' lang='lat' dir='ltr'><strong>parte</strong></span> <span class='ocrx_word' id='word_1_741' title='bbox 3028 4805 3166 4856; x_wconf 89' lang='lat' dir='ltr'><strong>sunt</strong></span> <span class='ocrx_word' id='word_1_742' title='bbox 3195 4802 3411 4857; x_wconf 88' lang='lat' dir='ltr'><strong>exarati</strong></span> <span class='ocrx_word' id='word_1_743' title='bbox 3443 4819 3480 4858; x_wconf 71' lang='grc' dir='ltr'>ι</span> <span class='ocrx_word' id='word_1_744' title='bbox 3507 4803 3734 4859; x_wconf 61' lang='grc' dir='ltr'><strong>νῦνοθιφ</strong></span> 
     </span>
    </p>
   </div>
   <div class='ocr_carea' id='block_1_106' title="bbox 2085 4881 3732 4962">
    <p class='ocr_par' dir='ltr' id='par_1_106' title="bbox 2085 4881 3732 4962">
     <span class='ocr_line' id='line_1_111' title="bbox 2085 4881 3732 4962; baseline 0.007 -26"><span class='ocrx_word' id='word_1_745' title='bbox 2085 4881 2206 4938; x_wconf 83' lang='lat' dir='ltr'><strong>lino</strong></span> <span class='ocrx_word' id='word_1_746' title='bbox 2229 4883 2470 4940; x_wconf 88' lang='lat' dir='ltr'><strong>diacono</strong></span> <span class='ocrx_word' id='word_1_747' title='bbox 2496 4902 2508 4939; x_wconf 93' lang='lat'>:</span> <span class='ocrx_word' id='word_1_748' title='bbox 2544 4891 2607 4940; x_wconf 92' lang='lat' dir='ltr'><strong>ut</strong></span> <span class='ocrx_word' id='word_1_749' title='bbox 2640 4889 3136 4958; x_wconf 88' lang='lat' dir='ltr'><strong>quemadmodum</strong></span> <span class='ocrx_word' id='word_1_750' title='bbox 3167 4896 3318 4946; x_wconf 84' lang='lat' dir='ltr'><strong>recte</strong></span> <span class='ocrx_word' id='word_1_751' title='bbox 3333 4890 3476 4948; x_wconf 89' lang='lat' dir='ltr'><strong>hinc</strong></span> <span class='ocrx_word' id='word_1_752' title='bbox 3495 4891 3732 4962; x_wconf 83' lang='lat' dir='ltr'><strong>colliges</strong></span> 
     </span>
    </p>
   </div>
   <div class='ocr_carea' id='block_1_107' title="bbox 2085 4975 3733 5042">
    <p class='ocr_par' dir='ltr' id='par_1_107' title="bbox 2085 4975 3733 5042">
     <span class='ocr_line' id='line_1_112' title="bbox 2085 4975 3733 5042; baseline 0.008 -16"><span class='ocrx_word' id='word_1_753' title='bbox 2085 4975 2507 5035; x_wconf 78' lang='lat' dir='ltr'><strong>commentaria</strong></span> <span class='ocrx_word' id='word_1_754' title='bbox 2528 4981 2660 5031; x_wconf 88' lang='lat' dir='ltr'><strong>ante</strong></span> <span class='ocrx_word' id='word_1_755' title='bbox 2691 4993 2910 5034; x_wconf 89' lang='lat' dir='ltr'><strong>annum</strong></span> <span class='ocrx_word' id='word_1_756' title='bbox 2940 4979 3048 5034; x_wconf 87' lang='grc'><strong>945</strong></span> <span class='ocrx_word' id='word_1_757' title='bbox 3097 4996 3132 5036; x_wconf 90' lang='lat' dir='ltr'><strong>a</strong></span> <span class='ocrx_word' id='word_1_758' title='bbox 3183 4978 3508 5042; x_wconf 69' lang='lat' dir='ltr'><strong>Vercellino</strong></span> <span class='ocrx_word' id='word_1_759' title='bbox 3541 4983 3733 5040; x_wconf 87' lang='lat' dir='ltr'><strong>adhuc</strong></span> 
     </span>
    </p>
   </div>
   <div class='ocr_carea' id='block_1_108' title="bbox 2085 5060 3728 5140">
    <p class='ocr_par' dir='ltr' id='par_1_108' title="bbox 2085 5060 3728 5140">
     <span class='ocr_line' id='line_1_113' title="bbox 2085 5060 3728 5140; baseline 0.008 -26"><span class='ocrx_word' id='word_1_760' title='bbox 2085 5060 2349 5131; x_wconf 90' lang='lat' dir='ltr'><strong>diacono,</strong></span> <span class='ocrx_word' id='word_1_761' title='bbox 2373 5062 2642 5119; x_wconf 88' lang='lat' dir='ltr'><strong>Tetberto</strong></span> <span class='ocrx_word' id='word_1_762' title='bbox 2656 5065 2922 5136; x_wconf 86' lang='lat' dir='ltr'><strong>juvante,</strong></span> <span class='ocrx_word' id='word_1_763' title='bbox 2955 5067 3175 5138; x_wconf 88' lang='lat' dir='ltr'><strong>scripta</strong></span> <span class='ocrx_word' id='word_1_764' title='bbox 3205 5067 3406 5137; x_wconf 82' lang='lat' dir='ltr'><strong>fuisse,</strong></span> <span class='ocrx_word' id='word_1_765' title='bbox 3438 5069 3565 5140; x_wconf 84' lang='lat' dir='ltr'><strong>pari</strong></span> <span class='ocrx_word' id='word_1_766' title='bbox 3606 5086 3728 5127; x_wconf 86' lang='lat' dir='ltr'><strong>mo-</strong></span> 
     </span>
    </p>
   </div>
   <div class='ocr_carea' id='block_1_109' title="bbox 2086 5149 3728 5228">
    <p class='ocr_par' dir='ltr' id='par_1_109' title="bbox 2086 5149 3728 5228">
     <span class='ocr_line' id='line_1_114' title="bbox 2086 5149 3728 5228; baseline 0.008 -27"><span class='ocrx_word' id='word_1_767' title='bbox 2086 5151 2284 5204; x_wconf 88' lang='lat' dir='ltr'><strong>mento</strong></span> <span class='ocrx_word' id='word_1_768' title='bbox 2311 5149 2665 5208; x_wconf 91' lang='lat' dir='ltr'><strong>concluseris</strong></span> <span class='ocrx_word' id='word_1_769' title='bbox 2696 5154 2968 5218; x_wconf 82' lang='lat' dir='ltr'><strong>eumdem</strong></span> <span class='ocrx_word' id='word_1_770' title='bbox 2996 5160 3051 5210; x_wconf 91' lang='lat' dir='ltr'><strong>et</strong></span> <span class='ocrx_word' id='word_1_771' title='bbox 3101 5156 3434 5218; x_wconf 81' lang='lat' dir='ltr'><strong>donationis</strong></span> <span class='ocrx_word' id='word_1_772' title='bbox 3481 5162 3540 5216; x_wconf 87' lang='lat' dir='ltr'><strong>et</strong></span> <span class='ocrx_word' id='word_1_773' title='bbox 3568 5175 3728 5228; x_wconf 80' lang='lat' dir='ltr'><strong>com-</strong></span> 
     </span>
    </p>
   </div>
   <div class='ocr_carea' id='block_1_110' title="bbox 2084 5238 3463 5300">
    <p class='ocr_par' dir='ltr' id='par_1_110' title="bbox 2084 5238 3463 5300">
     <span class='ocr_line' id='line_1_115' title="bbox 2084 5238 3463 5300; baseline 0.008 -11"><span class='ocrx_word' id='word_1_774' title='bbox 2084 5238 2506 5294; x_wconf 86' lang='lat' dir='ltr'><strong>mentariorum</strong></span> <span class='ocrx_word' id='word_1_775' title='bbox 2539 5247 2833 5298; x_wconf 89' lang='lat' dir='ltr'><strong>auctorem</strong></span> <span class='ocrx_word' id='word_1_776' title='bbox 2852 5244 3148 5299; x_wconf 83' lang='lat' dir='ltr'><strong>exstitisse</strong></span> <span class='ocrx_word' id='word_1_777' title='bbox 3168 5247 3463 5300; x_wconf 86' lang='lat' dir='ltr'><strong>Attonem.</strong></span> 
     </span>
    </p>
   </div>
   <div class='ocr_carea' id='block_1_111' title="bbox 2152 5343 3728 5424">
    <p class='ocr_par' dir='ltr' id='par_1_111' title="bbox 2152 5343 3728 5424">
     <span class='ocr_line' id='line_1_116' title="bbox 2152 5343 3728 5424; baseline 0.005 -26"><span class='ocrx_word' id='word_1_778' title='bbox 2152 5343 2346 5401; x_wconf 88' lang='lat' dir='ltr'><strong>XVIII.</strong></span> <span class='ocrx_word' id='word_1_779' title='bbox 2385 5345 2733 5420; x_wconf 88' lang='lat' dir='ltr'><strong>Priusquam</strong></span> <span class='ocrx_word' id='word_1_780' title='bbox 2766 5349 2876 5405; x_wconf 91' lang='lat' dir='ltr'><strong>hoc</strong></span> <span class='ocrx_word' id='word_1_781' title='bbox 2908 5348 3158 5406; x_wconf 85' lang='lat' dir='ltr'><strong>missum</strong></span> <span class='ocrx_word' id='word_1_782' title='bbox 3193 5350 3364 5422; x_wconf 84' lang='lat' dir='ltr'><strong>facio,</strong></span> <span class='ocrx_word' id='word_1_783' title='bbox 3413 5351 3582 5408; x_wconf 79' lang='lat' dir='ltr'><strong>lubet</strong></span> <span class='ocrx_word' id='word_1_784' title='bbox 3601 5351 3728 5424; x_wconf 89' lang='lat' dir='ltr'><strong>epi-</strong></span> 
     </span>
    </p>
   </div>
   <div class='ocr_carea' id='block_1_112' title="bbox 2081 5433 3725 5512">
    <p class='ocr_par' dir='ltr' id='par_1_112' title="bbox 2081 5433 3725 5512">
     <span class='ocr_line' id='line_1_117' title="bbox 2081 5433 3725 5512; baseline 0.007 -26"><span class='ocrx_word' id='word_1_785' title='bbox 2081 5433 2288 5488; x_wconf 88' lang='lat' dir='ltr'><strong>stolam</strong></span> <span class='ocrx_word' id='word_1_786' title='bbox 2321 5435 2532 5491; x_wconf 85' lang='lat' dir='ltr'><strong>referre</strong></span> <span class='ocrx_word' id='word_1_787' title='bbox 2549 5437 2768 5510; x_wconf 84' lang='lat' dir='ltr'><strong>Joseph</strong></span> <span class='ocrx_word' id='word_1_788' title='bbox 2793 5437 3092 5496; x_wconf 88' lang='lat' dir='ltr'><strong>Blanchini</strong></span> <span class='ocrx_word' id='word_1_789' title='bbox 3114 5440 3608 5512; x_wconf 72' lang='lat' dir='ltr'><strong>presbyteri,dum</strong></span> <span class='ocrx_word' id='word_1_790' title='bbox 3640 5441 3725 5498; x_wconf 80' lang='lat' dir='ltr'><strong>vi-</strong></span> 
     </span>
    </p>
   </div>
  </div>
