3956 6230
151 306 215 368 η
1558 304 2173 369 PROLEGOMENA.
3492 295 3571 356 36

153 440 311 502 voret,
335 438 839 508 congregationis
860 438 1106 494 Oratorii
1146 440 1409 495 Romani.
1433 440 1702 494 vindiciis
1722 456 1815 497 ca-
1846 440 1900 505 Α
1931 443 2124 492 mento
2153 453 2416 509 vengono
2441 436 2597 491 vario
2622 435 2842 499 letters,
2868 449 2897 488 e
2940 430 3140 486 statuti
3190 427 3341 483 delia
3365 428 3575 485 Chians

154 527 490 583 manicarum
528 527 967 598 scripturarum
1002 529 1334 595 clarissimi,
1360 547 1532 601 quam
1560 531 1627 583 ad
1669 530 1812 583 emi-

156 617 574 671 nentissimum
597 616 794 671 virum
817 616 950 672 hinc
966 618 1143 685 dedit,
1166 626 1471 689 postquam
1498 619 1601 673 bac
1624 625 1814 672 trans-

155 706 266 762 iens
323 704 704 761 cathedralis
783 705 1039 761 ecclesias
1126 707 1405 762 inviseret
1467 707 1813 761 archivium.

162 816 185 847 ι
211 794 281 848 Mi
306 795 459 848 sarei
486 794 752 848 fermato
773 794 831 848 in
860 794 1096 850 Vercelli
1139 802 1358 867 quanto
1403 798 1815 866 abbisognava,

157 900 209 943 se
233 882 424 938 avessi
452 888 676 955 potuto
710 884 940 954 capiare
988 889 1139 939 tutto
1168 884 1209 939 il
1256 885 1452 940 codice
1483 890 1721 955 segnato
1753 886 1821 938 40

159 971 423 1043 (Codicem
450 972 679 1027 scilicet
709 987 877 1041 quem
900 986 999 1026 nos
1034 972 1270 1039 edimus)
1318 973 1424 1027 che
1458 976 1487 1026 ὁ
1520 972 1698 1027 molto
1733 972 1821 1025 in-

161 1064 479 1117 teressente
507 1076 622 1132 per
652 1058 849 1131 quella
880 1058 1111 1116 illustra
1142 1060 1368 1129 Chiesa,
1400 1078 1431 1116 e
1463 1078 1564 1133 per
1591 1063 1818 1115 Attone.

161 1148 432 1205 Contione
448 1166 532 1203 un
551 1148 985 1205 commentario
1004 1149 1060 1204 di
1083 1166 1216 1205 esso
1235 1152 1445 1205 Attene
1462 1167 1637 1221 sopra
1657 1150 1825 1221 l‘Epi-

162 1236 306 1293 stole
336 1238 393 1293 di
428 1254 533 1294 san
566 1236 774 1294 Paolo.
821 1237 1136 1295 Trascrissi
1176 1242 1384 1311 questa
1409 1244 1563 1306 nota,
1598 1239 1703 1293 che
1734 1244 1826 1294 sta

164 1326 258 1383 uel
288 1330 401 1382 line
426 1325 519 1382 del
582 1326 809 1383 codice.
869 1327 1109 1398 Explicit
1175 1328 1463 1383 Tractatus
1494 1331 1551 1382 in
1585 1330 1828 1399 Epistola

167 1416 331 1471 Pindi
354 1415 423 1470 ad
449 1417 733 1472 Hebraeos.
770 1415 1113 1471 Vercellinus
1150 1416 1435 1479 diaconus,
1466 1421 1518 1471 et
1548 1418 1830 1471 Tesbertus

167 1504 520 1561 subdiaconus
549 1521 627 1560 ea:
646 1506 813 1576 jussu
856 1504 1045 1560 domui
1090 1506 1274 1561 Attoni
1328 1506 1563 1577 episcopi
1605 1507 1827 1577 scripsi-

165 1610 301 1651 mus.
325 1598 501 1652 Orate
517 1609 623 1666 pro
641 1596 823 1661 nobis,
842 1596 1072 1665 fratres.
1103 1595 1263 1667 Dopo
1295 1596 1333 1650 il
1365 1596 1638 1651 suddetto
1668 1612 1831 1650 vom-

241 1756 354 1825 (16)
421 1753 614 1812 Nimis
673 1770 812 1810 vera
842 1755 956 1810 fuit
988 1755 1305 1827 praedictio,
1344 1772 1480 1811 nam
1514 1760 1831 1828 antequam

1924 528 1980 581 di
2006 527 2245 582 Vercelli
2267 526 2658 593 intercesanti,
2677 523 2843 595 eppoi
2864 539 2979 576 una
2998 520 3241 591 picciola
3262 518 3574 573 collezione

1925 618 2012 672 de’
2044 616 2249 671 canoni
2282 632 2387 671 con
2422 620 2630 686 questo
2678 613 2902 684 preciso
2948 609 3133 674 titolo,
3166 609 3270 663 cbe
3302 608 3357 663 io
3388 606 3575 678 copiai

1924 708 1997 761 ad
2030 708 2306 760 verbum:
2340 706 2600 775 Capitula
2637 718 2909 758 canonum
2950 704 3265 756 exertorum
3292 698 3355 753 de
3387 698 3572 752 diver-

1925 798 2000 850 sis
2044 796 2309 858 conciliis,
2365 794 2753 858 decretalibus,
2815 792 3055 858 statutis,
3107 792 3267 857 atque
3322 789 3575 858 epistolis

1927 886 2347 952 congruentium
2376 884 2445 936 ad
2492 886 2708 953 forense
2743 881 3027 953 Judicium
3089 883 3325 947 tempore
3366 876 3582 930 Domini

1930 976 2111 1029 Attoni
2140 974 2377 1043 episcopi
2452 1012 2465 1024 .
2547 1011 2560 1025 .
2641 1010 2654 1025 .
2734 969 3007 1035 llsignor
3052 966 3331 1021 canonico
3362 964 3582 1035 Fileppi

1933 1063 2010 1117 mi
2036 1063 2148 1126 die,
2175 1062 2279 1116 che
2329 1061 2525 1117 voleva
2548 1061 2666 1114 fure
2693 1075 2809 1113 una
2829 1056 3088 1112 edizione
3137 1054 3287 1109 delle
3312 1054 3495 1125 Opere
3525 1054 3585 1108 di

1934 1156 2162 1220 Attene,
2197 1167 2311 1215 ma,
2346 1166 2408 1205 se
2438 1149 2604 1204 tarda
2637 1149 2735 1221 pia
2769 1165 2801 1202 a
2858 1145 3141 1216 ricopiare
3196 1144 3212 1198 i
3260 1144 3465 1207 codici,
3500 1159 3587 1198 es-

1936 1241 2115 1295 sendo
2144 1238 2366 1303 vechio,
2428 1238 2482 1292 io
2534 1243 2709 1303 temo,
2753 1235 2859 1291 che
2909 1238 3103 1290 morra
3156 1234 3344 1305 prima
3369 1234 3426 1285 di
3455 1248 3589 1286 aver

1935 1330 2079 1384 fatto
2104 1327 2263 1383 nulla
2289 1329 2420 1398 (16).
2450 1327 2848 1382 Converrebbe
2872 1341 3006 1395 pero
3055 1321 3397 1379 sollecitarlo
3422 1338 3453 1375 a
3484 1321 3586 1374 be-

1939 1418 2144 1474 neficio
2170 1417 2324 1472 della
2368 1416 2666 1488 republica
2688 1415 2995 1475 letteraria,
3022 1431 3051 1468 e
3103 1410 3587 1483 principalmente

1939 1526 1972 1563 a
2003 1507 2187 1579 gloria
2219 1508 2275 1561 di
2304 1505 2500 1578 quella
2530 1505 2938 1561 antichissima
2968 1503 3195 1558 Chiesa.

1943 1756 2087 1812 huic
2116 1756 2286 1829 Operi
2311 1756 2560 1828 primam
2587 1771 2829 1810 manum
2867 1756 3205 1826 apponeret,
3248 1753 3367 1807 fato
3390 1749 3586 1806 cessit.

1243 2203 1767 2298 ACHERII
1840 2203 2527 2299 PBIEFATIO.

1688 2487 2094 2502 ῃ

244 2690 374 2742 Atto
404 2687 516 2742 hoc
549 2685 795 2742 nomine
825 2686 895 2755 II,
925 2686 1210 2755 Aldegarii
1236 2688 1386 2757 ﬁlius
1416 2688 1627 2760 (inquit
1654 2691 2005 2746 Ferdinand.
2060 2688 2338 2759 Ughellus
2398 2692 2453 2745 in
2515 2689 2639 2745 Ital.
2700 2690 2897 2761 Sacra)
2959 2692 3232 2762 episcOpus
3259 2689 3455 2745 Vercel.
3488 2692 3596 2761 fuit

177 2793 264 2830 an.
296 2777 421 2841 945,
458 2776 812 2831 doctissimus
844 2775 1125 2847 theologus
1155 2779 1204 2831 et
1231 2780 1540 2839 canonista,
1573 2780 1738 2850 plura
1761 2783 1853 2834 sui
1881 2782 2097 2847 ingenii
2126 2779 2492 2851 doctrinaeque
2520 2781 2853 2834 monimenta
2886 2778 3136 2851 reliquit,
3162 2795 3280 2851 quia
3317 2781 3595 2834 continen-

176 2871 268 2919 tur
298 2867 355 2919 in
385 2868 627 2936 antiquo
658 2866 850 2920 codice
892 2868 1291 2937 manuscripto,
1325 2869 1385 2922 in
1425 2870 1685 2923 Vaticana
1717 2870 2063 2932 bibliotheca,
2095 2885 2158 2923 ac
2193 2870 2515 2923 Vercellensi
2543 2871 2805 2931 archivio,
2841 2891 2867 2918 ››
2901 2876 3007 2923 etc.
3041 2892 3067 2916 ‹‹
3104 2868 3348 2922 Canones
3377 2885 3591 2934 rursus,

176 2957 486 3026 statutaque
524 2956 733 3010 Vercel.
770 2954 1040 3019 Ecclesiae,
1069 2964 1223 3010 eruta
1253 2971 1282 3010 e
1318 2959 1575 3012 conciliis
1605 2960 1955 3029 epistolzsque
1983 2958 2362 3023 decretalibus,
2395 2957 2535 3028 quod
2564 2975 2701 3028 opus
2731 2960 2789 3012 in
2821 2959 2922 3011 100
2950 2960 3134 3028 capita
3164 2967 3287 3028 apte
3316 2958 3592 3012 distinxit.

178 3043 307 3099 Item
342 3043 408 3099 de
436 3045 737 3100 Pressuris
764 3045 1146 3101 ecclesiasticis
1174 3062 1309 3115 opus
1336 3046 1395 3100 in
1427 3050 1538 3101 tres
1564 3057 1749 3118 partes
1776 3049 2033 3111 divisum,
2064 3064 2302 3117 quarum
2328 3049 2515 3118 prima
2552 3052 2634 3102 est
2663 3048 2732 3101 de
2760 3047 3008 3101 Judiciis
3037 3047 3469 3117 episcoporum,
3503 3063 3596 3101 se-

177 3133 365 3187 cunda
397 3134 473 3187 de
505 3132 997 3188 Ordinationibus
1028 3136 1393 3203 earumdem,
1427 3135 1597 3190 tertia
1628 3138 1699 3191 de
1728 3136 2121 3192 Facultatibus
2155 3136 2564 3191 Ecclesiarum.
2598 3137 2769 3207 Hujus
2800 3138 3133 3207 temporibus
3169 3137 3276 3203 Ugo
3305 3139 3354 3190 ct
3394 3135 3593 3191 Lollia-

181 3224 296 3277 rius
324 3239 486 3296 reges
525 3222 926 3279 Vercellensem
956 3223 1254 3277 Ecclesium
1275 3230 1652 3294 exornarunt,
1674 3232 1781 3281 etc.

248 3312 483 3367 Attonis
518 3312 713 3381 Opera
744 3311 831 3365 vir
858 3312 1226 3367 clarissimus
1256 3314 1511 3369 Joannes
1540 3315 1697 3370 Bona
1728 3315 1909 3371 abbas
1939 3315 2227 3386 generalis
2260 3316 2583 3369 reformata
2623 3314 3091 3386 congregationis
3124 3314 3180 3367 S.
3216 3312 3491 3367 Bernardi
3527 3329 3595 3366 ex

175 3417 286 3454 ms.
321 3401 526 3456 codice
559 3399 864 3465 Vaticano,
901 3418 1063 3457 num.
1098 3404 1259 3468 4322,
1290 3404 1463 3467 eruit,
1497 3404 1746 3457 describi
1780 3406 2003 3457 curavit
2036 3409 2226 3457 Romae
2260 3420 2353 3457 an.
2391 3404 2547 3465 1664,
2583 3407 2757 3471 atque
2778 3404 2845 3455 ad
2876 3419 2965 3455 me
2988 3401 3335 3455 transmisit.
3361 3400 3467 3455 Sed
3500 3400 3598 3453 do-

172 3486 414 3543 lendum
453 3490 857 3560 maximopere
887 3495 977 3544 est
1008 3491 1162 3561 quod
1197 3491 1424 3545 lacunis
1456 3492 1636 3547 codex
1660 3492 1785 3561 ipse
1818 3490 2086 3562 pluribus
2108 3492 2165 3546 in
2192 3492 2331 3546 locis
2357 3486 2624 3553 fmdatus,
2651 3507 2858 3560 nempe
2881 3490 2937 3543 in
2964 3489 3246 3560 superiori
3275 3494 3433 3560 parte
3460 3489 3597 3555 ista,

172 3577 259 3632 vel
296 3577 499 3649 pluvia
532 3576 811 3645 infectus,
845 3595 945 3633 seu
980 3580 1133 3633 carie
1164 3596 1452 3645 corrosus,
1488 3580 1661 3634 fuerit
1693 3585 1979 3651 repertus,
2014 3586 2077 3634 ut
2108 3580 2164 3633 in
2198 3596 2550 3650 unaquaque
2582 3580 2792 3650 pagina
2823 3580 2973 3633 desit
2998 3578 3169 3632 linea.
3200 3580 3373 3650 Spem
3398 3583 3594 3633 tamen

175 3665 315 3720 mihi
336 3665 702 3721 suislitteris
720 3666 2365 3740 danseruditissimusabbasintegrumhabendicodicem
2385 3668 2659 3737 asseruit,
2685 3669 2838 3739 quod
2859 3670 2981 3739 jam
3006 3669 3159 3739 apud
3184 3668 3594 3722 doctissimum

174 3752 508 3826 Ugbellum,
543 3754 607 3808 in
645 3755 812 3809 Italia
843 3772 1007 3810 sacra
1037 3757 1193 3826 (tam.
1230 3758 1312 3825 IV,
1340 3759 1443 3814 col.
1475 3759 1509 3811 2
1538 3775 1672 3830 pag.
1709 3759 1888 3825 1060),
1923 3759 2174 3829 legeram
2208 3763 2434 3813 exstare
2466 3757 2523 3812 in
2556 3758 2844 3812 tabulario
2887 3756 3270 3811 Vercellensis
3302 3755 3595 3819 Ecclesiae,

172 3844 517 3915 rogavitque
552 3860 621 3898 ea
655 3843 727 3898 de
758 3860 819 3897 re
849 3844 1189 3915 episcopum
1224 3844 1642 3900 Vercellensem
1675 3852 1871 3917 ageret
1902 3864 2034 3901 cum
2068 3847 2363 3901 canonicis
2397 3852 2461 3901 ut
2492 3847 2593 3901 illa
2621 3846 2808 3919 Opera
2855 3847 3101 3901 exscribi
3145 3847 3423 3900 sinerent.
3457 3847 3522 3899 At
3548 3845 3596 3899 is

173 3931 468 4003 repulsam
508 3940 727 4004 passus
760 3931 1040 3987 est.Unde
1072 3932 1259 3987 isthoc
1294 3934 1588 4005 negotium
1624 3952 1757 3989 cum
1791 3934 2144 3990 iudicassem
2176 3935 2576 3991 illustrissimo
2608 3936 2845 3990 domino
2878 3935 3144 3991 Caroccio
3168 3940 3307 3989 tunc
3330 3935 3388 3989 in
3411 3932 3599 3989 Gallia

174 4021 541 4076 serenissimi
560 4020 734 4075 ducis
754 4020 1058 4076 Sabauditr
1074 4020 1283 4093 legato,
1303 4022 1424 4077 viro
1441 4022 1740 4093 religione,
1758 4024 2067 4094 prudentia
2084 4029 2139 4079 et
2155 4024 2480 4078 eruditione
2506 4025 3012 4095 praestantissimo,
3038 4029 3301 4077 actutum
3328 4022 3473 4088 ipse,
3497 4023 3597 4093 qui

174 4126 280 4167 sua
302 4128 419 4175 me,
446 4112 596 4165 dum
619 4110 678 4163 in
698 4109 851 4164 vivis
869 4114 1042 4176 esset,
1070 4110 1345 4165 familiari
1373 4111 1730 4184 dignabatur
1762 4111 2038 4180 amicitia,
2074 4129 2305 4167 omnem
2338 4129 2539 4167 curam
2572 4118 2629 4165 et
2657 4112 3007 4167 lndustriam
3034 4111 3322 4177 adhibuit,
3347 4116 3471 4164 tum
3496 4127 3599 4180 per

176 4201 463 4271 seipsum,
498 4204 633 4255 tum
667 4214 773 4270 per
801 4198 1022 4254 amicos
1052 4199 1329 4255 Vercellis
1359 4206 1600 4272 agentes
1632 4203 1947 4256 obtinendo
1981 4202 2222 4271 hujusce
2247 4202 2606 4256 monumenti
2632 4201 2984 4272 apographo,
3010 4212 3103 4256 aut
3133 4201 3333 4255 saltem
3359 4198 3597 4269 opplen-

174 4288 266 4343 dis
294 4289 553 4345 Romani
582 4287 809 4343 codicis
839 4286 1087 4342 lacunis.
1121 4289 1264 4342 Mira
1297 4290 1486 4360 primo
1509 4290 1751 4361 polliciti
1778 4296 1917 4345 sunt
1938 4290 2199 4345 canonici
2226 4308 2239 4356 ;
2265 4292 2360 4345 sed
2388 4296 2519 4361 post
2538 4289 2813 4361 epistolas
2835 4290 2987 4343 ultro
3009 4291 3269 4360 citroque
3288 4288 3474 4353 datas,
3500 4286 3595 4340 de-

179 4393 335 4433 mum
362 4379 637 4433 fatenmr
657 4375 936 4448 (ingenue
956 4394 1030 4432 an
1052 4376 1491 4448 ficte,judicent
1513 4380 1635 4450 alii)
1658 4379 1716 4433 in
1748 4396 1856 4434 sua
1888 4380 2143 4434 Ecclesia
2167 4389 2295 4434 esea
2329 4381 2621 4435 neminem
2656 4379 2735 4434 rei
2768 4379 3108 4450 antiquariis
3159 4377 3427 4448 peritum.
3462 4371 3589 4427 Non

181 4465 273 4521 hic
297 4468 465 4522 stetit
490 4465 891 4521 illustrimissi
915 4466 1168 4521 Caroccii
1193 4466 1498 4539 diligentia
1519 4473 1576 4523 et
1616 4468 1968 4539 benignitas.
2004 4470 2146 4523 Nam
2179 4485 2312 4522 cum
2346 4469 2634 4539 legatione
2665 4468 2912 4523 feliciter
2956 4472 3188 4539 peracta
3232 4462 3500 4518 rediisset
3531 4460 3591 4515 in

183 4556 573 4623 Sabaudiam,
602 4556 789 4609 instat
807 4554 1043 4625 iterum,
1068 4557 1444 4627 exposcitque
1467 4558 1537 4611 ab
1566 4556 1680 4610 illis
1702 4558 2000 4612 canonicis
2020 4558 2341 4613 Taurinum
2365 4559 2435 4612 ad
2460 4575 2522 4613 se
2544 4558 2972 4630 autographum
2996 4553 3417 4621 transmittant,
3441 4550 3597 4607 bona

178 4643 293 4701 ﬁde
319 4645 485 4701 istud
520 4659 587 4700 se
619 4643 1057 4710 restituturum,
1093 4649 1405 4716 postquam
1438 4646 1561 4699 suis
1592 4646 1859 4715 espensis
1899 4647 2144 4701 exscribi
2176 4651 2457 4701 curasset.

239 4734 465 4806 ﬁanid
498 4749 742 4805 agerem
765 4733 926 4788 omni
950 4749 1052 4805 spe
1074 4734 1300 4803 objecta
1322 4735 1548 4805 integra
1570 4739 1733 4790 tanto
1763 4736 2020 4807 potiendi
2052 4735 2375 4791 thesauro?
2411 4735 2651 4790 Ederem
2678 4736 2863 4807 Opera
2883 4733 3139 4788 hiatibus
3170 4746 3407 4787 sensum
3441 4746 3597 4801 saepe

174 4821 760 4895 interrumpentibus
800 4822 1168 4892 labefactata,
1203 4840 1275 4878 an
1327 4823 1458 4878 aliis
1485 4824 1725 4879 edendis
1756 4841 1989 4896 operam
2025 4826 2219 4880 darem
2245 4842 2434 4879 meam
2456 4824 2483 4879 ?
2503 4825 2684 4879 Anxia
2708 4824 2849 4878 mihi
2874 4824 3087 4878 adsunt
3108 4821 3435 4877 eruditione
3456 4836 3597 4890 pras-

173 4918 394 4970 stantes
418 4909 849 4977 amici‘;aiunt
891 4912 951 4966 in
1007 4912 1197 4967 lucem
1242 4914 1509 4985 proferre
1530 4914 1705 4968 rebus
1759 4914 2168 4970 ecclesiasticis
2218 4914 2489 4985 praeclara
2545 4913 2846 4981 apuscula,
2893 4912 3000 4967 etsi
3054 4910 3350 4967 nonnullis
3382 4909 3596 4964 fcsdata

174 5000 425 5069 lacunis,
452 5014 642 5071 quam
675 4998 934 5054 tenebris
960 5000 1203 5055 forsitan
1227 5002 1524 5073 perpetuis
1548 5003 1738 5057 sinere
1760 5002 1970 5057 involvi
1999 5029 2012 5070 ;
2045 5010 2147 5059 aut
2177 5021 2246 5059 ne
2276 5003 2543 5058 incendio
2573 5010 2829 5074 pereant,
2864 5020 3037 5073 quam
3063 5007 3275 5057 sortem
3303 4998 3596 5069 plerisque

173 5086 227 5143 in
259 5090 402 5147 locis
436 5088 795 5145 sustinuere
821 5088 1007 5144 multa
1036 5091 1345 5146 anterioris
1399 5091 1499 5144 aevi
1560 5097 1957 5147 monumenta.
2018 5094 2319 5149 Postremo
2379 5094 2718 5161 adjecerunt
2765 5108 2956 5146 rerum
3008 5092 3383 5163 antiquarum
3418 5089 3593 5145 etiam

175 5176 511 5251 {tegmenta
550 5174 831 5249 inpretio
861 5177 1085 5233 haberi.
1123 5180 1322 5250 Itaque
1357 5178 1518 5234 hisce
1549 5180 1875 5235 rationibus
1905 5182 2215 5248 adductus,
2248 5182 2348 5236 illa
2376 5182 2531 5254 typis
2577 5182 2841 5237 mandari
2876 5182 3093 5236 curavi.

242 5264 829 5339 thnandoqrnidem
853 5270 987 5321 Atto
1010 5266 1069 5320 in
1095 5268 1272 5323 rebus
1291 5268 1505 5323 divinis
1526 5274 1582 5324 et
1602 5268 1919 5325 ecclesiast.
1944 5272 2381 5327 versatissimus
2407 5288 2545 5325 suas
2566 5270 3002 5327 lucubrationes
3042 5266 3395 5325 testimoniis
3426 5266 3594 5336 quasi

179 5357 577 5429 margaritise
602 5354 666 5409 S.
694 5354 905 5426 Script.
930 5371 959 5410 θ
980 5372 1142 5412 conc.
1167 5364 1223 5413 et
1242 5358 1391 5413 Eccl.
1417 5358 1683 5414 Patribus
1704 5360 2033 5432 desumptis
2055 5361 2375 5425 adornavit,
2399 5361 2674 5432 haudque
2696 5361 2819 5415 loca
2841 5360 3186 5431 indigitavit,
3216 5355 3591 5429 potissimum

177 5442 631 5501 inﬁcitur/tione
663 5459 979 5513 canonum,
1012 5461 1187 5516 quam
1219 5448 1547 5520 (lapitulare
1579 5448 2009 5520 inscripsimus,
2045 5466 2153 5503 nos
2179 5449 2333 5503 haud
2366 5450 2545 5503 levem
2580 5448 2979 5520 impendimus
3022 5463 3256 5518 operam
3288 5444 3432 5500 locis
3462 5463 3590 5517 quin

176 5533 489 5606 designata
520 5550 643 5590 non
677 5537 844 5587 erant
873 5536 1122 5607 margini
1154 5539 1536 5611 apponendis,
1569 5554 1753 5609 eoque
1783 5536 1978 5593 labore
2009 5536 2389 5607 quamplures
2421 5536 2825 5607 supplevimus
2856 5536 3069 5590 hiatus.

248 5622 487 5679 Sanun
518 5625 738 5695 praeter
765 5635 835 5677 ea
860 5636 991 5692 qua
1017 5626 1387 5697 proferimus,
1420 5632 1491 5685 ut!
1516 5626 1690 5699 scias,
1722 5626 1922 5695 lector,
1952 5624 2179 5681 Attonis
2211 5622 2496 5695 opuscula
2524 5639 2659 5679 cum
2689 5624 2749 5679 in
2786 5623 3157 5691 Vercellensi,
3188 5626 3313 5679 tum
3345 5622 3403 5677 in
3438 5622 3588 5680 Vati-
