3956 6230
369 321 444 382 27
1391 323 1651 385 A'I‘TON
1658 323 1729 384 IS
1771 321 2358 385 VERCELLENSIS
2404 323 2759 386 EPISCOPI
3698 325 3776 390 28

370 470 516 511 cano
546 453 741 510 codice
767 471 778 508 :
812 452 1080 511 videlicet
1111 471 1408 510 sermones
1439 457 1506 509 17
1536 456 1605 510 ad
1640 455 1921 527 populum
1948 474 1961 522 ;
1995 459 2050 510 et
2081 454 2483 528 Polythycum,
2517 456 2661 527 quod
2693 458 3156 528 Perpendiculum
3186 457 3453 530 appellat,
3477 473 3581 531 quo
3602 461 3777 515 noxia

369 545 705 614 redarguere
731 548 787 598 et
816 545 1041 600 honesta
1064 546 1280 600 sancire
1309 544 1618 608 docet,cum
1652 543 1911 599 scholiis.

445 635 552 690 Pro
581 636 821 690 codicem
855 635 1174 689 Vaticanum
1205 634 1510 688 transcribi
1536 641 1814 687 curarunt
1845 631 2181 687 bibliothecae
2227 632 2489 697 custodes,
2541 649 2610 687 ne
2664 641 2808 689 totus
2858 637 3103 706 periret:
3163 637 3404 691 continet
3455 638 3635 706 primo
3661 653 3776 691 ser-

370 740 575 788 mones,
600 726 697 796 qui
724 727 824 779 vix
850 725 958 794 legi
981 732 1227 796 possunt,
1265 731 1320 777 et
1349 723 1476 778 ideo
1505 739 1614 778 non
1642 727 1771 776 sunt
1801 723 2141 791 transcripti,
2175 726 2283 775 etc.
2320 722 2407 776 Ita
2435 721 2660 778 clariss.
2692 723 2950 779 Joannes
2977 725 3135 779 Bona
3153 723 3211 778 in
3237 722 3483 796 epistola
3504 725 3646 779 mihi
3673 741 3768 779 an.

375 813 513 868 1664
544 813 779 884 scripta.

447 901 511 955 In
546 901 774 956 Attonis
796 900 1106 970 Capilulari
1133 899 1648 954 animadvertenda
1671 902 1848 952 sunt:
1879 900 1932 952 1ο
1955 897 2072 952 Ι]ωο
2102 899 2275 953 verba
2303 897 2436 966 ﬁdes
2483 899 2750 955 catholica
2797 900 3034 969 signant
3067 901 3409 972 Symbolum
3447 903 3774 971 Athanasii,

373 1005 502 1059 qua:
526 989 583 1044 in
616 1007 681 1045 eo
705 1007 874 1044 sensu
902 989 990 1043 bis
1017 989 1087 1042 ab
1112 994 1346 1042 auctore
1372 994 1734 1057 usurpentur
1757 1004 1880 1053 cap.
1907 989 1958 1053 4,
1984 991 2118 1052 etc.,
2141 993 2196 1040 et
2221 1004 2253 1040 a
2281 987 2554 1042 Ratherio
2578 988 2914 1054 Veronensi,
2941 989 3026 1045 vel
3062 995 3125 1044 ut
3151 991 3279 1046 aliis
3298 991 3484 1062 placet
3504 991 3774 1047 Udalrico

376 1095 677 1150 perperam
711 1085 928 1142 tamen,
961 1078 1018 1131 in
1068 1078 1348 1149 synodica
1379 1079 1446 1131 ad
1511 1077 1914 1147 presbyteros:
1973 1080 2294 1130 Sermonem
2322 1081 2383 1130 ut
2431 1080 2682 1148 superius
2738 1080 2888 1143 dixi,
2944 1081 3245 1134 Athanasii
3295 1083 3537 1152 episcopi
3571 1082 3637 1136 de
3667 1081 3772 1150 ﬁde

380 1169 678 1233 Trinitatis,
711 1170 866 1235 cujus
896 1169 1124 1220 mitium
1156 1175 1254 1221 est.
1293 1167 1611 1236 Quicunque
1642 1167 1776 1226 vult.
1808 1171 1914 1220 etc.
1951 1164 2213 1219 Ricull‘us
2243 1182 2477 1236 quoque
2508 1167 2709 1221 eadem
2766 1185 2942 1238 prope
2992 1169 3165 1223 habet
3213 1170 3268 1222 in
3316 1187 3441 1241 cap.
3473 1172 3508 1223 5
3538 1169 3767 1225 Consti-

372 1261 481 1311 tut.
520 1273 532 1310 :
573 1258 635 1312 Ut
672 1258 1048 1327 unusquisque
1079 1264 1324 1310 vestrum
1349 1255 1619 1326 psalmos,
1655 1258 1704 1308 et
1732 1271 2035 1309 sermonem
2064 1255 2195 1323 ﬁdei
2212 1253 2518 1323 catholicae,
2549 1257 2700 1324 cuius
2731 1259 2958 1311 initium
2981 1275 2999 1311 :
3033 1259 3378 1330 Quicunque,
3411 1263 3520 1313 etc.

442 1348 502 1398 2°
530 1344 693 1400 Circa
725 1345 1004 1400 saeculum
1029 1362 1084 1398 ix
1107 1352 1425 1399 conventus
1449 1361 1548 1398 seu
1573 1343 1912 1398 collationes
1937 1344 2403 1416 presbyterorum
2434 1350 2765 1399 memoratas
2799 1346 2858 1399 in
2905 1363 3033 1418 cap.
3083 1347 3152 1400 29
3173 1347 3450 1402 institutae
3485 1347 3662 1402 fuisse
3692 1347 3776 1400 vi-

370 1435 590 1489 dentur
609 1451 678 1489 ex
708 1451 835 1505 cap.
863 1435 930 1488 10
951 1433 1154 1489 Riculfi
1187 1438 1384 1488 Suess.
1418 1450 1430 1488 :
1460 1457 1479 1481 ε
1512 1433 1736 1487 Rationi
1765 1450 1997 1504 quoque
2021 1433 2350 1504 proximum
2374 1451 2501 1489 esse
2525 1434 2841 1501 sanximus,
2867 1440 2930 1490 ut
2949 1436 3009 1490 in
3034 1453 3384 1508 unoquoque
3407 1452 3625 1492 mense.
3650 1440 3775 1491 stu-

372 1526 499 1577 tuta
522 1522 635 1589 die,
666 1522 720 1576 id
746 1527 835 1577 est
859 1522 918 1576 in
943 1522 1218 1577 Kalendis
1243 1521 1708 1593 uniuscuiusque
1733 1521 1971 1591 mensis,
1997 1537 2100 1592 per
2122 1522 2387 1594 singulas
2409 1523 2680 1577 deeanias
2705 1524 3022 1596 presbyteri
3059 1525 3236 1580 simul
3258 1525 3620 1590 conveniant,
3657 1541 3775 1580 non

374 1611 561 1683 pastis
584 1611 671 1666 vel
697 1612 1096 1682 potationibus
1127 1616 1352 1676 vacent,
1381 1611 1478 1665 sed
1506 1611 1575 1665 de
1599 1627 1704 1664 suo
1737 1611 2082 1680 ministerio,
2115 1620 2174 1666 et
2205 1611 2475 1682 religiosa
2505 1613 2958 1682 conversatione,
2992 1618 3166 1685 atque
3209 1615 3281 1670 de
3318 1614 3410 1670 his
3442 1632 3566 1686 quas
3596 1615 3653 1669 in
3678 1629 3777 1670 eo-

376 1718 506 1755 rum
537 1700 814 1771 parochia
836 1701 1107 1755 accidunt
1127 1717 1456 1755 sermonem
1481 1698 1752 1764 habeant,
1777 1704 1830 1754 et
1863 1700 2115 1770 qualiter
2144 1717 2246 1772 pro
2273 1716 2420 1771 rege,
2444 1700 2530 1755 vel
2557 1702 2877 1757 rectoribus
2898 1703 3190 1769 Ecclesiae,
3215 1707 3389 1774 atque
3410 1721 3512 1774 pro
3538 1703 3662 1758 suis
3685 1705 3775 1759 fa-

377 1789 710 1845 miliaribus
731 1795 850 1845 tam
877 1790 1022 1845 vivis
1051 1807 1226 1861 quam
1251 1789 1541 1844 defunctis
1563 1805 1728 1843 orare
1750 1789 2017 1856 debeant,
2044 1789 2432 1844 considerent.
2462 1812 2488 1838 »
2511 1790 2634 1844 Huc
2658 1791 3045 1862 facitcapitul.
3070 1813 3096 1841 n
3125 1791 3499 1846 l5Hincmari
3522 1793 3590 1846 ad
3613 1809 3775 1864 pres-

374 1878 608 1950 byteros
631 1879 750 1948 (sub
774 1881 870 1949 ﬁn.
897 1887 1027 1934 tom.
1054 1881 1078 1934 I
1104 1879 1260 1950 Opp.)
1288 1896 1300 1933 :
1329 1901 1348 1927 ι
1380 1878 1451 1933 Ut
1483 1879 1716 1946 quando
1740 1878 2057 1949 presbyteri
2087 1895 2185 1948 per
2207 1878 2496 1933 Kalendas
2546 1878 2722 1934 simul
2765 1879 3154 1950 convenerint,
3203 1884 3334 1951 post
3356 1884 3651 1951 peractum
3685 1880 3775 1934 di-

377 1967 578 2021 vinum
606 1967 1014 2032 ministeriam,
1048 1972 1103 2021 et
1134 1966 1525 2022 necessarium
1561 1966 1950 2036 collationem,
1987 1984 2099 2035 non
2134 1967 2298 2038 quasi
2333 1968 2404 2022 ad
2440 1968 2750 2038 prandium
2782 1967 2861 2023 ibi
2894 1969 2964 2023 ad
2990 1968 3250 2024 tabulam
3274 1969 3584 2034 resideant,
3610 1993 3636 2019 »
3660 1973 3773 2027 etc.

447 2057 506 2109 3°
525 2057 709 2128 Caput
731 2058 798 2110 90
820 2057 1112 2110 elucirlare
1137 2062 1324 2127 potest
1349 2056 1503 2110 Beda
1524 2056 1580 2109 in
1611 2056 1827 2126 prazfat.
1853 2057 1923 2111 de
1950 2057 2237 2111 Remediis
2262 2061 2654 2128 peccatorum,
2681 2059 2798 2112 sive
2837 2057 3286 2129 pcenitentialis:
3333 2081 3360 2107 ς(
3397 2057 3650 2113 Solerter
3681 2060 3782 2113 ad-

375 2149 676 2198 monentes
703 2144 936 2198 doctum
964 2160 1258 2214 quemque
1287 2144 1646 2198 sacerdotem
1672 2144 1908 2209 Christi,
1932 2151 1994 2198 ut
2019 2145 2076 2198 in
2105 2147 2393 2201 universis
2425 2163 2550 2216 quae
2583 2145 2678 2201 hic
2709 2148 2983 2202 adnotata
3015 2148 3243 2219 reperit.
3271 2165 3496 2212 sexum,
3521 2153 3776 2220 aetatem,

374 2232 793 2297 conditionem,
828 2237 1072 2298 statum,
1113 2249 1422 2303 personam
1457 2235 1744 2303 cujusque
1775 2234 2176 2303 paenitentiam
2209 2251 2377 2306 agere
2406 2233 2668 2300 volentis,
2703 2234 2899 2306 ipsum
2929 2251 3162 2306 quoque
3194 2252 3291 2290 cor
3321 2236 3660 2307 paenitentis
3683 2253 3783 2290 cu-

376 2320 527 2376 riose
549 2320 863 2388 discernat,
889 2326 944 2374 et
973 2323 1295 2376 secundum
1325 2326 1387 2374 ut
1409 2321 1517 2376 sibi
1541 2324 1729 2376 visum
1756 2323 1946 2390 fuerit,
1971 2323 2703 2395 singulaqua’quejudicet.
2727 2323 3085 2388 Quibusdam
3109 2341 3413 2395 namquea
3432 2324 3578 2380 cibis
3595 2325 3778 2380 absti-

373 2409 585 2476 nendo,
611 2408 909 2462 nonnullis
933 2411 1148 2479 saepius
1172 2426 1360 2480 genus
1384 2410 1685 2474 flectendo,
1711 2412 1827 2464 sive
1850 2411 1908 2464 in
1931 2428 2101 2466 cruce
2123 2412 2353 2475 stando,
2379 2417 2480 2466 aut
2501 2411 2659 2466 aliud
2686 2411 2904 2482 aliquid
2931 2413 3267 2482 hujusmodi
3292 2414 3443 2484 quod
3473 2414 3541 2467 ad
3567 2430 3782 2485 purga-

373 2497 593 2551 tionem
613 2501 980 2567 peccatorum
1005 2497 1349 2569 pertineant,
1367 2498 1644 2553 faciendo.
1664 2521 1691 2547 η
1714 2499 2016 2570 lpsissima
2039 2501 2433 2570 repetitverba
2447 2501 2723 2556 Heriveus
2738 2501 3049 2556 Rhemens.
3068 2502 3124 2556 in
3141 2501 3384 2573 epistola
3397 2503 3466 2556 ad
3480 2502 3778 2558 Witonem

378 2586 750 2657 Rothomag.,
787 2603 912 2658 cap.
944 2588 1033 2642 23.
1071 2587 1198 2642 Hac
1227 2588 1530 2653 Acherius,
1564 2588 1776 2659 quibus
1808 2589 1916 2644 hoc
1950 2607 2132 2644 unum
2163 2590 2466 2658 addemus,
2513 2591 2665 2645 haud
2711 2607 2928 2662 paucas
2975 2591 3220 2646 lacunas
3270 2609 3303 2646 a
3353 2591 3518 2646 nobis
3549 2607 3782 2661 repara-

376 2680 466 2730 tas
488 2673 696 2730 essein
722 2675 866 2730 libro
894 2677 962 2732 de
987 2678 1281 2732 Pressuris
1305 2677 1730 2742 ecclesiasticis,
1754 2695 1860 2750 ope
1881 2695 1991 2732 ms.
2018 2679 2329 2746 cujusdam
2369 2679 2587 2734 codicis
2631 2679 2972 2736 monasterii
2997 2680 3400 2751 Resbacensis,
3433 2697 3606 2751 quem
3639 2696 3778 2735 cum

377 2764 732 2821 consulissot
761 2765 895 2821 olim
932 2771 996 2822 R.
1031 2767 1093 2824 P.
1127 2768 1192 2822 Ι).
1227 2767 1392 2823 Edm.
1427 2768 1706 2835 Martene,
1741 2784 2102 2840 quaecunque
2153 2786 2222 2825 ex
2252 2768 2348 2824 illo
2380 2774 2760 2841 exserpserat,
2803 2769 3107 2826 nobiscum
3154 2769 3583 2826 humanissime
3611 2785 3779 2825 com-

376 2854 714 2909 municavit.

382 3071 3778 3104 ῳ

1593 3222 2556 3397 arronrs

1637 3517 2165 3576 VERCELLENSIS
2205 3517 2522 3576 EPISCOPI

1397 3711 2764 3852 CAPITULABE.

380 4130 512 4184 CAP.
547 4127 588 4183 Ι.
625 4158 688 4169 -—
715 4125 1023 4183 Admonitio
1069 4126 1346 4197 pontiﬁcis
1387 4124 1467 4179 ad
1520 4125 1875 4194 presbyteros,
1907 4140 2036 4194 qua-
2061 4124 2117 4190 Α
2147 4122 2326 4188 nisse,
2349 4122 2484 4193 quia
2504 4137 2610 4176 nos
2633 4120 2848 4192 quibus
2878 4119 3264 4192 regendarum
3301 4119 3632 4176 animarum
3655 4135 3798 4176 cura

807 4201 939 4254 liter
967 4215 1104 4269 erga
1150 4197 1390 4251 subditos
1419 4205 1608 4265 agant.

453 4304 560 4372 (Th
570 4305 737 4361 eodul
748 4306 780 4360 ﬁ
798 4309 974 4377 caput
989 4306 1010 4358 1
1024 4304 1226 4374 Capita
1236 4301 1680 4366 laris.)0bsecro
1692 4319 1811 4366 vos,
1828 4301 2034 4356 fratres

386 4394 776 4464 dilectissimi,
810 4399 875 4448 ut
931 4409 1069 4464 erga
1125 4392 1494 4447 subditarum
1555 4390 1807 4462 plebium
1851 4391 2035 4462 profe-

303 4544 305 4546 η
383 4488 542 4537 ctum
566 4487 621 4536 et
641 4481 1109 4537 emendationem
1131 4478 1584 4551 vigilantissima
1604 4496 1744 4534 cura
1762 4478 2034 4534 laboratis

383 4576 675 4642 quatenus
695 4570 810 4625 illis
832 4568 983 4623 viam
1003 4567 1212 4622 salutis
1230 4569 1622 4637 ostendentes,
1641 4574 1700 4622 et
1720 4585 1818 4624 eos
1844 4568 2034 4622 verbis

383 4665 440 4715 et
469 4658 754 4730 exemplis
786 4659 1166 4720 instruentes,
1201 4663 1256 4710 et
1287 4675 1387 4712 vos
1419 4658 1486 4712 de
1518 4673 1714 4712 eorum
1753 4658 2031 4727 profectu,

383 4754 441 4803 et
473 4765 578 4803 nos
619 4749 688 4801 de
719 4751 931 4812 vestro,
966 4745 1210 4800 Domino
1239 4747 1378 4800 Jesu
1425 4746 1653 4802 Christo
1694 4745 2032 4815 auxiliante,

383 4838 718 4892 fructuosos
736 4835 818 4889 illi
835 4833 1168 4906 manipulos
1190 4840 1574 4906 reportemus.
1589 4835 1836 4890 Obsecro
1858 4833 2033 4888 etiam

383 4925 808 4981 fraternitatem
854 4928 1127 4994 vestram,
1183 4929 1248 4978 ut
1307 4923 1424 4979 haec
1482 4922 1768 4995 Capitula,
1802 4938 1931 4992 quae
1961 4921 2033 4976 ad

382 5013 850 5071 emendationem
878 5012 1004 5064 vita:
1031 5012 1528 5085 breviterdigessi,
1548 5011 1785 5066 assidue
1805 5010 2033 5080 legatis,

384 5108 441 5158 et
463 5101 758 5156 memorias
785 5101 1222 5172 commendatis,
1247 5107 1546 5160 eteorum.
1563 5100 1680 5155 sive
1693 5102 2035 5152 casterarum

387 5194 725 5246 sanctarum
753 5188 1182 5260 Scripturarum
1214 5189 1460 5245 lectione
1509 5201 1703 5241 mores
1723 5203 2036 5257 compona-

383 5279 481 5347 tis,
507 5277 685 5331 vitam
713 5279 1055 5343 emendatis,
1085 5284 1148 5333 ut
1169 5295 1304 5333 cum
1327 5275 1581 5331 subditis
1604 5273 1900 5345 plebibus,
1921 5275 2039 5347 opi-

385 5366 613 5421 tulante
639 5366 898 5436 Domino,
921 5369 993 5422 ad
1023 5384 1203 5439 regna
1225 5365 1483 5420 cmlestia
1514 5379 1752 5434 pergere
1783 5366 2032 5418 certetis.

387 5477 519 5526 CAP.
557 5473 620 5527 II.
661 5505 721 5514 —
755 5475 1090 5530 Retractatio
1146 5471 1404 5542 ejusdem,
1442 5473 1513 5542 iet
1561 5470 1625 5523 de
1679 5471 1890 5526 ordinis
1917 5470 2034 5525 dis-

643 5549 884 5600 cretione
917 5541 1177 5613 bonazque
1208 5544 1333 5597 vitae
1363 5541 1769 5596 exhortatione.

456 5631 642 5707 (Ibid)
673 5635 971 5692 Veraciter
1001 5647 1175 5688 nosse
1206 5631 1455 5696 debetis,
1487 5635 1543 5685 et
1575 5645 1806 5703 semper
1836 5631 2037 5688 memi-

2144 4212 2462 4267 commissa
2481 4215 2588 4274 est,
2606 4225 2707 4281 pro
2722 4209 2812 4264 his
2827 4209 2926 4280 qui
2943 4213 3140 4265 nostra
3153 4207 3792 4282 negligentiapereunt,

2144 4299 2426 4354 rationem
2455 4298 2739 4354 reddituri
2764 4315 2992 4353 sumus.
3017 4299 3124 4352 Pro
3147 4297 3242 4354 his
3272 4315 3407 4353 vero
3429 4314 3578 4370 quos
3597 4298 3794 4354 verbis

2143 4393 2200 4444 et
2220 4387 2499 4459 exemplis
2528 4386 2732 4442 lucrati
2759 4387 3062 4453 fuerimus,
3088 4386 3394 4458 premium
3415 4392 3642 4443 aeternas
3663 4391 3797 4441 vitae

2143 4476 2553 4548 percipiemus.
2588 4477 2748 4541 Quod
2771 4476 2818 4530 si
2862 4474 3115 4547 papulus
3137 4474 3327 4530 ﬁdelis
3357 4475 3522 4529 cibus
3551 4479 3639 4530 est
3668 4473 3798 4545 Dei,

2142 4565 2404 4636 ejusdem
2440 4564 2550 4619 cibi
2585 4564 3022 4619 condimentum
3055 4581 3161 4618 nos
3191 4580 3419 4618 sumus.
3450 4563 3664 4619 Scitote
3691 4579 3802 4619 ve-

2144 4658 2331 4709 strum
2353 4653 2600 4724 gradum
2619 4657 2816 4707 nostro
2834 4651 3042 4723 gradui
3061 4652 3408 4718 secundum,
3427 4656 3485 4706 et
3502 4667 3648 4723 pene
3667 4667 3805 4707 con-

2133 4743 2408 4814 junctum
2433 4758 2580 4796 esse.
2607 4740 2770 4796 Sicut
2813 4741 2969 4796 enim
3021 4741 3276 4812 episcopi
3305 4740 3703 4812 apostolorum
3735 4741 3799 4796 in

2144 4829 2421 4896 Ecclesia,
2446 4830 2530 4886 ita
2549 4830 2829 4884 nimirum
2887 4829 3210 4902 presbyteri
3257 4834 3598 4884 ceterorum
3622 4828 3802 4885 disci-

2145 4919 2417 4992 pulorum
2440 4918 2672 4975 Domini
2692 4918 2878 4974 vicem
2900 4923 3118 4975 tenent.
3141 4916 3308 4973 Etilli
3330 4922 3531 4973 tenent
3545 4921 3802 4990 gradum

2146 5008 2363 5064 summi
2390 5008 2682 5080 pontificis
2701 5010 2913 5072 Aaron,
2939 5007 3036 5063 isti
3066 5022 3202 5062 vero
3225 5004 3480 5061 ﬁliorum
3503 5007 3654 5077 ejus.
3686 5005 3805 5063 Un-

2145 5099 2216 5152 de
2246 5101 2472 5168 Oportet
2501 5114 2602 5153 vos
2633 5113 2864 5169 semper
2885 5111 3175 5151 memores
3195 5111 3324 5151 esse
3343 5097 3520 5150 tantas
3541 5093 3801 5166 dignita-

2143 5187 2242 5254 tis,
2277 5203 2564 5242 memores
2607 5191 2812 5240 vestras
2860 5183 3334 5247 consecrationis,
3382 5199 3673 5239 memores
3702 5199 3804 5239 sa-

2143 5292 2254 5331 cras
2283 5291 2459 5346 quam
2490 5275 2547 5329 in
2579 5274 2854 5330 manibus
2884 5273 3230 5344 suscepistis
3264 5271 3578 5343 unctionis,
3603 5276 3669 5326 ut
3688 5287 3803 5329 nec

2146 5364 2218 5419 ab
2249 5365 2450 5419 eadem
2476 5364 2760 5435 dignitate
2781 5361 3166 5433 degeneretis,
3191 5377 3296 5417 nec
3316 5367 3568 5416 vestram
3591 5377 3804 5417 conse-

2146 5452 2462 5507 crationem
2496 5452 2723 5506 irritam
2758 5449 3005 5516 faciatis,
3065 5465 3170 5504 nec
3224 5465 3437 5505 manus
3465 5465 3632 5504 sacro
3663 5465 3809 5504 san-

2146 5533 2324 5613 guine
2356 5540 2648 5595 delibutas
2678 5539 2971 5611 peccando
3019 5537 3333 5609 polluatis;
3385 5537 3487 5593 sed
3519 5537 3711 5593 cordis
3743 5543 3812 5594 et

2145 5629 2408 5701 corporis
2442 5627 2796 5688 munditiam
2827 5631 3257 5696 conservantes,
3306 5626 3579 5699 plebibus
3606 5641 3811 5684 exem-
