3956 6230
139 347 219 410 29

1640 354 1681 413 C
1693 355 1731 413 A
1746 350 2159 414 PITULARE.
3528 345 3611 406 30

144 481 319 554 plum
355 481 525 537 bene
545 482 786 538 vivendi
821 485 1168 556 przebentes,
1217 487 1310 543 his
1340 488 1549 557 quibus
1591 485 1849 559 praeestis
1881 487 1930 552 Α
1962 483 2259 538 beatitudo
2283 480 2938 555 acquiritur.Hiarmi
2954 479 3096 534 vitia
3113 481 3610 552 comprimuntur

146 573 458 627 ducatum
494 574 564 627 ad
600 574 864 630 ccelestia
897 593 1072 647 regna
1100 577 1422 648 praebentis.

144 680 280 736 CAP.
325 681 440 737 III.
471 713 544 722 -—
571 683 646 737 De
670 685 989 752 ignorantia
1035 687 1318 752 evitanda,
1363 691 1410 741 et
1450 687 1701 742 doctrina
1735 702 1841 741 ser-

922 757 1118 812 vanda.

220 844 484 910 (Cenat.
524 842 694 897 Tolet.
734 861 809 908 IV,
844 862 893 899 ο,
926 847 1014 912 2-1)
1065 845 1399 915 Ignorantia
1442 852 1630 901 mater
1661 864 1838 900 cunc-

152 936 360 986 torum
399 949 682 986 errorum
718 933 965 988 Maxime
1013 937 1412 990 sacerdotibus
1465 935 1559 990 Dei
1611 937 1842 990 vitanda

155 1027 270 1089 est,
301 1023 412 1090 qui
455 1021 709 1075 docendi
744 1023 1000 1076 ot'ticium
1036 1022 1092 1077 in
1147 1025 1379 1094 populis
1435 1031 1840 1094 susceperunt.

158 1109 534 1165 Sacerdotes
550 1112 706 1164 enim
726 1111 912 1178 legere
929 1118 1161 1167 sanctas
1176 1114 1500 1183 Scripturas
1519 1117 1751 1183 frequen
1766 1120 1847 1168 ter

161 1199 466 1252 admonet
497 1199 840 1268 Apostolus,
865 1200 1063 1253 dicens
1089 1201 1155 1254 ad
1185 1202 1556 1254 Timotheum
1585 1218 1596 1254 :
1624 1203 1848 1254 Attende

162 1288 422 1354 lectioni,
460 1287 845 1343 exhortationi
861 1289 1211 1346 etdoctrina’.
1240 1291 1457 1361 Semper
1474 1308 1739 1360 permane
1758 1291 1843 1344 his

169 1377 218 1446 (ι
258 1379 397 1430 lim.
440 1395 517 1443 xv,
556 1379 660 1447 13).
691 1377 890 1432 Sciant
921 1378 1098 1449 igitur
1149 1381 1478 1433 sacerdotes
1511 1379 1845 1450 Scripturas

169 1471 228 1520 et
261 1482 552 1533 canones,
587 1472 645 1520 et
678 1484 851 1522 omne
882 1485 1029 1538 opus
1059 1485 1258 1522 eorum
1295 1469 1352 1522 in
1386 1467 1759 1539 prmdictione
1792 1473 1848 1522 et

171 1555 453 1609 doctrina
469 1557 959 1628 consistat,atque
983 1558 1267 1612 aediﬁcent
1290 1562 1529 1612 cunctos
1555 1563 1669 1611 tam
1693 1557 1849 1624 fidei,

173 1644 436 1698 scientia
470 1661 652 1716 quam
687 1662 930 1716 operum
966 1647 1293 1719 disciplina.

173 1751 319 1805 CAP.
359 1751 464 1805 IV.
503 1783 572 1791 —
600 1754 661 1808 Ut
717 1770 925 1878 omnest
953 1753 1127 1878 ﬁdemt
1150 1755 1477 1809 catholicam
1535 1755 1848 1808 memoriter

931 1842 1106 1878 enean
1136 1868 1148 1878 .

931 1842 1148 1880 σηραηι.

261 1910 477 1965 Primo
496 1912 753 1966 omnium
772 1913 938 1967 ﬁdem
962 1914 1306 1968 catholicam
1332 1916 1442 1985 (17)
1465 1931 1667 1968 omnes
1693 1931 1852 1985 pres-

182 1999 380 2070 byteri
407 2005 467 2052 et
493 2000 846 2065 diaconi,seu
871 2003 1210 2057 subdiacom
1241 2004 1574 2059 memoriter
1595 2009 1849 2057 teneant.

185 2087 264 2144 Ut
295 2089 346 2142 si
384 2090 526 2160 quis
559 2089 668 2144 hoc
688 2091 1012 2144 faciendum
1035 2093 1854 2164 praztermittat,quat_lraginta

190 2178 407 2232 diebus
442 2196 477 2232 a
510 2179 644 2232 vino
677 2197 738 2234 se
771 2181 1079 2235 abstineat.
1113 2182 1181 2235 Et
1212 2181 1258 2236 si
1295 2183 1851 2250 postabstinentiam

190 2266 547 2339 neglexerit,
581 2269 1093 2325 condemnandum
1155 2270 1462 2343 dupliciter
1511 2273 1568 2326 in
1621 2290 1684 2327 eo
1716 2291 1848 2327 sen-

192 2358 402 2412 tentia.

186 2464 328 2518 CAP.
357 2463 427 2517 V.
464 2495 534 2504 —
568 2469 647 2520 De
675 2466 1006 2539 negligentia
1059 2468 1315 2534 cavenda,
1378 2469 1590 2534 iustitia
1637 2469 1844 2539 ample-

607 2537 822 2603 ctenda,
857 2542 905 2593 et
947 2547 1055 2592 vita
1086 2541 1446 2594 emendanda.

260 2624 450 2680 Nemo
481 2624 831 2680 clericorum
868 2626 1014 2681 ultra
1047 2629 1165 2682 hac
1200 2646 1327 2699 quae
1367 2630 1539 2698 jussa
1569 2633 1704 2683 sunt
1737 2628 1852 2683 dis-

191 2713 454 2782 simulet,
482 2720 587 2770 aut
608 2715 900 2771 ullatenus
918 2716 1209 2788 negligere
1229 2720 1458 2783 audeat,
1479 2719 1580 2772 sed
1606 2718 1853 2772 libenter

191 2803 440 2876 expleat,
478 2810 536 2860 et
561 2806 1521 2878 sacramentadivinanequaquam
1555 2809 1849 2879 negligen-

194 2898 282 2948 ter
301 2899 656 2948 contrectat.
691 2893 824 2949 Ideo
847 2895 1226 2966 tamjuvenes
1251 2913 1423 2967 quam
1450 2913 1619 2951 senes
1641 2898 1711 2952 de
1736 2898 1848 2964 his,

195 2985 249 3036 et
278 2983 348 3036 de
382 2983 551 3037 omni
605 2983 982 3038 conversione
1032 3001 1160 3047 sua,
1211 3001 1276 3038 ac
1329 2986 1764 3041 conversatione
1795 2990 1853 3040 et

195 3072 545 3142 poenitentia
566 3069 731 3125 valde
749 3087 875 3126 esse
898 3071 1465 3144 sollicitos,satisque
1489 3092 1656 3145 agere
1680 3092 1847 3145 opor-

194 3164 292 3224 tet,
328 3166 394 3214 ut
424 3160 551 3214 haec
586 3161 869 3231 condigne
918 3168 1117 3232 agant,
1168 3167 1224 3217 et
1271 3163 1339 3217 de
1392 3163 1613 3234 reliquo
1646 3168 1854 3218 ornent

1952 573 2053 628 His
2086 573 2380 627 alimentis
2414 573 2654 626 virtutes
2689 571 3051 626 nutriuntur.

1953 682 2086 736 CAP.
2113 680 2232 736 VII.
2257 711 2324 720 ——
2347 680 2499 747 Quod
2517 679 2765 734 sacerdos
2795 680 3015 732 missam
3068 678 3216 732 solus
3258 695 3607 751 nequaquam

2650 751 2878 806 celebret
2894 792 2903 804 .

2025 844 2206 910 (Idem
2240 841 2545 896 ’I‘heodulf.
2582 857 2686 911 cap
2715 842 2794 910 7.)
2828 840 3108 893 Sacerdos
3143 839 3304 894 solus
3361 841 3605 895 missam

1955 949 2328 1003 nequaquam
2363 931 2635 999 celebret,
2673 931 2810 1000 quia
2842 929 2994 982 sicut
3027 927 3124 982 illa
3171 928 3451 983 celebrari
3485 947 3598 983 non

1955 1028 2144 1093 potest
2174 1026 2298 1075 sine
2333 1020 2682 1074 salutatione
2714 1018 3052 1082 sacerdotis,
3092 1019 3468 1088 responsione
3495 1018 3607 1089 ple-

1956 1111 2066 1174 bis,
2101 1109 2499 1164 admonitione
2533 1107 2873 1170 sacerdotis,
2910 1107 3287 1177 responsione
3313 1106 3606 1162 nihilomi-

1957 1218 2067 1254 nus
2101 1200 2320 1271 plebis;
2356 1201 2432 1252 ita
2463 1198 2739 1251 nimirum
2776 1212 3146 1266 nequaquam
3179 1197 3252 1250 ab
3287 1214 3400 1250 uno
3434 1199 3603 1251 debet

1955 1289 2253 1344 celebrari.
2294 1290 2430 1342 Esse
2461 1288 2615 1341 enim
2674 1286 2886 1340 debent
2944 1285 3040 1356 qui
3098 1286 3146 1338 ei
3191 1285 3602 1354 circumstant,

1957 1397 2102 1451 quos
2138 1379 2230 1433 ille
2264 1378 2495 1440 salutet,
2533 1395 2563 1431 a
2596 1377 2810 1441 quibus
2861 1375 2911 1428 ei
2965 1374 3402 1443 respondeatur.
3433 1381 3488 1428 et
3531 1377 3601 1430 ad

1959 1469 2300 1523 memoriam
2337 1465 2419 1520 illi
2456 1466 2848 1520 reducendum
2884 1469 2971 1517 est
3003 1463 3144 1518 illud
3193 1465 3600 1519 Ilominicum:

1961 1559 2272 1627 Ubicunque
2299 1558 2516 1626 fuerint
2571 1557 2696 1622 duo,
2759 1556 2840 1608 vel
2897 1560 3003 1609 tres
3058 1556 3374 1626 congregati
3405 1557 3460 1609 in
3507 1571 3602 1610 no-

1957 1649 2107 1702 mine
2142 1663 2274 1712 meo,
2308 1656 2360 1701 et
2385 1663 2476 1718 ego
2506 1650 2560 1701 in
2585 1648 2762 1703 medio
2818 1666 3005 1704 eorum
3053 1666 3174 1703 sum
3221 1645 3428 1718 (Matth.
3463 1661 3602 1700 xvm

1957 1737 2070 1807 ρο).

1958 1844 2090 1899 CAP.
2127 1845 2272 1898 VIII.
2309 1875 2374 1885 —
2407 1845 2555 1912 Quod
2581 1846 2828 1900 sacerdos
2860 1847 3059 1900 missas
3109 1846 3223 1899 nisi
3265 1845 3496 1898 sacratis
3526 1843 3600 1896 ab

2105 1918 2374 1986 Episcopo
2408 1917 2535 1969 locis
2567 1934 2673 1971 non
2701 1927 2998 1987 przesumat
3023 1917 3299 1970 celebrare
3330 1917 3458 1983 (18).

2033 2007 2136 2058 llic
2169 2004 2222 2057 in
2261 2006 2521 2058 Romana
2553 2007 2771 2074 synodo
2803 2007 3182 2060 constitutum
3225 2010 3311 2058 est
3337 2003 3599 2059 omnium

1963 2111 2095 2147 cum
2131 2110 2416 2147 Consensu
2452 2094 2678 2164 synodi,
2716 2101 2777 2146 ut
2811 2095 3008 2147 nullus
3043 2095 3340 2164 presbyter
3391 2093 3602 2146 missas

1963 2184 2075 2238 nisi
2111 2183 2353 2238 sacratis
2385 2183 2455 2236 ab
2489 2183 2757 2252 episcopo
2783 2182 2920 2236 locis
2946 2181 3236 2234 celebrare
3262 2186 3602 2250 prmsumat,

1964 2274 2062 2344 qui
2096 2272 2381 2343 particeps
2413 2273 2482 2325 de
2515 2277 2718 2326 caetero
2777 2271 2866 2325 sui
2925 2269 3171 2326 voluerit
3229 2285 3358 2325 esse
3409 2283 3601 2322 sacer-

1963 2361 2126 2416 dotii.

2105 2467 2236 2524 CAP.
2267 2468 2356 2522 ΙΧ.
2407 2499 2474 2508 -
2507 2469 2656 2536 Quod
2687 2469 2882 2521 rlim'na
2913 2467 3176 2538 mysteria
3224 2465 3459 2520 studiose

2599 2539 2965 2596 celebrentur.

2034 2628 2360 2700 (Theodulf.
2400 2646 2524 2699 cap.
2575 2630 2654 2696 5.)
2708 2631 2764 2683 In
2817 2626 3142 2693 sacrificiis,
3205 2624 3602 2689 dilectissimi,

1962 2723 2095 2772 ante
2117 2719 2314 2772 omnia
2335 2719 2644 2786 diligenter
2665 2719 3020 2784 observetur,
3048 2722 3110 2770 ut
3133 2717 3300 2787 panis
3325 2720 3380 2768 et
3400 2715 3600 2767 vinum

1961 2812 2017 2861 et
2048 2825 2220 2878 aqua,
2269 2808 2395 2862 sine
2449 2808 2663 2878 quibus
2721 2808 2912 2860 missa:
2971 2810 3268 2876 nequeunt
3298 2802 3601 2865 celebrari,

1965 2896 2354 2951 mundissima
2403 2902 2576 2967 atque
2626 2894 3058 2949 studiosissime
3114 2897 3460 2949 tractentur.
3533 2892 3602 2946 Et

1963 2985 2106 3040 nihil
2167 2985 2224 3039 in
2284 2986 2376 3039 his
2429 2985 2560 3050 vile,
2619 2984 2763 3039 nihil
2823 3002 2936 3039 non
2998 2984 3305 3056 probatum
3346 2981 3604 3037 invenia-

1963 3077 2266 3146 tur,juxta
2298 3074 2437 3128 illud
2472 3074 2624 3145 quod
2661 3073 2739 3128 ait
2769 3073 3104 3145 Scriptura:
3169 3072 3248 3126 Sit
3307 3075 3472 3126 timor
3506 3071 3607 3125 Do-

1963 3167 2106 3219 mini
2134 3166 2404 3218 vobiscum
2425 3182 2442 3217 :
2465 3181 2589 3218 cum
2608 3164 2898 3232 diligentia
2928 3166 3124 3217 cuncta
3159 3163 3330 3232 facile
3377 3162 3445 3227 (II
3475 3161 3606 3213 Par.

197 3253 310 3303 tam
345 3249 544 3304 clerici
577 3266 753 3320 quam
780 3249 1105 3314 saeculares,
1129 3250 1356 3306 animas
1388 3270 1526 3307 suas
1549 3270 1855 3308 ornamen-
1885 3243 1927 3309 C
1965 3271 2084 3317 xix,
2110 3254 2186 3324 7).

192 3338 266 3392 tis
289 3338 692 3411 dignissimis,
718 3339 1092 3410 dogmatibus
1112 3340 1332 3395 scilicet
1349 3342 1629 3408 veritatis,
1648 3343 1854 3398 decore

197 3428 517 3498 pudicitiae,
587 3427 896 3497 splendore
961 3429 1231 3499 justitize,
1292 3431 1542 3484 candore
1600 3431 1851 3502 pietatis,

195 3514 450 3586 aliisque
476 3515 999 3587 omnibus,quibus
1023 3523 1314 3589 comptam
1341 3520 1504 3574 decet
1527 3537 1651 3574 esse
1677 3521 1853 3575 ratio-

197 3604 457 3658 nabilem
484 3609 764 3658 mentem.
785 3606 932 3660 Tum
961 3613 1234 3678 prasterea
1251 3607 1544 3663 declinare
1567 3626 1599 3663 a
1620 3626 1855 3664 consor-

198 3693 298 3748 tiis
339 3693 696 3761 inhonestis,
733 3700 789 3748 et
821 3694 1176 3764 infidelibus,
1211 3702 1266 3751 et
1288 3699 1620 3752 societatem
1646 3698 1858 3754 habere

202 3783 491 3848 ﬁdelium,
525 3788 704 3854 atque
737 3784 866 3838 illos
900 3785 1617 3856 frequentarecoaventus,
1642 3786 1699 3841 in
1721 3789 1847 3858 qui-

203 3873 310 3926 bus
342 3874 412 3928 de
448 3872 757 3943 pudicitia,
790 3873 859 3926 de
882 3873 1141 3943 justitia,
1172 3875 1242 3927 de
1293 3876 1507 3946 pietate
1548 3881 1848 3931 tractatur.

205 3960 376 4016 Orare
409 3979 650 4033 semper
681 3966 861 4016 Deum
880 3979 948 4016 ex
977 3966 1094 4017 toto
1115 3965 1302 4030 corde,
1327 3969 1383 4019 et
1413 3965 1484 4019 ab
1518 3965 1644 4036 ipso
1667 3971 1860 4036 petere

206 4066 326 4120 quae
358 4052 548 4119 decet,
585 4051 698 4123 ipsi
732 4051 949 4122 gratias
978 4068 1166 4122 agere,
1199 4057 1255 4106 et
1303 4070 1495 4108 veram
1543 4055 1856 4124 paenitudi-

203 4155 333 4193 nem
370 4140 806 4211 praeteritorum
840 4147 1160 4211 gestorum.
1185 4142 1628 4213 Aliquantulum
1654 4143 1856 4207 etiam,

208 4227 253 4281 si
285 4229 567 4299 possibile
586 4234 697 4293 est,
714 4246 817 4300 per
836 4228 1294 4285 misericordiam
1316 4232 1860 4303 pauperumjuvare

209 4317 614 4387 paenitentiam
629 4360 641 4372 .

2363 3342 2496 3397 CAP.
2530 3341 2593 3396 Χ.
2628 3372 2695 3380 -
2724 3341 2854 3395 Item
2882 3356 2951 3394 ex
2977 3339 3198 3394 eisdem.

2035 3436 2256 3503 Corpus
2287 3431 2516 3486 Domini
2545 3429 2703 3483 nullo
2754 3429 2926 3482 modo
2969 3429 3340 3480 consecretur
3397 3424 3511 3479 nisi
3541 3439 3611 3479 ex

1965 3521 2192 3591 integra
2222 3518 2738 3588 oblatione.Neque
2761 3515 2914 3570 enim
2942 3511 3324 3569 Dominussui
3347 3513 3612 3584 corporis

1967 3611 2224 3682 aliquam
2267 3608 2550 3663 sustinuit
2597 3605 3070 3667 diminutionem,
3132 3603 3285 3659 sicut
3324 3603 3611 3674 scriptum

1967 3705 2094 3754 est:
2129 3699 2231 3753 Nec
2258 3698 2416 3752 dabis
2446 3700 2695 3751 sanctum
2745 3705 2904 3750 tuum
2960 3694 3149 3748 videre
3204 3693 3616 3763 corruptionem

1969 3790 2143 3860 (Psal.
2179 3805 2267 3853 xv,
2300 3788 2412 3857 2t).
2449 3788 2514 3841 Et
2544 3785 2681 3840 alibi
2743 3785 2808 3840 Os
2864 3800 2973 3838 non
3029 3783 3414 3837 comminuetis
3441 3797 3511 3836 ex
3555 3797 3616 3836 eo

1969 3879 2146 3946 (Joan.
2181 3894 2268 3938 xv,
2301 3877 2412 3943 36).
2444 3876 2631 3930 Missae
2663 3874 2838 3928 etiam
2871 3873 2982 3928 nisi
3016 3890 3048 3925 a
3069 3871 3293 3942 jejunis
3341 3869 3612 3925 sacerdo-

1970 3966 2129 4020 tibus
2162 3983 2274 4020 non
2307 3964 2692 4020 celebrentur.

2059 4055 2194 4109 CAP.
2230 4055 2317 4108 XI.
2351 4085 2416 4094 —
2451 4055 2512 4110 Ut
2539 4055 2766 4123 femina
2795 4051 2865 4105 ad
2893 4052 3070 4105 altare
3095 4066 3206 4104 non
3235 4050 3520 4104 accedant.

2043 4143 2368 4214 (Theodulf.
2403 4158 2530 4213 cap.
2588 4141 2668 4210 6.)
2723 4140 2969 4193 Femina:
3025 4139 3264 4193 missam
3321 4137 3619 4192 sacerdote

1973 4231 2299 4287 celebrante
2330 4246 2701 4300 nequaquam
2727 4229 2794 4281 ad
2821 4228 3001 4282 altare
3023 4229 3320 4292 accedant,
3347 4226 3447 4282 sed
3476 4225 3618 4280 locis

1974 4323 2096 4376 suis
2128 4325 2305 4389 stent,
2340 4324 2396 4373 et
2443 4318 2520 4373 ibi
2573 4317 2843 4371 sacerdos
2887 4333 3088 4371 earum
3148 4316 3472 4370 oblationes
3503 4313 3618 4367 Deo

1976 4409 2280 4464 oblaturus
2311 4407 2572 4479 accipiat.
2608 4407 2892 4460 Memores
2951 4421 3079 4460 esse
3134 4405 3348 4458 debent
3390 4401 3618 4454 feminea

1975 4497 2340 4553 inﬁrmitatis
2371 4513 2513 4566 suae,
2537 4500 2592 4550 et
2623 4511 2797 4550 sexus
2829 4493 3266 4549 imbecillitatis.
3301 4492 3368 4544 Et
3401 4489 3619 4544 ideirco

281 4584 616 4652 (Theodulf.
675 4600 803 4654 cap.
862 4585 938 4654 2).
999 4585 1237 4655 Oportet
1288 4603 1389 4640 vos
1457 4585 1862 4640 assiduitatem
1901 4614 1944 4677 Ι)
1978 4587 2251 4658 quaelibet
2274 4586 2556 4641 sanctain
2582 4584 2905 4639 ministerio
2927 4583 3122 4637 divino
3144 4579 3479 4677 continge-re
3500 4595 3624 4650 per-

216 4671 422 4728 babere
456 4673 716 4746 legendi,
743 4677 801 4728 et
823 4673 1165 4728 instantiam
1199 4674 1424 4729 orandi.
1459 4676 1604 4738 Quia
1625 4675 1738 4730 vita
1760 4675 1866 4730 viri
1901 4669 1938 4677 ”
1977 4677 2303 4730 timescant.
2325 4675 2456 4737 Quae
2472 4676 2644 4729 etiam
2667 4673 2798 4727 laici
2828 4672 2932 4725 viri
2959 4671 3366 4742 pertimescere
3390 4669 3624 4737 debent,

209 4761 350 4831 justi
382 4763 1008 4830 lectione'instruitur,
1042 4764 1302 4818 oratione
1333 4769 1592 4833 ornatur,
1626 4769 1682 4819 et
1722 4765 1869 4819 assi-
1979 4782 2052 4820 ne
2079 4765 2203 4819 Ozze
2240 4780 2468 4835 pmnam
2505 4764 2774 4826 subeant,
2807 4761 2929 4832 qui,
2962 4760 3100 4813 dum
3159 4762 3358 4814 Arcam
3394 4759 3625 4814 Domini

218 4852 434 4907 duitate
464 4851 743 4907 lectionis
794 4852 1058 4906 munitur
1111 4851 1283 4906 homo
1333 4869 1365 4907 τι
1419 4859 1669 4924 peccato.
1699 4854 1870 4924 juxta
1978 4853 2432 4910 extraordmarie
2477 4852 2817 4924 contingere
2863 4849 3064 4913 voluit,
3115 4851 3357 4904 Domino
3421 4864 3619 4920 percu-

219 4938 376 4995 illum
409 4942 510 5012 qui
544 4941 809 4996 dicebat:
847 4945 913 4996 In
967 4941 1128 4996 corde
1182 4958 1299 4996 meo
1357 4942 1614 4996 abscondi
1652 4943 1869 5014 eloquia
1980 4945 2160 4999 tiente
2192 4942 2414 4998 interiit
2443 4944 2515 5013 (II
2543 4944 2650 5009 Reg
2706 4943 2804 5011 v1).

216 5033 323 5098 tua,
354 5037 414 5085 ut
446 5048 559 5086 non
589 5047 799 5102 peccem
833 5031 934 5085 tibi
962 5033 1134 5101 (Psat.
1170 5049 1364 5097 cxvm,
1399 5033 1505 5102 11).
1568 5031 1697 5086 Haec
1731 5037 1870 5085 sunt

219 5119 365 5174 enim
391 5138 580 5189 arma,
605 5119 873 5175 videlicet
895 5120 1064 5176 lectio
1087 5126 1143 5175 et
1165 5121 1368 5184 oratio,
1406 5121 1621 5192 quibus
1663 5121 1870 5174 diabo-

220 5204 306 5262 lus
321 5208 852 5281 expugnaturﬂazc
870 5226 932 5264 su
945 5215 1008 5264 nt
1022 5210 1414 5265 instrumenta
1427 5210 1640 5278 quibus
1655 5215 1871 5266 aeterna

210 4425 338 4478 CAP.
400 4425 497 4480 VI.
560 4457 629 4465 —
720 4423 926 4491 Quibus
1009 4427 1180 4478 armis
1262 4425 1542 4491 diabolus,
1601 4430 1651 4482 et
1731 4428 1864 4481 vitia

838 4500 1236 4566 expugnentur.

1979 5056 2110 5106 CAP.
2142 5050 2262 5105 XII.
2325 5081 2392 5089 ——
2463 5051 2525 5106 Ut
2583 5051 2810 5117 femina?
2853 5056 3069 5102 sacrata
3125 5065 3276 5114 vasa,
3325 5048 3408 5102 vel
3437 5046 3626 5117 pallas

2551 5138 2662 5174 non
2715 5123 3054 5187 contingant.

2056 5213 2322 5268 Sacratae
2356 5212 2466 5283 (19)
2501 5215 2614 5266 Deo
2645 5209 2914 5280 feminas,
2944 5209 3031 5264 vel
3063 5208 3380 5264 monachae
3401 5210 3631 5262 sacrata

288 5404 395 5473 (t7)
420 5405 611 5460 Fidem
658 5402 1010 5475 catholicam.
1065 5404 1349 5460 Acberius
1371 5406 1495 5475 jam
1531 5405 1762 5460 monuit
1792 5406 1862 5460 de

225 5475 488 5599 Syintbolo
521 5474 832 5530 Athanasii
855 5475 945 5531 hic
963 5478 1079 5546 agi.
1100 5477 1162 5531 In
1189 5479 1300 5532 tine
1324 5474 1424 5548 pro
1445 5481 1718 5533 sententia
1742 5477 1869 5547 lego

230 5560 332 5598 scza
365 5588 376 5598 .

230 5560 376 5598 δοται.

1979 5425 2106 5478 cap.
2141 5409 2335 5463 Nullus
2363 5409 2659 5478 presbyter.
2698 5407 2777 5462 De
2803 5422 3060 5478 consecr.
3097 5406 3234 5460 dist.
3270 5406 3315 5478 1.

2053 5474 2169 5548 (19)
2203 5474 2422 5533 Soteris
2455 5474 2581 5548 quis
2617 5480 2797 5532 fertur
2852 5477 3020 5545 epist.
3081 5480 3133 5528 2.
3198 5476 3452 5548 episcop.
3496 5474 3624 5530 Ital.

1981 5546 2179 5605 Exstat
2209 5552 2348 5612 dist,
2397 5546 2488 5612 23,
2537 5566 2662 5618 cap.
2727 5549 2997 5603 Sacr-atus.
3052 5548 3119 5600 Et
3150 5548 3300 5616 apud
3362 5546 3620 5618 Yvonem

295 5618 648 5693 (18)_Concit.
684 5618 828 5693 Item.
862 5620 971 5676 sub
1002 5619 1292 5692 Sylvestro
1323 5619 1381 5674 in
1414 5621 1568 5693 epil.)
1605 5620 1873 5693 Refertur
1979 5624 2209 5676 Carnot.
2242 5621 2464 5675 Decret.
2500 5637 2557 5690 p.
2593 5617 2651 5672 xi.
2687 5634 2736 5674 c.
2769 5621 2840 5670 72
2870 5625 2928 5673 et
2958 5636 3014 5688 p.
3049 5633 3131 5683 ιιι,
3161 5633 3289 5687 cap.
3321 5617 3450 5682 265,

267 5687 665 5752 pudAnselm.
700 5687 830 5746 libr.
863 5709 960 5763 vn,
995 5687 1180 5747 c.'137
1211 5697 1266 5748 et
1297 5693 1397 5748 138
1427 5687 1484 5750 e't
1515 5687 1670 5765 apud
1703 5691 1864 5746 Grat.
