3956 6230
319 362 390 426 3““Ι
1333 371 1672 432 ATTONIS
1716 367 2300 433 VERGELLENSIS
2345 373 2701 435 EPISCOPI
3643 372 3726 431 39

321 491 482 566 vasa,
517 497 606 554 vel
636 505 896 556 sacratas
954 500 1140 572 pallas
1185 518 1360 573 penes
1392 520 1498 558 nos
1531 503 1882 573 contingere,
1912 507 1968 557 et
1994 503 2049 568 Α
2079 503 2333 575 ptizandi
2368 505 2478 560 sibi
2512 505 2806 578 quispiam
2835 504 3055 578 passim
3086 519 3436 577 quocunque
3461 507 3726 574 tempore

219 622 221 624 -
323 588 474 643 circa
505 589 712 644 altaria
771 593 1073 646 incensum
1135 593 1356 646 deferre
1415 593 1701 664 perlatum
1762 600 1849 648 est
1888 595 1958 648 ad

323 678 701 748 apostolicam
736 681 954 736 sedem.
989 684 1122 746 Quaa
1173 682 1367 735 omnia
1416 683 1864 754 reprehensione
1907 689 1963 737 et

322 768 744 838 vituperatione
774 771 944 841 plena
965 787 1090 825 esse
1123 769 1264 824 nulli
1302 777 1452 826 recte
1478 773 1828 843 sapientium
1862 774 1962 827 du-

315 857 477 911 bium
514 863 617 912 est.
648 861 1010 931 Quapropter
1031 860 1959 930 hujussanctzcsedisauctoritate

315 946 435 1000 haec
467 947 665 1002 omnia
697 965 953 1003 resecare
976 949 1240 1003 funditus
1273 951 1621 1020 quantocius
1674 952 1955 1022 poteritis,

313 1025 658 1090 censemus:
693 1042 748 1091 et
780 1054 850 1091 ne
885 1037 1062 1107 pestis
1097 1038 1214 1091 haec
1252 1039 1422 1092 latius
1474 1039 1822 1110 divulgetur,
1859 1058 1960 1112 per

315 1140 518 1180 omnes
565 1125 891 1196 provincias
941 1127 1197 1199 abstergi
1259 1127 1542 1184 citissime
1585 1130 1954 1186 mandamus.

418 1232 554 1286 CAP.
587 1232 727 1288 XIII.
762 1265 829 1272 —
865 1235 926 1310 Ut
958 1235 1148 1310 nullus
1178 1247 1472 1306 praesumat
1505 1238 1752 1310 qualibet
1782 1256 1853 1292 ex

773 1308 945 1360 sacris
975 1307 1176 1361 illicita
1205 1323 1488 1378 usurpare.

383 1410 710 1480 (Theodulf.
744 1429 871 1484 cap.
913 1414 1020 1483 18.)
1067 1413 1274 1467 Nullus
1328 1421 1643 1486 prmsumat
1691 1422 1790 1471 aut
1821 1417 1956 1471 cali-

315 1515 461 1566 cem,
497 1505 597 1555 aut
627 1505 1028 1571 patcnam,aut
1049 1502 1320 1574 quaelibet
1339 1521 1475 1558 vasa
1497 1511 1741 1567 sacra,ct
1765 1506 1957 1562 divino

314 1588 547 1643 servitio
582 1590 944 1660 mancipata,‘
967 1593 1036 1645 ad
1070 1593 1214 1647 alios
1265 1610 1435 1665 usus,
1458 1601 1810 1666 retorquere,
1853 1614 1957 1650 nec

314 1675 492 1731 calice
526 1694 690 1732 sacro
722 1679 872 1733 aliud
908 1680 1685 1755 bibatfprzeterqsanguinem
1720 1685 1956 1748 Christi,

314 1765 414 1835 qui
450 1766 506 1820 in
541 1774 902 1822 sacramento
930 1769 1251 1840 accipitur;
1275 1788 1376 1826 nec
1404 1778 1672 1844 patcnam
1703 1775 1770 1828 ad
1798 1775 1954 1830 aliud

2073 594 2292 648 nullam
2326 597 2522 649 credat
2555 596 2746 650 inesse
2807 596 3121 659 ﬁduciam;
3184 599 3393 666 praeter
3443 593 3722 648 Paschale

2071 682 2307 752 festum,
2341 690 2396 738 et
2428 689 2793 739 Pentecostes
2851 683 3176 738 venerabile
3241 689 3715 738 sacramentum:

2071 777 2309 844 excepto
2346 775 2630 828 duntaxat
2659 773 2989 843 gravissimi
3031 771 3330 842 languoris
3363 771 3626 835 incursu,
3659 771 3722 824 in

2070 878 2186 932 quo
2216 863 2532 916 verendum
2583 869 2670 917 est
2699 863 2792 916 'ne
2846 861 3028 916 morbi
3081 868 3376 915 crescente
3437 860 3715 932 periculo,

2069 949 2195 1004 sine
2247 951 2503 1004 remedio
2563 951 2809 1005 salutari
2871 951 3136 1005 fortassis
3183 955 3493 1020 agrotans,
3544 949 3720 1005 exitio

2071 1045 2398 1111 praaventus
2430 1041 2725 1095 abscedat.
3515 1099 3518 1102 ,

2183 1146 2318 1201 CAP.
2353 1145 2551 1201 XVIII.
2585 1177 2654 1186 —
2686 1146 2940 1214 Qualiter
2962 1145 3224 1214 baptismi
3257 1147 3596 1198 sacramenta

2627 1219 2903 1272 celebrari
2940 1225 3154 1287 oportet

2138 1324 2553 1380 Catechumeni
2587 1329 2899 1395 antequam
2931 1323 3320 1393 baptizentur,
3343 1321 3714 1376 instruantur

2069 1413 2318 1484 qualiter
2365 1415 2622 1479 credant,
2675 1418 2740 1467 ut
2787 1414 3190 1467 sacerdotibus
3239 1428 3372 1466 cum
3415 1411 3714 1482 baptizan-

2067 1507 2164 1556 tur
2195 1503 2603 1580 respondeant.
2639 1502 2744 1567 Qui
2780 1501 2940 1556 nullo
2974 1502 3145 1556 modo
3178 1501 3550 1572 baptizentur
3600 1499 3719 1554 nisi

2069 1608 2236 1645 suam
2267 1592 2515 1645 conlcssi
2555 1591 2769 1646 fuerint
2801 1591 2976 1645 fidem
3005 1607 3017 1643 :
3052 1590 3100 1644 si
3148 1587 3394 1644 facultas
3441 1588 3721 1660 loquendi

2068 1680 2318 1734 adfuerit
2343 1680 2418 1746 ;si
2435 1686 2632 1734 autem
2653 1679 2849 1734 subito
2873 1678 3216 1733 imminente
3238 1677 3494 1749 periculo
3517 1679 3722 1732 obmu-

2067 1768 2304 1833 tuerint,
2359 1784 2460 1839 per
2508 1767 3045 1822 Christianissimus
3096 1771 3276 1821 testes
3333 1783 3535 1822 eorum
3572 1767 3719 1820 ﬁdes

315 1854 917 1911 omcium‘admittere
949 1859 1180 1923 audeat,
1217 1863 1498 1932 quam;ad
1530 1862 1729 1919 altaris
1763 1865 1962 1919 minis-
1991 1872 2038 1936 Β
2066 1857 2450 1922 examinetur,
2486 1856 3046 1928 quiillisantequam
3063 1855 3715 1921 obmutuerint,adfuis-

315 1944 550 1999 terium.
581 1945 649 2000 Et
679 1945 881 2002 altaria
914 1965 1023 2003 non
1059 1951 1466 2020 cooperiantur
1513 1952 1623 2006 nisi
1671 1954 1871 2008 nitidis
1902 1960 1957 2010 et

316 2032 480 2089 novis
501 2035 1126 2107 pannis,corporavero
1150 2047 1514 2095 mortuorum
1539 2042 1767 2113 in_ipsis
1793 2043 1954 2100 nullo

318 2123 490 2177 modo
519 2123 905 2180 involvantur.

393 2229 526 2286 CAP.
559 2229 698 2285 XIV.
731 2260 799 2273 —
834 2232 896 2288 Ut
925 2232 1240 2290 vestimenta
1267 2237 1630 2294 ecclesiastica
1659 2244 1874 2297 sacrata

894 2309 945 2360 et
978 2307 1205 2361 honesta
1235 2310 1364 2363 sint.

380 2407 745 2464 Vestimenta
760 2411 873 2481 (20)
890 2411 1066 2483 igitur
1079 2413 1470 2470 ecclesiastica
1483 2417 1694 2488 quibus
1709 2419 1954 2477 Domino

313 2497 705 2570 ministratur,
738 2506 966 2556 sacrata
984 2502 1195 2557 debent
1215 2520 1342 2559 esse
1361 2510 1417 2559 et
1442 2505 1704 2562 honesta.
1732 2511 1954 2574 Quibus

312 2584 444 2642 aliis
472 2587 680 2643 usibus
709 2605 881 2644 nemo
915 2590 1083 2646 debet
1120 2592 1224 2659 uti,
1260 2595 1879 2664 quam-'ecclesiasticis
1899 2604 1956 2654 et

313 2679 426 2731 Deo
459 2675 655 2749 dignis
673 2677 904 2744 ofﬁciis,
923 2695 1048 2750 qua:
1069 2682 1265 2750 nec_ab
1289 2681 1420 2738 aliis
1443 2685 1656 2740 debent
1674 2689 1952 2759 contingi,

312 2769 414 2820 aut
446 2765 602 2834 ferri,
636 2766 746 2832 nisi
781 2785 814 2822 a
843 2771 1088 2824 sacratis
1121 2771 1478 2838 hominibus,
1514 2791 1584 2828 ne
1637 2774 1780 2830 ultio
1827 2794 1953 2847 quas

314 2853 619 2911 Balthasar
667 2872 860 2927 regem
911 2859 1216 2928 percussit,
1267 2878 1444 2933 super
1492 2863 1610 2917 haec
1660 2869 1951 2937 transgre-

315 2942 564 3011 dientes,
596 2949 652 2998 et
699 2943 811 3000 alia
859 2956 1297 3017 praesumentes,
1346 2951 1538 3006 veniat
1586 2953 1815 3012 divina;
1852 2954 1952 3026 qui

316 3032 456 3086 dum
481 3049 619 3088 vasa
640 3033 871 3090 Domini
904 3037 960 3090 in
987 3054 1128 3094 usus
1149 3055 1489 3097 communes
1511 3043 1854 3114 assumpsit,
1880 3044 1958 3098 vi-

313 3125 435 3176 tam
467 3138 600 3177 cum
636 3139 811 3196 regno
842 3125 1057 3196 pariter
1086 3128 1302 3183 amisit.

410 3228 544 3285 Car.
577 3229 688 3285 XV.
735 3263 786 3270 —
825 3232 886 3288 Ut
917 3233 1104 3288 clerici
1140 3236 1496 3291 saecularibus
1525 3237 1859 3295 indumentls
1921 3235 1926 3238 ’

938 3321 1045 3359 non
1075 3310 1324 3361 utantur.

383 3406 713 3478 (Zacharias
745 3426 916 3480 papa,
941 3417 996 3465 et
1029 3413 1275 3468 refertur
1315 3416 1405 3478 2t,
1464 3432 1520 3486 q.
1558 3417 1611 3481 4,
1660 3435 1786 3490 cap.
1821 3421 1952 3490 Epi-

310 3498 508 3568 scopi.)
525 3498 852 3570 Presbyteri
869 3505 926 3555 et
946 3500 1172 3556 diaconi
1192 3503 1568 3560 saecularibus
1594 3507 1953 3563 indumentis

313 3584 555 3640 minime
573 3591 831 3656 utantur,
851 3588 962 3643 nisi
986 3595 1051 3644 ut
1069 3592 1361 3657 condecet,
1398 3595 1595 3649 tunica
1623 3597 1953 3652 sacerdota-

313 3672 392 3730 li:
429 3675 528 3730 sed
561 3691 746 3747 neque
777 3678 915 3734 dum
949 3680 1379 3736 ambulaverint
1410 3683 1467 3737 in
1509 3683 1819 3754 civitatem,
1854 3692 1956 3742 aut

315 3762 375 3818 in
407 3762 584 3828 viam,
603 3770 705 3819 aut
723 3765 782 3821 in
802 3767 1042 3838 plateas,
1068 3769 1196 3825 sine
1217 3771 1576 3840 operimento
1600 3779 1956 3844 praesumant

315 3852 637 3924 ambulare,
672 3864 875 3926 praeter
905 3860 953 3912 si
985 3857 1042 3912 in
1073 3859 1285 3914 itinera
1314 3860 1487 3931 longa
1507 3862 1954 3918 ambulaverint.

315 3942 482 4006 Quia,
534 3943 686 3998 sicut
706 3946 910 4000 mulier
940 3962 1104 4001 orans
1135 3949 1193 4002 in
1219 3949 1456 4004 ecclesiis
1485 3967 1591 4005 non
1626 3950 1810 4006 velato
1864 3968 1956 4006 ca-

313 4032 426 4101 pite
454 4032 704 4104 deturpat
733 4044 896 4106 caput
924 4052 1085 4090 suum
1140 4037 1186 4106 (l
1243 4039 1373 4094 Cor.
1422 4057 1483 4104 II,
1520 4041 1592 4111 4),
1618 4041 1788 4110 juxta
1817 4058 1954 4112 apo-

316 4120 811 4189 stolicamvocem
838 4143 854 4187 ;
886 4123 966 4178 ita
992 4128 1262 4181 sacerdos
1297 4128 1421 4182 sine
1461 4129 1820 4198 Operimento
1855 4131 1955 4185 de-

314 4214 513 4281 turpat
561 4213 951 4268 sacerdotium
1004 4231 1200 4270 suum.
1257 4217 1426 4282 Nam,
1486 4218 1537 4271 si
1585 4223 1780 4273 tenere
1813 4235 1953 4289 pras-

317 4301 632 4372 sumpserit
711 4308 911 4357 contra
982 4309 1203 4360 statuta
1260 4315 1470 4376 ;agere,
1543 4309 1958 4364 communione

318 4388 594 4460 privetur,
627 4390 811 4448 donec
841 4409 967 4463 quas
1014 4399 1234 4450 statuta
1281 4400 1420 4450 sunt
1467 4395 1786 4468 adimplere
1831 4414 1956 4453 ma-

315 4482 488 4534 turet.

421 4586 556 4642 Cap.
589 4587 727 4643 XVI.
763 4619 828 4631 --
861 4589 1086 4674 Quando
1105 4590 1409 4674 symbolum
1429 4593 1851 4664 competentibus
1987 4610 2034 4674 D

1003 4662 1271 4717 tradatur.

389 4747 598 4803 Concil.
631 4749 918 4820 Agathens.
953 4766 1002 4804 c.
1039 4751 1150 4820 13.)
1182 4751 1521 4822 Symbolum
1544 4754 1717 4809 etiam
1743 4755 1961 4826 placuit

317 4837 700 4906 ab:omnibus
734 4837 1006 4893 Ecclesiis
1033 4856 1149 4894 una
1166 4842 1278 4911 die,
1313 4841 1366 4895 id
1401 4847 1489 4897 est
1519 4850 1652 4899 ante
1682 4850 1809 4899 octo
1831 4845 1958 4900 dies

315 4925 633 4982 Dominicae
653 4927 1113 4983 Resurrectionis
1137 4929 1368 5000 publice
1389 4931 1448 4987 in
1464 4933 1708 4989 ecclesia
1731 4950 1959 5005 compe-

315 5015 577 5072 tentibus
610 5017 783 5071 tradi.

563 5124 700 5179 CAP.
734 5123 901 5178 XVII.
935 5155 1002 5164 -—
1035 5130 1113 5180 De
1141 5129 1373 5197 tempore
1402 5128 1704 5200 (baptismi.

386 5230 675 5303 (Gelasius
706 5230 876 5302 epist.
911 5232 979 5286 ad
1013 5233 1266 5304 episcop.
1304 5234 1563 5290 Lucania:
1595 5252 1644 5291 c.
1692 5237 1803 5307 12.)
1848 5240 1955 5289 Ba-

389 5409 501 5480 (20)
535 5409 732 5480 Steph.
768 5427 916 5483 papa
967 5411 1183 5468 Hilario
1233 5430 1322 5483 ep.
1377 5414 1427 5467 1.
1477 5429 1526 5467 c.
1585 5414 1640 5468 3.
1689 5411 1960 5466 Refertur

315 5483 386 5554 de
437 5497 692 5554 consecr.
738 5482 995 5538 distinct.
1063 5486 1114 5550 1,
1164 5501 1210 5538 o.
1271 5482 1623 5540 Vestimenta.
1684 5484 1750 5537 Et
1800 5483 1956 5554 apud

313 5552 830 5628 YvonemACarnot.
864 5575 916 5628 p.
951 5575 1009 5612 ιι.
1043 5573 1091 5611 c.
1123 5557 1214 5628 74.

385 5622 590 5704 (21,)ἰ8ἱ
615 5622 908 5704 defuerint.
943 5628 1026 5684 sic
1057 5624 1297 5704 restitui
1333 5641 1401 5680 ex
1432 5625 1788 5704 conjectura
1817 5640 1962 5704 sane
2057 5625 2193 5694 jeci.

314 5711 428 5755 non
462 5695 855 5767 improbabili.
885 5700 1066 5756 Antea
1081 5697 1397 5769 legebatur,
1413 5695 1529 5768 fide
1541 5696 1776 5768 fuerint,
1800 5697 1954 5766 quod

2069 1950 2216 2000 sent.
2244 1946 2309 1999 Et
2332 1945 2377 1999 si
2409 1962 2609 2001 eorum
2642 1945 2995 2000 testimoniis
3027 1945 3186 2016 digni
3222 1944 3440 1998 inventi
3474 1943 3710 2012 fuerint,

2068 2035 2453 2106 baptizentur.
2489 2035 2553 2088 Ili
2574 2051 2706 2088 vero
2729 2033 2826 2104 qui
2853 2033 2922 2087 ab
2945 2033 3189 2087 infantia
3211 2033 3356 2087 muti
3383 2033 3638 2097 fuerunt,
3663 2032 3713 2086 si

2067 2124 2362 2196 aliquibus
2394 2125 2654 2189 nutibus,
2688 2129 2784 2179 aut
2817 2123 3047 2178 indiciis
3083 2123 3444 2178 Christianos
3492 2139 3553 2177 se
3584 2139 3714 2178 esse

2064 2213 2232 2280 vello,
2256 2213 2340 2268 vel
2376 2213 2740 2284 baptismum
2765 2218 2957 2284 petere
2990 2211 3316 2276 videantur,
3348 2229 3460 2266 non
3483 2217 3572 2267 est
3593 2211 3714 2268 illis

2063 2303 2390 2357 vitandum.
2427 2301 2532 2356 Pro
2565 2302 2888 2357 infantibus
2923 2317 3056 2355 vero
3091 2300 3306 2371 quibus
3338 2305 3479 2354 mtas
3511 2300 3717 2356 adhuc

2065 2392 2338 2462 loquendi
2357 2409 2468 2446 non
2483 2390 2728 2459 est,aliis
2748 2408 2859 2446 non
2880 2389 3201 2446 abnuimus
3216 2390 3713 2460 respondendum,

2066 2480 2370 2536 catholicis
2390 2485 2605 2535 tamen.
2633 2480 2740 2534 Sed
2774 2480 2874 2550 qui
2901 2496 3004 2550 pro
3031 2479 3116 2533 eis
3141 2478 3315 2533 ﬁdem
3340 2479 3714 2550 promittunt,

2065 2586 2266 2624 curam
2300 2574 2354 2624 et
2387 2568 2843 2624 sollicitudinem
2879 2567 3092 2622 habere
3123 2567 3357 2633 debent,
3392 2573 3455 2622 ut
3485 2567 3565 2621 illi
3603 2567 3716 2623 hoc

2065 2658 2345 2728 impleant
2377 2659 2531 2730 quod
2571 2658 2678 2728 ipsi
2716 2675 2817 2728 pro
2849 2657 2932 2712 eis
2965 2656 3384 2728 promiserunt.
3425 2657 3482 2711 Si
3517 2661 3710 2711 autem

2065 2745 2318 2816 religiosi
2353 2751 2408 2801 et
2439 2746 2588 2800 docti
2615 2745 2831 2800 talibus
2863 2751 3133 2818 parentes
3164 2744 3396 2812 fuerint,
3431 2746 3581 2815 quod
3635 2746 3716 2800 sit

2064 2845 2195 2890 cum
2231 2835 2339 2890 hac
2371 2835 2791 2907 protestatione
2849 2835 3254 2889 committendi
3303 2839 3456 2888 sunt.
3510 2835 3613 2898 Qui
3664 2834 3712 2890 si

2064 2925 2351 2979 defuerint
2373 2925 2484 2995 (21)
2510 2924 2602 2978 isti
2627 2941 2725 2979 eos
2749 2923 3110 2995 frequentius
3134 2922 3453 2986 instruant,
3470 2923 3712 2994 suisque

2065 3014 2360 3069 beneﬁciis
2384 3014 2583 3086 sapius
2605 3014 2879 3068 studeant
2902 3013 3247 3068 confortare.

2193 3123 2325 3174 CAP.
2360 3120 2498 3176 XIX.
2535 3151 2599 3161 —-
2632 3121 2763 3175 Item
2793 3119 2857 3174 de
2883 3120 3131 3190 parvulis
3163 3118 3574 3188 aegrotantibus.

2137 3209 2464 3281 (Theodulf.
2519 3226 2646 3282 cap.
2702 3210 2813 3279 17.)
2855 3209 2912 3263 Si
2965 3207 3246 3281 parvulus
3305 3213 3594 3278 aegrotans
3637 3209 3708 3262 ad

2066 3298 2385 3371 quemlibet
2409 3300 2879 3370 presbyterorum
2898 3296 3173 3368 baptismi
3189 3297 3380 3368 gratia
3392 3297 3463 3351 de
3479 3296 3713 3366 cujusli-

2063 3387 2160 3442 bet
2190 3386 2465 3458 parochia
2495 3387 2710 3443 allatus
2735 3386 2927 3450 fuerit,
2963 3385 3243 3456 baptismi
3276 3393 3713 3442 sacramentum

2065 3475 2226 3530 nullo
2254 3477 2425 3531 modo
2447 3482 2708 3548 negetur.
2733 3476 2788 3530 Si
2809 3474 2943 3544 quis
2966 3473 3073 3528 hoc
3097 3491 3313 3528 munus
3336 3475 3552 3545 potenti
3576 3492 3714 3530 con-

2063 3564 2262 3619 cedere
2279 3565 2770 3628 detrectaverit,et
2792 3561 2886 3617 ille
2905 3561 3181 3634 parvulus
3199 3563 3419 3634 absque
3433 3563 3712 3635 baptismi

2062 3653 2251 3724 gratia
2299 3659 2568 3708 mortuus
2619 3653 2810 3722 fuerit,
2864 3652 3086 3707 noverit
3149 3668 3211 3706 se
3264 3650 3358 3705 ille
3411 3652 3513 3719 qui
3575 3669 3710 3708 eum

2064 3760 2180 3797 non
2214 3742 2545 3815 baptizavit,
2597 3759 2701 3814 pro
2751 3742 2880 3812 ejus
2932 3740 3131 3796 anima
3189 3738 3475 3795 rationem
3517 3741 3710 3796 reddi-

2063 3834 2286 3886 turum.

2063 3937 2200 3993 CAP.
2233 3937 2347 3994 XX.
2377 3968 2446 3978 ——
2482 3938 2544 3995 Ut
2570 3937 2886 4010 presbyteri
2911 3937 3113 4010 absque
3140 3935 3390 3992 diaconi:
3438 3935 3712 4007 baptisma

2669 4023 2778 4061 non
2809 4007 3104 4061 celebrent.

2139 4116 2205 4172 Ut
2237 4114 2291 4169 in
2326 4113 2488 4168 nulla
2517 4115 2628 4185 (22)
2661 4113 2908 4168 ecclesia
2936 4113 3250 4184 cujuslibet
3271 4112 3584 4169 dimceseos
3609 4113 3711 4168 ubi

2066 4203 2397 4274 baptismus
2447 4202 2795 4267 celebratur,
2847 4202 3147 4274 presbyter
3204 4202 3426 4272 absque
3465 4202 3710 4258 diacono

2065 4308 2193 4347 esse
2224 4291 2564 4362 reperiatur.
2601 4291 2760 4345 Unde
2792 4291 2986 4346 omnis
3020 4291 3321 4363 presbyter
3350 4307 3462 4346 non
3489 4290 3712 4347 habens

2064 4380 2399 4446 diaconum,
2426 4379 2603 4451 eligat
2631 4379 2741 4434 sibi
2777 4395 3109 4450 personam,
3142 4383 3200 4433 et
3220 4378 3373 4450 plebi
3399 4396 3517 4434 suae
3542 4379 3709 4434 inno-

2065 4474 2286 4525 tescat:
2323 4474 2461 4523 tunc
2493 4470 2562 4524 ad
2597 4469 2934 4540 pontificem
2957 4484 3133 4523 suum
3154 4467 3507 4538 consignans
3527 4468 3710 4523 dedu-

2067 4562 2183 4624 cat,
2215 4559 2385 4629 cujus
2415 4558 2592 4612 vitam
2619 4557 2924 4628 probatam
2947 4555 3177 4622 habeat,
3196 4559 3253 4612 et
3273 4555 3554 4616 diaconus
3573 4572 3709 4614 con-

2067 4651 2345 4702 secretur.
2381 4646 2541 4712 Quod
2575 4645 2623 4701 si
2679 4642 2979 4700 distulerit
3034 4645 3353 4717 presbyter,
3376 4638 3612 4701 'dicens
3643 4661 3710 4702 eo

2067 4737 2221 4808 quod
2257 4753 2368 4791 non
2399 4735 2610 4790 habeat
2640 4732 2816 4789 talem
2865 4731 3162 4801 clericum,
3214 4733 3523 4806 episcopus
3565 4751 3710 4790 suus

2066 4825 2366 4898 provideat
2394 4841 2462 4879 ex
2494 4822 2738 4878 ecclesia
2788 4838 2914 4891 sua,
2960 4828 3064 4878 aut
3105 4823 3260 4879 unde
3315 4822 3563 4879 voluerit
3605 4825 3709 4879 bo-

2067 4917 2203 4969 nam
2236 4928 2570 4984 personam.
2601 4912 2854 4967 Tantum
2871 4915 2960 4967 est
2983 4916 3044 4966 ut
3061 4911 3186 4967 sine
3206 4911 3450 4968 diacono
3474 4929 3584 4967 non
3609 4911 3708 4970 sit.

2193 5037 2330 5090 Car.
2365 5035 2505 5092 XXI.
2541 5067 2607 5078 —
2635 5037 2764 5105 Quae
2796 5039 2857 5090 in
2885 5036 3127 5092 ecclesiis
3152 5036 3377 5091 recondi
3406 5037 3584 5091 liceat.

2139 5142 2468 5212 (Theodulf.
2504 5161 2554 5199 c.
2614 5145 2696 5216 8.)
2753 5143 3037 5198 Videmus
3091 5142 3292 5198 crebro
3348 5142 3407 5198 in
3452 5141 3712 5199 ecclesiis

2068 5249 2291 5289 messes
2312 5240 2368 5288 et
2396 5233 2592 5288 fenum
2617 5233 2847 5304 congeri
2875 5250 2888 5299 ;
2923 5233 3078 5288 unde
3101 5231 3373 5288 volumus
3397 5237 3462 5287 ut
3485 5232 3593 5288 hoc
3611 5249 3711 5304 pe-

2067 5427 2200 5465 cum
2235 5409 2517 5464 Acherius
2545 5428 2656 5465 non
2692 5409 3041 5482 intelligeret
3087 5415 3395 5467 monuerat
3435 5410 3546 5467 hoc
3585 5409 3710 5468 loco

2066 5483 2308 5537 verbum
2340 5481 2596 5553 aliquod,
2632 5488 2695 5537 ut
2721 5481 2954 5552 inﬁrmi,
2988 5483 3210 5538 deesse.

2139 5553 2251 5636 (:22)
2281 5555 2345 5608 In
2396 5554 2574 5609 nulla.
2632 5553 3106 5626 Praepositionem
3165 5571 3293 5626 quas
3348 5555 3566 5622 deerat,
3607 5554 3711 5611 ad-
