3956 6230
191 308 261 369 33

1654 295 2037 357 CAPITULA
2051 293 2175 354 RE.

3539 303 3615 361 34

194 443 347 497 nitus
379 441 760 508 observetur,
796 442 861 492 ut
889 436 1040 491 nihil
1065 436 1120 490 in
1152 433 1413 497 ecclesia,
1449 437 1652 504 prater
1682 427 1861 485 vesti-
1895 447 1941 507 Α
1978 427 2304 482 sacerdotes
2335 426 2721 492 dicimur,hoc
2752 429 2937 483 facere
2974 447 3086 485 non
3118 431 3420 488 debemus.
3455 435 3616 490 Unde

196 539 386 586 menta
417 529 858 594 ecclesiastica,
878 533 936 580 et
967 543 1104 580 vasa
1129 531 1329 578 sancta
1348 528 1404 578 et
1431 523 1624 588 libros,
1660 536 1858 573 recon-

191 622 378 674 datur.
414 619 476 673 Si
515 624 724 672 autem
755 617 870 687 (23)
893 621 1152 686 tempore
1182 612 1595 684 persecutionis
1626 613 1860 680 propter

192 709 642 780 improbitatem
699 706 1040 777 praedonum
1099 719 1205 757 sua
1256 718 1533 774 pauperes
1583 698 1862 754 alimenta

195 799 331 852 inibi
362 797 674 852 servanda
729 800 1037 865 reponunt,
1095 810 1205 846 non
1247 799 1384 846 sunt
1423 788 1746 859 ejicienda:
1783 787 1860 839 ita

192 902 326 940 sane
360 891 425 938 ut
460 885 538 938 de
561 885 773 938 eadem
798 879 1044 936 ecclesia
1074 895 1213 950 pace
1237 882 1467 946 recepta
1491 875 1646 929 illico
1670 881 1858 928 trans-

195 979 523 1046 portantur.
561 969 870 1026 Vendendi
929 967 1082 1022 enim
1144 967 1227 1022 vel
1283 964 1516 1021 emendi
1567 963 1645 1018 ibi
1704 962 1863 1017 nulla

195 1064 363 1118 detur
393 1061 674 1117 licentia.
709 1059 791 1115 Ne
848 1059 991 1113 forte
1031 1057 1079 1112 si
1140 1056 1254 1109 alia
1304 1056 1382 1110 ibi
1428 1069 1604 1125 quam
1636 1055 1862 1123 oportet

198 1152 428 1225 negotia
479 1154 890 1210 exerceantur,
922 1164 955 1201 a
1004 1145 1248 1201 Domino
1279 1145 1627 1199 audiamus:
1662 1144 1861 1198 Domus

199 1259 336 1307 mea,
366 1241 572 1296 domno
601 1239 878 1295 orationis
903 1239 1000 1304 est,
1033 1251 1122 1292 vos
1141 1243 1325 1290 autem
1342 1234 1662 1302 speluncam
1692 1233 1857 1286 latro-

201 1349 332 1386 num
359 1332 568 1401 fecistis
592 1333 752 1400 (Luc.
787 1343 902 1393 xxx,
935 1326 1044 1396 46).

277 1438 403 1492 CAP.
438 1437 615 1491 XXII.
652 1466 722 1475 —-
753 1433 902 1502 Quod
931 1435 990 1487 in
1025 1432 1248 1486 ecclesia
1277 1431 1525 1486 convivia
1556 1433 1606 1484 et
1631 1444 1787 1484 accu-

806 1507 947 1560 bitus
977 1521 1082 1559 non
1112 1505 1269 1573 ﬁant.

272 1596 520 1668 (Laodic.
574 1613 626 1651 ο.
686 1594 797 1660 27;
856 1593 1023 1649 Trutl.
1085 1609 1132 1647 c.
1192 1593 1297 1659 72;
1361 1593 1583 1661 Aquisg.
1639 1606 1688 1644 c.
1743 1589 1858 1659 80.)

207 1687 367 1754 Quod
389 1703 509 1741 non
533 1688 803 1758 oporteat
824 1683 882 1736 in
912 1681 1135 1737 Domini
1159 1680 1428 1736 Ecclesiis
1450 1680 1709 1735 convivia
1730 1695 1857 1750 quea

203 1781 491 1830 vocantur
519 1790 740 1845 agape,
761 1772 909 1834 ﬁeri,
939 1787 1040 1825 nec
1069 1772 1224 1826 intra
1257 1771 1498 1825 domum
1534 1768 1627 1822 Dei
1661 1784 1853 1822 come-

203 1849 367 1912 dere,
397 1846 490 1902 vel
523 1847 825 1900 accubitus
863 1849 1143 1898 sternere.

373 1954 510 2010 CAP.
543 1951 738 2007 XXIII.
770 1983 838 1991 —
869 1949 1018 2017 Quod
1046 1951 1106 2003 in
1135 1949 1372 2004 ecclesiis
1397 1947 1696 2019 sepulturae

887 2038 997 2075 non
1027 2022 1181 2092 ﬂant.

276 2113 600 2185 (Theodulﬁ
634 2129 686 2167 c.
726 2111 806 2182 9.)
856 2111 1149 2181 Antiquos
1197 2109 1254 2163 in
1288 2109 1381 2164 his
1434 2107 1767 2180 regionibus
1799 2106 1856 2160 in

207 2203 446 2258 ecclesia
466 2202 944 2274 sepeliendorum
962 2205 1322 2254 mortuorum
1341 2215 1484 2253 usus
1515 2197 1642 2266 fuit,
1670 2203 1724 2250 et
1748 2196 1861 2268 ple-

210 2309 384 2364 raque
415 2291 544 2346 loca
569 2291 773 2345 divino
815 2289 995 2344 cultui
1045 2289 1396 2359 mancipata,
1430 2292 1485 2342 et
1515 2287 1584 2341 ad
1615 2286 1857 2341 offeren-

209 2383 312 2437 das
347 2381 460 2436 Deo
489 2380 722 2436 hostias
748 2383 1083 2450 praeparata,
1117 2377 1446 2432 ccemeteria
1467 2377 1587 2430 sive
1620 2375 1859 2446 polyan-

214 2471 340 2526 dria
360 2472 510 2526 facta
532 2474 695 2525 sunt.
721 2469 885 2524 Unde
906 2468 1177 2522 volumus
1201 2472 1264 2521 ut
1284 2467 1356 2521 ab
1378 2466 1485 2520 hac
1507 2482 1566 2519 re
1587 2465 1861 2535 deinceps

212 2561 600 2628 abstineatur,
651 2563 710 2613 et
764 2573 936 2613 nemo
970 2557 1028 2610 in
1088 2555 1330 2611 ecclesia
1380 2555 1712 2626 sepeliatur,
1748 2553 1859 2608 nisi

210 2651 347 2704 forte
372 2649 505 2704 talis
537 2648 622 2703 sit
645 2663 898 2719 persona
919 2645 1237 2700 sacerdotis
1261 2651 1359 2699 aut
1387 2642 1858 2713 cujuslibetjusti

211 2739 480 2803 hominis,
514 2737 626 2810 qui
659 2753 762 2808 per
809 2737 936 2790 vitae
969 2735 1242 2790 meritum
1274 2734 1445 2788 talem
1481 2733 1721 2787 vivendo
1754 2749 1859 2787 suo

207 2829 426 2901 corpori
460 2827 746 2882 defuncto
799 2825 986 2880 locum
1051 2823 1376 2894 acquisivit.
1423 2827 1676 2893 Corpora
1705 2839 1858 2889 vero,

209 2934 327 2988 qua
344 2916 683 2988 antiquitus
700 2915 761 2968 in
780 2912 1040 2968 ecclesiis
1059 2912 1288 2982 sepulta
1307 2917 1463 2977 sunt,
1486 2927 1858 2981 nequaquam

212 3007 616 3078 proiiciantur,
641 3005 743 3058 sed
768 3003 975 3057 tumuli
1000 3003 1100 3073 qui
1123 3007 1402 3073 apparent
1433 3001 1778 3072 profundius
1802 2999 1860 3053 in

215 3100 358 3150 terra
387 3095 730 3162 mittantur,
763 3097 820 3146 et
855 3093 1180 3163 pavimento
1212 3091 1463 3161 desuper
1493 3091 1663 3152 facto,
1698 3089 1859 3144 nullo

1885 1813 1935 1878 B

1971 534 2041 570 ne
2075 516 2180 570 hoc
2215 518 2468 570 avaritia:
2491 517 2716 585 vitium,
2750 517 2836 572 vel
2863 519 2919 571 in
2953 518 3159 574 alienis
3183 522 3373 576 denuo
3405 526 3616 578 tentari

1971 613 2377 676 praesumatur,
2412 607 2736 672 admoneo;
2771 607 2867 660 sed
2902 608 2948 660 si
3010 615 3226 678 quanto
3259 610 3512 682 aliquem
3555 613 3613 668 in

1969 694 2213 748 ecclesia
2245 701 2433 748 vestra
2455 695 2685 765 sepeliri
2709 696 3046 760 conceditis,
3071 697 3118 750 si
3143 699 3378 768 quidem
3415 718 3617 771 paren-

1970 789 2057 837 tes
2109 784 2317 853 ipsius,
2369 784 2686 853 proximive
2737 785 3015 852 hmredes,
3074 803 3173 856 pro
3223 787 3614 845 luminaribus

1970 879 2175 943 sponte
2206 874 2342 942 quid
2380 874 2582 926 otferre
2614 873 2919 938 voluerint,
2952 875 3127 944 accipi
3166 894 3278 931 non
3311 886 3612 946 vetamus;

1972 961 2087 1031 peti
2120 978 2250 1014 vero
2302 966 2402 1014 aut
2450 960 2666 1032 aliquid
2721 962 2891 1032 exigi,
2944 964 3180 1018 omnino
3212 966 3610 1036 prohibemus.

1969 1050 2127 1112 Quod
2150 1049 2314 1104 valde
2338 1050 2723 1120 irreligiosum
2754 1058 2861 1115 est,
2886 1069 2956 1106 ne
2978 1059 3078 1106 aut
3099 1055 3316 1110 venalis
3349 1059 3610 1125 fortasse,

1970 1140 2123 1210 quod
2156 1139 2328 1203 absit,
2388 1140 2615 1193 dicatur
2644 1140 2908 1206 ecclesia,
2959 1148 3057 1196 aut
3087 1159 3187 1198 vos
3236 1144 3305 1200 de
3338 1145 3614 1204 humanis

1968 1228 2278 1282 videamini
2305 1229 2595 1282 mortibus
2616 1229 2973 1298 gratulari,si
2993 1248 3061 1286 ex
3082 1248 3282 1288 eorum
3317 1235 3612 1292 cadaveri-

1975 1318 2086 1371 bus
2117 1318 2368 1372 studetis
2390 1335 2646 1386 quaerere
2668 1319 2928 1388 quolibet
2968 1322 3138 1375 modo
3169 1324 3604 1394 compendium.

1968 1411 2098 1460 CAP.
2133 1406 2294 1460 XXV.
2342 1437 2408 1446 —
2445 1408 2505 1462 Ut
2537 1410 2793 1462 (Iiwceses
2823 1409 3066 1476 singulis
3093 1415 3264 1465 annis
3303 1416 3608 1470 visitenlur.

2038 1497 2264 1562 (Concil.
2304 1497 2590 1550 Tarracon.
2617 1500 2724 1550 sub
2761 1499 3083 1568 llormisda,
3109 1517 3157 1554 c.
3189 1502 3269 1571 8.)
3293 1501 3609 1559 Multorum

1966 1585 2320 1654 experientia
2342 1601 2585 1639 casuum
2611 1586 2987 1656 magistrante
3011 1591 3337 1659 reperimus
3359 1592 3611 1648 nonnul-

1968 1671 2342 1728 lasdioeceses
2363 1673 2620 1729 ecclesiis
2633 1675 2967 1731 destitutas.
2988 1677 3091 1731 Pro
3114 1695 3302 1749 quare
3327 1681 3379 1735 id
3404 1682 3615 1737 consti-

1966 1760 2190 1814 tutione
2221 1761 2608 1825 decrevimus,
2638 1766 2698 1815 ut
2721 1762 2969 1834 antique
2996 1768 3439 1823 consuetudinis
3470 1771 3610 1824 ordo

1967 1856 2228 1902 servetur
2255 1855 2311 1903 et
2366 1850 2535 1904 annis
2578 1850 2826 1921 singulis
2884 1853 2954 1906 ab
3003 1854 3292 1926 episcopis
3335 1858 3613 1914 dioeceses

1966 1936 2292 1992 visitentur.
2330 1938 2396 1991 Et
2427 1938 2474 1991 si
2510 1955 2625 2008 qua
2648 1939 2788 1994 forte
2815 1939 3056 1996 basilica
3074 1943 3354 2000 destituta
3385 1952 3612 2019 reperta

1968 2025 2161 2092 fuerit,
2191 2026 2555 2080 ordinatione
2587 2028 2773 2095 ipsius
2806 2035 3122 2098 reparetur.

2076 2114 2210 2168 CAP.
2245 2113 2432 2169 XXVI.
2466 2145 2532 2154 -—
2568 2115 2670 2181 Qui
2701 2117 3006 2185 presbyteri
3029 2119 3268 2174 chrisma
3293 2125 3501 2192 petant.

2040 2204 2191 2267 (Con.
2223 2206 2369 2258 Cari.
2424 2221 2496 2271 IV,
2556 2221 2603 2258 c.
2637 2205 2750 2273 36.)
2810 2206 3135 2277 Presbyteri
3189 2210 3286 2279 qui
3339 2227 3438 2280 per
3466 2213 3609 2268 dice-

1969 2310 2131 2348 ceses
2163 2293 2439 2348 ecclesias
2462 2299 2691 2364 regunt,
2718 2311 2831 2348 non
2855 2312 2887 2348 a
2915 2295 3278 2366 quibuslibet
3297 2299 3610 2372 episcopis,

1970 2382 2068 2435 sed
2099 2399 2132 2435 a
2161 2398 2284 2446 suo,
2321 2399 2422 2436 nec
2472 2383 2887 2453 perjuniorem
2939 2383 3234 2452 clericum,
3287 2389 3386 2442 sed
3420 2407 3521 2460 per
3549 2407 3612 2446 se

1972 2471 2151 2541 ipsos.
2205 2476 2305 2525 aut
2358 2487 2458 2541 per
2517 2470 2680 2526 illum
2743 2473 2841 2542 qui
2901 2474 3221 2530 sacrarium
3272 2481 3446 2544 tenet,
3479 2486 3611 2535 ante

1975 2560 2198 2613 Pascha:
2232 2559 2657 2614 solemnitatem
2690 2560 2944 2615 chrisma
2981 2569 3200 2633 petant.

2092 2648 2226 2703 CAP.
2259 2647 2475 2703 XXVII.
2513 2681 2576 2688 —
2611 2649 2768 2726 Quod
2796 2652 3034 2720 singulis
3063 2655 3228 2708 annis
3256 2655 3494 2726 synodus

2633 2721 2950 2776 celebretur.

2043 2827 2227 2893 (Tolel.
2262 2843 2335 2890 ιν,
2369 2843 2416 2880 c.
2450 2827 2528 2896 3.)
2560 2826 2729 2880 Nulla
2769 2844 2912 2898 pene
2944 2844 3035 2881 res
3067 2828 3387 2902 disciplinae
3423 2849 3614 2890 mores

1970 2917 2042 2970 ab
2067 2916 2320 2971 Ecclesia
2342 2915 2556 2971 Christi
2573 2917 2758 2988 magis
2775 2916 3022 2988 depulit,
3045 2935 3220 2988 quam
3244 2923 3611 2978 sacerdotum

1973 3002 2450 3074 negligentia,qui
2466 3005 3147 3075 contemptiscanonibus
3160 3007 3229 3062 ad
3242 3009 3616 3080 corrigendos

1969 3091 2396 3146 ecclesiasticos
2427 3109 2616 3146 mores
2647 3096 2932 3164 synodum
2961 3095 3145 3150 facere
3179 3097 3498 3169 negligant.
3528 3099 3612 3155 Ob

208 3183 572 3238 tumulorum
613 3180 852 3252 vestigio
885 3185 1220 3252 apparente,
1260 3179 1518 3233 ecclesiae
1546 3178 1860 3232 reverentia
1887 3175 1934 3242 C
1975 3181 2079 3236 hoc
2111 3199 2143 3236 a
2175 3183 2343 3236 nobis
2403 3181 2804 3237 universaliter
2857 3183 3162 3238 definitum
3221 3193 3330 3250 est,
3380 3193 3444 3242 ut
3475 3189 3615 3258 quia

207 3279 604 3328 conservetur.
641 3269 747 3325 Ubi
790 3284 924 3325 vero
953 3274 1118 3323 tanta
1163 3273 1254 3323 est
1279 3268 1588 3322 multitudo
1620 3269 1857 3322 cadave-

206 3377 355 3427 rum,
389 3368 453 3416 ut
485 3363 600 3416 hoc
626 3362 812 3414 facere
842 3358 1075 3413 difficile
1107 3357 1372 3423 sit,locus
1401 3357 1498 3411 ille
1528 3374 1630 3428 pro
1652 3373 1858 3411 coeme-

207 3451 344 3506 terio
391 3451 707 3519 habeatur,
760 3447 950 3502 ablato
993 3448 1130 3502 inde
1178 3447 1369 3513 altari,
1422 3451 1478 3500 et
1526 3446 1582 3500 in
1638 3461 1703 3501 eo
1735 3445 1860 3501 loco

206 3541 518 3608 consituto,
558 3538 660 3594 ubi
692 3537 956 3608 religiose
985 3543 1041 3592 et
1075 3553 1217 3609 pure
1247 3536 1362 3591 Deo
1393 3534 1744 3592 sacriﬁcium
1776 3535 1860 3590 of-

208 3630 338 3684 ferri
371 3629 587 3684 valeat.

333 3719 468 3774 CAP.
503 3718 708 3774 XXIV.
743 3748 803 3757 —
841 3717 905 3773 Ut
931 3716 1226 3786 sepultura?
1255 3731 1361 3770 non
1397 3714 1725 3770 vendantur.

269 3809 461 3880 (Grcg.
498 3808 614 3885 lib.
645 3824 745 3872 vn,
778 3824 866 3878 ep.
901 3806 1015 3875 55.)
1052 3808 1265 3870 Questa
1297 3804 1465 3859 nobis
1496 3809 1583 3859 est
1615 3803 1860 3860 Nereida

204 3897 528 3953 clarissima
570 3897 807 3960 femina,
843 3896 996 3967 quod
1041 3893 1112 3949 ab
1145 3912 1210 3949 ea
1235 3899 1468 3948 centum
1509 3893 1726 3948 solidos
1759 3910 1858 3964 pro

205 3985 327 4041 ﬁlim
359 4005 477 4041 sua:
511 3984 827 4057 sepultura
859 3984 1185 4038 fraternitas
1223 3987 1414 4037 vestra
1447 3981 1580 4036 velit
1609 3981 1855 4053 exigere,

207 4080 376 4147 atque
409 4076 457 4131 ei
490 4091 677 4144 super
709 4072 925 4129 doloris
948 4072 1230 4145 gemitum
1255 4073 1534 4142 majorem
1569 4071 1859 4142 dispendii

206 4165 429 4220 studeat
479 4163 705 4219 inferre
756 4161 1107 4217 molestiam.
1161 4161 1320 4226 Quod
1355 4159 1402 4213 si
1445 4160 1525 4213 ita
1556 4175 1617 4214 se
1648 4158 1859 4213 veritas

206 4252 388 4323 habet,
423 4255 578 4326 quia
601 4268 777 4324 grave
817 4251 1013 4316 nimis,
1061 4255 1116 4304 et
1146 4249 1345 4321 procul
1380 4248 1555 4303 nimis
1587 4253 1676 4303 est
1702 4266 1736 4303 a
1765 4264 1857 4303 sa-

206 4342 448 4398 cerdotis
470 4341 696 4407 ofﬁcio,
723 4339 970 4411 pretium
997 4339 1066 4393 de
1090 4343 1244 4394 terra
1267 4354 1541 4393 concessa
1565 4337 1857 4408 putredini

203 4437 537 4502 quarere,et
562 4431 636 4486 de
648 4429 841 4484 alieno
862 4427 1005 4483 velle
1027 4429 1210 4483 facere
1229 4426 1386 4482 luctu
1410 4426 1854 4498 compendium|;

205 4521 271 4576 ab
301 4521 405 4576 hac
434 4538 500 4577 se
530 4518 862 4593 patratione
887 4517 1218 4572 fraternitas
1243 4522 1433 4572 vestra
1464 4517 1780 4586 contineat,
1799 4519 1857 4570 et

203 4609 442 4666 molesta
471 4610 524 4665 ei
551 4609 628 4663 de
661 4611 866 4662 caetero
898 4623 1011 4661 non
1044 4606 1270 4661 existat.
1292 4605 1410 4661 Hoc
1431 4609 1627 4660 autem
1650 4603 1856 4658 vitium

201 4703 253 4754 et
282 4717 405 4766 nos,
439 4704 762 4772 postquam
786 4696 899 4751 Deo
923 4701 1156 4750 auctore
1180 4695 1250 4750 ad
1273 4696 1643 4766 episcopatus
1674 4693 1855 4749 bono-

204 4805 315 4844 rem
349 4789 744 4852 accessimus,
795 4785 865 4840 de
894 4784 1139 4840 ecclesia
1171 4793 1368 4838 nostra
1401 4784 1640 4838 omnino
1674 4783 1855 4838 vetui-

203 4893 353 4953 mus,
383 4884 440 4934 et
468 4891 715 4950 parvam
751 4874 940 4929 denuo
965 4874 1448 4928 consuetudinem
1483 4889 1855 4943 nequaquam

204 4968 471 5039 usurpari
495 4963 917 5039 permisimus;
952 4979 1239 5017 memores
1254 4962 1392 5033 quia
1405 4963 1545 5016 dum
1561 4961 1854 5016 Abraham

204 5072 233 5110 a
258 5056 392 5112 ﬁliis
424 5057 629 5121 Emor,
665 5052 777 5107 hoc
826 5058 914 5106 est
960 5051 1191 5124 Ephron
1244 5051 1362 5106 ﬁlio
1395 5051 1575 5122 Segor
1601 5049 1856 5121 sepulcri

206 5151 411 5200 terram
439 5144 635 5216 pretio
656 5141 729 5196 ad
753 5141 1120 5196 humandum
1144 5157 1354 5211 corpus
1375 5139 1640 5211 conjugis
1665 5146 1858 5209 postu-

205 5231 359 5302 laret,
394 5233 660 5306 pretium
688 5229 949 5300 accipere
971 5230 1184 5295 renuit,
1213 5246 1282 5284 ne
1306 5229 1676 5282 commodum
1707 5229 1858 5284 vide-

205 5331 357 5378 retur
381 5325 454 5379 de
486 5322 774 5378 cadavere
805 5325 1171 5374 consecutus.
1209 5319 1264 5372 Si
1296 5334 1432 5388 ergo
1466 5322 1636 5372 tantae
1659 5319 1856 5373 consi-

209 5412 520 5468 derationis
549 5425 823 5482 paganus
852 5408 936 5462 vir
967 5409 1092 5477 fuit,
1129 5412 1346 5480 quanto
1374 5407 1560 5480 magis
1593 5425 1720 5476 nos,
1754 5410 1854 5480 qui

1887 4540 1934 4604 D

1961 3272 2132 3340 juxta
2154 3270 2396 3341 antiqua
2421 3270 2655 3324 Patrum
2681 3271 2911 3326 decreta
2930 3271 3022 3325 bis
3044 3272 3100 3326 in
3124 3290 3275 3328 anno
3299 3275 3614 3332 difﬁcultas

1969 3360 2249 3430 temporis
2281 3359 2402 3413 Iieri
2431 3359 2741 3413 concilium
2768 3376 2881 3413 non
2905 3359 3067 3426 sinit,
3091 3359 3299 3417 saltem
3323 3362 3409 3417 vel
3432 3365 3613 3419 semel

1969 3465 2003 3504 a
2036 3449 2205 3502 nobis
2237 3447 2584 3503 celebretur.

2039 3559 2169 3609 CAP.
2206 3553 2449 3608 XXVIII.
2481 3583 2548 3593 ——
2580 3553 2836 3628 Qualiter
2865 3555 3105 3625 majores
3134 3558 3442 3628 presbyteri
3471 3562 3546 3616 ad

2517 3626 2788 3697 synodum
2819 3629 3060 3682 veniant.

2039 3714 2367 3787 (Theodulf.
2392 3732 2442 3770 c.
2464 3715 2541 3784 4.)
2575 3717 2813 3780 Quando
2837 3731 2998 3772 more
3027 3717 3197 3772 solito
3224 3719 3294 3774 ad
3324 3721 3613 3792 synodum

1968 3805 2310 3868 convenitis,
2362 3805 2728 3873 vestimenta,
2787 3810 2845 3858 et
2903 3805 3104 3870 libros,
3158 3813 3215 3862 et
3245 3825 3382 3864 vasa
3413 3814 3616 3867 sancta

1968 3911 2099 3950 cum
2133 3895 2349 3965 quibus
2379 3899 2635 3948 vestrum
2661 3894 3053 3950 ministerium
3077 3900 3132 3950 et
3162 3896 3492 3966 injunctum
3520 3899 3607 3954 of-

1970 3983 2163 4038 ﬁcium
2217 3984 2528 4055 peragatis,
2559 3983 2859 4038 vobiscum
2893 3985 3128 4049 deferte,
3155 4003 3380 4041 necnon
3443 3989 3612 4057 duos,

1967 4071 2054 4127 vel
2088 4077 2202 4127 tres
2232 4072 2470 4127 clericos
2501 4073 2620 4126 sive
2651 4071 2850 4137 laicos,
2875 4090 3010 4128 cum
3045 4074 3260 4145 quibus
3295 4076 3616 4132 missarum

1969 4161 2255 4217 solemnia
2287 4161 2915 4226 celebratis,vobiscum
2947 4163 3314 4229 adducite,ut
3341 4166 3620 4235 probetur

1969 4268 2144 4323 quam
2188 4250 2513 4322 diligenter,
2538 4266 2712 4320 quam
2738 4250 2997 4305 studiose
3025 4251 3121 4305 Dei
3149 4253 3450 4307 servitium
3482 4269 3620 4324 per-

1968 4339 2176 4412 agatis.

2023 4448 2156 4502 CAP.
2191 4446 2379 4501 XXIX.
2412 4475 2481 4486 —-
2512 4444 2661 4513 Quod
2688 4447 2922 4515 singulis
2950 4446 3217 4501 Kalendis
3247 4445 3468 4500 collatio
3499 4447 3560 4499 in

2585 4518 2830 4588 plebibus
2873 4517 2992 4586 ﬁat.

2039 4606 2444 4678 Experimento
2488 4606 2825 4672 didicimus,
2860 4622 2972 4660 non
3025 4606 3222 4661 minus
3253 4606 3464 4661 bonam
3497 4605 3619 4662 col-

1967 4697 2268 4762 lationem,
2302 4712 2478 4765 quam
2511 4695 2685 4750 etiam
2715 4695 3020 4749 lectionem
3056 4695 3351 4765 prodesse.
3388 4694 3548 4751 Unde
3581 4715 3620 4753 a

1968 4785 2237 4857 praesenti
2269 4785 2611 4851 statuimus,
2637 4801 2700 4838 ut
2727 4801 2824 4855 per
2846 4783 3110 4854 singulas
3142 4785 3339 4854 plebes
3363 4784 3616 4856 singulis

1967 4874 2242 4930 Kalendis
2273 4891 2478 4928 omnes
2501 4873 2820 4945 presbyteri
2845 4890 2946 4927 seu
2979 4872 3170 4928 clerici
3195 4873 3373 4929 simul
3404 4891 3615 4929 conve-

1967 4965 2150 5031 niant,
2185 4968 2250 5017 ut
2279 4963 2349 5017 de
2374 4962 2484 5016 ﬁde
2505 4978 2571 5016 ac
2602 4962 2982 5016 sacramentis
3005 4962 3240 5028 divinis,
3272 4980 3371 5018 seu
3395 4964 3465 5018 de
3495 4961 3618 5018 vita

1965 5056 2021 5108 et
2050 5051 2506 5117 conversatione,
2553 5056 2608 5104 et
2659 5049 2906 5121 singulis
2939 5051 3148 5106 officiis
3191 5053 3260 5107 ad
3303 5069 3403 5106 eos
3438 5049 3616 5122 perti-

1966 5143 2242 5197 nentibus
2273 5140 2658 5195 communiter
2705 5145 2973 5194 tractent.
3028 5142 3095 5195 Et
3140 5141 3190 5195 si
3231 5141 3372 5196 forte
3398 5139 3616 5211 aliquis

1963 5231 2114 5287 inter
2140 5248 2237 5286 eos
2270 5229 2571 5302 negligens
2602 5234 2702 5284 aut
2735 5229 3210 5300 reprehensibilis
3241 5229 3555 5295 invenitur,
3581 5247 3618 5287 α

1965 5320 2188 5376 caeteris
2244 5321 2587 5390 corrigatur.
2649 5319 2809 5383 Quod
2874 5317 2922 5372 si
2971 5318 3178 5389 corrigi
3227 5319 3464 5373 omnino
3497 5334 3614 5374 non

1966 5409 2275 5475 studuerit,
2310 5424 2443 5462 mox
2465 5425 2571 5462 suo
2599 5407 2870 5462 nuntient
2892 5407 3257 5478 episcopo,ut
3277 5406 3396 5462 hac
3416 5405 3614 5464 acrius

273 5608 462 5686 (23)δὶ
480 5618 691 5670 autem.
720 5606 852 5665 Haec
874 5623 1062 5686 usque
1083 5607 1153 5666 ad
1178 5609 1260 5666 Ne
1276 5609 1438 5682 forte,
1455 5621 1572 5664 non
1599 5603 1876 5682 leguntur
1912 5603 2068 5680 apud
2097 5599 2510 5659 Theodulfum.
