3956 6230
347 364 422 422 35
1367 335 1705 398 ATTONIS
1754 334 2334 396 VERCELLENSIS
2381 330 2729 392 EPISCOPI
3678 331 3770 425 36

353 490 664 551 emendare
698 478 1048 557 quantocius
1081 474 1329 531 studeat.
1350 470 1431 524 Ne
1463 486 1595 524 cum
1629 468 1829 524 eadem
1853 466 1990 521 dim-
2020 470 2076 535 Α
2105 468 2237 522 Cap.
2272 463 2590 557 XXXVL:
2936 459 3773 557 mastgia-ngpquyiyermisw

354 582 504 638 cesis
536 578 608 632 ab
639 575 910 647 episcopo
932 567 1161 622 visitata
1187 560 1486 623 t‘uerit.aut
1506 574 1639 613 cum
1664 558 1773 629 ipsi
1809 556 1876 610 ad
1904 572 1998 627 sy-

356 671 572 727 nodum
599 662 915 725 venerint,‘
940 658 1268 727 aliquorum
1286 648 1762 718 infamia,omnes
1787 647 2002 717 pariter

358 762 729 816 adnotentur.
780 751 835 805 Si
860 753 1051 803 autem
1098 741 1363 797 Kalendis
1412 738 1470 792 in
1517 736 1733 792 l'estivis
1764 735 1998 800 fuerint,

362 848 472 904 sub
504 841 771 916 sequenti
803 839 893 894 die
924 836 1031 891 hoc
1062 827 1382 900 adimplere
1413 843 1527 881 non
1559 825 1845 879 differant.

484 955 621 1010 CAP.
656 948 817 1005 XXX.
853 976 919 985 ›-
949 939 1101 1011 Quod
1130 936 1319 991 nullus
1349 934 1593 988 absolute
1622 932 1872 989 clericus.

701 1046 709 1054 ι
972 1010 977 1011 ί
1020 1010 1328 1067 ordinetur.

434 1113 661 1189 (Concil.
697 1105 905 1164 Calced.
939 1120 989 1157 c.
1034 1101 1116 1168 6.)
1162 1096 1403 1189 Nullum
1452 1092 1716 1189 absolute
1745 1087 2003 1189 ordinari

365 1177 571 1263 debere
600 1199 1023 1273 presbyterum,
1057 1193 1160 1245 aut
1188 1186 1547 1273 diaconum,
1568 1180 1654 1237 vel
1679 1177 2007 1273 quemlibet

362 1297 422 1351 in
453 1266 636 1366 gradu
688 1266 1103 1347 ecclesiastico,
1154 1275 1268 1332 nisi
1318 1270 1650 1366 specialiter
1675 1270 1735 1324 in
1765 1266 2009 1324 ecclesia

364 1358 638 1446 civitatis,
686 1378 789 1431 aut
816 1365 1232 1445 possessionis,
1263 1366 1364 1419 aut
1393 1358 1787 1432 martyrii,aut
1816 1371 2010 1446 mona-

364 1469 525 1529 sterii
575 1445 677 1540 qui
725 1458 1090 1520 ordinandus
1119 1459 1271 1525 est,p
1305 1448 1695 1540 ronuntietur.
1739 1445 1846 1540 Qui
1872 1459 2009 1540 vero

368 1533 637 1617 absolute
665 1542 1253 1613 ordinatur,decrevit
1276 1543 1479 1597 sancta
1507 1536 1766 1610 synodus
1786 1533 2011 1588 irritam

367 1646 570 1706 haberi
603 1636 1011 1714 hujuscemodi
1044 1648 1256 1689 manus
1294 1625 1842 1714 impositionem,pet
1869 1637 2013 1676 nus-

369 1753 547 1811 quam
580 1711 751 1806 posse
781 1726 1115 1784 ministrare
1144 1721 1214 1777 ad
1245 1715 1573 1775 ordinantis
1604 1711 1902 1783 iniuriam.

495 1841 626 1898 οη».
658 1835 843 1893 XXXI.
872 1864 939 1874 —
974 1832 1036 1889 Ut
1065 1827 1301 1899 singulis
1330 1822 1574 1880 ecclesiis
1598 1818 1896 1875 sacerdotes

1022 1902 1352 1957 ordinentur

443 1998 802 2077 (Clementis,
836 2010 962 2066 quae
1010 1988 1228 2045 dicitur
1269 1985 1441 2077 epist.
1478 1983 1539 2077 ξ,
1568 1982 1655 2077 -δά
1686 1977 2016 2077 ἶἸθιεοῑιιιω.)

370 2070 659 2150 Ecclesias
690 2102 792 2160 per
848 2095 1107 2153 congrua
1134 2082 1193 2133 et
1248 2073 1416 2130 utilia
1470 2072 1640 2127 facite
1682 2070 2018 2160 loca,quas

374 2180 587 2238 divinis
617 2157 889 2249 precibus
916 2182 1146 2225 sacrare
1175 2167 1424 2237 oportet,
1465 2166 1519 2215 et
1551 2160 1607 2213 in
1644 2157 1893 2249 singulis
1926 2172 2018 2211 sa-

372 2246 637 2326 cerdotes
666 2260 883 2319 divinis
904 2253 1269 2315 orationibus
1289 2252 1406 2307 Deo
1428 2250 1650 2305 dicatos
1682 2246 1839 2319 poni,
1873 2260 2020 2316 quos

373 2360 446 2416 ab
477 2354 752 2413 omnibus
780 2345 1044 2404 venerari
1103 2344 1353 2415 oportet,
1383 2342 1441 2394 et
1493 2353 1608 2393 non
1659 2353 1693 2391 a
1722 2347 2020 2406 quoquam

375 2462 625 2522 gravari.

493 2557 626 2608 CAP.
658 2545 875 2604 XXXII.
904 2573 971 2583 -
1003 2542 1077 2596 De
1104 2536 1327 2595 clericis
1355 2536 1451 2607 qui
1479 2534 1593 2588 loca
1620 2532 1680 2587 in
1709 2530 1907 2603 quibus

783 2615 1026 2673 ordinati
1054 2615 1182 2667 sunt
1212 2608 1622 2677 derelinquunt,

450 2710 683 2785 (Concil.
711 2706 868 2763 .lrel.
894 2721 934 2769 1,
961 2719 1010 2757 c.
1032 2700 1146 2770 21.)
1172 2705 1247 2753 De
1271 2693 1740 2785 presbyterisaut
1761 2686 2023 2785 dissonis.

381 2774 482 2875 qui
514 2800 706 2856 solent
762 2793 1060 2849 dimittere
1108 2787 1234 2843 loca
1264 2802 1390 2852 sua,
1443 2784 1502 2837 in
1532 2781 1758 2875 quibus
1774 2774 2023 2875 ordinati

382 2864 543 2956 sunt,
576 2893 634 2943 et
663 2886 732 2941 ad
766 2883 882 2938 alia
909 2880 1037 2935 loca
1062 2894 1124 2933 se
1161 2875 1538 2942 transferunt,
1572 2868 1790 2942 placuit
1818 2870 1883 2920 ut
1909 2864 2023 2956 eis:

383 2953 690 3038 dem—locis
720 2972 1057 3028 ministrent
1088 2965 1303 3038 quibus
1334 2960 1549 3034 praeﬁxi
1590 2961 1747 3014 sunt.
1780 2955 1943 3021 Quod
1975 2953 2026 3008 si

385 3066 677 3127 derelictis
708 3061 851 3118 locis
900 3058 1025 3114 suis
1056 3056 1128 3112 ad
1175 3052 1353 3110 alium
1401 3065 1464 3105 se
1495 3047 1688 3103 locum
1719 3043 2025 3101 transferri

383 3155 697 3222 voluerint,
717 3151 1103 3222 deponantur.

460 3263 593 3319 CAP.
628 3256 870 3314 XXXIII.
904 3285 970 3296 -ο
1003 3256 1083 3307 De
1107 3247 1438 3322 presbyteris
1468 3245 1565 3322 qui
1589 3259 1691 3322 pro
1720 3242 1958 3297 alterius

781 3327 1009 3385 ecclesia
1032 3319 1261 3377 munera
1289 3319 1639 3391 promittunt.

459 3418 785 3497 (Theodulf.
821 3434 871 3471 c.
909 3415 1018 3481 16.)
1049 3411 1109 3467 Si
1142 3410 1275 3497 quis
1303 3408 1621 3497 presbyter,
1642 3403 1731 3497 vel
1758 3401 2035 3497 quislibet

387 3516 448 3570 in
463 3488 634 3569 ‘clero
668 3508 942 3562 inventus
962 3499 1135 3556 fuerit
1160 3496 1335 3553 alicui
1362 3494 1569 3549 clerico
1590 3495 1691 3547 aut
1711 3490 1856 3545 laico
1877 3488 2035 3544 dein-

389 3619 529 3674 ceps
559 3612 805 3653 munera
849 3592 1006 3655 dare,
1059 3591 1161 3642 aut
1207 3582 1566 3656 promittere,
1619 3584 1684 3634 ut
1728 3577 2032 3633 ecclesiam

392 3666 633 3748 alterius
666 3678 985 3757 presbyteri
1032 3673 1339 3745 subripiat,
1400 3670 1546 3727 sciat
1576 3685 1637 3725 se
1668 3684 1770 3757 pro
1800 3666 1908 3721 hac
1939 3682 2035 3719 ra-

393 3781 554 3854 pina,
586 3779 644 3832 et
672 3756 824 3828 saeva
854 3766 1192 3840 cupiditate,
1241 3766 1344 3818 aut
1373 3761 1621 3834 gradum
1653 3756 2033 3825 amissurum,

394 3844 499 3925 aut
528 3844 584 3921 in
610 3859 859 3920 carceris
881 3870 1141 3912 aerumna
1161 3852 1333 3925 longo
1354 3855 1615 3920 tempore
1637 3844 2035 3919 pcsnitentiam

396 3955 622 4030 agendo
636 3942 1133 4007 detinendum.llli
1146 3959 1280 3999 vero
1295 3939 1407 4030 (24)
1432 3954 1605 4030 quem
1629 3935 2037 4030 fatigare-prasi-

398 4021 925 4117 sumpseritmmne
946 4037 1228 4090 damnum
1251 4029 1407 4103 quod
1429 4028 1481 4084 ei
1503 4043 1606 4100 pro
1637 4025 1745 4080 hac
1767 4021 2042 4078 acciderit

398 4114 657 4209 querela,
688 4129 966 4202 ipsosque
984 4120 1230 4179 actionis
1250 4121 1527 4190 sumptus
1546 4116 1788 4184 insuper
1815 4114 2040 4166 restau-

403 4202 536 4282 rare
566 4226 827 4293 cogatur.
860 4213 1183 4282 Nullusque
1214 4209 1518 4282 presbyter
1538 4202 1809 4293 fidelibus
1826 4202 2041 4293 sanctis

398 4314 497 4370 Dei
531 4286 787 4367 ecclesias
816 4306 886 4361 de
915 4301 1154 4360 alterius
1200 4293 1521 4371 presbyteri
1555 4288 1849 4364 parochia,
1881 4292 1943 4342 ut
1971 4286 2043 4343 ad

401 4417 569 4460 suam
596 4396 897 4453 ecclesiam
922 4394 1277 4449 concurrant
1299 4385 1504 4441 relicta
1530 4379 1762 4453 propria
1781 4376 2043 4447 ecclesia,

398 4498 458 4548 et
487 4505 626 4546 suas
675 4484 932 4541 decimas
975 4478 1087 4537 sibi
1125 4479 1307 4541 dent;
1349 4473 1450 4529 sed
1484 4468 1890 4539 unusquisque
1939 4483 2048 4522 sua

400 4579 666 4645 ecclesia,
701 4579 759 4630 et
790 4570 1001 4646 populo
1023 4569 1486 4632 contentus,quaa
1508 4558 1618 4614 sibi
1647 4574 1760 4613 non
1781 4555 1902 4611 vult
1923 4555 2046 4646 fieri

402 4667 569 4725 alteri
620 4644 993 4737 nequaquam
1054 4654 1246 4718 faciat,
1294 4653 1464 4723 juxta
1520 4647 1661 4701 illud
1714 4644 2042 4737 Evangelii:

326 4820 329 4823 .
403 4735 760 4830 Quantaque
789 4751 959 4807 vultis
990 4755 1049 4801 ut
1093 4745 1304 4816 faciant
1332 4738 1481 4794 vobis
1510 4738 1775 4801 homines,
1808 4735 1928 4791 haec
1951 4750 2042 4790 ea—

401 4828 524 4902 dem
549 4846 714 4916 facile
740 4841 858 4896 tua
890 4835 1112 4909 (Matth.
1149 4847 1245 4899 νιι,
1280 4828 1389 4899 42).

403 4954 535 5010 CAP.
570 4947 819 5007 XXXIV.
861 4974 924 4984 —-
959 4943 1020 4998 Ut
1048 4938 1240 4993 nullus
1260 4935 1563 5010 oblationes
1585 4934 1827 5010 ecclesia;
1850 4936 2050 5002 ρνωιεν

559 5006 950 5078 canscienliam
979 5010 1216 5081 episcopi
1244 5012 1340 5061 aut
1368 5006 1476 5072 det,
1510 5010 1604 5059 aut
1634 5007 1889 5073 accipiat.

476 5111 708 5185 (Concil.
742 5106 1083 5172 Grangrense
1102 5114 1151 5152 c.
1174 5097 1254 5168 7.)
1286 5096 1344 5150 Si
1368 5095 1499 5185 quis
1520 5092 1839 5185 oblationes
1868 5092 2048 5149 eccle-

407 5182 510 5258 8ἱώ
532 5204 696 5255 extra
715 5190 1025 5251 ecclesiam
1051 5186 1307 5258 accipere
1318 5184 1404 5240 vel
1426 5185 1565 5239 dare
1576 5182 2054 5254 voluerit,przeter

408 5284 832 5347 conscientiam
866 5276 1150 5348 episcOpi,
1203 5274 1289 5330 vel
1320 5275 1448 5345 ejus
1506 5273 1597 5327 cui
1645 5271 2052 5342 hujuscemodi

411 5378 605 5435 officia
635 5367 955 5428 commissa
985 5371 1140 5431 sunt,
1166 5379 1270 5419 nec
1299 5379 1431 5419 cum
1457 5363 1583 5434 ejus
1615 5360 1861 5416 voluerit
1890 5375 2056 5432 agere

409 5462 681 5527 concilio,
714 5455 1027 5515 anathema
1056 5455 1151 5510 sit.

2340 536 2576 606 episcopi
2604 534 2818 604 aliquid
2849 535 2908 586 in
2936 534 3053 603 ejus
3079 534 3341 604 purochia
3372 543 3520 602 agat.

2182 644 2374 714 (Epist.
2413 644 2461 703 1,
2496 659 2625 713 quae
2667 640 2920 695 Clemen.
2954 639 3199 693 Romani
3246 640 3477 693 nomine
3508 640 3773 694 circum-

2112 731 2598 803 fertur.)Nullum
2649 730 3049 801 presbyterum
3102 729 3159 782 in
3209 727 3461 797 alicujus
3503 728 3775 800 episcopi

2116 821 2391 893 parochia
2420 819 2641 891 aliquid
2668 835 2835 891 agere
2866 819 3075 873 debere
3097 818 3318 888 absque
3341 818 3635 888 permissu
3673 819 3781 873 do-

2114 911 2300 975 cebat,
2335 910 2434 964 sed
2468 915 2526 963 et
2547 914 2788 963 cunctos
2813 907 3177 978 presbyteros
3198 906 3449 978 propriis
3471 906 3776 978 episcopis

2112 999 2174 1053 in
2200 997 2475 1053 omnibus
2524 997 2744 1067 absque
2802 1012 2965 1050 mora
3020 996 3355 1050 obedientes
3398 995 3774 1067 (instituente

2114 1087 2381 1157 Domino)
2414 1102 2542 1142 esse
2582 1085 2790 1141 debere
2821 1085 3080 1140 docebat.
3131 1084 3372 1140 Nullum
3403 1086 3537 1140 item
3572 1085 3775 1140 aliena

2113 1176 2542 1248 concupiscere,
2567 1179 3030 1247 autprassumere
3058 1189 3188 1245 qum
3208 1189 3410 1229 eorum
3441 1176 3627 1245 erant,
3663 1173 3774 1229 sed

2116 1280 2605 1336 unumquemque
2636 1264 2760 1319 suis
2792 1262 3022 1335 sibique
3059 1262 3392 1319 commissis
3422 1266 3771 1319 contentum

2117 1370 2246 1410 esse
2276 1354 2538 1409 docebat.
2574 1352 2879 1408 Neminem
2902 1351 3080 1408 etiam
3113 1350 3286 1407 alicui
3311 1350 3532 1424 aliquid
3554 1352 3777 1420 facere,

2120 1443 2235 1500 nisi
2265 1443 2423 1514 quod
2455 1441 2567 1498 sibi
2598 1441 2723 1497 ﬁeri
2753 1441 2889 1497 velit
2919 1441 3264 1498 instruebat.

2119 1588 2253 1642 CAP.
2289 1584 2528 1641 XXXVI.
2561 1613 2631 1625 —--
2665 1585 2728 1641 Ut
2755 1584 2945 1639 nullus
2973 1584 3206 1639 clericus
3232 1584 3519 1639 mulierem
3552 1585 3613 1640 in
3642 1599 3777 1640 con-

2522 1658 2690 1712 sortio
2715 1656 3127 1727 familiaritatis
3156 1656 3369 1711 habeat.

2194 1764 2427 1835 (Concil.
2482 1763 2640 1819 Tolet.
2694 1780 2753 1829 ιι,
2805 1779 2854 1817 c.
2906 1762 2984 1833 3.)
3037 1761 3183 1816 Illud
3228 1764 3504 1833 praeterea
3532 1758 3777 1834 speciali

2045 1842 2093 1906 Β
2124 1853 2490 1910 ordinatione
2520 1852 2910 1919 decernimus,
2933 1851 3088 1922 quod
3123 1867 3228 1906 nec
3258 1851 3499 1922 antiqua
3526 1852 3778 1907 concilia

2126 1944 2186 1998 in
2218 1942 2506 1998 universis
2539 1958 2686 2013 pene
2714 1940 3043 1995 canonibus
3068 1938 3300 2007 siluere,
3333 1945 3398 1995 ut
3427 1941 3624 1996 nullus
3656 1942 3773 1997 cle-

2127 2032 2383 2088 ricorum
2415 2047 2449 2085 a
2482 2031 2665 2101 gradu
2715 2029 3196 2097 subdiaconatus,
3248 2034 3304 2083 et
3334 2046 3513 2101 supra
3542 2030 3602 2085 in
3634 2047 3775 2086 con-

2128 2121 2309 2176 sortio
2326 2118 2741 2175 familiaritatis
2761 2117 2971 2173 habeat
2986 2116 3313 2187 mulierem,
3332 2118 3773 2192 velingenuam,

2131 2209 2218 2265 vel
2250 2209 2545 2275 libertam,
2578 2210 2680 2262 aut
2700 2205 2973 2262 ancillam
3001 2223 3013 2262 :
3045 2206 3148 2262 sed
3178 2206 3227 2262 si
3256 2210 3398 2262 sunt
3420 2207 3470 2263 ei
3497 2206 3772 2279 hujusce-

2132 2298 2288 2353 modi
2316 2298 2571 2362 servitia,
2604 2295 2799 2362 matri,
2837 2294 2927 2351 vel
2976 2295 3184 2366 sorori,
3213 2295 3430 2368 aliique
3459 2295 3778 2367 cujuslibet

2132 2384 2587 2458 propinquitatis
2617 2384 2941 2453 contradat,
2964 2389 3024 2439 et
3048 2383 3335 2456 quidquid
3358 2385 3482 2440 suis
3502 2385 3777 2441 manibus

2131 2474 2498 2547 profecerint,
2532 2473 2765 2545 proprio
2797 2472 3043 2529 Domino
3073 2474 3389 2529 deferatur.
3424 2480 3542 2529 Aut
3570 2475 3617 2530 si
3650 2491 3778 2545 pro-

2130 2564 2431 2635 pinquitas
2479 2567 2801 2617 memorata
2846 2563 3030 2627 deest,
3076 2561 3190 2617 alia
3246 2562 3458 2628 domus
3502 2562 3672 2634 longe
3701 2563 3774 2618 ad

2131 2670 2333 2709 earum
2363 2652 2763 2708 habitaculum
2796 2650 3147 2721 requiratur,
3193 2666 3259 2705 eo
3293 2652 3484 2719 modo,
3521 2655 3586 2705 ut
3616 2650 3778 2705 nulla

2132 2741 2435 2797 occasione
2481 2740 2814 2796 introeundi
2869 2740 3108 2794 domum
3159 2738 3497 2795 clericorum
3547 2739 3775 2795 femina)

2133 2832 2569 2905 permittantur,
2602 2830 2758 2884 unde
2789 2833 2891 2883 aut
2930 2827 3206 2900 laqueum
3238 2829 3423 2900 possit
3453 2830 3773 2896 incurrere,

2134 2925 2235 2976 aut
2266 2918 2511 2975 noxialis
2542 2918 2699 2973 fama
2720 2917 3046 2973 innocentis
3066 2916 3333 2974 fortassis
3374 2917 3563 2989 possit
3593 2916 3767 2973 inuri.

2134 3010 2284 3066 Sane
2300 3008 2574 3080 deinceps
2596 3009 2728 3079 post
2746 3006 2946 3062 datam
2966 3005 3116 3061 hanc
3137 3006 3595 3062 admonitionem
3618 3006 3777 3078 quis-

2135 3098 2268 3170 quis
2298 3097 2507 3152 harum
2539 3095 2833 3152 consortio
2863 3095 2977 3150 frui
3014 3093 3280 3161 voluerii,
3313 3095 3538 3151 noverit
3568 3112 3630 3151 se
3661 3112 3775 3151 non

2058 3206 2102 3274 α
2142 3187 2333 3244 solum
2367 3204 2403 3242 a
2429 3185 2737 3274 clericatus
2767 3184 2957 3239 ofﬁcio
2977 3182 3608 3274 iretrahi,yve_lecclesize
3641 3184 3776 3274 fori-

2142 3278 2249 3334 bus
2280 3276 2435 3349 pelli,
2469 3275 2571 3330 sed
2621 3273 2798 3330 etiam
2828 3273 3093 3328 omnium
3142 3272 3582 3341 catholicorum,
3617 3272 3781 3329 cleri-

2141 3382 2365 3433 corum,
2393 3363 2480 3421 vel
2536 3363 2818 3419 laicorum
2875 3360 3287 3417 communione
3335 3361 3572 3433 privari,
3626 3360 3784 3417 nulla

2144 3472 2384 3527 prorsus
2415 3452 2687 3524 colloquii
2720 3449 3114 3507 consolatione
3135 3449 3351 3506 relicta.

2145 3581 2281 3637 CAP.
2315 3577 2583 3633 XXXVII.
2620 3608 2686 3617 —
2722 3577 2784 3633 Ut
2814 3575 3049 3631 clericus
3076 3573 3304 3630 nullam
3324 3578 3787 3632 conversationem

2317 3668 2443 3705 cum
2470 3649 2709 3704 muliere
2736 3650 2851 3718 post
2877 3647 3381 3703 denominationem
3407 3647 3616 3703 habeat.

2219 3777 2387 3847 (Vide
2418 3773 2714 3830 Riculfum
2764 3772 2823 3827 in
2856 3789 2905 3827 c.
2941 3772 3052 3843 15.)
3082 3770 3154 3827 Ut
3182 3772 3233 3827 si
3282 3771 3374 3827 cui
3407 3773 3693 3829 sacerdoti
3721 3790 3787 3830 ex

2148 3865 2407 3938 qualibet
2437 3862 2685 3917 muliere
2714 3859 3123 3916 denuntiatum
3156 3861 3348 3931 fuerit,
3377 3865 3442 3916 ut
3470 3861 3676 3918 exinde
3695 3879 3788 3919 su-

2148 3954 2330 4028 spicio
2362 3951 2532 4007 mala:
2569 3948 2862 4021 opinionis
2908 3948 3211 4016 efficiatur,
3244 3948 3467 4005 nullam
3499 3966 3633 4005 cum
3659 3949 3786 4024 ipsa

2149 4045 2360 4101 habeat
2389 4037 2907 4103 conversationem,
2932 4054 3118 4108 neque
3142 4043 3444 4106 secretam,
3478 4056 3665 4111 neque
3686 4057 3783 4113 pa-

2149 4137 2391 4190 tentem.
2424 4129 2484 4186 Si
2514 4128 2789 4199 deinceps
2809 4125 3082 4182 inventus
3105 4125 3439 4200 fuerit,post
3467 4129 3784 4185 secundam

2152 4226 2209 4278 et
2233 4220 2464 4276 tertiam
2487 4214 2973 4273 contestationem
2996 4219 3059 4271 ut
3080 4219 3443 4288 contemptor
3461 4216 3678 4290 gradus
3699 4216 3787 4275 sui

2153 4309 2475 4385 periculum
2505 4306 2811 4363 sustineat.

2155 4437 2291 4492 CAP.
2324 4432 2621 4517 XXXVIII.
2641 4463 2721 4516 ⁸-
2754 4433 2989 4516 Qualem
3006 4432 3399 4557 pﬂessionem
3414 4430 3723 4503 presbyteri
3738 4436 3791 4489 et

2428 4507 2648 4557 diaconi
2678 4506 2906 4557 faciant.
2935 4520 3043 4557 oua
3121 4519 3149 4556 ο
3176 4503 3529 4557 ordinantur.

2428 4506 2651 4561 diaconi
2676 4506 2907 4575 faciant,
2935 4503 3149 4573 quando
3176 4503 3529 4559 ordinantur.

2228 4613 2457 4686 (Ccncil.
2494 4611 2652 4667 Tolet.
2685 4627 2760 4679 1v,
2793 4628 2920 4681 cap.
2954 4610 3066 4679 26).
3121 4610 3362 4674 Quando
3393 4610 3712 4682 presbyteri
3740 4615 3793 4667 et

2156 4702 2383 4759 diaconi
2435 4718 2538 4772 per
2585 4698 2891 4771 parochias
2938 4698 3394 4769 constituuntur,
3427 4703 3652 4769 oportet
3698 4716 3791 4755 eos

2158 4792 2413 4865 primum
2438 4786 2856 4860 professionem
2880 4787 3151 4857 episcopo
3182 4802 3288 4841 suo
3310 4786 3516 4853 facere,
3550 4793 3615 4841 ut
3642 4793 3793 4843 caste

2157 4886 2216 4937 et
2248 4896 2389 4952 pure
2436 4880 2631 4931 vivant
2679 4876 2790 4930 sub
2839 4875 2939 4930 Dei
2988 4876 3217 4943 timore,
3266 4879 3324 4930 et
3370 4891 3469 4931 eos
3502 4876 3637 4931 talis
3669 4892 3792 4948 pro-

2161 4970 2334 5026 fessio
2366 4966 2635 5037 alligatos
2665 4970 2876 5019 sanctae
2903 4964 3224 5036 disciplina:
3251 4964 3516 5020 retineat.

2204 5094 2333 5150 CAP.
2366 5090 2615 5147 XXXIX.
2648 5119 2720 5131 —
2747 5089 3125 5231 ltequualtem
3156 5089 3441 5160 episcopus
3471 5088 3756 5144 diaconum

2911 5177 3033 5215 acia
3062 5200 3076 5214 .

2911 5177 3076 5215 aetat.

2232 5270 2585 5344 Aprazsenti
2636 5268 2727 5323 die
2786 5266 3077 5339 episcopis
3132 5265 3406 5322 omnibus
3463 5265 3708 5333 dicatur,
3740 5269 3803 5321 ut

2165 5360 2395 5417 nullum
2442 5365 2629 5414 facere
2678 5357 2989 5411 diaconum
3040 5360 3416 5427 praesumant,
3470 5353 3584 5410 nisi
3616 5355 3715 5426 qui
3744 5369 3804 5411 se

2167 5454 2324 5506 caste
2353 5448 2645 5502 victurum
2676 5444 3028 5518 promiserit.

483 5655 598 5743 (24)
627 5656 721 5718 Illi
746 5668 895 5719 vero.
919 5649 1082 5712 Prior
1100 5648 1299 5721 editio,
1329 5649 1434 5709 Ille
1459 5661 1586 5710 vero
1606 5649 1897 5723 corrupte.
1927 5649 2062 5707 Haec
2098 5660 2287 5720 usque
2309 5641 2406 5714 ad,
2420 5639 2727 5717 Nullusque
2740 5656 2856 5700 non
2876 5637 3317 5718 legunturapud
3328 5633 3738 5701 Theodulfum.
