3956 6230
180 356 244 415 31

1655 346 2176 409 CAPITULARE.
3538 353 3615 411 33

191 487 314 542 CAP.
344 482 464 538 XL.
516 511 589 523 —
647 481 713 539 Ut
768 481 958 536 clerici
1005 481 1267 551 episcom's
1315 482 1427 535 suis
1465 481 1852 549 obtemperent.
1887 480 1938 544 Α
1972 477 2221 531 ricorum
2259 493 2463 545 magos
2485 477 2927 548 autaruspices,
2958 483 3056 532 aut
3081 479 3315 538 arietes.
3343 485 3616 538 autcerte

262 573 495 643 (Concil.
535 572 805 639 Carthag.
841 587 891 625 c.
925 571 1018 639 31)
1065 571 1201 624 Item
1247 569 1481 641 placuit,
1516 574 1579 623 ut
1609 569 1853 640 quicun-

198 679 304 736 que
334 660 538 717 clerici
571 659 664 714 vel
698 659 931 714 diaconi
977 675 1079 730 pro
1113 658 1560 713 necessitatibus
1588 657 1857 711 ecclesia-

199 753 479 807 sticarum
497 765 700 804 rerum
728 766 839 803 non
857 749 1403 817 obtemperaverunt
1425 747 1711 817 episcOpis
1736 747 1860 800 suis

199 840 534 896 volentibus
590 855 693 893 eos
745 837 815 892 ad
854 839 1126 890 honorem
1169 835 1507 905 ampliorem
1545 837 1599 889 in
1635 853 1741 889 sua
1771 852 1858 889 ec-

200 929 380 985 clesia
414 943 780 994 promovere,
829 942 930 980 nec
965 925 1046 978 illi
1085 925 1419 979 ministrent
1451 925 1506 978 in
1541 942 1646 978 suo
1679 925 1860 995 gradu

204 1020 364 1074 unde
393 1017 715 1072 noluerunt
746 1015 1032 1069 recedere.

201 1127 342 1181 ΟΑΡ.
377 1124 513 1180 XLI.
551 1155 619 1164 —
665 1121 817 1190 Quod
845 1122 1034 1175 nullus
1072 1120 1305 1175 clericus
1334 1121 1424 1175 die
1458 1122 1736 1174 Dominiro
1767 1122 1864 1175 ali-

381 1195 524 1268 quod
549 1194 822 1251 saeculare
849 1194 1134 1263 negotium
1165 1191 1362 1246 audeat
1398 1192 1692 1246 vindicare.

285 1284 518 1356 (Concil.
553 1285 840 1338 Terrae-on.
877 1299 926 1336 c.
962 1283 1037 1352 4.)
1061 1281 1134 1336 Ut
1167 1280 1364 1335 nullus
1396 1283 1864 1353 presbyterorum

210 1373 306 1430 vel
337 1373 682 1429 clericorum
706 1371 801 1426 die
827 1369 1129 1425 Dominico
1161 1368 1522 1442 prepositum
1555 1370 1868 1438 cujuscun-

217 1479 336 1533 que
368 1478 552 1517 causte
609 1459 912 1531 negotium
969 1459 1183 1513 audeat
1237 1458 1553 1523 vindicare,
1617 1458 1726 1512 nisi
1760 1458 1867 1512 hoc

213 1555 472 1617 tantum,
507 1553 571 1604 ut
602 1553 716 1604 Deo
749 1552 972 1603 statuta
991 1547 1276 1602 solemnia
1307 1552 1604 1619 peragant.
1639 1547 1871 1601 (laeteris

212 1655 354 1695 vero
383 1638 612 1704 diebus,
635 1636 1056 1692 scobibentibus
1104 1635 1390 1706 personis,
1422 1635 1524 1690 illa
1553 1653 1676 1706 quas
1702 1636 1872 1705 juxta

213 1733 363 1783 sunt
387 1727 601 1782 habeat
626 1725 920 1780 licentiam
945 1724 1274 1795 judicandi,
1306 1725 1561 1796 exceptis
1593 1724 1868 1779 crimina-

213 1816 385 1871 libus
416 1814 681 1888 negotiis.

300 1924 444 1979 CAP.
475 1922 638 1978 XLII.
663 1952 724 1963 —
748 1923 809 1978 Ut
833 1920 1048 2047 cleritttis
1082 1921 1313 2048 ludicris
1341 1922 1663 1994 spectaculis
1693 1937 1803 1976 non

495 2035 498 2040 .
911 2010 969 2048 in
995 2009 1144 2048 erszn
1177 2035 1189 2047 .

495 2035 498 2040 -
911 2009 1189 2048 intersint.

291 2084 536 2156 (Concil.
595 2081 928 2138 Laodicense
947 2081 1126 2152 c.54.)
1166 2081 1289 2137 Non
1321 2087 1546 2153 oportet
1575 2082 1876 2137 ministros

219 2173 447 2237 altaris,
479 2169 569 2228 vel
600 2170 894 2242 quoslibet
919 2170 1158 2226 clericos
1181 2172 1530 2242 spectaculis
1553 2171 1872 2244 aliquibus,

220 2278 349 2334 qua;
380 2265 485 2316 aut
515 2260 574 2314 in
609 2259 964 2330 nuptiis,aut
995 2258 1053 2313 in
1085 2258 1278 2315 scenis
1323 2259 1692 2331 exhibentur,
1726 2260 1872 2314 inte-

217 2366 406 2420 resse,
439 2350 538 2406 sed
573 2354 890 2418 antequam
941 2346 1239 2419 thymelici
1282 2347 1708 2420 ingrediantur,
1744 2366 1872 2403 sur-

224 2456 362 2513 gere
395 2455 494 2495 eos
525 2438 596 2492 de
623 2437 909 2503 convivio,
941 2441 999 2492 et
1028 2437 1187 2492 abire
1219 2438 1448 2493 debere.

224 2551 360 2602 CAP.
394 2545 588 2601 XLIII.
621 2576 689 2585 —-
715 2545 782 2600 Ut
829 2543 1023 2616 clerici
1057 2560 1154 2614 per
1189 2545 1419 2616 plateas,
1451 2545 1531 2600 vel
1580 2544 1876 2613 andronas,

625 2616 711 2671 vel
739 2615 1015 2670 nundinas
1043 2632 1150 2670 non
1184 2615 1482 2672 ambulent.

296 2706 530 2779 (Concil.
565 2705 824 2775 Carthag.
859 2721 934 2772 IV,
967 2721 1017 2759 c.
1054 2706 1143 2772 47,
1199 2706 1302 2771 48;
1338 2706 1529 2761 Carth.
1566 2725 1649 2769 ιιι,
1683 2725 1730 2761 c.
1764 2709 1876 2778 27).

225 2795 432 2852 Clerici
466 2811 570 2866 per
599 2794 846 2866 plateas,
870 2793 1284 2864 velandronas,
1317 2801 1417 2849 aut
1450 2795 1740 2850 nundinas
1766 2813 1878 2851 non

228 2883 561 2951 ambulent,
595 2891 648 2938 et
682 2883 752 2938 ad
789 2883 999 2952 forum,
1034 2883 1116 2936 vel
1153 2885 1424 2939 tabernas
1456 2902 1569 2939 non
1603 2886 1880 2941 accedant

228 2976 455 3046 absque
486 2976 645 3028 certa
676 2971 935 3042 corporis
964 2971 1050 3026 vel
1083 2972 1256 3026 officii
1289 2973 1382 3027 sui
1404 2975 1768 3041 necessitate,
1793 2974 1879 3030 vel

230 3063 281 3118 si
313 3062 532 3118 fuerint
561 3059 1023 3132 peregrinatione
1054 3060 1342 3133 compulsi
1369 3079 1381 3129 ;
1433 3079 1536 3117 nec
1578 3063 1654 3117 ibi
1689 3080 1878 3120 come-

231 3152 368 3206 dere
397 3153 504 3205 aut
531 3148 728 3204 bibere
761 3153 1134 3220 praesumant.

228 3261 363 3312 CAP.
392 3255 590 3311 XLIV.
625 3285 694 3294 ——
721 3256 852 3310 Item
879 3253 1150 3310 clericum
1174 3257 1469 3312 scurrilem
1494 3258 1834 3329 puniendum
1859 3278 1878 3315 :
1912 3220 1953 3285 Ο

302 3345 542 3415 (Concil.
602 3343 948 3414 Carlhagav,
983 3361 1033 3398 c.
1083 3344 1198 3414 60.)
1229 3345 1517 3400 Clericum
1552 3348 1881 3416 scurrilem,

231 3439 290 3490 et
319 3433 516 3490 verbis
564 3432 839 3504 turpibus
867 3431 1214 3502 jocularem,
1263 3434 1335 3489 ab
1369 3436 1558 3491 officio
1591 3437 1884 3493 retrahen-

234 3523 386 3579 dum
418 3537 748 3577 censemus.

235 3634 374 3685 CAP.
411 3630 574 3684 XLV.
608 3660 676 3669 —
704 3629 842 3683 Item
871 3628 1120 3756 clericdu;
1148 3630 1420 3687 adulator
1447 3637 1501 3687 et
1526 3632 1778 3705 proditor
1798 3635 1886 3690 de-

931 3717 1032 3756 ara
1123 3718 1208 3756 ur.

965 3717 1208 3756 raaetur.

929 3718 1208 3771 graaetur.

311 3789 498 3862 (Ibid,
532 3807 582 3845 c.
613 3790 733 3856 56.)
771 3788 1026 3845 Clericus
1052 3791 1141 3845 cui
1193 3790 1627 3849 adulationibus
1667 3800 1723 3849 et
1754 3812 1886 3867 pro-

239 3879 569 3936 ditionibus
598 3893 804 3934 vacare
834 3878 1310 3950 deprehenditur,
1329 3882 1679 3954 degradetur
1707 3885 1778 3940 ab
1811 3886 1891 3940 of-

238 3969 394 4023 ficio.

238 4057 374 4114 CAP.
404 4056 596 4112 XLVI.
619 4087 687 4096 —
710 4056 956 4114 Clericus
976 4059 1120 4113 inter
1137 4059 1329 4130 epulas
1347 4068 1581 4116 cantans
1604 4063 1886 4118 similiter.

309 4147 496 4215 (Ibid.,
529 4163 580 4201 c.
602 4144 728 4216 61.)
773 4145 1028 4202 Clericus
1075 4147 1226 4203 inter
1255 4147 1458 4220 epulas
1487 4156 1754 4218 cantans,
1787 4169 1886 4207 su-

239 4236 515 4309 pradictas
546 4235 854 4291 sententiae
885 4236 1191 4292 severitate
1221 4240 1598 4295 coercendus.

237 4343 370 4399 CAP.
403 4342 623 4398 XLVII.
658 4374 725 4384 —
757 4343 963 4410 Quibus
1013 4345 1246 4414 negotiis
1275 4363 1333 4401 se
1380 4349 1607 4402 miscere
1635 4348 1888 4405 debeant.

306 4433 605 4504 (Refertur
633 4436 917 4502 tanquam
951 4432 1256 4489 Melchiad.
1291 4435 1550 4492 distinct.
1585 4439 1673 4506 88,
1707 4455 1756 4492 c.
1789 4439 1890 4493 De-

235 4520 725 4589 crevit.)Decrevit
773 4520 1004 4576 Nicena
1051 4525 1309 4594 synodus
1353 4525 1581 4580 nullum
1613 4527 1889 4583 clericum

234 4617 339 4666 aut
357 4612 768 4682 possessiones
781 4611 1122 4679 conducere,
1140 4614 1500 4686 autnegotiis
1519 4617 1894 4674 saecularibus

236 4717 299 4755 se
331 4700 602 4763 miscere.
638 4699 752 4755 nisi
777 4701 921 4754 forte
943 4701 1251 4773 cpiscopus
1273 4704 1522 4761 civitatis
1543 4705 1891 4762 ecclesiasti-

235 4803 440 4843 carum
472 4803 671 4842 rerum
717 4786 1170 4844 sollicitudinem
1205 4790 1414 4846 habere
1446 4794 1759 4865 praecipiat,
1793 4800 1895 4850 aut

237 4875 601 4949 pupillorum
635 4881 695 4930 et
724 4874 1143 4946 orphanorum,
1178 4885 1278 4934 aut
1307 4881 1637 4938 viduarum.
1676 4883 1777 4938 Ubi
1825 4883 1892 4937 li-

237 4965 418 5037 quido
454 4969 636 5036 patet,
662 4963 803 5035 quia
826 4963 940 5018 alia
959 4972 1097 5021 sunt
1115 4970 1348 5039 negotia
1378 4970 1760 5037 secularia,et
1781 4972 1895 5028 alia

236 5053 665 5109 ecclesiastica.

235 5161 364 5216 CAP.
401 5159 653 5215 XLVIII.
674 5159 844 5236 -—_-_U_t
872 5160 1067 5236 clerici
1095 5165 1339 5231 auguria
1368 5181 1479 5219 non
1511 5168 1765 5236 credant,
1799 5185 1896 5223 nec

706 5230 1084 5287 divinationes
1115 5240 1436 5305 acquirunt.

298 5319 528 5386 (Concil.
566 5318 733 5375 Totet.
802 5335 877 5389 IV,
940 5337 989 5374 c.
1043 5321 1136 5392 29)
1187 5325 1411 5395 Siquis
1455 5326 1764 5399 episcOpus
1796 5335 1897 5385 aut

230 5410 554 5484 presbyter,
589 5409 716 5464 sive
750 5407 1053 5478 diaconus,
1076 5411 1161 5466 vel
1193 5413 1438 5483 quilibet
1463 5433 1530 5471 ex
1557 5417 1758 5474 ordine
1781 5419 1897 5474 cle-

294 5588 428 5664 (25).
456 5588 686 5664 ’.ςοιυαι
722 5588 880 5664 Quae
913 5597 1239 5662 sequuntur
1270 5611 1384 5650 non
1417 5600 1555 5654 sunt
1585 5613 1655 5654 ex
1685 5596 1890 5654 concil.

220 5659 403 5721 Tolet'.
437 5660 796 5734 desumpta.

1968 583 2220 635 augures
2245 566 2327 620 vel
2350 566 2679 636 sortilegos,
2706 567 2788 620 vel
2814 584 2911 620 eos
2934 568 3032 636 qui
3063 573 3404 638 protitentur
3427 577 3610 626 artem

1972 658 2278 725 magicam,
2302 661 2400 708 aut
2427 656 2657 726 aliquos
2674 672 2872 709 eorum
2890 656 3105 710 similia
3126 664 3618 728 exercentes,eon-

1970 744 2221 798 suluisse
2243 745 2406 798 fuerit
2425 746 2922 814 deprehensus,ab
2947 747 3162 799 honore
3186 747 3485 817 dignitatis
3501 767 3617 804 suae

1974 834 2294 904 depositus,
2322 835 2739 887 monasterium
2770 836 3069 903 ingressus
3096 854 3321 905 pmnnm
3349 839 3615 910 excipiat,

1975 923 2170 992 ibique
2204 931 2489 993 perpetrm
2526 924 2868 991 pomitcntiee
2892 925 3146 988 deditus,
3183 926 3375 980 scelus
3406 927 3620 982 admis-

1974 1029 2103 1064 sum
2140 1012 2425 1080 sacrilegii
2466 1011 2648 1063 solvat
2671 1013 2802 1079 (25).
2835 1013 2973 1065 Item
3005 1031 3018 1064 :
3055 1014 3109 1066 Si
3145 1014 3276 1084 quis
3311 1023 3440 1084 post
3474 1017 3620 1072 hanc

1976 1099 2845 1170 cognitionem,ccclesi:isticam
2870 1107 3250 1156 Contemnens
3273 1104 3621 1173 doctrinam,

1976 1190 2044 1242 ad
2071 1206 2167 1242 eos
2194 1206 2338 1258 quos
2362 1189 2800 1259 prophetas,aut
2823 1189 3080 1260 angelos,
3101 1191 3183 1244 vel
3207 1191 3433 1264 aliquos
3449 1211 3621 1250 sanc-

1977 1284 2166 1331 torum
2187 1278 3103 1349 defunctorum,quosazquivocos
3122 1279 3267 1336 falso
3282 1288 3508 1349 vocant,
3529 1285 3624 1340 ab-

1981 1367 2133 1431 ierit,
2177 1383 2495 1437 eorumque
2523 1366 2712 1436 pravis
2735 1367 3014 1422 doctrinis
3039 1368 3352 1435 inhmserit,
3378 1371 3622 1427 anathe-

1981 1474 2074 1511 ma
2098 1456 2206 1522 sit;
2232 1456 2525 1528 nullisque
2548 1457 2839 1528 mysteriis
2859 1457 3270 1514 ecclesiasticis
3291 1462 3624 1516 communi-

1981 1550 2091 1612 cet,
2119 1547 2298 1600 donec
2322 1546 2389 1599 ad
2427 1545 2715 1616 pontificis
2754 1547 2976 1601 venerit
3009 1549 3463 1605 satisfactionem
3489 1553 3622 1621 (26).

1981 1635 2123 1689 Nam
2151 1636 2272 1704 ipse
2303 1635 2649 1689 Dominusin
2679 1635 2982 1706 Evangelio
3006 1637 3194 1692 docet:
3224 1638 3460 1707 Surgent
3477 1642 3625 1695 enim

1977 1724 2377 1794 pseudochristi
2423 1733 2476 1778 et
2517 1724 3010 1794 pseudoprophetis,
3046 1733 3096 1779 et
3144 1727 3396 1782 seducent
3423 1731 3625 1784 multos

1903 1813 2194 1911 B(Mallh.
2230 1830 2380 1877 xxxv,
2412 1813 2522 1878 24).
2578 1813 2642 1866 Et
2697 1813 2908 1867 Paulus
2961 1815 3295 1884 apostolus:
3350 1821 3626 1873 Doctrinis

1984 1903 2158 1956 variis
2187 1906 2236 1955 et
2264 1903 2578 1972 peregrinis
2602 1902 2769 1957 nolite
2789 1903 2978 1958 abduci
3004 1906 3183 1973 (Ilcbr.
3207 1923 3329 1971 xm,
3349 1907 3423 1975 9).
3459 1907 3628 1962 Simi-

1983 1989 2113 2044 liter
2142 1989 2318 2043 ctiam
2353 1991 2423 2043 de
2455 1988 2569 2043 illis
2601 1991 2700 2060 qui
2745 1991 2980 2045 arbores
3013 1993 3229 2058 colunt,
3265 2001 3366 2048 aut
3396 1995 3464 2050 ad
3501 1997 3626 2050 fon-

1983 2083 2070 2134 tes
2093 2078 2431 2148 bujusmodi
2466 2076 2733 2148 religiose
2764 2081 3067 2147 accedunt,
3103 2082 3421 2138 deliberare
3451 2101 3624 2140 cura-

1985 2167 2193 2222 vimus.
2228 2166 2472 2238 Insuper
2503 2165 2699 2220 nullus
2745 2167 2961 2222 talibus
3011 2169 3446 2227 communicare
3476 2190 3626 2243 prmi-

1986 2261 2204 2312 sumat.

1991 2363 2387 2420 CAP.Xle.—-
2411 2367 2479 2419 Ut
2495 2364 2688 2418 clerici
2701 2379 2900 2417 usuras
2925 2379 3033 2418 non
3062 2367 3464 2436 accipiant,nec
3490 2366 3629 2425 laici

2681 2451 2910 2508 quoque.

2059 2542 2288 2610 (Concil.
2323 2540 2586 2611 Carthag.
2625 2558 2704 2611 III,
2733 2558 2781 2597 c.
2813 2542 2922 2611 16.)
2955 2543 3092 2597 Item
3145 2543 3382 2614 placuit,
3418 2552 3481 2600 ut
3511 2547 3626 2602 cle-

1995 2629 2150 2684 ricus
2165 2630 2212 2684 si
2234 2630 2688 2684 commodaverit
2707 2630 3343 2702 pecuniam,pecuniam
3359 2635 3625 2705 accipiat;

1990 2718 2036 2771 si
2071 2719 2626 2789 speciem,eamdcm
2652 2719 2902 2790 speciem
2929 2725 3215 2791 quantum
3240 2722 3464 2778 dederit
3485 2725 3632 2780 acci-

1991 2806 2129 2878 piat.
2159 2807 2434 2862 similiter
2455 2824 2686 2879 quoque
2705 2807 2834 2862 laici
2863 2810 2933 2862 ab
2961 2810 3155 2864 usuris
3177 2827 3238 2865 se
3262 2812 3624 2880 abstineant;

1991 2897 2144 2967 quod
2180 2896 2227 2951 si
2261 2915 2374 2951 non
2411 2897 2667 2963 fecerint,
2703 2899 3306 2954 excommunicentur.

1991 3006 2116 3059 CAP.
2155 3009 2210 3058 L.
2236 3035 2298 3043 —
2328 3005 2388 3060 Ut
2417 3005 2606 3058 clerici
2634 3006 2800 3058 vilius
2829 3005 3044 3059 emendi
3071 3010 3122 3060 et
3150 3009 3343 3063 carius
3371 3010 3636 3065 vendendi

2521 3092 2677 3130 usum
2703 3093 2815 3130 non
2843 3078 3098 3132 habeant.

2065 3182 2292 3252 (Concil.
2355 3183 2642 3236 'Iarracon.
2702 3199 2751 3236 c.
2811 3183 2889 3252 2.)
2965 3183 3126 3238 Sicut
3180 3201 3282 3256 per
3339 3202 3630 3244 canonum

1993 3277 2212 3326 statuta
2242 3273 2535 3325 firmatum
2581 3275 2687 3336 est,
2721 3272 3077 3342 quicumque
3108 3273 3165 3327 in
3197 3273 3348 3329 clero
3377 3292 3504 3331 esse
3537 3293 3637 3332 vo-

1996 3361 2184 3426 luerit,
2213 3360 2441 3414 emendi
2475 3359 2669 3425 vilius,
2721 3360 2807 3414 vel
2856 3361 3138 3414 vendendi
3171 3362 3406 3416 charius
3435 3366 3632 3420 studio

1993 3467 2106 3504 non
2140 3455 2355 3502 utatur.
2389 3453 2549 3502 Certe
2581 3446 2629 3501 si
2656 3447 2900 3501 voluerit
2929 3464 3211 3519 exercere,
3245 3451 3582 3508 cohibeatur
3603 3472 3637 3510 a

1993 3538 2168 3594 clero.

1993 3646 2125 3697 CAP.
2158 3642 2240 3698 LI.
2265 3673 2332 3681 ——-
2357 3643 2418 3698 Ut
2437 3641 2628 3696 clericz
2650 3642 2965 3697 saecularem
2986 3642 3358 3712 de/ensionem
3377 3645 3638 3704 adversus

2185 3714 2579 3768 ecclesiastiam
2607 3713 2958 3784 disciplinam
2987 3732 3098 3770 non
3127 3719 3445 3787 requirant.

2067 3820 2292 3890 (Agath.
2352 3820 2553 3875 Concil.
2589 3837 2638 3875 c.
2669 3820 2748 3890 8.)
2785 3820 2940 3874 Idem
2987 3819 3223 3890 placuit,
3274 3827 3337 3877 ut
3388 3822 3636 3882 clericus

1997 3909 2045 3965 si
2065 3909 2263 3965 relicto
2281 3910 2470 3963 officio
2493 3926 2598 3964 suo
2626 3916 2861 3980 propter
2889 3910 3311 3966 districtionem
3345 3913 3416 3966 ad
3451 3931 3640 3969 saecu-

1999 3999 2177 4054 larem
2204 3999 2443 4053 fortasse
2465 3999 2862 4053 defensionem
2887 4000 3281 4070 transierit,fet
3299 4001 3348 4056 ei
3371 4002 3443 4056 ad
3465 4020 3641 4073 quem

1999 4091 2307 4143 recurrerit
2338 4087 2611 4142 solatium
2629 4088 2986 4143 defensionis
3009 4088 3380 4160 impenderit,
3403 4107 3536 4146 cum
3556 4110 3645 4149 eo.

1999 4177 2132 4232 dem
2165 4177 2234 4231 de
2255 4175 2519 4230 Ecclesia!
2550 4178 2964 4231 communione
2996 4177 3268 4247 pellatur.

1999 4288 2128 4338 CAP.
2185 4283 2294 4337 LII.
2346 4314 2434 4350 -η,
2474 4283 2536 4338 Ut
2565 4283 2752 4336 clerici
2779 4283 3136 4407 erilesiastiro
3165 4283 3378 4354 judicio
3406 4290 3647 4343 contenti

2754 4369 2836 4407 sm
2873 4395 2886 4407 .

2754 4369 2886 4408 διπι.

2073 4459 2623 4533 (Pseudo-Clemens
2641 4459 2811 4531 epist.
2839 4459 2863 4514 1
2891 4460 2960 4514 ad
2985 4460 3210 4531 Jacob.)
3235 4461 3291 4516 Si
3319 4461 3418 4532 qui
3444 4477 3511 4516 ex
3535 4463 3646 4519 fra-

2001 4551 2190 4606 tribus
2224 4550 2448 4621 negotia
2484 4549 2701 4603 habent
2732 4549 2881 4602 inter
2902 4566 2983 4618 se,
3009 4551 3162 4620 apud
3196 4549 3522 4620 cognitores
3545 4568 3646 4607 saa-

2001 4639 2115 4694 culi
2150 4656 2264 4694 non
2290 4639 2645 4706 judicentur,
2669 4638 2770 4691 sed
2795 4639 2947 4708 apud
2973 4639 3340 4710 presbyteros
3376 4640 3644 4698 Ecclesiae

2002 4727 2286 4800 quidquid
2324 4728 2463 4781 illud
2496 4733 2602 4795 est,
2633 4726 2958 4781 dirimatur.

2163 4854 2298 4909 CAP.
2337 4851 2472 4905 LIII.
2509 4883 2573 4890 ——
2609 4852 2669 4907 Ut
2697 4851 2892 4906 clerici
2924 4851 3133 4923 vigiliis
3162 4869 3270 4907 non
3300 4853 3499 4911 desint.

2075 4960 2303 5031 (Concil.
2339 4958 2601 5028 Cari/mg.
2639 4975 2714 5024 IV,
2746 4974 2795 5011 c.
2853 4959 2961 5030 49.)
3008 4960 3264 5016 Clericus
3295 4961 3392 5033 qui
3426 4961 3651 5033 absque

2005 5048 2338 5121 corpusculi
2371 5049 2458 5104 sui
2487 5047 2881 5120 inaqualitate
2913 5048 3125 5121 vigiliis
3148 5051 3328 5117 deest,
3357 5051 3650 5116 stipendio

2004 5139 2287 5209 privetur.

2005 5243 2138 5298 CAP.
2176 5244 2314 5298 LIV.
2371 5275 2438 5284 —
2492 5245 2555 5300 Ut
2583 5244 2867 5316 presbyter
2915 5246 2971 5299 in
3025 5247 3234 5315 nuptiis
3285 5245 3496 5314 bigami
3539 5261 3650 5301 non

2677 5320 2963 5386 prandeat.

2079 5421 2306 5492 (Concil.
2361 5422 2614 5476 Neocles”
2666 5439 2714 5476 c.
2770 5424 2847 5492 7.)
2901 5423 3307 5495 Presbyterum
3341 5423 3399 5477 in
3431 5423 3654 5495 nuptiis

2078 5595 2542 5723 (2(2).Burchard.
2573 5596 2673 5651 lib.
2723 5615 2779 5680 gr,
2813 5615 2862 5653 c.
2897 5599 2984 5654 48.
3016 5599 3157 5668 Yvo,
3189 5618 3312 5674 par.
3347 5617 3408 5672 ιι,
3440 5618 3491 5659 c.
3519 5601 3557 5658 5
3589 5604 3649 5668 et

2098 5686 2112 5723 ι
2193 5668 2284 5723 ide
2313 5668 2536 5723 Concil.
2561 5668 2796 5723 Laodlc.
2828 5685 2879 5723 ο.
2905 5670 2994 5723 34.
3026 5672 3116 5723 35.

2005 5668 2112 5743 73;
2140 5668 2284 5726 Vide
2313 5668 2536 5726 Concil.
2561 5668 2796 5730 Laodic.
2828 5685 2879 5727 ο.
2905 5670 2994 5745 34,
3026 5672 3116 5729 35.
