3956 6230
340 360 421 418 39
1360 342 1694 404 ATTONIS
1741 338 2320 402 VERCELLENSIS
2366 338 2716 401 EPISCOPI
3665 341 3747 402 ιο

353 488 572 561 bigami
608 487 890 559 prandere
919 499 1036 538 non
1066 478 1352 542 convenit,
1384 476 1524 547 quia
1552 491 1686 530 cum
1708 472 1986 544 poeniten-
2017 473 2072 540 Α
2105 471 2245 543 quid
2278 473 2600 527 secundum
2633 472 2941 543 praedictas
2971 472 3200 544 mgulas
3222 473 3553 545 apostolicis
3585 475 3746 531 sedis

349 578 434 634 tia
466 577 735 648 bigamus
769 577 984 645 egerat,
1008 570 1142 644 quis
1162 569 1272 624 erit
1294 565 1612 638 presbyter,
1639 562 1734 635 qui
1760 564 1994 633 propter
2101 577 2209 616 nos
2235 561 2537 633 Scriptura
2582 561 2862 630 docuerit,
2896 566 2960 616 ut
3003 579 3244 634 prorsus
3274 579 3391 619 non
3435 563 3748 635 Opinemur

346 666 678 722 convivium
712 662 933 718 talibus
983 659 1203 732 nuptiis
1234 655 1421 728 possit
1459 654 1714 725 praebere
1741 667 1990 706 consen—

347 753 522 812 sum?

347 863 480 917 CAP.
515 859 625 914 LV.
640 888 709 899 —
732 855 880 924 Quod
899 871 972 910 ea:
989 852 1202 908 collatis
1221 850 1469 905 convivia
1494 863 1606 902 non
1625 846 1966 902 celebrentur

421 965 649 1038 (Concil.
688 964 906 1019 Laodic.
941 977 988 1014 c.
1020 960 1134 1024 55.)
1168 957 1330 1020 Quod
1364 971 1476 1009 non
1510 956 1772 1024 oporteat
1803 967 1988 1006 sacer-

344 1058 532 1126 dotes,
561 1060 661 1111 aut
690 1053 928 1108 clericos
970 1065 1038 1104 ex
1083 1045 1330 1113 collatis,
1379 1042 1467 1098 vel
1501 1040 1987 1098 commessalibus

346 1145 607 1202 convivia
636 1141 946 1198 celebrare.
978 1137 1098 1193 Hoc
1127 1139 1321 1192 autem
1346 1150 1450 1189 nec
1472 1130 1636 1188 laicis
1658 1146 1832 1203 posse
1854 1146 1987 1185 con-

344 1249 570 1309 gruere.

337 1349 462 1398 CAP.
499 1339 633 1394 LVI.
666 1368 734 1378 -—-
765 1335 923 1406 Quod
953 1335 1028 1391 ad
1055 1349 1268 1406 agapen
1295 1331 1495 1397 vocati,
1527 1329 1775 1386 ciborum
1803 1329 1984 1400 partes

943 1422 1052 1461 non
1083 1420 1194 1459 acc:
1198 1405 1377 1476 piant.

406 1501 750 1574 (Laodicens.
783 1514 831 1552 c.
854 1496 971 1566 27.)
995 1493 1156 1558 Quod
1189 1509 1302 1547 non
1329 1492 1592 1563 oporteat
1622 1505 1786 1544 sacro
1809 1487 1983 1541 mini-

337 1591 514 1649 sterio
547 1588 774 1643 deditos
801 1585 1042 1640 clericos
1073 1583 1143 1637 ad
1179 1597 1398 1654 agapen
1433 1583 1688 1642 vocatos,
1717 1577 1981 1631 ciborum

338 1685 535 1754 partes
566 1677 856 1749 accipere:
888 1677 1193 1747 propterea
1239 1669 1392 1743 quod
1426 1667 1561 1723 hinc
1588 1665 1980 1723 ecclesiastico

331 1769 522 1827 ordini
555 1769 657 1822 ﬁat
686 1764 926 1836 injuria.

331 1882 463 1934 CAP.
497 1874 660 1940 LVII,
686 1903 752 1914 ——
777 1870 926 1939 Quod
951 1869 1172 1925 clericos
1205 1882 1380 1933 ora-re,
1414 1871 1466 1921 et
1491 1866 1688 1940 legere,
1716 1879 1781 1918 ac
1802 1863 1979 1917 mani-
2007 1844 2056 1910 Β

645 1938 740 2000 bus
775 1938 1024 1997 laborare
1052 1943 1324 1995 instanter
1350 1938 1658 1992 conveniat.

405 2036 639 2110 (Cancil.
689 2033 946 2102 Carthag.
982 2047 1055 2095 IV,
1088 2046 1137 2084 c.
1178 2029 1267 2090 50,
1300 2026 1390 2096 51,
1423 2026 1513 2094 52,
1544 2024 1654 2090 53;
1688 2038 1755 2078 ex
1785 2037 1909 2093 cap.
1942 2021 1976 2075 3

331 2124 575 2199 Capitul.
607 2120 910 2178 Theodulf.
949 2117 1170 2184 Aurel.)
1200 2115 1459 2171 Clericus
1475 2116 1692 2168 victum
1725 2115 1780 2167 et
1801 2111 1973 2199 vesti:

332 2195 594 2270 mentum
627 2209 736 2265 sibi
769 2207 1014 2264 artiﬁcio
1036 2205 1123 2261 vel
1149 2202 1528 2276 agricultura,
1557 2201 1776 2270 absque
1800 2195 1974 2253 ofﬁcii

327 2304 608 2358 duntaxat
639 2298 727 2354 sui
764 2296 1114 2352 detrimento
1159 2297 1480 2364 praeparet:
1514 2294 1571 2344 et
1604 2289 1652 2344 si
1684 2287 1916 2358 quando
1943 2304 1976 2341 a

319 2389 567 2446 lectione
584 2390 872 2448 cessatur,
889 2384 1062 2437 debet
1085 2396 1368 2436 manuum
1392 2378 1650 2450 operatio
1675 2374 1972 2444 subsequi,

324 2479 464 2552 quia
491 2476 756 2532 otiositas
779 2473 1017 2526 inimica
1047 2477 1136 2525 est
1161 2470 1455 2532 animae,et
1479 2467 1759 2536 antiquus
1791 2464 1975 2519 hostis

329 2583 502 2640 quem
523 2583 556 2621 a
579 2564 820 2620 lectione
837 2563 957 2616 sive
974 2561 1044 2614 ab
1066 2559 1326 2614 oratione
1350 2562 1648 2611 vacantem
1669 2553 1974 2614 invenerit,

330 2655 498 2712 facile
529 2654 599 2708 ad
633 2651 773 2706 vitia
802 2649 971 2721 rapit.
1005 2649 1111 2702 Per
1141 2663 1308 2701 usum
1335 2661 1587 2715 namque
1605 2641 1870 2697 lectionis
1891 2640 1977 2694 di-

332 2743 528 2808 scetis,
563 2741 816 2813 qualiter
843 2743 900 2794 et
919 2754 1020 2793 vos
1043 2736 1272 2801 vivatis,
1306 2738 1363 2789 et
1393 2733 1539 2788 alios
1570 2731 1843 2786 doceatis.
1871 2733 1978 2782 Per

333 2850 507 2890 usum
532 2829 814 2886 orationis
845 2834 901 2882 et
921 2826 1105 2892 vobis,
1140 2830 1195 2880 et
1236 2823 1327 2879 his
1358 2823 1574 2894 quibus
1605 2822 1663 2875 in
1697 2818 1978 2874 charitate

329 2919 623 2992 conjuncti
673 2917 835 2984 estis,
888 2915 1163 2987 prodesse
1210 2911 1498 2967 valebitis.
1551 2915 1656 2963 Per
1691 2922 1974 2962 manuum

328 3009 751 3081 operationem,
777 3011 834 3062 et
857 3004 1116 3074 corporis
1132 3001 1606 3064 macerationem,
1623 3003 1680 3052 et
1698 2995 1851 3050 vitiis
1874 2994 1976 3048 ali-

332 3105 528 3155 menta
559 3094 865 3168 negabitis.
897 3099 954 3147 et
972 3091 1180 3146 vestris
1204 3087 1650 3144 necessitatibus
1675 3083 1974 3139 subvenie-

333 3187 434 3257 tis,
466 3192 525 3243 et
545 3183 836 3242 habebitis
860 3182 1013 3254 quod
1043 3179 1445 3235 necessitatem
1474 3174 1827 3248 patientibus
1851 3189 1976 3243 por-

332 3277 557 3350 rigatis.

333 3367 464 3434 CAP,
500 3364 694 3420 LVIII.
728 3391 790 3404 -—
827 3361 935 3430 Qui
959 3360 1159 3434 psalmi
1194 3359 1255 3412 in
1280 3357 1510 3434 ecclesia
1549 3360 1858 3417 cantentur,
1891 3349 1972 3405 vel

926 3433 1062 3487 libri
1093 3432 1379 3502 legantur.

396 3528 587 3599 (Mart.
645 3525 806 3580 Crac.
866 3521 1081 3576 Collect.
1143 3519 1336 3574 Orient
1379 3534 1526 3608 cuiu,
1560 3531 1610 3569 c.
1642 3513 1749 3608 67.;
1782 3509 1966 3608 Carth.

326 3632 411 3686 ιιι,
445 3632 495 3670 c.
528 3615 644 3680 47.)
675 3611 836 3678 Quod
861 3627 976 3665 non
1009 3611 1312 3680 opporteat
1354 3604 1586 3676 plebeos
1617 3601 1874 3673 psalmos
1908 3601 1967 3654 in

329 3704 572 3761 ecclesia
617 3699 856 3765 cantari,
910 3715 1015 3754 nec
1073 3696 1253 3751 libros
1287 3698 1492 3766 praeter
1521 3706 1798 3747 canonem
1834 3686 1967 3758 legi,

327 3810 495 3849 sacra
524 3789 824 3846 volumina
854 3787 994 3843 Novi
1021 3782 1400 3852 Testamenti,
1422 3781 1508 3836 vel
1542 3779 1782 3836 Veteris.
1817 3777 1971 3830 Licet

329 3883 506 3938 etiam
539 3880 648 3953 legi
682 3878 981 3951 passiones
1032 3879 1376 3945 martyrum,
1410 3887 1541 3925 cum
1575 3865 1968 3924 anniversaria

326 3988 528 4027 eorum
560 3970 945 4026 celebrantur.

322 4081 457 4136 CAP.
484 4077 622 4132 LIX.
654 4109 720 4117 —
748 4077 808 4133 Ul
836 4076 1021 4132 oratio
1053 4075 1337 4129 Dominica
1360 4071 1603 4145 quotidie
1630 4068 1965 4140 fro/"eratut

391 4168 493 4238 (Ex
524 4184 572 4222 c.
609 4168 676 4221 10
704 4165 901 4221 concil.
943 4162 1110 4218 Tolet.
1146 4168 1246 4234 ιν.)
1281 4163 1475 4218 Oratio
1508 4176 1635 4231 quaa
1672 4154 1969 4212 Dominica

322 4257 554 4327 dicitur,
579 4273 756 4327 quam
773 4252 1055 4309 Dominus
1079 4253 1309 4324 proprio
1325 4269 1421 4306 ore
1443 4245 1788 4318 composuit,
1809 4261 1970 4300 suos-

331 4363 445 4417 que
484 4342 808 4416 discipulos
834 4359 935 4413 per
963 4347 1090 4396 e‘am
1141 4358 1306 4396 orare
1337 4339 1555 4403 docuit,
1592 4354 1705 4391 non
1739 4340 1967 4390 tantum

324 4435 532 4490 diebus
558 4431 902 4498 Dominicis,
937 4430 1037 4485 sed
1072 4429 1409 4500 quolidiein
1443 4426 1601 4481 omni
1639 4422 1968 4495 operatione

318 4521 763 4595 frequentanda,
796 4526 906 4576 est.
953 4518 1289 4573 Consideret
1318 4522 1511 4572 tamen
1563 4513 1969 4586 unusquisque

2100 650 2475 718 catholicum,
2509 651 2662 722 quod
2697 651 2968 722 apparuit
2998 652 3246 722 prﬁxis
3277 652 3584 710 sententiis
3614 669 3746 711 esse

2099 739 2479 795 contrarium.

2203 827 2336 882 CAP.
2363 829 2503 883 LXI.
2528 858 2596 869 -—-
2628 829 2727 885 Ubi
2761 837 2812 884 et
2842 829 3080 899 qualiter
3108 830 3310 888 scholae
3337 831 3664 888 habeantur.

2167 916 2497 987 (Theodull.
2552 934 2597 973 c.
2650 919 2766 989 20.)
2799 918 3120 992 Presbyteri
3153 920 3328 975 etiam
3361 937 3465 993 per
3488 921 3654 978 villas
3683 926 3743 978 et

2094 1005 2250 1060 vicos
2283 1005 2512 1061 scholas
2543 1006 2815 1077 habeant,
2849 1012 2904 1062 et
2929 1008 2977 1063 si
3003 1008 3281 1080 quislibet
3308 1010 3571 1066 ﬁdelium
3594 1026 3740 1067 suos

2096 1095 2370 1166 parvulos
2399 1096 2468 1150 ad
2495 1095 2803 1152 discendus
2826 1096 3051 1153 litteras
3082 1097 3166 1154 eis
3196 1099 3561 1156 committere
3591 1099 3737 1172 vult,

2095 1199 2194 1239 eos
2226 1185 2524 1256 suscipere
2555 1190 2612 1240 et
2641 1187 2847 1242 docere
2867 1202 2982 1242 non
3013 1192 3284 1255 renuant,
3304 1189 3403 1244 sed
3422 1203 3556 1244 cum
3579 1206 3740 1245 sum-

2093 1288 2191 1327 ma
2221 1290 2320 1329 eos
2345 1273 2628 1330 charitate
2658 1275 2925 1330 doceant.
2965 1276 3075 1344 Qui
3106 1278 3292 1332 autem
3328 1277 3474 1333 docti
3500 1279 3738 1346 fuerint,

2091 1361 2380 1430 fulgebunt
2408 1363 2567 1433 quasi
2591 1363 2854 1433 splendor
2876 1362 3250 1435 ﬁrmamenti,
3283 1369 3336 1421 et
3354 1369 3460 1437 qui
3486 1367 3557 1422 ad
3567 1369 3739 1439 justi-

2092 1451 2238 1505 tiam
2254 1451 2558 1506 erundiunt
2573 1453 2804 1518 mullos,
2824 1453 3127 1525 fulgebunt
3151 1457 3312 1526 quasi
3337 1457 3516 1514 stellae
3543 1459 3605 1512 in
3617 1471 3742 1530 per-

2087 1548 2284 1609 petuas
2299 1542 2634 1596 aeternitates
2654 1541 2823 1611 (Dan.
2841 1557 2942 1609 xu,
2961 1543 3036 1614 3).
3050 1542 3198 1598 Cum
3221 1559 3358 1616 ergo
3383 1559 3484 1601 eos
3502 1545 3735 1614 docent,

2090 1625 2236 1681 nihil
2259 1628 2330 1681 ab
2351 1627 2437 1682 eis
2455 1627 2625 1698 pretii
2645 1645 2748 1699 pro
2781 1628 2886 1684 hac
2919 1645 2979 1685 re
2999 1630 3258 1703 exigant,
3281 1648 3388 1689 nec
3411 1631 3634 1704 aliquid
3660 1634 3735 1689 ab

2089 1714 2172 1770 eis
2205 1715 2510 1786 accipiant,
2546 1721 2780 1788 excepto
2827 1718 2982 1789 quod
3015 1719 3099 1774 eis
3130 1723 3400 1792 parentes
3430 1721 3735 1779 charitatis

2091 1804 2286 1858 studio
2317 1821 2424 1860 sua
2453 1804 2746 1861 voluntate
2779 1806 3118 1864 obtulerint.

2191 1914 2322 1965 CAP.
2358 1909 2518 1966 LXII.
2561 1941 2634 1953 —
2681 1912 2892 1980 Quibus
2922 1914 3135 1970 libertis
3162 1917 3621 1973 manumittatur.

2156 1999 2383 2071 (Concil.
2419 2000 2576 2056 Tolet.
2607 2018 2682 2065 IV,
2715 2018 2841 2073 cap.
2873 2002 2989 2072 72.)
3028 2003 3372 2076 Quicunque
3403 2005 3732 2063 libertatem

2083 2103 2118 2141 a
2147 2087 2402 2144 dominis
2423 2089 2549 2144 suis
2579 2088 2659 2144 ita
2686 2089 3034 2162 percipiunt,
3059 2100 3124 2146 ut
3153 2091 3380 2148 nullum
3416 2094 3652 2151 sibimet
3671 2096 3732 2152 in

2085 2177 2170 2232 eis
2201 2178 2549 2249 obsequium
2603 2184 2883 2250 patronus
2928 2185 3210 2248 retentet;
3247 2181 3311 2237 iti
3361 2183 3407 2239 si
3452 2184 3584 2240 sine
3615 2185 3733 2240 cri-

2086 2266 2241 2321 mine
2270 2271 2430 2337 sunt,
2465 2268 2532 2321 ad
2569 2267 2876 2323 clericatus
2907 2271 3168 2325 ordinem
3203 2268 3382 2327 libere
3403 2272 3734 2345 suscipian-

2084 2359 2214 2420 tur;
2234 2355 2368 2426 quia
2385 2356 2604 2411 directa
2618 2358 3079 2414 manumissiane
3112 2359 3361 2415 absoluti
3387 2367 3731 2420 nussuntur.

2085 2443 2189 2506 Qui
2223 2461 2354 2498 vero
2389 2449 2606 2507 retento
2636 2446 2918 2518 obsequio
2956 2449 3306 2505 ma—numissi
3341 2453 3503 2515 sunt,
3537 2459 3734 2523 proco

2087 2533 2239 2602 quod
2272 2533 2463 2587 adhuc
2494 2551 2526 2588 a
2577 2540 2822 2605 patrono
2865 2536 3132 2591 servituti
3169 2541 3443 2594 tenentur
3469 2540 3732 2608 obnoxii,

2087 2620 2423 2676 nullatenus
2457 2627 2594 2676 sunt
2615 2623 2685 2677 ad
2709 2623 3170 2680 ecclesiasticum
3203 2627 3466 2683 ordinem
3500 2646 3731 2700 promo-

2085 2711 2274 2775 vendi,
2308 2726 2378 2764 ne
2409 2711 2641 2780 quando
2673 2711 2962 2768 voluerint
2992 2730 3193 2769 eorum
3225 2716 3468 2784 domini,
3500 2718 3644 2773 ﬁant
3664 2735 3734 2774 ex

2085 2797 2312 2854 clericis
2343 2800 2512 2854 servi.

2086 2909 2217 2960 CAP.
2255 2905 2456 2961 LXIII.
2496 2937 2564 2946 —-
2623 2905 2826 2975 Quales
2876 2908 2944 3032 αὲι
2985 2910 3363 2965 ministerium
3404 2912 3594 2967 clerici
3619 2913 3728 2968 eli-

2795 2996 2904 3032 aan.
2931 2996 3017 3032 ur.

2794 2996 3017 3049 gantur.

2161 3064 2460 3136 (Clementi
2495 3068 2666 3136 epist.
2683 3067 2716 3121 2
2733 3069 3031 3139 ascripta.)
3054 3067 3223 3124 Tales
3245 3071 3316 3124 ad
3333 3070 3728 3129 ministerium

2087 3153 2277 3208 clerici
2309 3154 2618 3226 eligantur,
2645 3157 2739 3227 qui
2769 3157 2940 3229 digne
2973 3159 3201 3229 possint
3230 3159 3526 3215 Dominica
3543 3177 3733 3218 sacra-

2088 3248 2284 3298 menta
2315 3248 2595 3298 tractare:
2632 3244 2842 3300 melius
2872 3250 2962 3301 est
2989 3247 3148 3302 enim
3179 3247 3407 3303 Domini
3442 3251 3730 3306 sacerdoti

2085 3347 2301 3402 paucos
2332 3330 2544 3387 habere
2594 3333 2915 3400 ministros,
2969 3335 3068 3404 qui
3118 3336 3348 3405 possint
3376 3338 3548 3409 digne
3571 3351 3732 3394 eXer-

2082 3436 2208 3474 cere
2239 3437 2387 3490 opus
2408 3419 2528 3489 Dei,
2563 3438 2738 3492 quam
2775 3422 2991 3478 multos
3021 3423 3279 3494 inutiles,
3311 3424 3412 3496 qui
3434 3441 3731 3500 onus'gra.

2077 3524 2145 3563 ve
2178 3509 2493 3564 ordinatori
2528 3510 2844 3565 adducant.

2079 3614 2208 3670 CAP.
2248 3615 2434 3671 LXIV.
2454 3647 2521 3657 —
2545 3617 2618 3671 De
2645 3609 2851 3685 Ieiunia
2881 3617 3350 3689 quadragesimali
3377 3621 3720 3679 clericorum.

2149 3704 2504 3776 (Telesphor.
2557 3705 2834 3760 attributa
2859 3706 3050 3778 epist.)
3084 3709 3424 3780 Cognoscite
3449 3728 3484 3766 a
3528 3712 3718 3784 nobis,

2076 3797 2132 3849 et
2161 3794 2388 3848 cunctis
2417 3795 2707 3866 episcopis
2724 3795 2783 3850 in
2817 3794 2922 3851 hac
2944 3801 3148 3852 sancta
3167 3802 3223 3852 et
3241 3799 3559 3870 apostolica
3581 3803 3718 3858 sede

2078 3882 2443 3954 congregatis
2474 3887 2757 3937 statutum
2789 3900 2936 3949 esse,
2972 3890 3038 3939 ut
3065 3890 3286 3956 septem
3319 3887 3719 3947 hebdomadas

2079 3971 2280 4042 plenas
2304 3977 2435 4025 ante
2453 3977 2719 4025 sanctum
2749 3973 2968 4027 Pascha
2987 3990 3190 4029 omnes
3209 3975 3400 4030 clerici
3424 3978 3479 4032 in
3505 3985 3722 4035 sortem

2084 4059 2306 4114 Domini
2343 4061 2528 4114 vocati
2562 4077 2595 4114 a
2623 4076 2796 4115 carne
2818 4062 3269 4132 jejunent.Quia
3290 4064 3442 4120 sicut
3473 4067 3726 4134 discreta

2078 4149 2248 4203 debet
2265 4166 2392 4204 esse
2411 4149 2526 4203 vita
2549 4148 2894 4205 clericorum
2910 4169 2942 4206 a
2961 4151 3242 4207 laicorum
3263 4157 3726 4227 conversatione,

2078 4239 2158 4292 ita
2188 4238 2315 4292 etin
2332 4238 2562 4308 jejunio
2585 4239 2755 4293 debet
2775 4238 2897 4294 ﬁeri
2917 4240 3332 4298 discretio.Has
3347 4257 3482 4315 ergo
3504 4251 3728 4317 septem

2080 4326 2480 4382 hebdomadas
2513 4344 2716 4383 omnes
2748 4328 2940 4385 clerici
2972 4347 3006 4385 a
3035 4347 3207 4387 carne
3236 4335 3293 4386 et
3324 4332 3548 4389 deliciis
3569 4336 3728 4406 jeju-

2081 4421 2260 4483 ment,
2287 4421 2343 4469 et
2373 4415 2628 4488 hymnis,
2660 4434 2726 4472 ac
2752 4418 2990 4490 vigiliis,
3024 4424 3200 4490 atque
3229 4421 3592 4479 orationibus
3615 4428 3730 4480 Do-

2082 4504 2242 4560 mino
2273 4504 2554 4562 inhaerere
2575 4507 2676 4562 diu
2710 4513 3002 4578 noctuque
3028 4509 3322 4564 studeant.

316 4581 736 4669 conscientiam
769 4625 960 4673 suam,
1013 4606 1158 4677 ίῖυίθο
1207 4607 1254 4669 Si
1305 4623 1373 4660 ex
1403 4621 1548 4676 PUI‘O
1581 4604 1753 4659 οοτάθ
1779 4599 1965 4656 οωῐιί-
1997 4581 2043 4646 D
2076 4611 2209 4667 CAP.
2243 4611 2405 4668 LXV.
2439 4643 2509 4654 --
2542 4612 2692 4681 Quod
2721 4615 2868 4668 nulli
2893 4614 3236 4670 sacerdotum
3269 4616 3462 4672 licerat
3491 4633 3730 4677 canones

317 4703 428 4757 bus
461 4718 494 4756 a
526 4700 743 4773 quibus
774 4696 948 4751 Iesus
983 4695 1174 4762 fuerit,
1211 4711 1323 4749 non
1349 4693 1656 4759 dimiserit,
1685 4692 1808 4747 haec
1837 4707 1964 4746 ora-

320 4791 399 4846 tio
434 4791 622 4862 magis
653 4789 724 4844 ad
748 4785 1138 4851 occasionem,
1162 4801 1238 4855 qu
1257 4799 1350 4838 am
1381 4784 1451 4838 ad
1485 4782 1710 4838 veniam
1733 4781 1813 4836 illi
1840 4798 1967 4837 esse

321 4880 570 4935 videtur.

323 4969 458 5025 CAP.
494 4967 605 5024 LX.
650 4997 718 5008 -—-
750 4962 901 5034 ρο(ιά
945 4962 1331 5036 profundiores
1377 4965 1702 5034 quaestiones
1743 4964 1968 5035 penitus

896 5051 1010 5088 non
1048 5039 1396 5091 astruanlur.

387 5125 763 5201 (Ccelestinus
792 5123 907 5177 Iad
944 5123 1122 5194 episc.
1157 5123 1369 5192 Galliae,
1393 5142 1443 5179 c.
1481 5126 1590 5196 13.)
1623 5123 1969 5180 Profundio-

315 5235 409 5274 res
451 5231 576 5270 vero
611 5211 1092 5283 diflicilioresque
1126 5221 1316 5285 partes
1349 5215 1774 5270 incurrentium
1808 5230 1970 5284 quae-

321 5307 608 5371 stionum,
635 5318 781 5372 quas
801 5300 974 5356 latius
1003 5309 1429 5374 pertractarunt
1453 5306 1550 5375 qui
1574 5303 1862 5357 haereticis
1885 5319 1972 5356 re-

323 5394 623 5456 stiterunt,
659 5389 810 5446 sicut
839 5408 953 5446 non
1002 5393 1288 5447 audemus
1315 5397 1707 5457 contemnere,
1736 5391 1815 5445 ita
1860 5407 1974 5445 non

323 5497 564 5538 necesse
616 5480 902 5536 habemus
951 5486 1248 5536 astruere:
1304 5481 1444 5550 quia
1474 5481 1544 5534 ad
1578 5479 1973 5534 conﬁtendum

326 5569 576 5644 gratiam
608 5570 730 5637 Dei,
763 5572 932 5643 cujus
965 5570 1121 5640 operi
1142 5586 1209 5624 ac
1231 5565 1555 5639 dignationi
1579 5565 1721 5621 nihil
1745 5567 1976 5638 penitus

328 5658 790 5720 subtrahendum
822 5663 932 5734 est,
959 5657 1103 5716 satis
1152 5657 1421 5718 sufﬁcere
1461 5655 1774 5727 credimus,
1807 5657 1976 5733 quid-

2763 4701 3040 4755 ignorare.

2147 4771 2758 4846 (leestinepiscopis
2778 4790 2880 4845 per
2900 4773 3094 4830 Calab.
3119 4777 3452 4833 constitutis
3471 4778 3728 4853 epist.3.)

2079 4861 2232 4918 Nulli
2267 4867 2638 4917 sacerdotum
2658 4879 2796 4918 suos
2825 4862 2996 4920 liceat
3024 4882 3278 4922 canones
3309 4867 3596 4939 ignorare,
3621 4884 3727 4925 nec

2079 4950 2406 5022 quidquam
2439 4951 2625 5005 facere
2648 4953 2799 5022 quod
2821 4953 3005 5023 possit
3019 4958 3256 5010 Patrum
3280 4956 3502 5028 regulis
3525 4958 3724 5014 obviae

2080 5054 2174 5092 re:
2209 5055 2334 5108 quae
2365 5038 2520 5093 enim
2553 5056 2588 5093 a
2619 5039 2786 5094 nobis
2821 5059 2917 5096 rex
2949 5043 3122 5114 digne
3172 5046 3516 5113 servabitur,
3551 5047 3602 5102 si
3626 5049 3727 5103 de-

2083 5127 2385 5181 cretalium
2420 5144 2624 5182 norma
2655 5130 3107 5187 constitutorum
3141 5150 3242 5204 pro
3277 5133 3607 5205 aliquorum
3650 5135 3728 5192 li-

2084 5216 2233 5286 bitu,
2267 5215 2503 5270 licentia
2534 5217 2765 5288 p0pulis
2797 5220 3104 5290 permissa,
3138 5222 3486 5294 frangatur?

2085 5326 2218 5377 CAP.
2252 5321 2442 5377 LXVI.
2473 5355 2542 5365 ——
2574 5325 2855 5402 Quomodo
2885 5329 3116 5381 adversa
3144 5344 3247 5398 pro
3275 5327 3486 5385 Christo
3510 5332 3729 5402 patien-

2584 5401 2666 5450 ter
2694 5397 2928 5452 tolerare
2956 5402 3226 5468 Oporteat.

2157 5482 2441 5553 (Anacleti
2473 5501 2602 5554 quae
2635 5484 2848 5538 dicitur
2877 5502 2964 5556 ep.
3004 5487 3081 5556 1.)
3111 5486 3302 5544 Nolite
3333 5489 3557 5555 mirari,
3591 5490 3728 5546 cha-

2087 5570 2326 5636 rissimi,
2361 5573 2460 5643 qui
2484 5572 2917 5644 persecutiones
2940 5573 3231 5646 patimini,
3256 5579 3424 5648 quasi
3447 5579 3612 5634 vobis
3631 5579 3734 5635 ali-

2087 5659 2231 5731 quid
2246 5659 2378 5716 novi
2399 5660 2826 5733 contingat,sed
2843 5662 3345 5723 communicantes
3366 5665 3581 5723 Christi
3602 5679 3733 5741 pas-
