3956 6230
382 303 458 360 43
1402 294 1739 355 ATTONIS
1789 290 2373 354 VERCELLENSlS
2422 290 2774 352 EPISCOPI
3712 296 3787 354 44

378 432 477 488 dia
504 430 733 486 liberati
789 430 1026 497 fuerint,
1077 428 1250 500 longo
1304 431 1564 499 tempore
1621 426 1678 480 in
1725 425 2025 480 abstinen-
2054 423 2396 492 Aoﬁ‘ertur,
2440 423 2782 495 angelorum
2834 424 3163 496 frequentia
3220 424 3412 482 inesse
3470 442 3586 481 non
3618 426 3787 482 dubi-

379 522 465 577 tia
486 525 545 576 et
574 520 834 575 oratione
854 522 1237 591 permaneant
1260 516 1583 572 secundum
1612 514 1919 569 arbitrium
1942 531 2029 569 sa-

381 608 704 676 cerdotum,
740 613 799 664 et
828 608 911 664 sic
961 608 1195 663 demum
1246 606 1682 661 communicent
1728 605 1885 658 inter
1921 619 2029 657 caa-

379 703 537 755 teros
566 696 949 753 Christianos.
984 696 1146 760 Quod
1180 695 1227 750 si
1258 693 1535 765 baptizati
1583 692 1671 748 vel
1702 690 2028 763 consignati

381 803 498 842 non
540 785 775 853 fuerint,
832 786 968 841 licet
1023 801 1121 840 eos
1179 784 1341 839 omni
1398 788 1657 854 tempore
1715 781 2029 852 baptizare,

380 874 472 931 vel
504 874 867 948 consignare.
926 876 984 928 In
1015 889 1169 944 aqua
1219 887 1355 927 vero
1414 870 1778 927 sanctiﬁcata
1832 867 2031 923 nullus

384 962 660 1019 balneum
692 964 877 1019 facere
924 962 1134 1017 audeat
1181 976 1284 1032 pro
1331 959 1529 1030 aliqua
1574 958 1914 1014 inﬁrmitate
1942 956 2032 1011 vel

388 1051 750 1119 necessitate,
784 1066 909 1122 qum
938 1050 1134 1123 spargi
1173 1048 1584 1104 tantummodo
1614 1062 1892 1103 concessa
1922 1049 2030 1100 est.

389 1139 804 1211 Hujuscemodi
834 1139 988 1195 enim
1024 1138 1254 1194 lavacra
1310 1153 1417 1192 nec
1457 1137 1518 1191 in
1578 1136 1761 1192 sacris
1809 1134 2033 1190 inveni-

385 1244 540 1297 mus,
575 1244 678 1284 nec
708 1244 743 1283 a
778 1228 1052 1285 Patribus
1101 1231 1233 1283 acta
1289 1225 1643 1295 audivimus,
1704 1239 1810 1279 nec
1865 1223 2035 1279 nobis

385 1316 553 1372 utilia
579 1317 870 1374 videntur.

453 1427 593 1479 CAP.
629 1422 888 1478 LXXVII.
920 1452 990 1463 -—-
1018 1422 1267 1492 Qualiter
1310 1421 1580 1493 mysteria
1622 1419 1967 1491 baptismatis

719 1495 803 1550 vel
832 1494 1147 1549 chrismatis
1182 1492 1531 1550 custodienda
1560 1493 1689 1547 sint.

455 1582 565 1648 Qui
596 1582 747 1639 sacri
778 1582 1154 1656 baptismatis
1180 1582 1544 1655 mysterium,
1564 1580 1652 1636 vel
1675 1581 1893 1634 donum
1917 1576 2041 1648 Spi-

382 1670 533 1727 ritus
564 1672 751 1727 sancti
785 1671 847 1725 in
878 1671 1195 1727 chrismate
1234 1669 1621 1741 susceperint,
1656 1671 1788 1723 ante
1818 1680 2038 1721 nonum

383 1759 542 1815 diem
573 1776 708 1816 cum
754 1759 1101 1816 mulieribus
1148 1759 1309 1815 nullo
1361 1759 1534 1814 modo
1592 1760 1836 1812 coeant:
1871 1752 2041 1809 simi-

383 1847 519 1903 liter
549 1847 957 1919 hujuscemodi
1003 1846 1281 1903 mulieres
1313 1847 1473 1901 omni
1505 1846 1678 1901 modo
1729 1861 1763 1899 a
1806 1842 1948 1897 viris
1981 1856 2043 1897 se

385 1936 743 2003 abstineant,
778 1953 882 1992 nec
930 1935 1050 1991 ullo
1097 1936 1257 2006 turpi
1314 1934 1472 2001 ludo,
1522 1934 1611 1988 vel
1661 1931 1890 2004 negotio
1923 1928 2042 1985 ullo

387 2026 561 2080 modo
592 2027 912 2091 misceant;
943 2042 977 2078 a
1016 2024 1281 2079 carnium
1315 2039 1500 2077 usura
1550 2022 1647 2076 diu
1683 2021 2022 2076 abstineant

386 2114 570 2169 donec
602 2114 913 2187 episcopus
968 2112 1080 2168 loci
1131 2128 1236 2183 pro
1292 2110 1572 2184 qualitate
1622 2126 1904 2182 personae,
1951 2090 2045 2174 vef

382 2202 663 2273 temporis
710 2201 1064 2274 praeviderit.
1104 2201 1220 2256 Nec
1268 2201 1340 2255 de
1386 2216 1551 2257 sacro
1601 2202 1757 2255 fonte
1785 2198 2041 2269 aliquem

379 2291 592 2358 levare,
627 2296 730 2349 aut
760 2292 831 2347 ad
872 2291 1343 2364 consignandum
1398 2295 1530 2346 ante
1579 2290 1921 2361 episcopum
1953 2293 2041 2343 te-

383 2397 522 2436 nere
550 2379 765 2452 aliquis
796 2381 1048 2436 audeat:
1108 2396 1213 2436 nec
1269 2379 1515 2435 clericus
1574 2378 1761 2434 ullum
1806 2393 2041 2434 sacrum

385 2470 655 2525 ordinem
687 2485 986 2525 assumere
1034 2476 1363 2541 praasumet,
1415 2468 1528 2523 nisi
1572 2468 1738 2539 prius
1794 2467 1914 2522 haec
1944 2482 2038 2521 ea-

388 2559 522 2614 dem
556 2558 831 2631 praedicta
887 2562 1252 2614 sacramenta
1308 2558 1368 2612 in
1431 2575 1491 2613 se
1549 2556 1942 2613 celebraverit.
1981 2555 2039 2611 Si

388 2646 523 2718 quis
553 2651 748 2703 autem
780 2647 839 2702 in
871 2646 1067 2718 aliquo
1120 2646 1589 2719 supradictorum
1639 2646 2042 2717 praevaricator

389 2736 693 2805 exstiterit,
716 2735 939 2808 judicio
969 2736 1227 2809 episcopi
1258 2736 1553 2808 poeniteat.

463 2842 594 2898 CAP.
625 2843 905 2900 LXXVIII.
939 2875 1007 2885 —
1040 2844 1103 2900 Ut
1146 2844 1454 2911 spectacula
1499 2841 1754 2898 ludorum
1780 2841 1969 2899 diebus

873 2917 1032 2987 [estis
1058 2931 1169 2971 non
1197 2916 1553 2972 celebrentur.

459 3003 666 3076 (Concil
720 3003 987 3075 Africam.
1045 3004 1186 3075 61.)
1244 3004 1478 3059 Necnon
1533 3008 1591 3057 et
1633 3000 1776 3057 illud
1834 3003 2034 3073 peten-

390 3094 554 3165 dum,
586 3097 653 3149 ut
681 3092 1016 3165 spectacula
1044 3093 1432 3159 theatrorum,
1456 3095 1916 3161 caeterorumque
1945 3089 2034 3144 lu-

2072 1801 2120 1866 B

2137 516 2313 580 tatur,
2348 513 2739 584 periculosum
2763 516 2850 568 est
2870 512 2986 568 tale
3018 512 3239 585 aliquid
3263 513 3475 585 dicere,
3498 514 3587 570 vel
3619 531 3788 588 agere

2138 601 2291 669 quod
2323 599 2448 656 loco
2480 618 2594 656 non
2652 602 2955 657 convenit:
3009 602 3058 657 si
3118 603 3272 659 enim
3330 604 3617 661 Dominus
3659 604 3789 661 illos

2140 688 2211 743 de
2240 689 2458 760 templo
2492 689 2680 759 ejecit,
2741 690 2841 761 qui
2888 689 3156 747 victimas
3215 708 3346 763 quas
3395 692 3506 748 sibi
3549 694 3790 750 oﬂ‘eren-

2139 780 2255 843 tur,
2288 778 2562 832 emebant
2602 778 2691 834 vel
2746 779 3095 850 vendebant,
3144 785 3365 852 quanto
3422 783 3610 855 magis
3661 781 3792 840 illos

2140 864 2325 919 iratus
2375 865 2511 920 inde
2562 867 2815 937 abjiciet,
2869 869 2969 940 qui
3020 868 3362 939 mendaciis,
3417 871 3791 944 vaniloquiis,

2141 952 2379 1020 risibus,
2412 957 2468 1007 et
2499 954 2909 1025 hujuscemodi
2962 956 3130 1030 nugis
3161 957 3352 1015 locum
3384 960 3580 1017 divino
3607 962 3794 1017 cultui

2141 1040 2546 1112 mancipatum
2579 1044 2799 1100 fmdant
2821 1048 2844 1100 Ρ

2213 1129 2347 1185 CAP.
2407 1130 2652 1187 LXXXI.
2702 1164 2770 1175 —
2799 1133 3173 1259 Derdoctrina
3228 1138 3473 1193 virorum
3518 1143 3725 1195 etmu-

2888 1222 3083 1259 terum.

2888 1222 3083 1261 terum.

2216 1289 2444 1361 (Concit.
2481 1291 2842 1363 Carthag.1v,
2897 1310 2948 1349 c.
2980 1294 3089 1362 98;
3141 1296 3298 1366 Ibid.,
3351 1315 3400 1354 c.
3443 1297 3560 1368 99.)
3591 1298 3797 1356 Laieus

2147 1379 2535 1450 praesentibus
2565 1379 2811 1451 clericis,
2846 1381 2959 1439 nisi
2997 1382 3145 1455 ipsis
3175 1386 3563 1456 probantibus
3591 1388 3797 1445 docere

2148 1482 2264 1521 non
2294 1467 2523 1522 audeat.
2555 1472 2623 1522 nt
2669 1468 2901 1537 mulier,
2945 1473 3215 1542 quamvis
3264 1475 3434 1531 docta
3475 1475 3534 1531 in
3567 1481 3793 1547 sancta,

2146 1554 2301 1609 viros
2330 1554 2387 1608 in
2421 1561 2704 1612 conventu
2736 1558 2942 1615 docere
2966 1576 3081 1615 non
3103 1563 3315 1618 audeat
3340 1563 3426 1620 vel
3457 1571 3795 1637 praesumat.

2220 1661 2354 1717 CAP.
2406 1662 2662 1719 LXXXII.
2719 1695 2787 1708 —
2816 1670 2953 1721 Item
3010 1666 3078 1722 de
3136 1669 3472 1727 indumentis
3516 1688 3727 1730 eorum.

2220 1750 2450 1820 (Concil.
2484 1752 2651 1824 Gang.
2707 1770 2833 1826 cap.
2889 1757 2995 1823 12;
3051 1756 3213 1827 Ibid.,
3272 1776 3320 1813 c.
3385 1760 3496 1832 13.)
3554 1760 3613 1817 Si
3663 1762 3800 1834 quis

2150 1838 2407 1895 virorum
2442 1845 2677 1913 propter
2705 1843 3152 1914 continentiam,
3183 1863 3309 1919 quae
3357 1853 3619 1921 putatur,
3651 1851 3802 1907 ami-

2152 1934 2248 1985 ctu
2279 1929 2665 2002 palii'utitur,
2726 1932 2895 2004 quasi
2952 1951 3055 2006 per
3103 1934 3211 1992 hoc
3268 1936 3481 1994 habere
3537 1955 3599 1995 se
3621 1940 3802 2011 justi-

2150 2018 2294 2073 tiam
2326 2019 2587 2087 credens,
2620 2025 2677 2076 et
2718 2021 2966 2093 despicit
3001 2039 3100 2079 eos
3158 2025 3255 2097 qui
3314 2043 3447 2082 cum
3479 2030 3801 2086 reverentia

2152 2106 2346 2177 birris,
2378 2112 2435 2162 et
2464 2107 2594 2163 aliis
2645 2111 3062 2168 communibus
3113 2113 3303 2170 solitis
3352 2121 3602 2172 utuntur
3629 2119 3809 2174 vesti-

2152 2196 2286 2263 bus,
2317 2196 2630 2253 anathema
2687 2199 2781 2255 sit.
2832 2201 3108 2257 Similiter
3136 2207 3193 2258 et
3241 2204 3453 2261 mulier
3494 2223 3621 2278 quae
3663 2224 3801 2280 pro-

2150 2288 2280 2356 pter
2305 2287 2745 2352 continentiam,
2800 2306 2927 2360 quai
2975 2294 3233 2363 putatur,
3283 2293 3551 2351 habitum
3584 2300 3799 2369 mutat,

2151 2378 2210 2429 et
2237 2390 2340 2445 pro
2371 2374 2541 2431 solito
2572 2377 2844 2433 muliebri
2891 2379 3108 2435 amictu
3157 2380 3383 2438 virilem
3417 2384 3621 2452 sumit,
3654 2401 3799 2441 ana-

2150 2462 2349 2519 thema
2376 2464 2471 2519 sit.

2227 2553 2360 2607 CAP.
2422 2554 2713 2635 LXXXJII.
2740 2587 2832 2635 _—
2865 2558 3233 2635 Utnatalitia
3272 2577 3368 2616 seu
3423 2564 3629 2635 nuptiae
3674 2564 3736 2619 in

2592 2627 3029 2699 Quadragesima
3058 2646 3169 2685 non
3197 2632 3351 2701 ﬁant.

2219 2712 2427 2784 (Concil
2474 2717 2701 2771 Bracar.
2766 2732 2815 2771 c.
2870 2717 2984 2789 48.)
3040 2718 3201 2781 Quod
3256 2737 3371 2776 non
3429 2726 3701 2794 oporteat
3744 2725 3803 2781 in

2147 2801 2604 2874 Quadragesima
2640 2808 2963 2878 martyrum
3013 2808 3278 2865 natalitia
3324 2810 3661 2880 celebrare;
3702 2815 3803 2871 sed

2146 2906 2348 2946 eorum
2380 2891 2439 2946 in
2485 2892 2740 2949 Sabbato
2798 2898 2856 2949 et
2912 2895 3216 2953 Dominico
3275 2900 3369 2955 die
3414 2904 3645 2957 tantum
3683 2919 3809 2960 me-

2147 2979 2332 3035 moria
2362 2980 2505 3036 ﬁeri.
2555 2981 2782 3055 Nuptiae
2826 2999 2960 3039 vero
3007 2990 3113 3041 aut
3158 2987 3379 3044 natalia
3428 2989 3635 3046 iisdem
3668 2993 3801 3049 die-

2146 3068 2257 3124 bus
2288 3068 2448 3124 nullo
2480 3071 2652 3128 modo
2682 3071 3065 3129 celebrentur.
3133 3101 3137 3104 -

384 3183 591 3237 dorum
621 3183 691 3238 de
740 3183 1063 3247 Dominica,
1109 3181 1198 3237 vel
1247 3181 1469 3236 caeteris
1520 3178 1820 3251 religionis
1864 3178 2031 3233 Chri-
2062 3166 2105 3233 C
2214 3175 2346 3231 CAP.
2382 3176 2667 3232 LXXXIV.
2717 3209 2786 3219 --
2816 3179 2892 3234 De
2947 3180 3165 3250 Jeiunio
3218 3182 3731 3254 Quadragesimali.

386 3268 586 3324 stianaa
618 3269 826 3325 diebus
873 3267 1334 3325 celeberriminis
1383 3271 1737 3323 amoveatur.
1786 3266 2035 3323 Maxime

384 3357 521 3429 quia
552 3358 739 3414 sancti
784 3357 1021 3413 Pascha:
1070 3361 1403 3412 octavarum
1434 3356 1527 3411 die
1575 3355 1772 3428 populi
1821 3356 1891 3411 ad
1924 3357 2033 3411 cir-

382 3461 536 3516 cum,
571 3446 761 3518 magis
801 3462 980 3518 quam
1039 3444 1111 3500 ad
1166 3443 1472 3501 ecclesiam
1532 3444 1902 3511 conveniunt,
1936 3446 2034 3501 de-

382 3534 591 3590 berent
644 3534 950 3589 transferri
1000 3533 1271 3604 praeﬁniti
1319 3533 1581 3605 ipsorum
1628 3533 1752 3589 dies
1801 3535 2035 3605 quando

384 3621 704 3689 evenerint,
764 3639 869 3678 nec
925 3622 1096 3678 debet
1149 3621 1308 3677 ullus
1362 3622 1726 3678 Christianus
1782 3623 1908 3695 cogi
1962 3625 2033 3678 ad

387 3710 743 3784 spectacula.

461 3818 596 3874 CAP.
650 3816 885 3873 LXXIX.
918 3848 988 3860 —-
1038 3820 1102 3876 Ut
1146 3820 1329 3874 nullus
1372 3820 1644 3875 Kalendas
1680 3821 1960 3875 Januarii.

636 3890 835 3959 colere,
884 3897 979 3946 aut
1002 3890 1191 3946 choros
1230 3891 1427 3946 ducere
1463 3894 1785 3962 praesumat.

460 3978 715 4050 (Zachar.
772 3978 834 4033 in
882 3981 1077 4035 concil.
1128 3982 1283 4036 Rom.
1342 3997 1392 4035 c.
1442 3982 1497 4048 9,
1553 3980 1913 4052 referturque
1939 3982 2029 4053 27,

387 4073 593 4140 quaest.
626 4068 682 4139 7,
713 4082 762 4124 c.
796 4068 859 4123 Si
908 4070 1074 4141 quis.)
1133 4068 1206 4124 Ut
1252 4068 1451 4124 nullus
1497 4068 1783 4126 Kalendas
1810 4070 2030 4126 Janua-

386 4156 455 4211 rii
486 4160 543 4212 et
580 4157 822 4213 brumas
870 4157 984 4213 ritu
1034 4173 1397 4229 paganorum
1445 4158 1628 4214 colere
1676 4163 2025 4231 praesumat:

383 4246 436 4301 si
467 4245 600 4318 quis
631 4244 921 4302 Kalendas
971 4244 1238 4302 Januarii
1286 4252 1342 4302 et
1389 4248 1628 4303 brumas
1670 4248 1856 4304 colere
1886 4265 2028 4321 prai-

382 4334 723 4407 sumpserit,
755 4337 857 4390 aut
906 4349 1141 4391 mensas
1171 4351 1304 4390 cum
1352 4335 1719 4407 lampadibus
1751 4336 1810 4391 in
1840 4336 2030 4391 domi-

380 4424 491 4480 bus
522 4439 869 4496 prazparare,
918 4429 1019 4479 aut
1069 4440 1172 4496 per
1221 4423 1377 4480 vicos
1423 4429 1478 4479 et
1505 4424 1767 4497 planteas
1806 4427 2028 4481 cantio-

380 4530 485 4569 nes
514 4518 571 4569 et
599 4514 807 4570 choros
852 4515 1064 4569 ducere
1118 4514 1575 4586 praesumpserit,
1626 4516 1781 4587 quod
1816 4530 2031 4586 magna
2060 4533 2107 4597 D

378 4601 663 4674 iniquitas
692 4606 801 4674 est,
833 4618 1029 4658 coram
1062 4608 1175 4658 Deo
1207 4603 1515 4659 anathema
1546 4604 1640 4659 sit.

450 4707 587 4765 CAP.
649 4709 852 4764 LXXX.
905 4741 972 4749 —
1007 4709 1071 4765 Ut
1127 4711 1275 4782 quod
1328 4710 1397 4765 ad
1441 4709 1725 4767 ecclesiam
1762 4724 1956 4764 conve-

1009 4782 1271 4837 niendum
1296 4783 1389 4838 sit.

447 4866 780 4939 (Theodulf.
813 4885 863 4924 c.
900 4871 1011 4938 10.)
1064 4871 1190 4927 Non
1235 4871 1461 4927 debetis
1510 4870 1584 4924 ad
1615 4867 1921 4923 ecclesiam
1951 4867 2024 4923 ob

375 4955 553 5010 aliam
585 4972 823 5012 causam
854 4960 1175 5031 convenire,
1201 4959 1313 5016 nisi
1338 4960 1407 5014 ad
1433 4957 1798 5014 laudandum
1821 4960 2022 5026 Deum,

374 5048 433 5099 et
459 5045 588 5115 ejus
621 5045 915 5102 servitium
968 5048 1302 5105 faciendum
1330 5066 1342 5115 ;
1405 5044 1862 5116 disceptationes
1892 5062 2023 5101 vero

373 5137 431 5188 et
476 5134 791 5202 tumultus,
845 5141 903 5193 et
955 5137 1314 5208 vaniloquia,
1366 5139 1424 5189 et
1479 5138 1695 5188 caeteras
1727 5132 2008 5202 actiones,

376 5223 447 5277 ab
495 5223 696 5279 eodem
744 5224 869 5281 loco
919 5233 1122 5283 sancto
1172 5225 1408 5296 penitus
1458 5221 1830 5294 prohibendis
1862 5227 2020 5280 sunt.

373 5309 482 5364 Ubi
514 5312 668 5367 enim
723 5315 819 5370 Dei
865 5332 1079 5371 nomen
1138 5314 1461 5376 invocatur,
1513 5310 1629 5366 Deo
1668 5311 2019 5368 sacriﬁcium

443 5435 552 5508 (30)
583 5437 647 5492 Et
674 5437 1017 5494 discretione.
1068 5436 1132 5490 In
1180 5434 1352 5490 editis
1396 5433 1656 5490 conciliis
1703 5434 1935 5507 legitur,
1969 5446 2025 5494 et

369 5505 723 5565 districtionis
751 5509 1193 5564 commutatione.

438 5578 548 5661 ς31)
576 5580 882 5638 Abstinent.
910 5579 1016 5641 Hic
1063 5592 1266 5635 omnes
1319 5576 1488 5635 facile
1521 5576 1719 5635 vident
1748 5577 2018 5639 nonnihil

2216 3266 2452 3336 (Concil.
2483 3266 2673 3337 Agath.
2699 3283 2825 3338 cap.
2881 3269 2992 3340 12.)
3022 3268 3246 3326 Placuit
3274 3272 3448 3327 etiam
3480 3278 3545 3328 ut
3591 3290 3806 3331 omnes

2145 3351 2431 3425 Ecclesiae,
2464 3354 2720 3427 exceptis
2778 3355 2986 3412 diebus
3046 3358 3385 3427 Dominicis,
3441 3360 3502 3416 in
3534 3363 3804 3428 Quadra-

2144 3441 2387 3514 gesima,
2420 3443 2596 3499 etiam
2641 3444 2735 3500 die
2784 3445 3045 3513 Sabbati,
3096 3448 3442 3505 sacerdotali
3473 3451 3804 3509 ordinatio-

2146 3548 2235 3597 ne,
2287 3536 2343 3587 et
2389 3532 2739 3589 discretione
2786 3534 2898 3606 (30)
2947 3536 3497 3594 communicationis
3545 3540 3809 3598 debeant

2139 3622 2423 3693 jejunare.

2213 3710 2341 3765 CAP.
2378 3742 2444 3752 —
2478 3711 2737 3766 LXXXV.
2787 3717 2928 3768 Item
2955 3714 3022 3769 de
3058 3714 3433 3772 observatione
3460 3717 3732 3789 ejusdem.

2212 3798 2444 3869 (Coneil.
2479 3801 2643 3855 Laod.
2703 3817 2828 3873 cap.
2880 3802 2996 3874 50.)
3053 3805 3214 3869 Quod
3274 3821 3389 3861 non
3437 3810 3714 3878 oporteat
3741 3809 3803 3864 in

2142 3887 2598 3961 Quadragesima
2627 3889 2687 3945 in
2742 3891 2952 3946 ultima
3000 3892 3344 3964 septimana,
3387 3894 3605 3966 quintae
3635 3898 3804 3954 ferias

2133 3977 2430 4049 jejunium
2469 3976 2709 4049 solvere,
2757 3982 3061 4052 totamque
3113 3981 3633 4055 Quadragesimam
3670 3988 3805 4043 sine

2139 4068 2509 4122 veneratione
2536 4067 2806 4139 transire,
2856 4070 3505 4143 magisque'conveniet
3552 4091 3805 4133 omnem

2141 4156 2660 4229 Quadragesimam
2691 4156 2953 4214 districto
2982 4160 3243 4216 venerari
3265 4162 3512 4233 jejunio.

2411 4245 2543 4300 CAP.
2580 4244 2867 4301 LXXXVI.
2899 4279 2969 4289 —-
3000 4248 3135 4304 Item
3163 4249 3307 4306 unde
3333 4267 3523 4323 supra.

2212 4333 2393 4403 (Tolet.
2430 4350 2501 4402 IV,
2530 4349 2581 4388 c.
2614 4334 2691 4406 4.)
2742 4335 2989 4399 Quidam
3019 4338 3079 4392 in
3138 4339 3232 4395 die
3277 4340 3542 4411 ejusdem
3587 4340 3812 4400 Domi-

2139 4422 2280 4477 nica:
2315 4422 2606 4493 passionis
2637 4424 2708 4479 ad
2740 4424 2944 4481 horam
2967 4443 3182 4482 nonam
3206 4428 3502 4499 jejunium
3533 4429 3808 4503 solvunt,

2140 4510 2413 4566 conviviis
2442 4511 2737 4567 abstinent
2782 4513 2915 4586 (31).
2977 4515 3046 4571 Et
3092 4516 3233 4572 dum
3293 4517 3379 4573 sol
3428 4518 3554 4591 ipse
3584 4522 3807 4579 eodem

2141 4598 2232 4654 die
2262 4599 2519 4656 tenebris
2566 4600 2840 4672 palliatus
2884 4602 3084 4660 lumen
3137 4606 3499 4676 subduxerit,
3543 4607 3808 4683 ipsaque

2137 4687 2424 4744 elementa
2460 4690 2693 4745 turbata
2744 4693 3082 4749 maestitiam
3131 4696 3312 4751 totius
3357 4696 3562 4752 mundi
3592 4704 3806 4756 osten-

2138 4777 2350 4849 derint,
2382 4776 2469 4832 illi
2510 4780 2806 4850 jejunium
2852 4781 2999 4837 tanti
3049 4783 3163 4839 diei
3220 4784 3510 4856 polluunt,
3563 4788 3808 4860 epulis-

2134 4883 2244 4938 que
2275 4866 2617 4924 inserviunt.
2654 4870 2721 4924 Et
2752 4870 2890 4942 quia
2928 4875 3116 4928 totum
3161 4875 3433 4930 eumdem
3465 4875 3621 4932 diem
3662 4878 3805 4934 uni-

2133 4957 2375 5013 versalis
2406 4957 2659 5014 Ecclesia
2680 4965 2916 5032 propter
2944 4961 3277 5033 passionem
3299 4963 3531 5020 Domini
3557 4965 3618 5021 in
3656 4984 3811 5025 mm-

2134 5062 2281 5117 rore,
2313 5050 2370 5102 et
2399 5048 2753 5104 abstinentia
2808 5050 3055 5122 peragit,
3108 5051 3441 5124 quicunque
3500 5054 3560 5109 in
3604 5072 3681 5112 eo
3709 5058 3809 5129 je-

2124 5134 2386 5205 junium,
2418 5141 2627 5207 praeter
2655 5137 2949 5209 parvulos,
2998 5156 3167 5195 senes
3196 5145 3253 5197 et
3282 5140 3618 5214 languidos,
3659 5150 3813 5202 ante

2132 5228 2394 5294 peractas
2425 5224 2799 5299 indulgentia:
2830 5244 3030 5298 preces
3076 5229 3403 5299 resolverit,
3445 5247 3479 5287 a
3526 5234 3814 5304 paschali

2130 5313 2343 5384 gaudio
2374 5313 2715 5385 depellatur,
2748 5332 2853 5372 nec
2894 5316 2954 5371 in
2987 5333 3053 5373 eo
3102 5324 3539 5376 sacramentum
3570 5337 3809 5396 corpo-

2130 5436 2332 5527 deesse
2356 5455 2370 5504 ;
2397 5438 2498 5527 sed
2529 5439 2760 5521 concilii
2812 5442 3104 5524 sententia
3138 5443 3294 5525 .adeo
3332 5444 3653 5527 perspicua
3688 5454 3814 5522 est,

2130 5511 2197 5563 ut
2223 5509 2283 5565 in
2314 5509 2503 5568 verbis
2532 5512 2832 5573 immorari
2860 5512 3258 5581 necessarium
3282 5509 3399 5573 non
3422 5509 3735 5582 videatur.
