3956 6230
198 306 262 364 45
1634 306 1823 367 CAPI'

1986 306 2157 365 ABE.
3522 312 3598 369 46

200 440 287 505 ris,
318 441 371 493 et
401 434 725 508 sanguinis
760 436 994 491 Domini
1027 437 1330 508 percipiat,
1366 438 1465 509 qui
1500 438 1654 493 diem
1702 455 1838 510 pas-
1869 449 1921 513 Α
1954 436 2403 508 oppresserit,ad
2439 453 2611 490 suum
2636 438 2939 507 presbyter
2956 440 3216 492 recurrat
3234 437 3595 510 episcopum,

197 527 359 584 sionis
388 525 587 596 ipsius
622 542 727 596 per
757 525 1178 581 abstinentiam
1210 544 1323 581 non
1354 528 1618 583 honorat.

226 634 345 689 CAP.
374 632 693 687 LXXXVII.
728 662 795 671 --
827 633 901 685 De
927 633 1148 703 jejunio
1182 634 1429 700 Quatuor
1463 634 1797 704 Temporum.

255 720 478 791 (Calixti
502 737 673 792 papae
695 737 821 791 qua:
836 720 1051 775 dicitur
1071 721 1239 791 epist.
1270 723 1655 791 I.)Jejunium
1681 723 1835 793 quod

193 817 269 866 ter
293 811 350 864 in
381 826 541 865 anno
576 810 733 881 apud
769 826 874 863 nos
922 809 1213 864 celebrare
1262 810 1571 877 didicistis,
1632 827 1835 867 conve-

195 899 436 955 nientius
471 914 633 953 nunc
668 914 769 968 per
794 902 1046 969 quatuor
1071 903 1337 967 tempora
1390 900 1507 953 fieri
1544 900 1832 965 dicimus;

196 994 250 1043 ut
278 989 429 1043 sicut
462 1004 657 1042 annus
688 1002 791 1057 per
820 991 1071 1057 quatuor
1094 986 1342 1040 volvitur
1367 992 1649 1058 tempora,
1674 988 1756 1043 sic
1781 993 1837 1043 et

195 1093 291 1132 nos
321 1080 676 1148 quaternum
704 1091 949 1145 agamus
972 1075 1231 1129 solemne
1252 1075 1547 1145 jejunium
1574 1092 1675 1147 per
1700 1094 1837 1147 qua-

194 1172 315 1220 tuor
342 1170 633 1236 tempora,
658 1165 829 1234 juxta
857 1164 1152 1235 prophetae
1179 1164 1463 1219 Zachariae
1490 1181 1712 1230 vocem,
1736 1166 1833 1235 qui

196 1253 269 1307 ait
294 1270 305 1308 :
339 1254 464 1307 Haec
492 1252 626 1306 dicit
656 1252 917 1307 Dominus
948 1254 1319 1307 exercituum:
1352 1253 1645 1323 Jejunium
1675 1270 1833 1324 quar-

198 1343 257 1407 ti,
287 1346 332 1395 et
351 1342 636 1413 jejunium
667 1341 867 1409 quinti,
902 1344 952 1394 et
984 1341 1259 1411 jejunium
1300 1343 1540 1411 septimi,
1592 1349 1640 1395 et
1678 1343 1833 1411 jeju-

197 1431 343 1484 nium
369 1430 567 1484 decimi
598 1430 705 1483 erit
734 1428 921 1483 domui
947 1429 1098 1483 Iuda
1118 1431 1176 1483 in
1202 1430 1463 1497 gaudium
1484 1432 1535 1483 et
1557 1430 1832 1499 laetitiam,

196 1523 241 1573 et
268 1519 638 1575 solemnitate:
669 1519 999 1588 praeclaras:
1037 1520 1322 1573 veritatem
1353 1523 1537 1573 tamen
1568 1528 1617 1573 et
1646 1535 1835 1589 pacem

193 1609 417 1678 diligite,
450 1608 584 1661 dicit
616 1607 877 1662 Dominus
908 1610 1247 1662 exercituum
1279 1607 1533 1678 (Zachar.
1560 1625 1679 1675 VIII,
1724 1608 1829 1678 19).

195 1697 256 1752 In
283 1696 392 1751 hoc
423 1712 560 1767 ergo
591 1712 793 1750 omnes
825 1712 930 1750 nos
965 1696 1269 1751 unanimes
1300 1702 1525 1769 oportet
1576 1714 1724 1765 esse,
1771 1701 1835 1752 ut

198 1785 522 1840 secundum
545 1784 917 1855 apostolicam
940 1784 1267 1838 doctrinam
1294 1800 1306 1837 :
1333 1784 1569 1855 Idipsum
1582 1785 1832 1841 dicamus

195 1890 398 1939 omnes,
429 1881 482 1928 et
508 1888 615 1927 non
646 1875 749 1926 sint
780 1874 839 1926 in
862 1872 1016 1927 nobis
1047 1872 1347 1927 schismata
1379 1874 1428 1944 (Ι
1461 1874 1579 1929 Cor.
1636 1892 1675 1944 1,
1722 1876 1827 1944 10).

258 1982 388 2036 CAP.
448 1978 783 2034 LXXXVIII.
818 2009 885 2019 -——
929 1980 1215 2040 Ieiunium
1253 1981 1670 2036 ecclesiasticum
1718 1998 1831 2035 non

799 2050 1217 2106 dissolvendum.

257 2141 445 2212 (Gang.
475 2141 671 2195 concil.
709 2156 756 2193 c.
796 2141 905 2208 19.)
938 2140 996 2194 Si
1031 2141 1380 2212 quiseorum
1405 2141 1504 2212 qui
1528 2142 1833 2197 continen-

192 2229 277 2283 tiaa
309 2230 568 2293 student,
600 2228 823 2299 absque
851 2230 1196 2284 necessitate
1228 2246 1502 2300 corporea
1532 2231 1749 2285 tradita
1772 2231 1829 2285 in

191 2316 815 2387 communejejunia,et
827 2317 897 2371 ab
914 2316 1169 2372 Ecclesia
1185 2319 1473 2373 custodita
1489 2320 1829 2390 superbien-

190 2407 261 2461 do
284 2404 821 2475 dissolvit,stimulo
840 2422 957 2462 suae
971 2406 1341 2478 cogitationis
1363 2408 1831 2479 impulsus,ana-

188 2495 383 2550 thema
413 2495 511 2550 sit.

249 2584 379 2640 CAP.
408 2584 700 2640 LXXXIX.
736 2614 801 2624 —
837 2585 901 2639 Ut
924 2585 1321 2655 paenitentibus
1351 2584 1591 2654 inﬁrmis
1646 2586 1831 2641 oleum

524 2656 958 2724 sanctiﬁicatum
990 2672 1099 2710 non
1131 2656 1487 2727 infundatur.

251 2745 551 2816 (Innocent
586 2745 629 2812 Ι,
662 2744 833 2815 epist.
859 2744 928 2798 ad
952 2744 1291 2800 Decentium
1315 2762 1363 2801 c.
1386 2747 1465 2815 8.)
1488 2746 1827 2802 Paenitenti-

184 2833 288 2889 bus
319 2835 473 2890 istud
508 2833 745 2888 infundi
781 2848 893 2887 non
926 2836 1136 2904 potest,
1169 2834 1307 2906 quia
1322 2850 1509 2906 genus
1526 2842 1616 2890 est
1634 2852 1825 2891 sacra-

185 2924 377 2978 menti.
410 2927 561 2978 Nam
600 2922 817 2993 quibus
849 2921 1073 2993 reliqua
1103 2928 1466 2978 sacramenta
1516 2929 1823 2996 negantur,

183 3012 465 3083 quomodo
500 3028 691 3066 unum
723 3027 912 3081 genus
942 3015 1182 3082 putatur
1213 3028 1383 3083 posse
1416 3013 1700 3068 concedi?

247 3100 374 3155 CAP.
406 3103 521 3155 XC.
559 3130 630 3139 ——
663 3100 913 3167 Qualiter
968 3100 1278 3226 pre‘sbyteri
1323 3118 1449 3172 erga
1496 3104 1821 3173 paenitentes

908 3188 1091 3226 aaan.

908 3188 1091 3239 agana

241 3261 363 3317 Non
394 3260 576 3316 debet
607 3259 909 3331 presbyter
938 3259 1245 3331 injungere
1276 3261 1629 3332 poenitentiae
1666 3262 1824 3334 leges

177 3350 298 3406 sine
328 3349 528 3420 aliquo
564 3352 833 3420 respectu
869 3365 1149 3420 persona},
1183 3354 1285 3405 aut
1311 3366 1500 3406 causa:
1527 3369 1539 3416 ;
1564 3352 1663 3406 sed
1686 3356 1827 3407 tem-

173 3455 311 3510 pora
344 3437 705 3509 paenitentia:
737 3440 837 3492 aut
868 3438 1359 3493 reconciliationis
1383 3439 1640 3511 epiocopi
1669 3440 1822 3494 arbi-

172 3527 279 3582 trio
311 3527 618 3582 concedat.
654 3526 742 3591 Et,
776 3530 839 3580 ut
866 3527 1164 3599 presbyter
1194 3526 1521 3583 inconsulto
1553 3528 1824 3601 episcopo

173 3632 287 3671 non
320 3613 667 3671 reconciliet
698 3613 1097 3686 pcenitentem,
1132 3615 1245 3670 nisi
1278 3615 1548 3687 episcopo
1583 3617 1824 3688 permit-

167 3708 351 3773 tente;
377 3704 476 3760 sed
498 3703 701 3775 potius
714 3704 1035 3775 presbyteri
1059 3704 1158 3774 qui
1182 3703 1240 3757 in
1264 3704 1535 3775 plebibus
1549 3706 1822 3761 ordinan-

165 3797 277 3864 tur,
301 3792 741 3865 providentiam
769 3808 1042 3863 magnam
1058 3792 1414 3861 habeant,ne
1438 3810 1637 3849 eorum
1660 3812 1823 3867 paro-

174 3882 363 3937 chiani
395 3883 455 3937 in
490 3879 828 3937 criminalia
852 3880 1350 3937 incidantdclicta.
1381 3882 1541 3945 Quod
1564 3885 1612 3939 si
1632 3900 1824 3940 evene-

167 3971 258 4040 rit,
290 3976 411 4027 tam
446 3972 521 4026 ab
556 3970 729 4043 ipsis,
753 3986 929 4040 quam
950 3970 1020 4024 ab
1045 3971 1320 4026 omnibus
1346 3971 1551 4027 vicinis
1573 3972 1823 4045 diligen—

173 4062 258 4115 ter
275 4077 347 4131 qu
360 4059 536 4115 aliter
558 4063 689 4114 acta
710 4062 869 4125 sunt,
913 4058 1235 4130 inquirant,
1278 4063 1334 4114 et
1371 4060 1603 4131 scriptis
1624 4065 1824 4116 notare

167 4166 279 4204 non
331 4150 637 4217 differant,
698 4163 915 4218 eosque
959 4149 1274 4204 admonere
1323 4149 1659 4222 frequenter
1700 4156 1823 4206 stu-

165 4236 358 4306 deant,
394 4243 463 4294 ut
514 4238 587 4293 ad
624 4235 789 4308 pacis
847 4241 905 4292 et
962 4237 1313 4308 poenitentia:
1362 4238 1822 4295 satisfactionem

165 4326 444 4383 citissime
475 4330 747 4395 currant,
805 4329 862 4381 et
915 4344 1048 4381 cum
1082 4326 1227 4398 ipsis
1283 4327 1508 4398 primus
1557 4328 1822 4398 ejusdem

165 4415 345 4485 plebis
376 4417 715 4489 presbyter,
749 4419 850 4470 aut
881 4416 979 4487 qui
1016 4417 1219 4470 doctor
1278 4420 1409 4486 post
1452 4417 1645 4487 ipsum
1699 4418 1819 4472 fue-

165 4504 253 4571 rit,
285 4505 504 4574 veniat,
540 4505 824 4575 idemque
882 4505 1037 4574 quod
1097 4505 1431 4577 scripserat,
1485 4522 1681 4560 secum
1738 4506 1819 4561 af-

166 4556 325 4648 ferat.
362 4556 531 4659 Quod
568 4594 619 4648 si
647 4556 825 4648 iid1em
860 4556 1435 4665 phenitentesrvenire
1466 4594 1821 4660 distulerint,
1855 4556 1902 4621 D

164 4680 283 4752 ipse
313 4684 373 4738 in
406 4682 607 4754 capite
634 4682 847 4751 jejunii
881 4683 951 4736 ad
975 4683 1226 4753 primam
1260 4683 1522 4752 ejusdem
1567 4683 1823 4755 episcopi

164 4772 357 4827 sedem
389 4788 525 4827 esse
560 4769 727 4824 nullo
749 4770 920 4825 modo
943 4788 1074 4825 cum
1099 4771 1302 4826 eodem
1326 4772 1661 4827 dissimulet
1683 4773 1825 4827 scri-

163 4861 277 4929 pto,
311 4876 548 4932 suoque
584 4863 868 4928 suggerat
897 4859 1192 4930 episcopo,
1227 4863 1289 4913 ut
1320 4860 1476 4930 quod
1520 4860 1570 4916 ei
1619 4861 1826 4915 exinde

165 4950 456 5017 agendum
494 4948 599 5014 sit,
617 4946 966 5001 consideret.
989 4948 1047 5003 Si
1071 4952 1267 5002 autem
1286 4949 1459 5003 etiam
1481 4948 1827 5019 poenitentes

163 5035 478 5105 adfuerint,
518 5036 713 5106 leges,
738 5051 862 5105 qua:
894 5035 1009 5092 illis
1042 5037 1393 5108 pmnitentiaa
1426 5038 1828 5109 imponuntur,

165 5141 367 5180 rursus
399 5122 737 5187 describat,
772 5138 1088 5196 curamque
1119 5131 1175 5181 et
1206 5124 1662 5181 sollicitudinem
1691 5143 1827 5197 erga

167 5227 259 5267 eos
288 5214 630 5269 maximam
663 5214 846 5281 gerat,
880 5217 944 5267 ut
959 5230 1157 5269 eorum
1186 5214 1688 5271 conversationem
1713 5215 1827 5285 ple-

163 5300 400 5357 nissime
432 5314 803 5372 cognoscere
836 5303 1036 5370 possit.
1070 5304 1231 5369 Quod
1264 5303 1313 5359 si
1344 5304 1551 5359 obnixe
1570 5304 1826 5375 aliquem

161 5389 519 5459 poenitentia;
552 5386 776 5443 viderit
804 5387 1159 5457 incumbere,
1194 5394 1605 5449 autdebilitate
1638 5395 1830 5448 incur-

162 5482 321 5534 rente
351 5476 703 5551 periculum
730 5483 1050 5548 speret,aut
1068 5481 1447 5539 siinﬂrmitas
1468 5499 1827 5556 quemquam

1950 531 2012 578 ut
2044 525 2123 578 illi
2160 542 2258 595 per
2292 525 2481 594 ipsum
2517 525 2774 579 remedia
2796 527 3208 581 concedantur.
3238 526 3400 589 Quod
3426 527 3474 582 si
3503 528 3597 583 de~

1949 612 2545 679 l'uerit,cardinalibus
2569 614 2769 683 prima;
2794 613 2947 667 sedis
2970 612 3204 669 interim
3222 622 3593 687 suggeratur.

1946 701 2029 755 Ad
2063 702 2216 755 diem
2252 716 2505 771 namque
2530 702 3037 768 reconciliationis,
3072 703 3129 755 id
3161 708 3251 759 est
3280 719 3455 759 came
3493 706 3596 761 Do-

1947 790 2091 844 mini
2124 792 2245 861 ipse
2276 806 2508 861 quoque
2538 807 2672 845 cum
2702 791 2847 862 ipsis
2869 790 3086 862 pariter
3104 792 3310 848 adesse
3337 794 3590 866 festinet,

1946 885 2009 933 ut
2028 896 2475 950 rursursusqua:
2500 878 2795 949 illisjussa
2812 880 3403 952 fuerint,cognos¢ere
3420 888 3478 939 et
3500 885 3595 940 de-

1947 968 2199 1022 scribere
2232 968 2434 1038 possit.

1946 1077 2076 1129 CAP.
2112 1074 2245 1128 XCI.
2276 1105 2341 1113 —
2398 1073 2457 1131 Ut
2485 1076 2802 1145 plenitentes
2832 1075 3071 1145 quotidie
3112 1094 3297 1147 genua
3343 1078 3586 1150 ﬂectant.

2016 1180 2244 1247 (Concil.
2284 1181 2549 1254 Carthag.
2584 1198 2631 1234 c.
2662 1183 2741 1249 8.)
2778 1181 3125 1237 Pccnitentes
3152 1184 3328 1239 etiam
3380 1186 3590 1244 diebus

1947 1269 2311 1323 remissionis
2343 1285 2535 1341 genua
2577 1270 2831 1324 flectant.

2051 1376 2185 1429 CAP.
2212 1375 2366 1429 XCII.
2386 1406 2451 1415 —
2479 1378 2541 1430 Ut
2569 1380 2808 1430 mortuos
2835 1377 3154 1446 pzenitentes
3185 1379 3477 1449 sepeliant.

2016 1482 2196 1550 (Ibid.,
2231 1498 2358 1553 cap.
2393 1482 2507 1551 83.)
2538 1486 2793 1538 Mortnos
2826 1484 3174 1554 pcenitentes
3204 1485 3450 1542 offerant
3495 1502 3586 1543 ec-

1944 1570 2154 1641 clesiae,
2190 1575 2245 1626 et
2276 1571 2579 1641 sepeliant.

2014 1678 2145 1732 ΟΑΡ.
2181 1678 2365 1732 XCIII.
2403 1709 2467 1718 —
2499 1680 2831 1733 Paenitentes
2858 1681 3087 1751 negotiis
3133 1682 3491 1738 saecularibus
3532 1698 3590 1739 se

2598 1750 2928 1807 abstineant.

1864 1816 1910 1880 B
2013 1839 2207 1904 [Leon.
2230 1838 2303 1891 M.
2329 1837 2499 1909 epist.
2524 1839 2613 1904 91,
2639 1856 2687 1895 c.
2710 1840 2790 1909 9.)
2812 1839 3242 1903 Qualitaslucri
3284 1842 3585 1914 negotian-

1944 1931 2060 1980 tem
2094 1932 2195 1979 aut
2228 1931 2484 1995 excusat,
2509 1930 2609 1981 aut
2623 1928 2836 1997 arguit,
2859 1930 2998 1998 quia
3018 1934 3107 1984 est
3130 1930 3409 1986 honestus
3430 1948 3583 2003 quas-

1943 2019 2091 2081 stus,
2125 2019 2180 2069 et
2210 2016 2433 2085 turpis:
2466 2021 2871 2071 verumtamen
2905 2017 3204 2087 peenitenti
3250 2018 3454 2074 utilius
3498 2024 3587 2076 est

1944 2104 2251 2175 dispendia
2272 2104 2596 2174 pati,quam
2614 2103 2887 2174 periculis
2907 2104 3316 2174 negotiationis
3335 2107 3590 2162 obstrin-

1942 2194 2040 2264 gi;
2076 2194 2213 2263 quia
2253 2193 2488 2247 difficile
2532 2199 2623 2247 cst
2672 2194 2822 2247 inter
2864 2194 3112 2248 ementis
3161 2196 3585 2265 vcndentisque

1941 2283 2357 2337 commercium
2392 2299 2505 2337 non
2534 2282 2881 2337 intervenire
2911 2291 3233 2353 peccatum.
3271 2283 3431 2338 Unde
3464 2301 3584 2340 mo-

1942 2387 2150 2425 nemus
2182 2372 2292 2439 (32)
2317 2386 2387 2424 ne
2409 2370 2695 2441 paenitens
2712 2369 2906 2441 aliquo
2927 2372 3179 2442 negotio,
3201 2388 3303 2427 seu
3328 2373 3583 2428 venatio-

1940 2476 2012 2514 ne
2045 2475 2106 2514 se
2130 2459 2476 2529 obstringat,
2502 2460 2602 2514 sed
2636 2459 2747 2514 sub
2778 2460 3044 2515 custodia
3097 2460 3436 2528 sacerdotis,
3482 2462 3583 2533 qui

1938 2548 2063 2603 loco
2098 2548 2391 2618 praefuerit
2439 2548 2706 2615 orationi,
2753 2552 2927 2618 atque
2966 2548 3212 2618 jejuniis
3258 2556 3439 2605 vacet.
3489 2550 3583 2604 Vi—

1937 2642 2093 2692 ctum
2120 2643 2316 2692 autem
2332 2653 2504 2692 suum
2522 2637 2569 2692 si
2583 2653 2801 2708 egenus
2823 2641 2932 2706 est,
2957 2637 3057 2692 tali
3074 2637 3318 2693 artificio
3337 2644 3580 2710 quaerat,

1938 2726 2029 2781 cui
2058 2724 2220 2779 nulla
2250 2725 2528 2780 inhaereat
2554 2725 2782 2779 macula
2814 2726 3053 2795 peccati,
3087 2730 3377 2796 quatenus
3400 2727 3481 2782 ita
3496 2732 3581 2784 te-

1937 2814 2214 2869 stimonio
2245 2814 2564 2869 sacerdotis
2586 2813 2869 2881 fultus,ad
2896 2814 3186 2885 pontificis
3199 2815 3290 2869 sui
3315 2816 3582 2873 securius

1935 2908 2196 2958 recurrat
2228 2904 2577 2957 sententiam
2611 2903 2900 2973 (ejusdem
2932 2905 3101 2973 epist.
3128 2920 3176 2959 c.
3214 2906 3320 2975 10).
3347 2906 3453 2959 Sed
3480 2921 3580 2960 ne-

1934 3008 2046 3063 que
2080 2997 2211 3063 post
2242 2990 2591 3063 poenitentia:
2624 2992 2911 3046 actionem
2946 2998 3149 3064 pergat
3178 2994 3249 3048 ad
3302 2993 3578 3051 militiam

1932 3080 2291 3146 saecularem,
2324 3097 2456 3134 cum
2494 3078 2807 3150 Apostolus
2854 3080 3049 3135 dicat:
3101 3082 3269 3136 Nemo
3329 3083 3584 3139 militum

1854 3184 1897 3249 ρ
1934 3170 2060 3235 Deo,
2098 3170 2343 3239 implicat
2373 3185 2428 3225 se
2456 3171 2689 3237 negotiis
2717 3169 3075 3225 swcularibus
3105 3172 3174 3239 (ll
3220 3172 3352 3241 Tim,
3407 3189 3466 3239 11,
3501 3172 3579 3241 4).

1932 3258 2296 3329 Quapropter
2349 3274 2463 3312 non
2521 3262 2610 3312 est
2657 3257 2806 3312 liber
2845 3275 2878 3311 a
2917 3257 3143 3328 laqueis
3196 3258 3429 3325 diaboli,
3478 3260 3579 3330 qui

1933 3364 1995 3402 se
2025 3347 2246 3401 militiae
2280 3348 2591 3401 mundanae
2624 3345 2869 3400 voluerit
2890 3346 3213 3416 implicare.
3240 3347 3387 3417 Ergo
3410 3346 3579 3402 illici-

1934 3442 2124 3491 torum
2155 3436 2383 3491 veniam
2418 3435 2832 3506 postulantem,
2865 3439 3090 3505 oportet
3121 3436 3295 3489 etiam
3318 3453 3352 3490 a
3373 3436 3580 3495 multis

1932 3524 2107 3581 licitis
2141 3524 2457 3592 abstinere,
2490 3525 2721 3579 dicente
2772 3523 3086 3595 Apostolo:
3136 3524 3335 3581 Omnia
3391 3527 3576 3594 licent,

1932 3616 2031 3670 sed
2060 3630 2169 3669 non
2196 3616 2384 3669 omnia
2414 3614 2714 3684 expediunt
2744 3614 2791 3685 (Ι
2832 3616 2956 3671 Cor.
3006 3630 3080 3679 v1,
3138 3616 3265 3681 l2);
3317 3615 3473 3670 unde
3523 3616 3579 3671 si

1934 3703 2221 3775 pmnitens
2251 3702 2425 3758 habet
2452 3719 2712 3769 causam,
2738 3719 2915 3774 quam
2946 3702 3237 3775 negligere
3268 3703 3412 3759 forte
3458 3720 3578 3761 non

1933 3794 2159 3857 debeat,
2184 3791 2393 3847 melius
2423 3792 2638 3863 expetit
2654 3791 3114 3848 ecclesiasticum
3139 3808 3315 3863 quam
3346 3795 3580 3851 forense

1925 3881 2243 3953 judicium.

1933 3971 2066 4026 CAP.
2101 3969 2285 4025 XCIV.
2321 3999 2386 4010 -——
2420 3969 2667 4037 Qualiter
2693 3986 2921 4040 sponsus
2942 3978 2994 4026 et
3020 3987 3224 4042 sponsa
3250 3973 3583 4029 asacerdote

2547 4042 2963 4096 benedicuntur.

2006 4128 2215 4199 (Carth.
2249 4146 2322 4196 1v,
2357 4146 2406 4183 c.
2444 4130 2553 4199 13.)
2586 4130 2849 4199 Sponsus
2874 4134 2931 4184 et
2960 4147 3175 4200 sponsa
3230 4148 3364 4186 cum
3411 4132 3582 4187 bene-

1933 4216 2162 4271 dicendi
2194 4221 2332 4271 sunt
2363 4234 2395 4271 a
2425 4217 2743 4283 sacerdote,
2780 4235 2813 4272 a
2843 4218 3184 4287 parentibus
3207 4218 3353 4287 suis,
3376 4217 3463 4272 vel
3482 4235 3580 4289 pa-

1934 4305 2277 4376 ranymphis
2307 4306 2643 4360 offerantur.
2679 4306 2785 4371 Qui
2818 4322 2951 4360 cum
2985 4305 3448 4361 benedictionem
3480 4322 3577 4361 ac-

1933 4394 2208 4465 ceperint,
2241 4394 2443 4448 eadem
2478 4398 2643 4449 nocte
2670 4411 2773 4466 pro
2806 4394 3126 4449 reverentia
3172 4393 3356 4463 ipsius
3403 4392 3579 4449 bene-

1933 4482 2205 4537 dictionis
2237 4482 2295 4537 in
2329 4482 2655 4554 virginitate
2689 4487 3086 4554 permaneant.

2114 4593 2245 4645 CAP.
2283 4590 2440 4644 XCV.
2476 4622 2543 4631 —
2573 4594 2711 4659 Qum
2749 4592 2959 4662 nuptiae
2988 4588 3237 4646 vitanda‘
3264 4589 3397 4644 sint.

2008 4680 2194 4749 (Cone.
2233 4680 2380 4735 Rern.
2420 4698 2455 4747 1,
2491 4681 2599 4734 sub
2623 4680 2792 4751 Greg.
2828 4680 2909 4747 II;
2945 4680 3093 4733 Rom.
3127 4679 3236 4735 sub
3274 4680 3492 4752 Eugen.
3528 4680 3580 4735 II

1936 4772 1993 4823 et
2027 4768 2215 4824 Leone
2250 4770 2370 4839 ΙΙΙ.)
2402 4768 2473 4823 Ut
2504 4768 2703 4824 nullus
2736 4774 3054 4841 praesumat
3083 4769 3199 4824 Deo
3232 4769 3483 4825 dicatam
3505 4767 3582 4823 fe-

1938 4857 2182 4925 minam,
2215 4862 2319 4913 aut
2350 4864 2729 4914 commatrem
2765 4874 2956 4925 suam,
2988 4858 3075 4913 vel
3111 4876 3439 4926 novercam,
3476 4875 3581 4915 seu

1937 4951 2206 5017 matrem,
2242 4952 2344 5002 aut
2368 4964 2648 5015 sororem,
2676 4952 2775 5003 aut
2796 4948 2973 5003 ﬁliam
3000 4946 3486 5019 spiritualem,vel
3510 4947 3583 5002 de

1936 5037 2172 5108 propria
2205 5037 2572 5109 cognatione,
2604 5036 2691 5091 vel
2716 5054 2889 5108 quam
2910 5042 3192 5109 cognatus
3217 5037 3440 5103 habuit,
3467 5035 3584 5089 sibi

1937 5127 1994 5180 in
2019 5125 2675 5198 conjugiocopulare.Et
2696 5126 2978 5197 virginem
3004 5132 3104 5181 aut
3126 5127 3359 5182 viduam
3379 5123 3584 5181 nullus

1937 5233 2139 5287 rapere
2173 5221 2505 5287 praesumat,
2539 5222 2641 5270 aut
2672 5214 2851 5270 furari
2903 5215 2960 5269 in
3010 5231 3269 5285 uxorem,
3322 5212 3435 5269 nisi
3486 5213 3586 5268 de-

1938 5310 2278 5375 sponsatam
2312 5304 2580 5360 habuerit
2607 5322 2638 5358 a
2666 5303 2917 5375 propriis
2939 5304 3300 5374 parentibus,
3328 5301 3415 5357 vel
3437 5320 3469 5357 a
3491 5306 3586 5356 tu-

1938 5394 2165 5448 toribus
2197 5394 2342 5462 ejus,
2382 5393 2609 5447 etiamsi
2642 5393 2771 5463 ipsa
2791 5391 3057 5445 voluerit.
3081 5391 3137 5445 Si
3164 5391 3295 5462 quis
3319 5407 3468 5461 vero,
3491 5391 3582 5446 vel

1940 5481 1987 5536 si
2023 5496 2140 5550 qua
2171 5479 2229 5533 in
2264 5479 2458 5549 aliquo
2480 5480 2891 5550 praedictorum
2914 5479 3135 5535 nefario
3158 5480 3284 5552 conj
3297 5478 3428 5553 ugio
3451 5493 3586 5536 con-

229 5586 343 5665 (32)
378 5586 536 5649 Unde
574 5599 883 5643 monemus.
942 5588 1071 5647 Haec
1125 5606 1312 5666 usque
1367 5592 1438 5650 ad
1500 5592 1605 5650 Sed
1660 5606 1835 5667 neque
1872 5589 1933 5647 in
1965 5586 2169 5645 Leonis
2200 5585 2459 5660 epistolis
2490 5601 2606 5644 non
2646 5583 2938 5657 leguntur,
