3956 6230
395 364 470 419 47
1411 359 1747 418 ATTONIS
1795 356 2379 418 VERCELLENSIS
2428 356 2777 416 EPISCUPI
3722 356 3801 414 48

392 491 631 558 venerit,
663 494 720 546 et
749 490 809 545 in
840 505 906 546 eo
951 489 1354 562 permanserit,
1389 489 1554 555 sciat,
1587 504 1649 544 se
1693 487 2037 544 auctoritate
2067 491 2119 556 Α
2150 488 2304 544 tione
2337 494 2444 544 Deo
2477 488 2757 553 conﬁteri,
2806 491 2861 542 et
2909 488 2976 540 de
3019 487 3164 558 ipsis
3219 485 3387 542 malis
3438 487 3750 542 emendare
3780 505 3793 541 :

391 579 674 636 canonica
691 579 1085 636 anathematis
1107 578 1335 635 vinculo
1357 595 1485 634 esse
1506 579 1872 633 innodatum.
1889 581 2032 632 Con-

391 669 854 725 asntienteavero
866 672 1040 740 atque
1051 667 1630 737 consiliantes,etiam
1643 666 2035 721 anathematis

388 755 1028 829 vincoloimplieentur.
1054 755 1114 814 Si
1131 761 1327 813 autem
1349 755 1412 825 ii,
1429 755 1530 826 qui
1554 754 1847 824 conjuncti
1873 760 2030 820 sunt,

391 844 1278 916 admonitideclinaverint,etab
1301 844 1580 902 alterutro
1605 843 1818 898 fuerint
1838 843 2030 910 divisi,

391 932 746 1006 pauitantia
767 933 1212 1002 submittantur,
1246 938 1312 989 ut
1341 933 1656 1005 episcopus
1685 931 1795 987 loci
1830 932 2032 1002 praevi-

391 1021 559 1078 derit.
594 1021 876 1078 Similiter
903 1022 988 1078 illi
1019 1024 1118 1094 qui
1151 1023 1210 1078 in
1242 1023 1349 1078 hoc
1371 1020 1659 1078 consiliati
1682 1020 1916 1091 fuerint,
1944 1019 2030 1076 vel

389 1109 646 1184 aliquam
678 1111 989 1170 habuerint
1017 1112 1365 1184 portionem.
1401 1109 1750 1181 Quicunque
1782 1125 1914 1164 vero
1947 1127 2032 1165 sa-

386 1198 690 1262 cerdotum
721 1197 808 1256 vel
838 1199 1184 1255 clericorum
1213 1197 1273 1252 in
1304 1197 1522 1252 talibus
1549 1213 1857 1252 assensum
1890 1214 2032 1268 proe-

384 1285 595 1356 buerit,
631 1292 734 1345 aut
761 1286 1275 1344 communicaverit
1304 1301 1505 1340 eorum
1538 1286 1852 1353 consortio,
1887 1303 2026 1341 con-

384 1377 716 1446 demnatus,
739 1375 1069 1442 sacerdotii,
1112 1374 1202 1430 vel
1221 1374 1530 1430 ministerii
1551 1374 1640 1430 sui
1668 1375 1887 1430 honore
1915 1375 2032 1446 pri-

387 1469 572 1522 vetur.
1219 1469 1224 1472 ·

383 1552 519 1608 CAP.
551 1549 736 1607 XCVI.
769 1582 838 1592 —
868 1552 1120 1625 Qualiter
1143 1553 1520 1624 unusquisque
1538 1552 1807 1609 docendus
1831 1554 1918 1607 sit.

456 1639 786 1712 (Theodulf.
819 1657 869 1698 c.
901 1641 1016 1712 21.)
1046 1645 1189 1697 Cum
1220 1643 1355 1713 ergo
1388 1641 1654 1697 omnium
1687 1646 2024 1698 sanctarum

381 1729 819 1802 Scripturarum
831 1731 1767 1803 paginasinstrumentisbonorum
1783 1747 2022 1803 operum

386 1819 609 1875 referta:
641 1818 778 1888 sint,
810 1825 867 1876 et
895 1836 998 1892 per
1025 1825 1364 1876 sanctarum
1403 1821 1837 1892 Scripturarum
1871 1838 2024 1874 cam-

385 1923 492 1981 pos
522 1907 752 1980 possint
781 1907 1027 1964 inveniri
1050 1925 1214 1965 arma
1233 1909 1448 1981 quibus
1475 1908 1613 1963 vitia
1634 1909 2023 1980 compriman-

383 2001 565 2064 tur,et
583 1997 826 2054 virtutes
849 1998 1219 2066 nutriantur;
1242 1997 1450 2053 lineuit
1477 1999 1644 2053 nobis
1666 1998 1802 2052 huic
1827 2001 2024 2052 nostro

383 2085 697 2160 Capitulari
729 2086 982 2143 inserere
1012 2087 1360 2142 sententiam
1383 2087 1694 2157 cujusdam
1729 2086 1916 2141 Patris
1940 2087 2020 2157 (S.

385 2174 680 2232 Benedict.
711 2175 912 2248 Regul.
944 2191 1072 2247 cap.
1107 2176 1160 2246 4)
1192 2175 1264 2230 de
1301 2175 1715 2230 instrumentis
1735 2175 2023 2230 bonorum

380 2279 645 2336 operum,
676 2261 736 2318 in
767 2279 885 2335 qua
913 2279 1128 2336 magna
1179 2264 1464 2319 brevitate
1494 2264 1635 2336 quid
1668 2265 1762 2335 agi
1813 2262 2023 2334 quidve

376 2352 548 2409 vitari
578 2352 787 2408 debeat
805 2352 1154 2408 continetur.
1180 2356 1243 2407 In
1261 2352 1472 2424 primis
1494 2352 1809 2407 Dominum
1835 2352 2021 2407 Deum

374 2440 636 2515 diligere,
669 2456 738 2497 ex
768 2445 891 2497 toto
921 2441 1112 2511 corde,
1166 2445 1288 2497 tota
1340 2441 1560 2512 anima,
1611 2444 1732 2495 tota
1785 2440 2020 2505 virtute,

377 2530 588 2588 deinde
618 2529 950 2603 proximum
981 2534 1262 2601 tanquam
1311 2529 1592 2602 seipsum.
1639 2530 1857 2584 Deinde
1907 2546 2021 2584 non

380 2620 678 2678 occidere:
716 2635 832 2675 non
864 2618 1232 2674 adulterare:
1267 2633 1384 2674 non
1417 2619 1604 2674 facere
1655 2619 1871 2671 furtum
1905 2634 2020 2672 non

378 2708 790 2782 concupiscere
813 2727 827 2765 :
853 2724 970 2764 non
996 2708 1212 2764 falsum
1234 2707 1638 2764 testimonium
1661 2706 1851 2762 dicere
1875 2724 1888 2762 :
1914 2706 2018 2761 ho-

377 2814 584 2856 norare
613 2813 819 2856 omnes
847 2797 1154 2865 homines;
1189 2801 1246 2853 et
1276 2798 1428 2869 quod
1464 2796 1574 2850 sibi
1605 2795 1739 2867 quis
1757 2795 1880 2852 fieri
1902 2812 2016 2851 non

371 2888 514 2954 vult,
543 2887 709 2943 alteri
737 2903 854 2943 non
888 2887 1082 2942 faciat.
1113 2887 1414 2959 Abnegare
1447 2885 1829 2957 semetipsum
1881 2885 2014 2956 sibi,

371 2980 438 3032 ut
465 2975 763 3033 Christum
795 2980 1096 3048 sequatur,
1132 2991 1346 3047 corpus
1395 2974 1722 3046 castigare;
1774 2973 2014 3030 delicias

370 3081 486 3123 non
518 3065 812 3138 amplecti.
864 3065 1164 3136 Jejunium
1201 3078 1432 3131 amare;
1485 3067 1543 3118 et
1583 3078 1868 3136 pauperes
1921 3079 2012 3118 re-

369 3169 606 3212 creare:
640 3154 866 3210 nudum
897 3153 1108 3210 vestire
1137 3171 1151 3222 ;
1185 3153 1488 3208 infirmum
1545 3153 1800 3220 visitare,
1851 3168 2006 3208 mor-

364 3249 536 3300 tuum
555 3241 1119 3316 sepelire,dolentem
1151 3241 1458 3298 consolari.
1493 3245 1535 3295 A
1558 3241 1754 3297 seaculi
1777 3241 2007 3296 actibus
2038 3230 2079 3296 C

373 3349 437 3390 se
465 3333 650 3389 lacere
672 3331 930 3388 alienum
959 3349 973 3398 ;
1008 3330 1154 3386 nihil
1185 3329 1367 3386 amori
1398 3329 1609 3385 Christi
1648 3345 2002 3402 praeponere.

363 3421 516 3478 Iram
549 3437 663 3478 non
693 3420 992 3494 perficere,
1026 3419 1340 3476 iracundiis
1380 3424 1616 3491 tempus
1660 3433 1775 3474 non
1825 3435 2006 3474 reser.

360 3525 516 3569 vare.
546 3510 756 3568 Delum
786 3509 846 3565 in
877 3509 1052 3565 corde
1108 3525 1225 3564 non
1272 3511 1488 3564 tenere.
1537 3508 1743 3563 Pacem
1797 3506 2002 3562 falsam

359 3616 477 3657 non
495 3601 635 3656 dare
655 3618 671 3669 ;
697 3598 1038 3655 charitatem
1057 3614 1174 3654 non
1191 3598 1616 3669 derelinquere.
1641 3597 1763 3652 Non
1777 3597 2001 3667 jurare,

359 3705 432 3746 nc
463 3689 610 3746 forte
639 3689 915 3762 perjuret.
944 3687 1259 3744 Veritatem
1292 3703 1360 3742 ex
1388 3687 1562 3742 corde
1614 3691 1671 3741 et
1720 3701 1816 3740 ore
1865 3701 2002 3756 pro-

357 3777 544 3834 ferre:
578 3776 801 3833 malum
831 3792 936 3849 pro
960 3774 1113 3832 malo
1135 3792 1250 3831 non
1281 3775 1522 3830 reddere
1546 3791 1558 3842 ;
1579 3773 1858 3844 injuriam
1884 3789 2001 3827 non

355 3867 564 3938 facere,
598 3866 699 3924 sed
729 3869 787 3922 et
811 3866 1026 3921 factam
1057 3865 1346 3937 patienter
1397 3863 1676 3920 sufferre:
1729 3861 2000 3917 inimicos

355 3955 632 4029 diligere;
663 3953 1078 4011 maledicentes
1109 3970 1224 4010 non
1257 3951 1626 4019 maledicere,
1660 3951 1760 4006 sed
1810 3949 2000 4021 magis

353 4044 731 4102 benedicere:
764 4043 1228 4117 persecutionem
1260 4057 1364 4114 pro
1405 4040 1640 4112 justitia
1683 4038 1994 4095 sustinere.

349 4134 476 4190 Non
505 4149 632 4192 esse
663 4133 1008 4206 superbum,
1041 4149 1158 4188 non
1192 4129 1575 4198 vinolentum,
1601 4145 1716 4182 non
1742 4127 1995 4182 multum

349 4223 610 4292 edacem,
642 4238 756 4278 non
791 4221 1253 4286 somnolentum,
1280 4236 1394 4274 non
1421 4219 1677 4290 pigrum,
1697 4234 1810 4271 non
1837 4233 1994 4271 mur-

350 4328 680 4379 murosum,
713 4327 829 4367 non
863 4313 1271 4367 detractorem.
1305 4309 1480 4380 Spem
1512 4322 1681 4362 suam
1701 4307 1816 4362 Deo
1843 4323 1996 4361 com-

346 4402 598 4472 mittere,
633 4402 853 4458 bonum
886 4399 1108 4472 aliquid
1141 4399 1199 4453 in
1233 4414 1296 4454 se
1327 4412 1461 4451 cum
1485 4395 1712 4462 viderit,
1745 4396 1859 4450 Deo
1891 4411 1992 4467 ap-

345 4492 537 4566 plicet,
573 4509 684 4549 non
711 4491 822 4548 sibi
853 4517 866 4559 ;
901 4490 1123 4546 malum
1155 4503 1288 4542 vero
1341 4502 1570 4558 semper
1597 4503 1631 4540 a
1662 4503 1721 4541 se
1774 4486 1990 4540 factum

345 4584 516 4651 sciat,
546 4587 604 4638 et
633 4581 745 4638 sibi
778 4584 1025 4653 reputet.
1059 4577 1224 4633 Diem
1249 4575 1459 4647 judicii
1489 4575 1729 4672 timere:
1776 4575 1989 4672 gehen-
2022 4602 2071 4667 Β

342 4687 478 4727 nam
509 4687 924 4744 expavescere;
961 4668 1142 4723 vitam
1193 4669 1468 4720 aeternam
1509 4665 1667 4720 omni
1715 4665 1991 4736 concupi~

340 4759 561 4817 scentia
599 4759 847 4833 spiritali
879 4756 1253 4823 desiderare;
1314 4758 1561 4808 mortem
1609 4757 1741 4808 ante
1790 4753 1989 4808 oculos

343 4849 602 4923 quotidie
627 4851 963 4921 suspectam
995 4844 1209 4900 habere
1237 4861 1251 4911 ;
1287 4847 1453 4898 actus
1483 4843 1610 4897 vitae
1656 4860 1776 4898 suae
1828 4843 1987 4898 omni

338 4939 482 4996 hora
511 4937 828 4996 custodire.
864 4937 926 4989 In
962 4933 1122 4989 omni
1154 4931 1283 4988 loco
1309 4932 1492 4987 Deum
1516 4933 1862 5005 prospicere.
1887 4933 1990 4987 Co-

341 5029 656 5102 gitationes
690 5024 878 5081 malas
939 5023 1127 5078 cordis
1177 5023 1271 5078 sui
1317 5023 1686 5078 advenientes
1732 5039 1864 5078 mox
1914 5023 1986 5076 ad

338 5117 638 5174 Christum
657 5113 916 5183 allidere,
939 5117 995 5168 et
1021 5111 1234 5168 seniori
1266 5109 1516 5183 spiritali
1543 5112 1884 5184 patefacere.
1908 5110 1985 5167 Os

337 5222 514 5264 suum
545 5222 581 5260 a
611 5202 764 5259 male
785 5201 872 5258 vel
894 5218 928 5256 a
951 5217 1124 5273 pravo
1149 5200 1378 5272 eloquio
1399 5202 1707 5258 custodire.
1741 5203 1801 5256 In
1823 5201 1982 5256 omni

335 5295 463 5352 loco
495 5299 676 5349 Deum
709 5291 1058 5364 prospicere.
1096 5290 1343 5348 Multum
1375 5290 1532 5364 loqui
1578 5309 1693 5347 non
1744 5306 1978 5358 amare;

337 5385 516 5441 verba
533 5397 684 5438 vana
714 5384 815 5437 aut
834 5381 978 5438 risui
999 5385 1136 5454 apta
1156 5397 1268 5437 non
1292 5379 1452 5452 loqui
1477 5405 1492 5449 ς
1517 5381 1704 5436 risum
1726 5379 1982 5434 multum

335 5475 440 5529 aut
459 5487 770 5528 excussum
785 5487 899 5526 non
918 5487 1113 5527 amare
1137 5497 1151 5539 ;
1177 5471 1453 5527 lectiones
1479 5474 1714 5524 sanctas
1734 5468 1984 5524 libenter

336 5561 559 5631 audire,
593 5560 841 5618 orationi
892 5560 1228 5633 frequenter
1273 5558 1631 5614 incumbere.
1681 5556 1834 5612 Mala
1874 5573 1983 5612 sua

336 5649 625 5732 praeterita
644 5666 778 5712 cum
805 5649 1100 5729 lacrymis,
1126 5648 1217 5708 vel
1229 5647 1456 5726 gemitu
1478 5646 1739 5719 quotidie
1769 5645 1830 5703 in
1851 5661 1980 5721 orae

2145 577 2435 632 desideria
2473 578 2665 632 carnis
2714 593 2829 631 non
2884 577 3188 647 perlicere:
3240 576 3602 630 voluntatem
3656 593 3793 647 pro-

2144 667 2332 738 priam
2356 667 2516 722 odire
2535 687 2552 720 :
2575 665 2875 738 praeceptis
2904 666 3224 719 sacerdotis
3249 670 3303 719 et
3332 665 3702 736 prmeeptoris
3731 665 3792 719 in

2145 755 2419 810 omnibus
2451 755 2704 821 obedire,
2739 753 2964 810 etiamsi
2997 754 3120 825 ipse
3152 753 3339 823 aliter,
3400 753 3555 825 quod
3612 753 3790 819 absit,

2144 848 2315 914 agat;
2351 861 2639 900 memores
2669 843 2826 898 illius
2861 842 3141 898 Dominici
3175 842 3443 914 praecepti
3471 860 3483 897 :
3529 847 3674 914 Qua:
3704 843 3794 897 di-

2141 936 2268 987 cunt
2296 935 2463 1003 facite
2484 951 2502 994 ,·
2532 950 2651 1003 qua:
2681 937 2861 986 autem
2889 933 3111 1002 faciunt
3140 933 3319 1000 facere
3362 932 3532 986 nolite
3584 931 3794 1002 (Matth.

2141 1039 2303 1089 XXIII,
2334 1024 2408 1092 3).
2447 1022 2569 1077 Non
2601 1020 2745 1076 velle
2778 1021 2888 1075 dici
2923 1024 3193 1076 sanctum
3216 1026 3531 1092 antequam
3564 1020 3659 1088 sit,
3692 1021 3796 1076 sed

2141 1110 2303 1182 prius
2334 1127 2482 1180 esse,
2519 1111 2671 1182 quod
2707 1109 2897 1166 verius
2930 1109 3193 1164 dicatur:
3230 1113 3513 1181 praecepta
3558 1109 3651 1163 Dei
3705 1109 3791 1163 fa-

2141 1201 2250 1252 ctis
2279 1199 2515 1270 quotirle
2548 1200 2780 1254 studeat
2810 1198 3161 1269 adimplere;
3195 1198 3525 1253 castitatem
3559 1214 3789 1265 amare;

2141 1285 2371 1341 nullum
2403 1287 2584 1352 odire,
2617 1286 2803 1341 zelum
2838 1291 2891 1341 et
2921 1285 3201 1340 invidiam
3238 1303 3350 1341 non
3383 1286 3594 1341 habere
3621 1305 3633 1353 ;
3659 1303 3796 1340 cen-

2137 1375 2456 1430 tentionem
2478 1393 2591 1431 non
2635 1375 3223 1442 amare;relationem
3272 1375 3792 1446 fugere;seniores

2139 1465 2449 1535 venerari,j
2464 1465 2695 1520 uniores
2713 1464 2986 1536 diligere;
3013 1464 3069 1519 in
3085 1464 3298 1521 Christi
3326 1481 3522 1520 amore
3548 1482 3650 1536 pro
3675 1464 3790 1519 ini-

2140 1554 2307 1607 micis
2323 1570 2485 1609 orare
2507 1572 2518 1621 ;
2545 1570 2677 1608 cum
2703 1553 3175 1608 discordantibus
3189 1557 3323 1609 ante
3346 1553 3486 1610 solis
3511 1570 3790 1610 occasum

2138 1641 2195 1696 in
2230 1658 2430 1712 pacem
2465 1642 2671 1711 redire,
2707 1645 2763 1696 et
2794 1643 2864 1696 de
2897 1641 2996 1696 Dei
3031 1641 3432 1698 misericordia
3481 1659 3791 1714 nunquam

2138 1731 2464 1802 desperare.

2209 1821 2348 1875 Ecce
2379 1820 2498 1874 hanc
2530 1825 2668 1876 sunt
2701 1820 3092 1876 instrumenta
3121 1822 3262 1875 artis
3292 1819 3592 1892 spiritalis,
3657 1837 3791 1893 quae

2137 1925 2269 1963 cum
2286 1909 2500 1964 fuerint
2513 1909 2725 1964 anobis
2740 1909 2839 1964 diu
2856 1913 3146 1980 noctuque
3164 1909 3588 1964 incessabiliter
3600 1909 3790 1964 adim-

2136 1999 2309 2069 pleta,
2339 2003 2394 2051 et
2423 1997 2482 2050 in
2516 1999 2607 2052 die
2631 1997 2840 2067 judicii
2875 1999 3299 2068 reconsignata,
3330 1996 3428 2052 illa
3450 1998 3784 2053 retribuen-

2133 2092 2229 2140 tur
2260 2087 2426 2141 nobis
2459 2105 2492 2140 a
2537 2088 2775 2141 Domino
2826 2086 3420 2157 recompensabiliter,
3475 2104 3600 2157 quae
3651 2088 3782 2158 ipse

2135 2177 2439 2246 promisit:
2477 2175 2624 2243 Quod
2655 2176 2839 2230 oculus
2869 2192 2977 2229 non
3010 2176 3162 2246 vidit,
3195 2192 3294 2229 nee
3340 2179 3493 2230 auris
3540 2176 3782 2247 audivit,

2133 2281 2228 2318 nec
2259 2267 2317 2319 in
2347 2281 2437 2319 cor
2467 2265 2703 2319 hominis
2733 2265 2974 2320 ascendit
3000 2280 3124 2335 quzL'
3154 2267 3503 2336 praeparavit
3533 2267 3671 2320 Deus
3694 2266 3786 2320 his

2133 2355 2229 2423 qui
2258 2354 2499 2423 diligunt
2531 2371 2656 2409 cum
2687 2354 2732 2424 (I
2761 2354 2879 2408 Cor.
2915 2372 2977 2425 ιι,
3022 2355 3099 2426 9).

2131 2487 2264 2541 CAP.
2297 2487 2506 2543 XCVII.
2533 2520 2598 2527 —
2625 2490 2686 2544 Ut
2712 2491 3012 2570 orationem
3033 2489 3372 2543 Dominicam
3392 2489 3782 2559 etSymbolum

2660 2569 2973 2614 memoriter
2995 2569 3234 2615 teneant.

2201 2655 2524 2725 (Theodulf.
2558 2674 2606 2711 c.
2628 2659 2745 2728 23.)
2777 2659 3192 2713 Commonendi
3224 2662 3364 2713 sunt
3394 2675 3596 2714 omnes
3631 2659 3782 2714 {idc-

2130 2743 2233 2812 les,
2268 2751 2332 2801 ut
2363 2745 2711 2817 generaliter
2741 2763 2774 2801 a
2805 2745 3046 2801 minimo
3091 2763 3278 2818 usque
3327 2748 3397 2802 ad
3445 2748 3778 2803 maximum

2128 2835 2448 2890 orationem
2482 2835 2864 2905 Dominicam,
2889 2840 2944 2890 et
2965 2837 3295 2906 symbolum
3327 2837 3662 2891 memoriter
3683 2841 3774 2893 te-

2126 2927 2339 2984 neant;
2371 2929 2427 2978 et
2457 2923 2767 2979 dicendum
2791 2923 2875 2979 eis
2904 2925 3055 2994 quod
3087 2924 3144 2978 in
3170 2924 3260 2978 his
3284 2926 3512 2979 duabus
3535 2931 3775 2982 senten-

2123 3013 2223 3068 tiis
2255 3028 2424 3068 omne
2456 3013 2590 3067 fidei
2621 3012 2958 3067 Christianas
2982 3014 3426 3068 fundamentum
3453 3013 3773 3084 incumbit,

2122 3107 2178 3157 et
2207 3102 2320 3157 nisi
2353 3101 2446 3173 qui
2484 3101 2589 3156 has
2620 3102 2765 3157 duas
2784 3102 3100 3157 sententias
3125 3102 3460 3158 memoriter
3483 3104 3766 3169 tenuerit,

2120 3195 2177 3246 et
2205 3208 2272 3246 ex
2300 3195 2419 3246 toto
2451 3191 2623 3246 corde
2653 3191 2982 3258 crediderit,
3017 3196 3074 3246 et
3104 3191 3163 3246 in
3195 3192 3452 3246 oratione
3503 3192 3766 3264 saepissi-

2119 3296 2211 3334 me
2227 3279 2691 3350 frequentaverit,
2719 3277 3039 3334 catholicus
3061 3295 3188 3334 esse
3215 3296 3328 3333 non
3353 3277 3584 3350 poterit.
3609 3283 3766 3334 Con-

2117 3368 2393 3423 stitutum
2427 3383 2679 3439 namque
2709 3371 2816 3436 est,
2843 3372 2906 3422 ut
2925 3366 3124 3422 nullus
3146 3367 3518 3435 chrismetur,
3575 3384 3770 3439 neque

2116 3457 2460 3529 baptizetur,
2496 3473 2680 3528 neque
2711 3474 2744 3512 a
2774 3457 3004 3512 lavacro
3041 3457 3216 3511 fontis
3249 3455 3429 3510 alium
3453 3456 3766 3528 suscipiat,

2115 3562 2302 3617 neque
2334 3562 2527 3601 coram
2558 3546 2826 3617 episcopo
2851 3545 2922 3600 ad
2945 3545 3412 3600 confirmandum
3438 3543 3770 3615 quemlibet

2114 3638 2326 3702 teneat,
2360 3635 2473 3690 nisi
2507 3633 2860 3708 symbolum,
2905 3638 2962 3689 et
3019 3634 3342 3689 orationem
3396 3633 3764 3688 Dominicam

2114 3723 2444 3779 memoriter
2461 3722 2999 3794 tenuerit,exceptis
3015 3723 3107 3778 his
3123 3739 3273 3794 quos
3295 3722 3366 3776 ad
3391 3721 3761 3793 loquendum

2111 3816 2248 3867 retas
2281 3813 2523 3868 minime
2555 3813 2844 3884 perduxit.

2180 3929 2312 3984 CAP.
2362 3928 2600 3984 XCVIII.
2635 3959 2702 3967 —
2736 3929 2797 3983 Ut
2846 3927 2939 3982 hos
2987 3943 3218 3983 canones
3270 3929 3457 3982 nullus
3510 3930 3761 4000 refutare

2769 4007 3086 4070 praesumat.

2179 4104 2466 4172 (Gelasius
2499 4106 2540 4172 Ι,
2573 4105 2743 4176 epist.
2775 4105 2856 4175 9.)
2893 4105 3155 4177 Cumque
3177 4105 3344 4162 nobis
3369 4110 3570 4162 contra
3593 4106 3757 4164 salu-

2107 4195 2320 4248 tarium
2375 4192 2753 4249 reverentiam
2810 4194 3145 4266 regularum
3191 4195 3502 4266 cupiamus
3526 4201 3754 4253 temere

2105 4281 2251 4337 nihil
2281 4281 2476 4348 licere,
2507 4286 2722 4338 etcum
2753 4284 2930 4339 Sedes
2976 4283 3293 4354 apostolica
3342 4285 3608 4356 superior
3659 4285 3754 4341 his

2103 4372 2399 4438 omnibus,
2435 4372 2660 4427 favente
2690 4373 2958 4438 Domino,
2991 4389 3117 4444 quae
3140 4373 3400 4444 paternis
3421 4374 3754 4430 canonibus

2103 4467 2241 4515 sunt
2271 4462 2522 4531 praefixa,
2564 4461 2678 4533 pio,
2714 4461 3035 4532 devotoque
3065 4461 3300 4516 studeat
3329 4467 3524 4518 tenere
3543 4481 3753 4538 propo-

2103 4550 2212 4605 sito
2243 4550 2386 4605 satis
2415 4550 2724 4623 indignum
2757 4556 2846 4606 est
2877 4567 3231 4621 quemquem
3253 4551 3340 4606 vel
3374 4553 3748 4623 pontificum,

2100 4637 2186 4694 vel
2218 4640 2488 4694 ordinum
2514 4640 3004 4710 subscquentium
3028 4639 3177 4695 hanc
3205 4640 3638 4698 observantiam
3665 4660 3752 4698 re-

2100 4728 2306 4797 tutare,
2338 4746 2514 4800 quam
2550 4729 2698 4784 beati
2730 4729 2880 4784 Petri
2913 4729 3109 4784 sedem
3141 4735 3199 4784 et
3229 4730 3395 4801 sequi
3428 4730 3642 4799 videat,
3691 4735 3749 4788 et

2098 4819 2302 4873 docere
2334 4819 2437 4888 (Ex
2456 4817 2596 4872 Julii
2630 4819 2680 4887 1,
2704 4817 2872 4890 epist.
2911 4820 2959 4890 1,
2979 4835 3028 4873 c.
3059 4820 3194 4884 li,ea
3215 4819 3482 4875 Cclasius
3505 4826 3741 4876 mutua-

2096 4912 2192 4962 tus
2221 4907 2348 4978 est),
2384 4907 2646 4979 satisque
2675 4908 3022 4964 eonvediens
3055 4908 3148 4976 sit,
3183 4913 3248 4962 ut
3277 4913 3467 4964 totum
3527 4926 3742 4981 corpus

2096 4995 2364 5052 Ecclesiae
2395 4996 2452 5050 in
2486 4996 2635 5052 hanc
2666 4997 2901 5052 sibimet
2930 4997 3394 5052 observationem
3429 5001 3744 5054 concordet

2095 5102 2272 5156 quam
2304 5085 2678 5158 illlicvirgere
2692 5086 3140 5158 conspiciat,ubi
3161 5087 3443 5143 Dominus
3468 5087 3740 5145 Ecclesia:

2095 5176 2272 5230 totius
2295 5176 2491 5247 posuit
2521 5176 2946 5246 principatum.

2164 5291 2296 5346 Car.
2357 5289 2542 5346 XCIX.
2575 5320 2644 5330 ——
2677 5291 2738 5345 Ut
2774 5306 2895 5360 quae
2940 5293 3148 5346 statuta
3197 5299 3323 5347 sunt
3369 5292 3526 5348 nullo
3571 5293 3740 5350 modo

2734 5363 3114 5416 immuteutur.

2163 5468 2292 5522 Haec
2321 5483 2452 5522 vero
2484 5471 2702 5524 statuta
2730 5467 2895 5524 nulla
2924 5469 3136 5524 debent
3168 5469 3542 5540 improbitate
3598 5487 3738 5528 con-

2091 5554 2248 5621 velli,
2277 5556 2440 5612 nulla
2468 5557 2719 5614 novitate
2751 5558 2988 5628 mutari,
3019 5558 3160 5630 quia
3190 5557 3304 5615 alia
3335 5558 3480 5616 ratio
3509 5566 3601 5618 est
3622 5577 3737 5618 sos-

2090 5643 2381 5704 cularium
2413 5646 2525 5705 alia
2553 5647 2904 5706 divinorum.
