3956 6230
182 362 266 427 53

1094 369 1194 432 DE
1237 370 1673 437 PRESSURIS
1717 370 2365 436 ECCLESIASTICIS.
2398 407 2476 421 —
2507 374 2707 437 PARS
2752 372 2802 435 Ῑ.
3568 363 3648 431 Μ

189 496 500 568 convenit,
535 498 975 572 perfectissime
1020 502 1382 570 intruxisset,
1437 507 1493 561 in
1529 508 1638 562 fine
1681 507 1866 579 ipsius
1898 516 1949 582 Α
1990 513 2193 580 parent
2223 525 2284 564 se
2318 509 2433 576 isti,
2484 511 2619 580 quia
2649 524 2843 564 revera
2886 507 3328 579 persequentur,
3359 506 3416 560 et
3446 514 3650 576 perse-v

192 588 507 647 sermonis
542 589 796 646 dixerit:
837 593 1026 646 Omnis
1044 595 1144 663 qui
1171 595 1327 649 audit
1359 598 1518 650 verba
1547 614 1667 651 mea
1689 596 1804 652 haec
1831 603 1882 651 et

191 682 338 752 facit
373 695 461 747 ea,
497 681 927 735 assimilabitur
954 684 1069 735 viro
1115 685 1372 752 sapienti,
1430 687 1530 754 qui
1585 687 1883 754 aediﬁcavit

192 770 434 825 domum
463 785 627 822 suam
656 784 826 838 supra
869 781 1103 840 petram.
1141 773 1420 828 Descendit
1450 774 1668 845 pluvia,
1700 785 1750 830 et
1793 793 1884 830 ve-

192 866 422 913 nerunt
450 859 713 926 ﬂumina,
766 866 819 912 et
849 860 1120 928 ﬂeverunt
1171 862 1340 929 venti,
1402 872 1452 917 et
1509 866 1792 919 irruerunt
1825 867 1882 918 in

194 948 438 1003 danaum
464 948 653 1012 illam,
707 951 762 1000 et
789 963 898 1002 non
927 949 1121 1005 cecidit
1148 967 1166 1004 :
1196 951 1428 1020 [undata
1467 953 1611 1007 enim
1643 957 1758 1008 erat
1790 971 1880 1007 su-

191 1054 316 1109 pra
363 1040 586 1110 petram
633 1035 846 1106 (Matth.
881 1055 978 1105 vn,
1023 1038 1135 1107 24).
1171 1037 1274 1093 Vir
1303 1040 1458 1094 enim
1501 1041 1594 1095 ille
1626 1043 1880 1114 sapiens,

196 1126 342 1198 ipse
377 1124 580 1198 procul
613 1123 794 1179 dubio
828 1131 917 1181 est
948 1127 1016 1180 de
1065 1144 1181 1198 quo
1213 1132 1269 1182 et
1310 1129 1518 1184 beatus
1557 1131 1770 1186 Paulus
1803 1131 1884 1186 ait

218 1215 574 1286 apostolus:
639 1215 896 1270 Christus
951 1216 1052 1269 Dei
1105 1219 1304 1283 virtus,
1366 1223 1419 1272 et
1467 1220 1565 1273 Dei
1609 1223 1878 1290 sapientia

203 1307 261 1375 (1
295 1304 422 1360 Cor.
457 1322 496 1373 ι,
528 1306 656 1376 24);
691 1305 792 1376 qui
827 1305 971 1359 bene
992 1305 1234 1359 domum
1267 1324 1457 1373 suam,
1492 1309 1546 1362 id
1572 1315 1660 1363 est
1690 1310 1874 1364 Eccle-

203 1393 376 1448 siam
405 1398 689 1463 sanctam,
727 1395 798 1447 de
849 1409 964 1463 qua
1013 1393 1137 1464 ipse
1185 1393 1322 1450 alibi
1389 1398 1469 1450 ait
1499 1413 1509 1451 :
1539 1399 1739 1453 Domus
1762 1415 1882 1453 mea

209 1482 425 1537 domus
453 1484 729 1537 orationis
762 1482 1044 1537 vocabitur
1084 1484 1236 1553 (Luc.
1272 1501 1387 1551 xxx,
1426 1487 1534 1556 46),
1570 1504 1746 1558 super
1776 1504 1880 1559 pe-

207 1575 376 1625 tram
420 1571 747 1635 aediﬁcavit,
799 1569 1022 1626 scilicet
1070 1588 1252 1642 supra
1292 1575 1695 1646 semetipsum,
1729 1576 1881 1631 sicut

206 1663 271 1714 et
307 1659 466 1716 idem
507 1659 649 1714 dicit
695 1658 1050 1730 Apostolus:
1103 1665 1270 1715 Petra
1317 1665 1502 1716 autem
1548 1668 1668 1718 erat
1719 1665 1879 1719 Chri-

205 1756 339 1803 stus
371 1749 418 1818 (ι
469 1747 594 1803 Cor.
652 1765 710 1818 x,
769 1747 840 1815 1).
878 1748 945 1802 Et
1001 1747 1179 1804 alibi:
1229 1752 1687 1806 Fundamentum
1723 1753 1880 1807 aliud

1994 603 2262 651 verantes
2297 599 2353 652 in
2389 601 2500 652 fine
2535 598 2776 652 feliciter
2823 595 3275 651 coronabuntur.
3310 593 3479 649 Nullo
3510 610 3645 666 ergo

1992 685 2048 739 in
2085 693 2344 757 tempore
2373 693 2583 742 sancta:
2619 686 2883 741 Ecclesiae
2915 686 3142 739 deficiet
3162 685 3641 750 fundamentum,

1992 776 2269 844 quotidie,
2325 777 2438 831 Deo
2478 778 2715 845 gratias,
2769 775 2976 845 accipit
3027 775 3474 828 incrementum.
3526 773 3640 828 Nec

1991 864 2235 918 deerunt
2267 865 2315 918 ei
2346 871 2761 935 persecutores,
2798 864 3055 918 ﬁdelium
3087 862 3352 916 videlicet
3390 861 3636 916 saevissi-

1991 953 2069 1007 mi
2103 953 2466 1022 laceratores,
2500 957 2598 1025 qui
2622 971 2719 1009 eos
2756 958 2885 1025 post
2903 952 3118 1007 multas
3141 951 3548 1006 tribulationes
3569 950 3642 1006 ad

1991 1047 2262 1096 aeternam
2298 1043 2591 1114 pervenire
2623 1044 2836 1098 faciant
2868 1042 3267 1096 felicissimam
3302 1056 3638 1096 remunera-

1990 1131 2231 1185 tionem.
2257 1133 2604 1201 llujusmodi
2629 1133 2802 1187 etiam
2825 1132 2998 1186 verba
3021 1131 3302 1186 Dominus
3324 1129 3637 1201 explanare

1989 1222 2235 1287 videtur,
2290 1238 2422 1274 cum
2474 1223 2552 1275 ait
2604 1221 2918 1292 apostolis:
2982 1222 3113 1275 Ecce
3167 1222 3323 1275 mitto
3378 1236 3468 1274 vos
3497 1222 3638 1274 sicut

1989 1327 2106 1365 oves
2155 1328 2211 1363 in
2243 1311 2420 1365 medio
2448 1312 2743 1381 luporum:
2788 1314 2945 1365 estote
2991 1326 3113 1380 ergo
3159 1309 3450 1379 prudentes
3495 1310 3634 1363 sicut

1988 1409 2282 1470 serpentes,
2317 1409 2368 1454 et
2396 1402 2668 1470 simplices
2714 1403 2857 1455 sicut
2885 1401 3148 1455 colu-mbae
3178 1399 3396 1468 (Matth.
3433 1415 3489 1463 x,
3525 1399 3634 1462 16),

1990 1494 2100 1542 etc.
2163 1489 2353 1558 Usque
2414 1490 2484 1543 ad
2549 1489 2737 1543 illud:
2817 1491 2922 1556 Qui
2972 1493 3156 1543 autem
3208 1488 3633 1559 perseveraverit

1988 1593 2157 1647 usque
2190 1579 2248 1631 in
2305 1579 2488 1647 ﬁnem,
2538 1579 2624 1630 hic
2678 1580 2863 1632 salvus
2915 1579 3019 1632 erit
3079 1577 3297 1646 (Matth.
3359 1593 3470 1645 xw,
3523 1576 3631 1645 13).

1992 1663 2032 1717 li
2066 1663 2266 1733 procul
2318 1664 2493 1718 dubio
2551 1670 2716 1719 erant
2756 1665 2967 1719 domus
3027 1664 3146 1730 illa,
3197 1663 3451 1718 Ecclesia
3500 1663 3633 1734 qui-

1988 1752 2142 1818 dem,
2193 1769 2316 1822 quae
2371 1752 2545 1806 variis
2597 1753 3073 1808 fluctuationibus
3122 1769 3405 1808 concussa
3454 1769 3633 1824 supra

209 1852 389 1942 namq
415 1840 597 1942 potest
635 1851 830 1907 ponere
873 1840 1080 1907 praeter
1111 1839 1251 1942 illud
1304 1840 1442 1910 quod
1487 1844 1728 1912 positum
1776 1852 1875 1908 est,
1909 1878 1958 1942 Β
1990 1847 2212 1912 petram
2273 1847 2466 1896 tamen
2536 1842 2840 1909 aedificata,
2891 1859 3007 1897 non
3065 1847 3154 1897 est
3212 1841 3466 1913 repulsa,
3527 1842 3628 1896 sed

214 1925 377 1996 quod
403 1930 487 1980 est
532 1925 780 1981 Christus
823 1926 976 1980 Iesus
1025 1926 1065 1996 (l
1118 1925 1264 1994 Corn,
1295 1945 1356 1983 ιιι
1392 1931 1497 1994 11).
1541 1931 1731 2001 Hujus
1776 1931 1878 1984 do-

217 2030 364 2069 mus
395 2029 708 2085 pressurus
737 2013 888 2069 idem
936 2013 1218 2070 Dominus
1276 2017 1697 2087 pramuntians,
1747 2035 1881 2074 mox

218 2103 479 2173 adjecit:
557 2101 842 2158 Descendit
915 2105 1133 2174 pluvia,
1192 2109 1242 2159 et
1298 2115 1565 2162 venerunt
1622 2111 1877 2177 ﬂumina,

218 2196 272 2247 el
328 2193 600 2260 ﬂaverant
630 2193 781 2246 venti
828 2194 878 2246 et
910 2194 1199 2247 irrumat
1249 2196 1308 2248 in
1355 2195 1575 2250 domum
1622 2198 1799 2262 illam,
1831 2200 1882 2252 et

217 2297 335 2337 non
365 2281 558 2336 cecidit
579 2298 598 2334 :
630 2280 868 2350 fundata
896 2283 1044 2336 enim
1075 2287 1195 2336 erat
1223 2299 1399 2354 supra
1425 2291 1640 2354 petram
1671 2289 1879 2356 (Matth.

218 2387 324 2437 vn,
356 2371 469 2439 25).
503 2371 685 2440 Cujus
734 2375 981 2425 ventura
1029 2370 1183 2426 mala
1233 2372 1361 2428 ideo
1402 2373 1528 2444 ipse
1574 2375 1883 2445 praedicere

221 2458 506 2531 dignatus
536 2463 646 2528 est,
671 2465 736 2513 ut
767 2459 1000 2530 quando
1034 2459 1382 2529 acciderent;
1417 2467 1580 2517 tanto
1611 2463 1795 2518 levius
1817 2481 1884 2518 ea

220 2552 436 2604 sancta
463 2547 720 2603 Ecclesia
765 2547 958 2614 ferret,
992 2553 1210 2619 quanto
1255 2549 1510 2623 amplius
1571 2568 1638 2607 ea
1669 2569 1882 2624 praeco-

222 2636 389 2707 gnita
419 2636 682 2692 haberet.
715 2637 978 2691 Armav1t
1009 2638 1225 2710 quippe
1265 2656 1394 2695 eam
1427 2640 1626 2712 clypeo
1658 2642 1881 2712 patien-

222 2725 342 2795 tiae,
379 2724 661 2796 quoniam
697 2724 882 2780 levius
912 2732 1164 2798 possunt
1212 2728 1347 2783 ferri
1395 2730 1551 2785 mala
1595 2731 1879 2801 priescita,

223 2831 405 2886 quam
438 2829 507 2870 ea
526 2831 650 2886 qua:
668 2815 888 2880 subito,
907 2819 964 2870 et
984 2815 1301 2886 improvisa
1331 2818 1635 2885 eveniunt;
1665 2821 1885 2874 undcet

223 2903 513 2958 Dominus
546 2903 685 2958 alibi
716 2922 728 2958 :
766 2908 881 2959 Hoc
913 2905 1122 2960 locutus
1163 2921 1286 2960 sum
1336 2907 1500 2974 vobis,
1539 2918 1595 2963 ut
1641 2925 1766 2963 cum
1798 2925 1883 2963 ve-

222 2995 371 3047 nerit
401 2991 556 3060 hora,
589 3008 785 3047 eorum
839 2995 1303 3061 reminiscamini,
1337 2998 1473 3066 quia
1523 3013 1617 3067 ego
1645 2997 1769 3051 diri
1796 3014 1886 3054 vo-

227 3082 307 3135 bis
341 3081 516 3150 (Joan.
547 3098 664 3148 xw,
704 3082 776 3152 4).
812 3080 942 3136 Haec
972 3081 1168 3154 itaque
1200 3083 1413 3139 domus
1445 3102 1559 3140 non
1611 3104 1678 3140 ex
1710 3087 1889 3158 parie-

232 3170 392 3225 tibus
423 3170 801 3235 manufactis,
835 3171 936 3225 sed
968 3187 1036 3225 ex
1078 3171 1221 3228 vivis
1254 3178 1309 3227 et
1339 3173 1537 3229 electis
1567 3173 1882 3247 lapidibus,

1988 1928 2045 1981 in
2108 1928 2240 1982 fidei
2311 1929 2588 1998 perdurat
2641 1931 2984 1984 constantia.
3049 1930 3164 1984 Hoc
3220 1947 3454 2001 quoque
3517 1928 3628 2000 ipsi

1989 2016 2176 2072 sancti
2221 2015 2493 2088 apostoli,
2525 2017 2831 2087 czeteriquo
2865 2023 3202 2073 sanctarum
3243 2017 3635 2074 Ecclesiarum

1991 2106 2275 2173 doctores,
2309 2105 2678 2158 Dominicum
2704 2104 3074 2160 intendentes
3097 2111 3469 2177 praeceptum,
3501 2111 3558 2160 et
3578 2123 3639 2160 se

1993 2195 2063 2248 ad
2097 2195 2437 2265 passionum
2491 2193 2855 2248 tolerantiam
2909 2195 3332 2265 przeparabant,
3387 2199 3442 2248 et
3497 2194 3642 2248 alios

1992 2283 2465 2338 constantissime
2519 2283 2862 2337 invitabant.
2917 2284 3076 2354 Ipsos
3136 2283 3313 2337 etiam
3370 2298 3642 2354 persecu-

1992 2377 2146 2426 tores
2185 2372 2443 2425 modeste
2493 2371 2835 2443 arguebant,
2876 2371 3219 2443 insipientes
3250 2371 3556 2438 docebant,
3588 2374 3648 2425 et

1992 2461 2267 2515 duritiam
2300 2460 2491 2514 cordis
2524 2477 2723 2515 eorum
2770 2461 3146 2515 vehementer
3175 2458 3642 2530 exprobrabant;

1995 2550 2147 2605 unde
2179 2555 2243 2604 ut
2273 2550 2559 2620 quosdam
2595 2550 2856 2622 ipsorum
2888 2549 3204 2620 aliquando
3234 2566 3268 2604 a
3297 2548 3650 2619 perversita-

1993 2639 2147 2693 libus
2178 2638 2524 2694 mirabiliter
2553 2639 2940 2710 corrigebant,
2963 2639 3250 2709 quosdam
3281 2653 3413 2692 vero
3445 2637 3646 2692 adver-

1993 2745 2122 2783 sum
2151 2745 2212 2783 se
2245 2729 2437 2799 potius
2490 2728 2818 2783 irritabant.
2871 2728 3032 2792 Quod
3066 2731 3121 2782 et
3162 2726 3332 2781 hodie
3364 2726 3558 2797 agitur
3589 2726 3648 2780 in

1993 2822 2197 2872 sancta
2229 2816 2504 2885 Ecclesia,
2541 2823 2603 2871 ut
2632 2819 2772 2872 dum
2799 2817 3085 2871 malorum
3121 2832 3155 2870 a
3186 2815 3507 2870 rectoribus
3529 2831 3650 2869 cor-

1995 2906 2289 2977 ripiuntur
2347 2923 2561 2972 mores,
2617 2907 2727 2977 ipsi
2761 2922 2993 2976 quoque
3047 2922 3184 2960 suos
3216 2907 3651 2976 persequuntur

1996 2997 2281 3061 doctores,
2316 3000 2372 3049 et
2406 3000 2467 3049 ut
2499 2995 2960 3049 ecclesiasticam
2983 2993 3215 3050 valeant
3245 2994 3497 3065 effugere
3528 2994 3647 3048 dis-

1997 3083 2272 3155 ciplinam
2323 3087 2644 3154 [pastorum
2677 3100 2792 3137 non
2827 3086 3099 3138 metuunt
3130 3083 3414 3138 infamare
3443 3082 3648 3137 vitam.

2000 3173 2108 3228 Sed
2142 3173 2249 3227 hoc
2277 3173 2462 3226 sancti
2496 3176 2697 3227 Patres
2743 3171 3143 3243 sagacissime]
3191 3172 3651 3237 considerantes,

226 3258 284 3313 id
317 3263 426 3326 est,
465 3264 808 3314 sanctorum
861 3259 1108 3316 ccetibus
1155 3259 1588 3332 elegantissime
1630 3245 1880 3320 constat.
1917 3245 1959 3312 (ἶ
1997 3263 2125 3316 ideo
2157 3260 2489 3315 inviolabile
2541 3267 2843 3332 pastorum
2906 3265 3225 3316 sanxerunt
3282 3259 3652 3331 privilegium

226 3347 368 3417 Ejus
399 3363 529 3403 vero
560 3351 872 3403 structura:
904 3352 1044 3404 sunt
1085 3349 1304 3420 quique
1336 3352 1535 3407 ﬁdeles
1564 3354 1760 3408 variis.
1807 3396 1819 3408 .
1866 3397 1878 3410 .

226 3435 549 3492 virtutibus
571 3440 961 3492 eoruscantur
979 3454 994 3504 ;
1014 3441 1335 3495 structores
1352 3445 1546 3497 autem
1565 3441 1676 3514 ipsi
1695 3443 1886 3498 docto-

227 3539 1879 3586 PBS.................

228 3717 484 3774 quorum
516 3717 618 3774 per
647 3702 826 3758 ﬁdem
858 3707 914 3758 et
945 3704 1410 3777 operationem.
1494 3747 1506 3760 .
1589 3750 1601 3762 .
1682 3751 1694 3762 .
1776 3751 1788 3761 .
1869 3748 1884 3764 .

523 3834 536 3846 .
614 3792 792 3862 cujus
824 3791 1214 3849 institutionis
1246 3795 1551 3851 exordium
1584 3796 1642 3850 in
1673 3797 1886 3852 beatis-

228 3879 368 3936 simi
415 3881 571 3934 Petri
623 3881 783 3936 ﬁdeli
834 3881 1201 3938 confessione
1233 3883 1526 3940 credimus
1554 3886 1886 3955 fundatum,

228 3984 368 4025 cum
399 3968 482 4024 ait
511 3970 582 4024 ad
613 3969 962 4027 Dominum:
991 3973 1061 4026 Tu
1075 3989 1132 4027 es
1165 3971 1411 4029 Christus
1435 3975 1620 4030 Filius
1641 3977 1740 4030 Dei
1760 3978 1885 4031 visi.

230 4062 343 4112 Pro
375 4074 493 4129 qua
519 4059 694 4114 etiam
733 4061 1205 4117 remuneratione
1249 4062 1452 4117 audire
1503 4064 1654 4120 inter
1685 4071 1888 4120 cartera

231 4145 483 4202 meruit:
516 4151 580 4203 Et
608 4164 702 4218 ego
727 4149 847 4204 dico
879 4150 984 4204 tibi
1031 4151 1161 4219 quia
1191 4157 1250 4206 tu
1298 4167 1351 4206 es
1381 4154 1598 4218 Petrus,
1630 4162 1679 4208 et
1729 4170 1893 4225 super

232 4237 376 4290 hanc
401 4243 617 4308 petram
645 4237 930 4306 aediﬁcabo
965 4239 1265 4294 Ecclesium
1294 4257 1491 4308 meam,
1524 4249 1575 4296 et
1604 4246 1777 4314 porta;
1810 4245 1893 4297 in-

231 4326 345 4396 feri
372 4341 484 4380 non
507 4326 891 4396 praevalebunt
940 4327 1197 4384 adversus
1227 4345 1346 4384 eam
1397 4331 1612 4401 (Matth.
1649 4349 1760 4400 xvr,
1800 4334 1891 4386 16-

235 4415 345 4484 18).
396 4413 699 4469 ίΕᾶὶῐὶοαιθ
728 4419 817 4470 est
847 4431 984 4488 ergo
1035 4422 1243 4472 sancta
1287 4418 1549 4474 Ecclesia
1583 4437 1763 4491 supra
1795 4437 1892 4491 pe-

231 4505 385 4558 tram
413 4502 472 4555 in
505 4501 797 4558 soliditate
830 4503 1160 4574 apostolicae
1193 4506 1349 4573 ﬁdei,
1384 4524 1486 4578 per
1516 4507 1690 4562 fidem
1722 4513 1778 4562 et
1809 4508 1895 4562 di-

1995 3356 2372 3422 [permanere,
2407 3367 2481 3403 ne
2529 3351 2941 3421 superbientes
2990 3355 3046 3404 et
3075 3349 3369 3416 vecordes]
3403 3364 3501 3401 eos
3533 3346 3654 3402 ullo

1994 3440 2166 3494 modo
2204 3439 2487 3492 auderent
2531 3439 2853 3508 despicere,
2918 3437 3006 3491 vel
3061 3438 3322 3506 ipsorum
3371 3439 3656 3505 praecepta

1994 3533 2384 3584 contemnere.
2439 3527 2740 3589 Quomodo
2794 3526 2949 3580 enim
2999 3523 3278 3597 praesules
3309 3528 3651 3578 czeterorum

1995 3619 2243 3688 possunt
2262 3614 2464 3686 culpas
2497 3630 2760 3686 arguere,
2787 3615 2834 3668 si
2857 3613 2938 3668 illi
2971 3631 3070 3669 eos
3097 3613 3607 3668 audentinfestare
3627 3613 3656 3666 ?

1997 3706 2062 3759 Et
2093 3704 2221 3758 ideo
2253 3702 2385 3757 illos
2412 3719 2524 3757 non
2549 3702 2754 3758 leviter
2776 3702 3156 3772 accusandos,
3181 3700 3268 3756 vel
3286 3699 3654 3755 calumnian-

1997 3794 2102 3848 dos
2124 3796 2463 3848 sanctorum
2487 3796 2708 3848 statuta
2729 3793 2964 3847 Patrum
2989 3791 3233 3863 pleniter
3257 3789 3652 3857 interdicunt;

1997 3898 2102 3938 nec
2134 3881 2388 3952 aliquem
2423 3882 2495 3936 ad
2521 3898 2720 3936 eorum
2745 3881 3179 3936 accusationem
3198 3879 3379 3935 sancti
3399 3892 3654 3933 canones

1999 3970 2344 4038 admittunt,
2376 3969 2488 4024 nisi
2522 3970 2622 4041 qui
2652 3971 2769 4024 vita
2793 3975 2851 4025 et
2882 3969 3147 4025 moribus
3178 3967 3333 4023 fideli
3365 3965 3657 4022 examina-

1999 4059 2155 4114 tione
2177 4058 2372 4130 dignis
2407 4059 2815 4113 sacerdotibus
2862 4057 3259 4129 cozequandus
3304 4055 3652 4110 inveniatur.

2001 4147 2109 4203 Sed
2144 4163 2249 4202 nec
2284 4147 2411 4200 ideo
2444 4146 2605 4217 ipsos
2657 4147 2894 4217 impune
2950 4145 3200 4201 transire
3231 4146 3568 4210 sanxerunt,
3607 4142 3658 4197 si

2003 4235 2250 4291 crimina
2294 4253 2418 4306 qua:
2471 4235 2884 4290 Sacerdotibus
2916 4235 3166 4304 obiicere
3200 4251 3316 4288 non
3362 4235 3655 4296 metuunt,

2005 4325 2325 4397 approbare
2350 4340 2463 4379 non
2498 4328 2745 4395 possunt
2774 4341 2785 4377 :
2811 4323 3080 4377 eamdem
3105 4320 3542 4376 accusatoribus
3575 4335 3660 4373 rc-

2005 4413 2264 4487 probatis
2295 4412 2666 4484 imponentes
2706 4412 3019 4482 jacturam,
3053 4427 3229 4481 quam
3260 4407 3505 4462 convicti
3536 4406 3659 4476 pati

2005 4504 2329 4559 debuerant
2359 4502 2616 4557 accusati
2646 4520 2659 4568 ;
2693 4501 3037 4571 nullamque
3067 4497 3499 4553 accusationem
3523 4510 3658 4548 con-

232 4590 546 4647 lectionem
578 4591 818 4663 Christi,
844 4597 902 4648 et
921 4595 1351 4666 perceptionem
1374 4603 1895 4664 sacramentorum,
1928 4613 1974 4678 D
2006 4598 2095 4649 tra
2124 4609 2186 4648 se
2218 4592 2508 4663 prolatam
2534 4591 2831 4662 suscipere
2853 4588 2940 4644 vel
2961 4587 3269 4678 defendere
3285 4584 3515 4678 debere,
3540 4582 3657 4678 nisi

233 4685 290 4736 et
319 4680 760 4737 observantiam
803 4682 1215 4738 mandatorum
1271 4685 1420 4755 ejus.
1473 4686 1626 4741 Felix
1658 4687 1894 4758 quidem

237 4769 480 4835 domus,
517 4786 642 4841 qua:
675 4769 895 4842 pluviis
917 4771 1280 4829 irruentibus
1297 4791 1409 4829 non
1444 4774 1687 4844 laeditur,
1714 4775 1902 4830 ﬂumi-

235 4859 414 4914 nibus
445 4858 882 4916 inundantibus
913 4877 1026 4915 non
1058 4862 1302 4929 eruitur,
1333 4865 1523 4921 ventis
1553 4863 1900 4936 impellenti-

235 4947 348 5003 bus
379 4963 496 5002 non
532 4948 828 5020 dejicitur.
850 4949 1139 5006 Adversus
1169 4968 1351 5023 quam
1386 4969 1489 5008 nec
1521 4959 1696 5024 porta:
1728 4953 1898 5009 inferi

237 5035 577 5108 prevalent,
610 5038 885 5110 quamvis
933 5039 1093 5096 vario
1144 5039 1463 5096 luctamine
1503 5042 1725 5112 jugiter
1771 5059 1899 5098 eam

243 5124 578 5196 lacessant;
641 5143 773 5200 qua:
841 5143 946 5183 nec
1001 5129 1245 5186 occultis
1300 5130 1740 5200 tentationibus,
1798 5147 1901 5186 nec

240 5215 454 5286 apertis
487 5215 1026 5288 persecutionibus,
1077 5235 1182 5274 nec
1215 5218 1477 5290 ipsorum
1521 5220 1696 5274 etiam
1733 5219 1899 5275 mali-

243 5319 483 5376 gnorum
529 5303 860 5376 spirituum
913 5306 1406 5378 infestationibus,
1459 5325 1564 5364 nec
1606 5309 1900 5381 vitiorum,

240 5397 332 5449 aut
357 5395 686 5450 criminum
720 5395 1082 5466 ponderibus
1115 5396 1232 5452 ullo
1261 5399 1433 5453 modo
1468 5399 1639 5454 cedit.

303 5487 614 5557 Deponant
647 5499 791 5554 ergo
826 5489 1086 5539 sanctam
1138 5485 1450 5542 Ecclesiam
1486 5493 1904 5560 persequentes

246 5573 707 5638 contumaciam,
744 5577 980 5627 sumant
1013 5573 1209 5629 fideles
1241 5575 1299 5651 in
1334 5579 1734 5648 persecutione
1768 5594 1903 5631 con-

241 5664 536 5722 stantiam.
574 5661 852 5719 Audiant
873 5659 978 5731 illi,
1010 5664 1147 5735 quia
1169 5682 1282 5722 non
1313 5668 1740 5739 praevalebunt:
1766 5682 1906 5738 pra:-

2007 4683 2141 4737 data
2171 4683 2240 4736 ad
2275 4681 2520 4736 invicem
2553 4680 2818 4736 cautione
2847 4697 2860 4746 ;
2885 4693 3071 4748 neque
3093 4673 3347 4746 jndieari
3378 4671 3491 4727 nisi
3512 4671 3655 4727 scri-

2011 4771 2146 4842 ptis,
2181 4769 2639 4841 prudentissime
2680 4772 3030 4824 statuerunt.
3077 4765 3388 4837 Ipsumque
3435 4761 3657 4818 cautio-

2011 4877 2164 4927 nem,
2198 4860 2246 4913 si
2274 4860 2346 4926 vi,
2383 4863 2486 4914 aut
2514 4865 2694 4924 metu,
2721 4857 2808 4913 vel
2840 4857 2971 4911 dolo
2992 4859 3187 4911 exorta
3211 4853 3407 4921 fuerit,
3431 4850 3658 4907 nullum

2010 4949 2211 5003 dicunt
2243 4950 2420 5003 robur
2447 4948 2675 5004 habere.
2765 4975 2770 4980 -

2080 5038 2390 5092 Judicandi
2442 5053 2676 5109 quoque
2723 5035 2961 5108 pariter,
2995 5039 3053 5090 et
3091 5031 3404 5090 accusandi
3436 5030 3494 5085 in
3543 5046 3662 5085 uno

2010 5127 2334 5198 eodemque
2364 5128 2620 5198 negotio,
2665 5126 3072 5195 cujuscunque
3121 5119 3486 5178 auctoritatis
3526 5134 3663 5188 per-

2013 5233 2154 5272 sona
2185 5216 2282 5283 sit,
2317 5216 2674 5272 omnimodis
2696 5212 3408 5270 excluseruntlicentiam.
3446 5209 3662 5262 Locum

2011 5305 2188 5360 etiam
2221 5311 2276 5361 et
2307 5310 2540 5378 tempus
2572 5307 2629 5360 in
2663 5321 2777 5376 quo
2809 5303 2929 5358 bzec
2973 5303 3224 5358 debeant
3254 5296 3538 5365 ventilari,
3573 5295 3666 5351 in-

2013 5412 2191 5464 super
2220 5399 2276 5448 et
2307 5411 2615 5465 personam
2632 5395 2701 5449 ad
2732 5395 2901 5463 cujus
2921 5393 3248 5463 pertineant
3277 5386 3660 5453 audientiam,

2014 5484 2420 5551 sagassissirne
2441 5481 3199 5550 indixerunt.Neejudieum
3223 5477 3411 5532 valere
3434 5478 3663 5530 senten-

2017 5571 2152 5625 tiam
2189 5578 2481 5637 asserunt,
2517 5571 2626 5624 nisi
2660 5571 2890 5624 illorum
2926 5567 3025 5638 qui
3053 5568 3124 5619 ab
3157 5565 3302 5635 ipsis
3338 5563 3502 5618 electi
3536 5563 3660 5615 fue-

2017 5660 2135 5716 rint
2165 5661 2476 5715 accusatis.
2499 5658 2798 5714 lnduciam
2828 5671 3060 5726 quoque
3091 5669 3266 5710 suum
3308 5654 3658 5724 pertractan-
