  <div class='ocr_page' id='page_1' title='image "/cluster/home/n/w/nwhite01/storage/ocr_20150623/134-135/uva.x000829784/043.png"; bbox 0 0 3956 6230; ppageno 0'>
   <div class='ocr_carea' id='block_1_1' title="bbox 335 375 2729 447">
    <p class='ocr_par' dir='ltr' id='par_1_1' title="bbox 335 375 2729 447">
     <span class='ocr_line' id='line_1_1' title="bbox 335 375 2729 447; baseline -0.002 -1"><span class='ocrx_word' id='word_1_1' title='bbox 335 384 417 447; x_wconf 72' lang='grc'><strong>88</strong></span> <span class='ocrx_word' id='word_1_2' title='bbox 1360 381 1706 444; x_wconf 83' lang='lat' dir='ltr'>ATTONIS</span> <span class='ocrx_word' id='word_1_3' title='bbox 1748 375 2330 442; x_wconf 75' lang='lat' dir='ltr'>VEBCELLENSIS</span> <span class='ocrx_word' id='word_1_4' title='bbox 2373 377 2729 441; x_wconf 83' lang='lat' dir='ltr'>EPISCOPI</span> 
     </span>
    </p>
   </div>
   <div class='ocr_carea' id='block_1_2' title="bbox 3667 379 3761 441">
    <p class='ocr_par' dir='ltr' id='par_1_2' title="bbox 3667 379 3761 441">
     <span class='ocr_line' id='line_1_2' title="bbox 3667 379 3761 441; baseline 0 0"><span class='ocrx_word' id='word_1_5' title='bbox 3667 379 3761 441; x_wconf 79' lang='grc'>56</span> 
     </span>
    </p>
   </div>
   <div class='ocr_carea' id='block_1_3' title="bbox 336 510 3758 588">
    <p class='ocr_par' dir='ltr' id='par_1_3' title="bbox 336 510 3758 588">
     <span class='ocr_line' id='line_1_3' title="bbox 336 510 3758 588; baseline -0.001 -15"><span class='ocrx_word' id='word_1_6' title='bbox 336 517 396 573; x_wconf 84' lang='lat' dir='ltr'>di</span> <span class='ocrx_word' id='word_1_7' title='bbox 425 530 773 588; x_wconf 81' lang='lat' dir='ltr'>responsum</span> <span class='ocrx_word' id='word_1_8' title='bbox 805 518 1041 587; x_wconf 80' lang='lat' dir='ltr'>propter</span> <span class='ocrx_word' id='word_1_9' title='bbox 1084 515 1484 570; x_wconf 90' lang='lat' dir='ltr'>innocentium</span> <span class='ocrx_word' id='word_1_10' title='bbox 1515 513 1974 586; x_wconf 78' lang='lat' dir='ltr'>simplicitatem,</span> <span class='ocrx_word' id='word_1_11' title='bbox 2007 513 2062 578; x_wconf 77' lang='grc' dir='ltr'><strong>Α</strong></span> <span class='ocrx_word' id='word_1_12' title='bbox 2092 510 2216 566; x_wconf 89' lang='lat' dir='ltr'>lum</span> <span class='ocrx_word' id='word_1_13' title='bbox 2249 527 2450 566; x_wconf 92' lang='lat' dir='ltr'>eorum</span> <span class='ocrx_word' id='word_1_14' title='bbox 2484 512 2776 568; x_wconf 72' lang='lat' dir='ltr'>sententia</span> <span class='ocrx_word' id='word_1_15' title='bbox 2823 528 2939 569; x_wconf 91' lang='lat' dir='ltr'>non</span> <span class='ocrx_word' id='word_1_16' title='bbox 2972 529 3007 568; x_wconf 91' lang='lat' dir='ltr'>a</span> <span class='ocrx_word' id='word_1_17' title='bbox 3053 528 3160 568; x_wconf 89' lang='lat' dir='ltr'>suo</span> <span class='ocrx_word' id='word_1_18' title='bbox 3185 511 3387 584; x_wconf 91' lang='lat' dir='ltr'>judice</span> <span class='ocrx_word' id='word_1_19' title='bbox 3413 513 3570 570; x_wconf 90' lang='lat' dir='ltr'>dicta</span> <span class='ocrx_word' id='word_1_20' title='bbox 3603 531 3758 571; x_wconf 90' lang='lat' dir='ltr'>con-</span> 
     </span>
    </p>
   </div>
   <div class='ocr_carea' id='block_1_4' title="bbox 335 604 1980 677">
    <p class='ocr_par' dir='ltr' id='par_1_4' title="bbox 335 604 1980 677">
     <span class='ocr_line' id='line_1_4' title="bbox 335 604 1980 677; baseline -0.003 -15"><span class='ocrx_word' id='word_1_21' title='bbox 335 611 394 662; x_wconf 83' lang='lat' dir='ltr'>st</span> <span class='ocrx_word' id='word_1_22' title='bbox 429 605 830 677; x_wconf 91' lang='lat' dir='ltr'>improborum</span> <span class='ocrx_word' id='word_1_23' title='bbox 885 609 1297 676; x_wconf 83' lang='lat' dir='ltr'>argumentosa</span> <span class='ocrx_word' id='word_1_24' title='bbox 1343 604 1821 659; x_wconf 87' lang='lat' dir='ltr'>machinamenta</span> <span class='ocrx_word' id='word_1_25' title='bbox 1867 618 1980 656; x_wconf 88' lang='lat' dir='ltr'>non</span> 
     </span>
    </p>
   </div>
   <div class='ocr_carea' id='block_1_5' title="bbox 336 693 1982 762">
    <p class='ocr_par' dir='ltr' id='par_1_5' title="bbox 336 693 1982 762">
     <span class='ocr_line' id='line_1_5' title="bbox 336 693 1982 762; baseline -0.004 -11"><span class='ocrx_word' id='word_1_26' title='bbox 336 696 625 751; x_wconf 89' lang='lat' dir='ltr'>modicam</span> <span class='ocrx_word' id='word_1_27' title='bbox 657 699 1092 758; x_wconf 88' lang='lat' dir='ltr'>concesserunt,</span> <span class='ocrx_word' id='word_1_28' title='bbox 1124 693 1397 748; x_wconf 90' lang='lat' dir='ltr'>Damnari</span> <span class='ocrx_word' id='word_1_29' title='bbox 1422 693 1597 748; x_wconf 89' lang='lat' dir='ltr'>etiam</span> <span class='ocrx_word' id='word_1_30' title='bbox 1630 710 1727 747; x_wconf 84' lang='lat' dir='ltr'>eos</span> <span class='ocrx_word' id='word_1_31' title='bbox 1759 693 1982 762; x_wconf 83' lang='lat' dir='ltr'>absque</span> 
     </span>
    </p>
   </div>
   <div class='ocr_carea' id='block_1_6' title="bbox 336 782 1985 840">
    <p class='ocr_par' dir='ltr' id='par_1_6' title="bbox 336 782 1985 840">
     <span class='ocr_line' id='line_1_6' title="bbox 336 782 1985 840; baseline -0.004 -1"><span class='ocrx_word' id='word_1_32' title='bbox 336 787 548 840; x_wconf 71' lang='lat' dir='ltr'>sanctae</span> <span class='ocrx_word' id='word_1_33' title='bbox 582 785 854 839; x_wconf 68' lang='lat' dir='ltr'>Romanae</span> <span class='ocrx_word' id='word_1_34' title='bbox 875 783 1042 838; x_wconf 87' lang='lat' dir='ltr'>Sedis</span> <span class='ocrx_word' id='word_1_35' title='bbox 1056 782 1393 838; x_wconf 81' lang='lat' dir='ltr'>auctoritate</span> <span class='ocrx_word' id='word_1_36' title='bbox 1417 782 1844 836; x_wconf 82' lang='lat' dir='ltr'>interdixerunt</span> <span class='ocrx_word' id='word_1_37' title='bbox 1864 796 1985 834; x_wconf 93' lang='lat' dir='ltr'>om-</span> 
     </span>
    </p>
   </div>
   <div class='ocr_carea' id='block_1_7' title="bbox 337 868 1984 944">
    <p class='ocr_par' dir='ltr' id='par_1_7' title="bbox 337 868 1984 944">
     <span class='ocr_line' id='line_1_7' title="bbox 337 868 1984 944; baseline -0.004 -15"><span class='ocrx_word' id='word_1_38' title='bbox 337 873 510 938; x_wconf 84' lang='lat' dir='ltr'>nino;</span> <span class='ocrx_word' id='word_1_39' title='bbox 544 872 812 944; x_wconf 88' lang='lat' dir='ltr'>quamvis</span> <span class='ocrx_word' id='word_1_40' title='bbox 842 871 1064 937; x_wconf 90' lang='lat' dir='ltr'>audire,</span> <span class='ocrx_word' id='word_1_41' title='bbox 1094 871 1180 926; x_wconf 85' lang='lat' dir='ltr'>vel</span> <span class='ocrx_word' id='word_1_42' title='bbox 1205 872 1492 925; x_wconf 80' lang='lat' dir='ltr'>discutere</span> <span class='ocrx_word' id='word_1_43' title='bbox 1520 868 1984 941; x_wconf 84' lang='lat' dir='ltr'>metrOpolitanis</span> 
     </span>
    </p>
   </div>
   <div class='ocr_carea' id='block_1_8' title="bbox 338 955 1988 1029">
    <p class='ocr_par' dir='ltr' id='par_1_8' title="bbox 338 955 1988 1029">
     <span class='ocr_line' id='line_1_8' title="bbox 338 955 1988 1029; baseline -0.004 -12"><span class='ocrx_word' id='word_1_44' title='bbox 338 978 460 1016; x_wconf 84' lang='lat' dir='ltr'>una</span> <span class='ocrx_word' id='word_1_45' title='bbox 477 978 612 1017; x_wconf 90' lang='lat' dir='ltr'>cum</span> <span class='ocrx_word' id='word_1_46' title='bbox 643 977 929 1016; x_wconf 87' lang='lat' dir='ltr'>consensu</span> <span class='ocrx_word' id='word_1_47' title='bbox 963 959 1226 1014; x_wconf 90' lang='lat' dir='ltr'>omnium</span> <span class='ocrx_word' id='word_1_48' title='bbox 1262 957 1838 1029; x_wconf 82' lang='lat' dir='ltr'>comprovincialium</span> <span class='ocrx_word' id='word_1_49' title='bbox 1870 955 1988 1027; x_wconf 90' lang='lat' dir='ltr'>epi-</span> 
     </span>
    </p>
   </div>
   <div class='ocr_carea' id='block_1_9' title="bbox 340 1048 1351 1123">
    <p class='ocr_par' dir='ltr' id='par_1_9' title="bbox 340 1048 1351 1123">
     <span class='ocr_line' id='line_1_9' title="bbox 340 1048 1351 1123; baseline -0.004 -17"><span class='ocrx_word' id='word_1_50' title='bbox 340 1067 652 1123; x_wconf 90' lang='lat' dir='ltr'>scoporum</span> <span class='ocrx_word' id='word_1_51' title='bbox 683 1050 760 1105; x_wconf 89' lang='lat' dir='ltr'>sit</span> <span class='ocrx_word' id='word_1_52' title='bbox 789 1048 1020 1104; x_wconf 83' lang='lat' dir='ltr'>licentia</span> <span class='ocrx_word' id='word_1_53' title='bbox 1049 1048 1351 1102; x_wconf 80' lang='lat' dir='ltr'>attributa.</span> 
     </span>
    </p>
   </div>
   <div class='ocr_carea' id='block_1_10' title="bbox 411 1135 1984 1210">
    <p class='ocr_par' dir='ltr' id='par_1_10' title="bbox 411 1135 1984 1210">
     <span class='ocr_line' id='line_1_10' title="bbox 411 1135 1984 1210; baseline -0.004 -15"><span class='ocrx_word' id='word_1_54' title='bbox 411 1140 521 1195; x_wconf 86' lang='lat' dir='ltr'>Sed</span> <span class='ocrx_word' id='word_1_55' title='bbox 555 1156 625 1195; x_wconf 89' lang='lat' dir='ltr'>ne</span> <span class='ocrx_word' id='word_1_56' title='bbox 651 1138 868 1210; x_wconf 87' lang='lat' dir='ltr'>aliquid</span> <span class='ocrx_word' id='word_1_57' title='bbox 920 1138 1237 1192; x_wconf 88' lang='lat' dir='ltr'>enormiter</span> <span class='ocrx_word' id='word_1_58' title='bbox 1285 1135 1443 1206; x_wconf 86' lang='lat' dir='ltr'>loqui</span> <span class='ocrx_word' id='word_1_59' title='bbox 1496 1135 1817 1200; x_wconf 79' lang='lat' dir='ltr'>videamur,</span> <span class='ocrx_word' id='word_1_60' title='bbox 1852 1151 1984 1188; x_wconf 90' lang='lat' dir='ltr'>san-</span> 
     </span>
    </p>
   </div>
   <div class='ocr_carea' id='block_1_11' title="bbox 339 1223 1987 1294">
    <p class='ocr_par' dir='ltr' id='par_1_11' title="bbox 339 1223 1987 1294">
     <span class='ocr_line' id='line_1_11' title="bbox 339 1223 1987 1294; baseline -0.004 -10"><span class='ocrx_word' id='word_1_61' title='bbox 339 1231 564 1285; x_wconf 88' lang='lat' dir='ltr'>ctorum</span> <span class='ocrx_word' id='word_1_62' title='bbox 594 1229 829 1283; x_wconf 86' lang='lat' dir='ltr'>Patrum</span> <span class='ocrx_word' id='word_1_63' title='bbox 851 1226 1325 1281; x_wconf 88' lang='lat' dir='ltr'>institutionibus</span> <span class='ocrx_word' id='word_1_64' title='bbox 1348 1241 1416 1279; x_wconf 91' lang='lat' dir='ltr'>ea</span> <span class='ocrx_word' id='word_1_65' title='bbox 1437 1241 1561 1294; x_wconf 64' lang='lat' dir='ltr'>quae</span> <span class='ocrx_word' id='word_1_66' title='bbox 1582 1225 1706 1294; x_wconf 86' lang='lat' dir='ltr'>jam</span> <span class='ocrx_word' id='word_1_67' title='bbox 1732 1223 1987 1278; x_wconf 84' lang='lat' dir='ltr'>diximus</span> 
     </span>
    </p>
   </div>
   <div class='ocr_carea' id='block_1_12' title="bbox 337 1307 1987 1384">
    <p class='ocr_par' dir='ltr' id='par_1_12' title="bbox 337 1307 1987 1384">
     <span class='ocr_line' id='line_1_12' title="bbox 337 1307 1987 1384; baseline -0.003 -13"><span class='ocrx_word' id='word_1_68' title='bbox 337 1317 570 1371; x_wconf 84' lang='lat' dir='ltr'>interim</span> <span class='ocrx_word' id='word_1_69' title='bbox 602 1307 988 1371; x_wconf 83' lang='lat' dir='ltr'>afﬁrmemus.</span> <span class='ocrx_word' id='word_1_70' title='bbox 1041 1314 1464 1369; x_wconf 78' lang='lat' dir='ltr'>Sanctissimae</span> <span class='ocrx_word' id='word_1_71' title='bbox 1509 1312 1726 1384; x_wconf 88' lang='lat' dir='ltr'>quippe</span> <span class='ocrx_word' id='word_1_72' title='bbox 1767 1317 1987 1382; x_wconf 80' lang='lat' dir='ltr'>martyr</span> 
     </span>
    </p>
   </div>
   <div class='ocr_carea' id='block_1_13' title="bbox 336 1399 1986 1474">
    <p class='ocr_par' dir='ltr' id='par_1_13' title="bbox 336 1399 1986 1474">
     <span class='ocr_line' id='line_1_13' title="bbox 336 1399 1986 1474; baseline -0.004 -13"><span class='ocrx_word' id='word_1_73' title='bbox 336 1405 654 1464; x_wconf 85' lang='lat' dir='ltr'>Alexander</span> <span class='ocrx_word' id='word_1_74' title='bbox 684 1422 750 1460; x_wconf 88' lang='lat' dir='ltr'>ac</span> <span class='ocrx_word' id='word_1_75' title='bbox 771 1407 1065 1460; x_wconf 77' lang='lat' dir='ltr'>Romanus</span> <span class='ocrx_word' id='word_1_76' title='bbox 1099 1420 1249 1474; x_wconf 86' lang='lat' dir='ltr'>papa</span> <span class='ocrx_word' id='word_1_77' title='bbox 1272 1401 1353 1456; x_wconf 87' lang='lat' dir='ltr'>ait</span> <span class='ocrx_word' id='word_1_78' title='bbox 1373 1402 1551 1472; x_wconf 82' lang='lat' dir='ltr'>(epist.</span> <span class='ocrx_word' id='word_1_79' title='bbox 1579 1403 1630 1469; x_wconf 99' lang='lat'>1)</span> <span class='ocrx_word' id='word_1_80' title='bbox 1657 1417 1669 1455; x_wconf 90' lang='lat'><strong>:</strong></span> <span class='ocrx_word' id='word_1_81' title='bbox 1705 1424 1731 1450; x_wconf 85' lang='lat'><strong>«</strong></span> <span class='ocrx_word' id='word_1_82' title='bbox 1757 1401 1812 1456; x_wconf 88' lang='lat' dir='ltr'>Si</span> <span class='ocrx_word' id='word_1_83' title='bbox 1855 1399 1986 1471; x_wconf 90' lang='lat' dir='ltr'>quis</span> 
     </span>
    </p>
   </div>
   <div class='ocr_carea' id='block_1_14' title="bbox 336 1489 1990 1565">
    <p class='ocr_par' dir='ltr' id='par_1_14' title="bbox 336 1489 1990 1565">
     <span class='ocr_line' id='line_1_14' title="bbox 336 1489 1990 1565; baseline -0.004 -15"><span class='ocrx_word' id='word_1_84' title='bbox 336 1511 475 1565; x_wconf 89' lang='lat' dir='ltr'>erga</span> <span class='ocrx_word' id='word_1_85' title='bbox 539 1493 882 1565; x_wconf 89' lang='lat' dir='ltr'>episcopum</span> <span class='ocrx_word' id='word_1_86' title='bbox 933 1492 1018 1547; x_wconf 80' lang='lat' dir='ltr'>vel</span> <span class='ocrx_word' id='word_1_87' title='bbox 1070 1498 1289 1547; x_wconf 87' lang='lat' dir='ltr'>actores</span> <span class='ocrx_word' id='word_1_88' title='bbox 1346 1491 1610 1546; x_wconf 75' lang='lat' dir='ltr'>Ecclesiae</span> <span class='ocrx_word' id='word_1_89' title='bbox 1665 1489 1990 1560; x_wconf 86' lang='lat' dir='ltr'>quamlibet</span> 
     </span>
    </p>
   </div>
   <div class='ocr_carea' id='block_1_15' title="bbox 339 1578 1987 1654">
    <p class='ocr_par' dir='ltr' id='par_1_15' title="bbox 339 1578 1987 1654">
     <span class='ocr_line' id='line_1_15' title="bbox 339 1578 1987 1654; baseline -0.004 -16"><span class='ocrx_word' id='word_1_90' title='bbox 339 1583 636 1654; x_wconf 87' lang='lat' dir='ltr'>querelam</span> <span class='ocrx_word' id='word_1_91' title='bbox 671 1583 920 1652; x_wconf 86' lang='lat' dir='ltr'>justam,</span> <span class='ocrx_word' id='word_1_92' title='bbox 954 1597 1015 1636; x_wconf 93' lang='lat' dir='ltr'>se</span> <span class='ocrx_word' id='word_1_93' title='bbox 1047 1580 1260 1635; x_wconf 89' lang='lat' dir='ltr'>habere</span> <span class='ocrx_word' id='word_1_94' title='bbox 1287 1579 1616 1643; x_wconf 87' lang='lat' dir='ltr'>crediderit,</span> <span class='ocrx_word' id='word_1_95' title='bbox 1665 1595 1779 1632; x_wconf 89' lang='lat' dir='ltr'>non</span> <span class='ocrx_word' id='word_1_96' title='bbox 1825 1578 1987 1648; x_wconf 89' lang='lat' dir='ltr'>prius</span> 
     </span>
    </p>
   </div>
   <div class='ocr_carea' id='block_1_16' title="bbox 339 1667 1988 1743">
    <p class='ocr_par' dir='ltr' id='par_1_16' title="bbox 339 1667 1988 1743">
     <span class='ocr_line' id='line_1_16' title="bbox 339 1667 1988 1743; baseline -0.004 -17"><span class='ocrx_word' id='word_1_97' title='bbox 339 1670 622 1743; x_wconf 87' lang='lat' dir='ltr'>primates</span> <span class='ocrx_word' id='word_1_98' title='bbox 651 1676 754 1726; x_wconf 88' lang='lat' dir='ltr'>aut</span> <span class='ocrx_word' id='word_1_99' title='bbox 801 1669 944 1725; x_wconf 90' lang='lat' dir='ltr'>alios</span> <span class='ocrx_word' id='word_1_100' title='bbox 983 1668 1216 1738; x_wconf 89' lang='lat' dir='ltr'>judices</span> <span class='ocrx_word' id='word_1_101' title='bbox 1267 1684 1442 1738; x_wconf 88' lang='lat' dir='ltr'>quam</span> <span class='ocrx_word' id='word_1_102' title='bbox 1493 1667 1651 1738; x_wconf 88' lang='lat' dir='ltr'>ipsos</span> <span class='ocrx_word' id='word_1_103' title='bbox 1693 1684 1726 1722; x_wconf 89' lang='lat' dir='ltr'>a</span> <span class='ocrx_word' id='word_1_104' title='bbox 1773 1667 1988 1737; x_wconf 81' lang='lat' dir='ltr'>quibus</span> 
     </span>
    </p>
   </div>
   <div class='ocr_carea' id='block_1_17' title="bbox 341 1755 1986 1826">
    <p class='ocr_par' dir='ltr' id='par_1_17' title="bbox 341 1755 1986 1826">
     <span class='ocr_line' id='line_1_17' title="bbox 341 1755 1986 1826; baseline -0.005 -10"><span class='ocrx_word' id='word_1_105' title='bbox 341 1777 405 1816; x_wconf 90' lang='lat' dir='ltr'>se</span> <span class='ocrx_word' id='word_1_106' title='bbox 436 1761 639 1815; x_wconf 75' lang='lat' dir='ltr'>lassum</span> <span class='ocrx_word' id='word_1_107' title='bbox 668 1758 982 1826; x_wconf 80' lang='lat' dir='ltr'>existimat,</span> <span class='ocrx_word' id='word_1_108' title='bbox 1017 1757 1321 1813; x_wconf 89' lang='lat' dir='ltr'>conveniat</span> <span class='ocrx_word' id='word_1_109' title='bbox 1352 1755 1754 1822; x_wconf 80' lang='lat' dir='ltr'>familiariter;</span> <span class='ocrx_word' id='word_1_110' title='bbox 1787 1759 1843 1810; x_wconf 91' lang='lat' dir='ltr'>et</span> <span class='ocrx_word' id='word_1_111' title='bbox 1872 1771 1986 1808; x_wconf 91' lang='lat' dir='ltr'>non</span> 
     </span>
    </p>
   </div>
   <div class='ocr_carea' id='block_1_18' title="bbox 339 1845 1987 1918">
    <p class='ocr_par' dir='ltr' id='par_1_18' title="bbox 339 1845 1987 1918">
     <span class='ocr_line' id='line_1_18' title="bbox 339 1845 1987 1918; baseline -0.004 -14"><span class='ocrx_word' id='word_1_112' title='bbox 339 1852 568 1904; x_wconf 90' lang='lat' dir='ltr'>tentum</span> <span class='ocrx_word' id='word_1_113' title='bbox 603 1847 803 1914; x_wconf 88' lang='lat' dir='ltr'>semel,</span> <span class='ocrx_word' id='word_1_114' title='bbox 837 1847 938 1903; x_wconf 85' lang='lat' dir='ltr'>sed</span> <span class='ocrx_word' id='word_1_115' title='bbox 971 1846 1313 1918; x_wconf 81' lang='lat' dir='ltr'>saepissime,</span> <span class='ocrx_word' id='word_1_116' title='bbox 1349 1850 1412 1900; x_wconf 91' lang='lat' dir='ltr'>ut</span> <span class='ocrx_word' id='word_1_117' title='bbox 1435 1845 1509 1899; x_wconf 91' lang='lat' dir='ltr'>ab</span> <span class='ocrx_word' id='word_1_118' title='bbox 1542 1845 1628 1900; x_wconf 87' lang='lat' dir='ltr'>eis</span> <span class='ocrx_word' id='word_1_119' title='bbox 1673 1848 1778 1898; x_wconf 88' lang='lat' dir='ltr'>aut</span> <span class='ocrx_word' id='word_1_120' title='bbox 1820 1859 1987 1898; x_wconf 89' lang='lat' dir='ltr'>suam</span> 
     </span>
    </p>
   </div>
   <div class='ocr_carea' id='block_1_19' title="bbox 335 1932 1986 2008">
    <p class='ocr_par' dir='ltr' id='par_1_19' title="bbox 335 1932 1986 2008">
     <span class='ocr_line' id='line_1_19' title="bbox 335 1932 1986 2008; baseline -0.008 -15"><span class='ocrx_word' id='word_1_121' title='bbox 335 1937 652 2008; x_wconf 86' lang='lat' dir='ltr'>justitiam,</span> <span class='ocrx_word' id='word_1_122' title='bbox 715 1941 814 1991; x_wconf 89' lang='lat' dir='ltr'>aut</span> <span class='ocrx_word' id='word_1_123' title='bbox 863 1937 1090 2006; x_wconf 87' lang='lat' dir='ltr'>justam</span> <span class='ocrx_word' id='word_1_124' title='bbox 1148 1933 1394 2004; x_wconf 89' lang='lat' dir='ltr'>accipiat</span> <span class='ocrx_word' id='word_1_125' title='bbox 1449 1932 1903 1988; x_wconf 81' lang='lat' dir='ltr'>excusationem.</span> <span class='ocrx_word' id='word_1_126' title='bbox 1958 1953 1986 1981; x_wconf 83' lang='lat'><strong>»</strong></span> 
     </span>
    </p>
   </div>
   <div class='ocr_carea' id='block_1_20' title="bbox 341 2021 1988 2096">
    <p class='ocr_par' dir='ltr' id='par_1_20' title="bbox 341 2021 1988 2096">
     <span class='ocr_line' id='line_1_20' title="bbox 341 2021 1988 2096; baseline -0.004 -14"><span class='ocrx_word' id='word_1_127' title='bbox 341 2028 487 2082; x_wconf 85' lang='lat' dir='ltr'>Item</span> <span class='ocrx_word' id='word_1_128' title='bbox 516 2025 825 2082; x_wconf 86' lang='lat' dir='ltr'>Anacletus</span> <span class='ocrx_word' id='word_1_129' title='bbox 855 2026 1030 2096; x_wconf 80' lang='lat' dir='ltr'>(epist.</span> <span class='ocrx_word' id='word_1_130' title='bbox 1054 2027 1125 2078; x_wconf 86' lang='lat'>2:</span> <span class='ocrx_word' id='word_1_131' title='bbox 1149 2045 1176 2073; x_wconf 90' lang='lat'><strong>«</strong></span> <span class='ocrx_word' id='word_1_132' title='bbox 1207 2023 1263 2076; x_wconf 86' lang='lat' dir='ltr'>Si</span> <span class='ocrx_word' id='word_1_133' title='bbox 1286 2021 1443 2077; x_wconf 91' lang='lat' dir='ltr'>enim</span> <span class='ocrx_word' id='word_1_134' title='bbox 1477 2022 1602 2077; x_wconf 89' lang='lat' dir='ltr'>sine</span> <span class='ocrx_word' id='word_1_135' title='bbox 1630 2022 1875 2076; x_wconf 86' lang='lat' dir='ltr'>crimine</span> <span class='ocrx_word' id='word_1_136' title='bbox 1897 2038 1988 2076; x_wconf 88' lang='lat' dir='ltr'>sa-</span> 
     </span>
    </p>
   </div>
   <div class='ocr_carea' id='block_1_21' title="bbox 339 2110 1988 2185">
    <p class='ocr_par' dir='ltr' id='par_1_21' title="bbox 339 2110 1988 2185">
     <span class='ocr_line' id='line_1_21' title="bbox 339 2110 1988 2185; baseline -0.004 -14"><span class='ocrx_word' id='word_1_137' title='bbox 339 2115 539 2171; x_wconf 88' lang='lat' dir='ltr'>cerdos</span> <span class='ocrx_word' id='word_1_138' title='bbox 570 2113 702 2185; x_wconf 82' lang='lat' dir='ltr'>eligi</span> <span class='ocrx_word' id='word_1_139' title='bbox 751 2112 1100 2184; x_wconf 74' lang='lat' dir='ltr'>praecipitur,</span> <span class='ocrx_word' id='word_1_140' title='bbox 1150 2111 1490 2166; x_wconf 86' lang='lat' dir='ltr'>nullatenus</span> <span class='ocrx_word' id='word_1_141' title='bbox 1539 2112 1611 2166; x_wconf 92' lang='lat' dir='ltr'>ab</span> <span class='ocrx_word' id='word_1_142' title='bbox 1645 2110 1988 2165; x_wconf 88' lang='lat' dir='ltr'>hominibus</span> 
     </span>
    </p>
   </div>
   <div class='ocr_carea' id='block_1_22' title="bbox 336 2199 1986 2272">
    <p class='ocr_par' dir='ltr' id='par_1_22' title="bbox 336 2199 1986 2272">
     <span class='ocr_line' id='line_1_22' title="bbox 336 2199 1986 2272; baseline -0.002 -14"><span class='ocrx_word' id='word_1_143' title='bbox 336 2203 680 2258; x_wconf 90' lang='lat' dir='ltr'>criminibus</span> <span class='ocrx_word' id='word_1_144' title='bbox 707 2201 947 2256; x_wconf 89' lang='lat' dir='ltr'>irretitis</span> <span class='ocrx_word' id='word_1_145' title='bbox 994 2200 1258 2255; x_wconf 89' lang='lat' dir='ltr'>accusari</span> <span class='ocrx_word' id='word_1_146' title='bbox 1308 2205 1409 2255; x_wconf 89' lang='lat' dir='ltr'>aut</span> <span class='ocrx_word' id='word_1_147' title='bbox 1457 2199 1807 2255; x_wconf 90' lang='lat' dir='ltr'>caluminari</span> <span class='ocrx_word' id='word_1_148' title='bbox 1859 2216 1986 2272; x_wconf 85' lang='lat' dir='ltr'>per-</span> 
     </span>
    </p>
   </div>
   <div class='ocr_carea' id='block_1_23' title="bbox 335 2287 1987 2360">
    <p class='ocr_par' dir='ltr' id='par_1_23' title="bbox 335 2287 1987 2360">
     <span class='ocr_line' id='line_1_23' title="bbox 335 2287 1987 2360; baseline -0.002 -14"><span class='ocrx_word' id='word_1_149' title='bbox 335 2291 604 2357; x_wconf 86' lang='lat' dir='ltr'>mittitur,</span> <span class='ocrx_word' id='word_1_150' title='bbox 628 2305 733 2345; x_wconf 90' lang='lat' dir='ltr'>nec</span> <span class='ocrx_word' id='word_1_151' title='bbox 760 2290 832 2344; x_wconf 91' lang='lat' dir='ltr'>ab</span> <span class='ocrx_word' id='word_1_152' title='bbox 865 2289 997 2343; x_wconf 90' lang='lat' dir='ltr'>aliis</span> <span class='ocrx_word' id='word_1_153' title='bbox 1026 2305 1203 2360; x_wconf 88' lang='lat' dir='ltr'>quam</span> <span class='ocrx_word' id='word_1_154' title='bbox 1237 2288 1309 2342; x_wconf 90' lang='lat' dir='ltr'>ab</span> <span class='ocrx_word' id='word_1_155' title='bbox 1335 2287 1428 2343; x_wconf 89' lang='lat' dir='ltr'>his</span> <span class='ocrx_word' id='word_1_156' title='bbox 1458 2288 1556 2359; x_wconf 90' lang='lat' dir='ltr'>qui</span> <span class='ocrx_word' id='word_1_157' title='bbox 1583 2288 1709 2343; x_wconf 89' lang='lat' dir='ltr'>sine</span> <span class='ocrx_word' id='word_1_158' title='bbox 1743 2288 1987 2342; x_wconf 85' lang='lat' dir='ltr'>crimine</span> 
     </span>
    </p>
   </div>
   <div class='ocr_carea' id='block_1_24' title="bbox 335 2375 1982 2449">
    <p class='ocr_par' dir='ltr' id='par_1_24' title="bbox 335 2375 1982 2449">
     <span class='ocr_line' id='line_1_24' title="bbox 335 2375 1982 2449; baseline -0.002 -14"><span class='ocrx_word' id='word_1_159' title='bbox 335 2384 493 2449; x_wconf 88' lang='lat' dir='ltr'>sunt,</span> <span class='ocrx_word' id='word_1_160' title='bbox 541 2383 599 2434; x_wconf 91' lang='lat' dir='ltr'>et</span> <span class='ocrx_word' id='word_1_161' title='bbox 651 2380 824 2448; x_wconf 86' lang='lat' dir='ltr'>juxta</span> <span class='ocrx_word' id='word_1_162' title='bbox 899 2375 1268 2442; x_wconf 84' lang='lat' dir='ltr'>electionem,</span> <span class='ocrx_word' id='word_1_163' title='bbox 1318 2377 1368 2431; x_wconf 93' lang='lat' dir='ltr'>si</span> <span class='ocrx_word' id='word_1_164' title='bbox 1415 2377 1734 2431; x_wconf 87' lang='lat' dir='ltr'>necessitas</span> <span class='ocrx_word' id='word_1_165' title='bbox 1792 2377 1982 2446; x_wconf 89' lang='lat' dir='ltr'>fuerit,</span> 
     </span>
    </p>
   </div>
   <div class='ocr_carea' id='block_1_25' title="bbox 336 2465 1983 2538">
    <p class='ocr_par' dir='ltr' id='par_1_25' title="bbox 336 2465 1983 2538">
     <span class='ocr_line' id='line_1_25' title="bbox 336 2465 1983 2538; baseline -0.002 -13"><span class='ocrx_word' id='word_1_166' title='bbox 336 2472 438 2525; x_wconf 89' lang='lat' dir='ltr'>aut</span> <span class='ocrx_word' id='word_1_167' title='bbox 493 2466 605 2538; x_wconf 90' lang='lat' dir='ltr'>ipsi</span> <span class='ocrx_word' id='word_1_168' title='bbox 652 2466 894 2522; x_wconf 83' lang='lat' dir='ltr'>volando</span> <span class='ocrx_word' id='word_1_169' title='bbox 950 2465 1198 2521; x_wconf 91' lang='lat' dir='ltr'>Domino</span> <span class='ocrx_word' id='word_1_170' title='bbox 1253 2466 1468 2520; x_wconf 87' lang='lat' dir='ltr'>servire</span> <span class='ocrx_word' id='word_1_171' title='bbox 1525 2465 1824 2536; x_wconf 81' lang='lat' dir='ltr'>elegerint,</span> <span class='ocrx_word' id='word_1_172' title='bbox 1887 2483 1983 2521; x_wconf 89' lang='lat' dir='ltr'>sa-</span> 
     </span>
    </p>
   </div>
   <div class='ocr_carea' id='block_1_26' title="bbox 337 2554 1982 2626">
    <p class='ocr_par' dir='ltr' id='par_1_26' title="bbox 337 2554 1982 2626">
     <span class='ocr_line' id='line_1_26' title="bbox 337 2554 1982 2626; baseline -0.001 -15"><span class='ocrx_word' id='word_1_173' title='bbox 337 2556 718 2626; x_wconf 88' lang='lat' dir='ltr'>cerdotesque</span> <span class='ocrx_word' id='word_1_174' title='bbox 749 2554 877 2610; x_wconf 86' lang='lat' dir='ltr'>sine</span> <span class='ocrx_word' id='word_1_175' title='bbox 908 2555 1150 2610; x_wconf 88' lang='lat' dir='ltr'>crimine</span> <span class='ocrx_word' id='word_1_176' title='bbox 1185 2555 1328 2619; x_wconf 83' lang='lat' dir='ltr'>fieri,</span> <span class='ocrx_word' id='word_1_177' title='bbox 1361 2559 1417 2609; x_wconf 89' lang='lat' dir='ltr'>et</span> <span class='ocrx_word' id='word_1_178' title='bbox 1441 2555 1700 2610; x_wconf 89' lang='lat' dir='ltr'>ordinari</span> <span class='ocrx_word' id='word_1_179' title='bbox 1738 2554 1982 2625; x_wconf 89' lang='lat' dir='ltr'>possint,</span> 
     </span>
    </p>
   </div>
   <div class='ocr_carea' id='block_1_27' title="bbox 338 2642 1984 2715">
    <p class='ocr_par' dir='ltr' id='par_1_27' title="bbox 338 2642 1984 2715">
     <span class='ocr_line' id='line_1_27' title="bbox 338 2642 1984 2715; baseline -0.001 -15"><span class='ocrx_word' id='word_1_180' title='bbox 338 2650 395 2700; x_wconf 89' lang='lat' dir='ltr'>et</span> <span class='ocrx_word' id='word_1_181' title='bbox 425 2642 570 2700; x_wconf 84' lang='lat' dir='ltr'>tales</span> <span class='ocrx_word' id='word_1_182' title='bbox 595 2660 700 2715; x_wconf 87' lang='lat' dir='ltr'>per</span> <span class='ocrx_word' id='word_1_183' title='bbox 728 2643 924 2699; x_wconf 81' lang='lat' dir='ltr'>dmnia</span> <span class='ocrx_word' id='word_1_184' title='bbox 953 2644 1190 2708; x_wconf 85' lang='lat' dir='ltr'>fuerint,</span> <span class='ocrx_word' id='word_1_185' title='bbox 1241 2643 1445 2715; x_wconf 83' lang='lat' dir='ltr'>quales</span> <span class='ocrx_word' id='word_1_186' title='bbox 1475 2643 1608 2713; x_wconf 83' lang='lat' dir='ltr'>eligi</span> <span class='ocrx_word' id='word_1_187' title='bbox 1654 2645 1984 2699; x_wconf 86' lang='lat' dir='ltr'>sacerdotes</span> 
     </span>
    </p>
   </div>
   <div class='ocr_carea' id='block_1_28' title="bbox 329 2731 1983 2803">
    <p class='ocr_par' dir='ltr' id='par_1_28' title="bbox 329 2731 1983 2803">
     <span class='ocr_line' id='line_1_28' title="bbox 329 2731 1983 2803; baseline -0.001 -15"><span class='ocrx_word' id='word_1_188' title='bbox 329 2733 636 2802; x_wconf 88' lang='lat' dir='ltr'>jubentur.</span> <span class='ocrx_word' id='word_1_189' title='bbox 697 2753 726 2783; x_wconf 77' lang='lat' dir='ltr'>n</span> <span class='ocrx_word' id='word_1_190' title='bbox 775 2731 1172 2803; x_wconf 79' lang='lat' dir='ltr'>Eutychianus</span> <span class='ocrx_word' id='word_1_191' title='bbox 1229 2733 1405 2802; x_wconf 76' lang='lat' dir='ltr'>(epist.</span> <span class='ocrx_word' id='word_1_192' title='bbox 1464 2734 1558 2800; x_wconf 83' lang='lat'>2):</span> <span class='ocrx_word' id='word_1_193' title='bbox 1623 2754 1648 2781; x_wconf 84' lang='lat'><strong>«</strong></span> <span class='ocrx_word' id='word_1_194' title='bbox 1707 2731 1983 2802; x_wconf 87' lang='lat' dir='ltr'>Quisquis</span> 
     </span>
    </p>
   </div>
   <div class='ocr_carea' id='block_1_29' title="bbox 335 2820 1984 2892">
    <p class='ocr_par' dir='ltr' id='par_1_29' title="bbox 335 2820 1984 2892">
     <span class='ocr_line' id='line_1_29' title="bbox 335 2820 1984 2892; baseline -0.001 -16"><span class='ocrx_word' id='word_1_195' title='bbox 335 2822 434 2877; x_wconf 90' lang='lat' dir='ltr'>ille</span> <span class='ocrx_word' id='word_1_196' title='bbox 461 2825 551 2877; x_wconf 89' lang='lat' dir='ltr'>est</span> <span class='ocrx_word' id='word_1_197' title='bbox 602 2821 702 2892; x_wconf 91' lang='lat' dir='ltr'>qui</span> <span class='ocrx_word' id='word_1_198' title='bbox 759 2820 982 2876; x_wconf 90' lang='lat' dir='ltr'>crimen</span> <span class='ocrx_word' id='word_1_199' title='bbox 1041 2820 1311 2888; x_wconf 84' lang='lat' dir='ltr'>intendit,</span> <span class='ocrx_word' id='word_1_200' title='bbox 1370 2821 1427 2875; x_wconf 92' lang='lat' dir='ltr'>in</span> <span class='ocrx_word' id='word_1_201' title='bbox 1470 2821 1762 2892; x_wconf 87' lang='lat' dir='ltr'>judicium</span> <span class='ocrx_word' id='word_1_202' title='bbox 1794 2823 1984 2875; x_wconf 85' lang='lat' dir='ltr'>veniat</span> 
     </span>
    </p>
   </div>
   <div class='ocr_carea' id='block_1_30' title="bbox 335 2909 1979 2982">
    <p class='ocr_par' dir='ltr' id='par_1_30' title="bbox 335 2909 1979 2982">
     <span class='ocr_line' id='line_1_30' title="bbox 335 2909 1979 2982; baseline -0.002 -16"><span class='ocrx_word' id='word_1_203' title='bbox 335 2926 548 2966; x_wconf 91' lang='lat' dir='ltr'>nomen</span> <span class='ocrx_word' id='word_1_204' title='bbox 583 2910 665 2966; x_wconf 87' lang='lat' dir='ltr'>rei</span> <span class='ocrx_word' id='word_1_205' title='bbox 690 2909 929 2974; x_wconf 87' lang='lat' dir='ltr'>indicet,</span> <span class='ocrx_word' id='word_1_206' title='bbox 963 2909 1261 2964; x_wconf 84' lang='lat' dir='ltr'>vinculum</span> <span class='ocrx_word' id='word_1_207' title='bbox 1290 2909 1686 2982; x_wconf 86' lang='lat' dir='ltr'>inscrpitionis</span> <span class='ocrx_word' id='word_1_208' title='bbox 1719 2910 1979 2981; x_wconf 87' lang='lat' dir='ltr'>arripiat,</span> 
     </span>
    </p>
   </div>
   <div class='ocr_carea' id='block_1_31' title="bbox 335 2997 1984 3070">
    <p class='ocr_par' dir='ltr' id='par_1_31' title="bbox 335 2997 1984 3070">
     <span class='ocr_line' id='line_1_31' title="bbox 335 2997 1984 3070; baseline -0.002 -15"><span class='ocrx_word' id='word_1_209' title='bbox 335 2999 614 3055; x_wconf 70' lang='lat' dir='ltr'>custodiae</span> <span class='ocrx_word' id='word_1_210' title='bbox 636 2997 1108 3063; x_wconf 88' lang='lat' dir='ltr'>similitudinem,</span> <span class='ocrx_word' id='word_1_211' title='bbox 1124 2998 1323 3054; x_wconf 85' lang='lat' dir='ltr'>habita</span> <span class='ocrx_word' id='word_1_212' title='bbox 1344 3004 1536 3054; x_wconf 91' lang='lat' dir='ltr'>tamen</span> <span class='ocrx_word' id='word_1_213' title='bbox 1555 2999 1860 3070; x_wconf 87' lang='lat' dir='ltr'>dignitatis</span> <span class='ocrx_word' id='word_1_214' title='bbox 1873 2999 1984 3053; x_wconf 82' lang='lat' dir='ltr'>exi-</span> 
     </span>
    </p>
   </div>
   <div class='ocr_carea' id='block_1_32' title="bbox 335 3087 1980 3160">
    <p class='ocr_par' dir='ltr' id='par_1_32' title="bbox 335 3087 1980 3160">
     <span class='ocr_line' id='line_1_32' title="bbox 335 3087 1980 3160; baseline -0.002 -16"><span class='ocrx_word' id='word_1_215' title='bbox 335 3088 976 3160; x_wconf 87' lang='lat' dir='ltr'>stimatione,patiatur,</span> <span class='ocrx_word' id='word_1_216' title='bbox 998 3103 1068 3142; x_wconf 90' lang='lat' dir='ltr'>ne</span> <span class='ocrx_word' id='word_1_217' title='bbox 1092 3088 1235 3142; x_wconf 90' lang='lat' dir='ltr'>forte</span> <span class='ocrx_word' id='word_1_218' title='bbox 1261 3088 1484 3142; x_wconf 89' lang='lat' dir='ltr'>noverit</span> <span class='ocrx_word' id='word_1_219' title='bbox 1503 3087 1612 3142; x_wconf 91' lang='lat' dir='ltr'>sibi</span> <span class='ocrx_word' id='word_1_220' title='bbox 1636 3087 1980 3142; x_wconf 87' lang='lat' dir='ltr'>attributam</span> 
     </span>
    </p>
   </div>
   <div class='ocr_carea' id='block_1_33' title="bbox 333 3175 1979 3242">
    <p class='ocr_par' dir='ltr' id='par_1_33' title="bbox 333 3175 1979 3242">
     <span class='ocr_line' id='line_1_33' title="bbox 333 3175 1979 3242; baseline -0.002 -9"><span class='ocrx_word' id='word_1_221' title='bbox 333 3177 626 3234; x_wconf 88' lang='lat' dir='ltr'>licentiam</span> <span class='ocrx_word' id='word_1_222' title='bbox 645 3175 1124 3242; x_wconf 88' lang='lat' dir='ltr'>mentiendi,cum</span> <span class='ocrx_word' id='word_1_223' title='bbox 1141 3175 1563 3232; x_wconf 85' lang='lat' dir='ltr'>calumniantes</span> <span class='ocrx_word' id='word_1_224' title='bbox 1579 3177 1646 3231; x_wconf 86' lang='lat' dir='ltr'>ad</span> <span class='ocrx_word' id='word_1_225' title='bbox 1663 3175 1979 3230; x_wconf 88' lang='lat' dir='ltr'>vindictam</span> 
     </span>
    </p>
   </div>
   <div class='ocr_carea' id='block_1_34' title="bbox 2092 600 3760 674">
    <p class='ocr_par' dir='ltr' id='par_1_34' title="bbox 2092 600 3760 674">
     <span class='ocr_line' id='line_1_34' title="bbox 2092 600 3760 674; baseline 0.003 -21"><span class='ocrx_word' id='word_1_226' title='bbox 2092 600 2360 670; x_wconf 84' lang='lat' dir='ltr'>stringat.</span> <span class='ocrx_word' id='word_1_227' title='bbox 2397 623 2424 649; x_wconf 87' lang='grc'>››</span> <span class='ocrx_word' id='word_1_228' title='bbox 2460 601 2525 654; x_wconf 88' lang='lat' dir='ltr'>Et</span> <span class='ocrx_word' id='word_1_229' title='bbox 2552 601 2739 657; x_wconf 91' lang='lat' dir='ltr'>idem:</span> <span class='ocrx_word' id='word_1_230' title='bbox 2774 625 2800 651; x_wconf 87' lang='lat'><strong>«</strong></span> <span class='ocrx_word' id='word_1_231' title='bbox 2853 602 3169 657; x_wconf 90' lang='lat' dir='ltr'>Duodecim</span> <span class='ocrx_word' id='word_1_232' title='bbox 3212 603 3445 673; x_wconf 88' lang='lat' dir='ltr'>judices</span> <span class='ocrx_word' id='word_1_233' title='bbox 3494 603 3760 674; x_wconf 89' lang='lat' dir='ltr'>quilibet</span> 
     </span>
    </p>
   </div>
   <div class='ocr_carea' id='block_1_35' title="bbox 2091 689 3757 765">
    <p class='ocr_par' dir='ltr' id='par_1_35' title="bbox 2091 689 3757 765">
     <span class='ocr_line' id='line_1_35' title="bbox 2091 689 3757 765; baseline 0.004 -22"><span class='ocrx_word' id='word_1_234' title='bbox 2091 689 2400 760; x_wconf 88' lang='lat' dir='ltr'>episcopus</span> <span class='ocrx_word' id='word_1_235' title='bbox 2433 694 2760 757; x_wconf 90' lang='lat' dir='ltr'>accusatus,</span> <span class='ocrx_word' id='word_1_236' title='bbox 2795 691 2842 746; x_wconf 84' lang='lat' dir='ltr'>si</span> <span class='ocrx_word' id='word_1_237' title='bbox 2865 707 3102 746; x_wconf 88' lang='lat' dir='ltr'>necesse</span> <span class='ocrx_word' id='word_1_238' title='bbox 3122 692 3314 763; x_wconf 88' lang='lat' dir='ltr'>fuerit,</span> <span class='ocrx_word' id='word_1_239' title='bbox 3334 692 3529 764; x_wconf 87' lang='lat' dir='ltr'>eligat,</span> <span class='ocrx_word' id='word_1_240' title='bbox 3563 694 3757 765; x_wconf 89' lang='lat' dir='ltr'>aqui-</span> 
     </span>
    </p>
   </div>
   <div class='ocr_carea' id='block_1_36' title="bbox 2091 778 3758 852">
    <p class='ocr_par' dir='ltr' id='par_1_36' title="bbox 2091 778 3758 852">
     <span class='ocr_line' id='line_1_36' title="bbox 2091 778 3758 852; baseline 0.004 -20"><span class='ocrx_word' id='word_1_241' title='bbox 2091 778 2202 833; x_wconf 91' lang='lat' dir='ltr'>bus</span> <span class='ocrx_word' id='word_1_242' title='bbox 2235 779 2362 848; x_wconf 88' lang='lat' dir='ltr'>ejus</span> <span class='ocrx_word' id='word_1_243' title='bbox 2394 795 2573 834; x_wconf 90' lang='lat' dir='ltr'>causa</span> <span class='ocrx_word' id='word_1_244' title='bbox 2597 781 2757 850; x_wconf 91' lang='lat' dir='ltr'>juste</span> <span class='ocrx_word' id='word_1_245' title='bbox 2781 781 3113 850; x_wconf 88' lang='lat' dir='ltr'>judicetur;</span> <span class='ocrx_word' id='word_1_246' title='bbox 3140 797 3243 835; x_wconf 90' lang='lat' dir='ltr'>nec</span> <span class='ocrx_word' id='word_1_247' title='bbox 3273 782 3436 852; x_wconf 89' lang='lat' dir='ltr'>prius</span> <span class='ocrx_word' id='word_1_248' title='bbox 3469 783 3758 838; x_wconf 86' lang='lat' dir='ltr'>audiatur</span> 
     </span>
    </p>
   </div>
   <div class='ocr_carea' id='block_1_37' title="bbox 2093 869 3757 942">
    <p class='ocr_par' dir='ltr' id='par_1_37' title="bbox 2093 869 3757 942">
     <span class='ocr_line' id='line_1_37' title="bbox 2093 869 3757 942; baseline 0.004 -21"><span class='ocrx_word' id='word_1_249' title='bbox 2093 871 2192 921; x_wconf 91' lang='lat' dir='ltr'>aut</span> <span class='ocrx_word' id='word_1_250' title='bbox 2214 869 2755 923; x_wconf 85' lang='lat' dir='ltr'>excommunicetur</span> <span class='ocrx_word' id='word_1_251' title='bbox 2772 869 2857 924; x_wconf 89' lang='lat' dir='ltr'>vel</span> <span class='ocrx_word' id='word_1_252' title='bbox 2874 869 3191 940; x_wconf 87' lang='lat' dir='ltr'>judicetur,</span> <span class='ocrx_word' id='word_1_253' title='bbox 3216 887 3394 940; x_wconf 89' lang='lat' dir='ltr'>quam</span> <span class='ocrx_word' id='word_1_254' title='bbox 3417 871 3530 942; x_wconf 92' lang='lat' dir='ltr'>ipsi</span> <span class='ocrx_word' id='word_1_255' title='bbox 3559 889 3663 942; x_wconf 87' lang='lat' dir='ltr'>per</span> <span class='ocrx_word' id='word_1_256' title='bbox 3685 889 3757 928; x_wconf 89' lang='lat' dir='ltr'>se</span> 
     </span>
    </p>
   </div>
   <div class='ocr_carea' id='block_1_38' title="bbox 2093 955 3753 1031">
    <p class='ocr_par' dir='ltr' id='par_1_38' title="bbox 2093 955 3753 1031">
     <span class='ocr_line' id='line_1_38' title="bbox 2093 955 3753 1031; baseline 0.003 -21"><span class='ocrx_word' id='word_1_257' title='bbox 2093 955 2329 1026; x_wconf 82' lang='lat' dir='ltr'>eligant.</span> <span class='ocrx_word' id='word_1_258' title='bbox 2369 977 2395 1005; x_wconf 87' lang='lat'>»</span> <span class='ocrx_word' id='word_1_259' title='bbox 2431 958 2498 1011; x_wconf 83' lang='lat' dir='ltr'>Et</span> <span class='ocrx_word' id='word_1_260' title='bbox 2525 958 2707 1014; x_wconf 83' lang='lat' dir='ltr'>Felix:</span> <span class='ocrx_word' id='word_1_261' title='bbox 2744 980 2772 1006; x_wconf 84' lang='lat'><strong><em>«</em></strong></span> <span class='ocrx_word' id='word_1_262' title='bbox 2802 958 3148 1013; x_wconf 89' lang='lat' dir='ltr'>Deinduciis</span> <span class='ocrx_word' id='word_1_263' title='bbox 3168 975 3301 1013; x_wconf 87' lang='lat' dir='ltr'>vero</span> <span class='ocrx_word' id='word_1_264' title='bbox 3331 961 3753 1031; x_wconf 87' lang='lat' dir='ltr'>episcoporum</span> 
     </span>
    </p>
   </div>
   <div class='ocr_carea' id='block_1_39' title="bbox 2094 1045 3755 1115">
    <p class='ocr_par' dir='ltr' id='par_1_39' title="bbox 2094 1045 3755 1115">
     <span class='ocr_line' id='line_1_39' title="bbox 2094 1045 3755 1115; baseline 0.003 -16"><span class='ocrx_word' id='word_1_265' title='bbox 2094 1061 2269 1114; x_wconf 85' lang='lat' dir='ltr'>super</span> <span class='ocrx_word' id='word_1_266' title='bbox 2299 1045 2514 1115; x_wconf 91' lang='lat' dir='ltr'>quibus</span> <span class='ocrx_word' id='word_1_267' title='bbox 2543 1047 2948 1112; x_wconf 89' lang='lat' dir='ltr'>consuluistis,</span> <span class='ocrx_word' id='word_1_268' title='bbox 2981 1048 3245 1102; x_wconf 86' lang='lat' dir='ltr'>diversas</span> <span class='ocrx_word' id='word_1_269' title='bbox 3284 1065 3317 1102; x_wconf 88' lang='lat' dir='ltr'>a</span> <span class='ocrx_word' id='word_1_270' title='bbox 3346 1049 3617 1104; x_wconf 89' lang='lat' dir='ltr'>Patribus</span> <span class='ocrx_word' id='word_1_271' title='bbox 3651 1066 3755 1104; x_wconf 90' lang='lat' dir='ltr'>re-</span> 
     </span>
    </p>
   </div>
   <div class='ocr_carea' id='block_1_40' title="bbox 2094 1132 3759 1209">
    <p class='ocr_par' dir='ltr' id='par_1_40' title="bbox 2094 1132 3759 1209">
     <span class='ocr_line' id='line_1_40' title="bbox 2094 1132 3759 1209; baseline 0.004 -23"><span class='ocrx_word' id='word_1_272' title='bbox 2094 1132 2261 1204; x_wconf 89' lang='lat' dir='ltr'>gulas</span> <span class='ocrx_word' id='word_1_273' title='bbox 2292 1133 2624 1189; x_wconf 88' lang='lat' dir='ltr'>invenimus</span> <span class='ocrx_word' id='word_1_274' title='bbox 2657 1135 2977 1190; x_wconf 88' lang='lat' dir='ltr'>institutas.</span> <span class='ocrx_word' id='word_1_275' title='bbox 3011 1136 3256 1198; x_wconf 89' lang='lat' dir='ltr'>Quidam</span> <span class='ocrx_word' id='word_1_276' title='bbox 3281 1137 3434 1192; x_wconf 91' lang='lat' dir='ltr'>enim</span> <span class='ocrx_word' id='word_1_277' title='bbox 3460 1139 3530 1192; x_wconf 92' lang='lat' dir='ltr'>ad</span> <span class='ocrx_word' id='word_1_278' title='bbox 3565 1137 3759 1209; x_wconf 90' lang='lat' dir='ltr'>repel-</span> 
     </span>
    </p>
   </div>
   <div class='ocr_carea' id='block_1_41' title="bbox 2097 1223 3753 1298">
    <p class='ocr_par' dir='ltr' id='par_1_41' title="bbox 2097 1223 3753 1298">
     <span class='ocr_line' id='line_1_41' title="bbox 2097 1223 3753 1298; baseline 0.002 -21"><span class='ocrx_word' id='word_1_279' title='bbox 2097 1223 2268 1277; x_wconf 90' lang='lat' dir='ltr'>lenda</span> <span class='ocrx_word' id='word_1_280' title='bbox 2299 1223 2704 1294; x_wconf 88' lang='lat' dir='ltr'>imperitorum</span> <span class='ocrx_word' id='word_1_281' title='bbox 2738 1225 3231 1295; x_wconf 87' lang='lat' dir='ltr'>machinamenta,</span> <span class='ocrx_word' id='word_1_282' title='bbox 3263 1230 3318 1280; x_wconf 90' lang='lat' dir='ltr'>et</span> <span class='ocrx_word' id='word_1_283' title='bbox 3352 1243 3489 1282; x_wconf 89' lang='lat' dir='ltr'>suas</span> <span class='ocrx_word' id='word_1_284' title='bbox 3521 1243 3753 1298; x_wconf 67' lang='lat' dir='ltr'>praepa-</span> 
     </span>
    </p>
   </div>
   <div class='ocr_carea' id='block_1_42' title="bbox 2097 1312 3751 1383">
    <p class='ocr_par' dir='ltr' id='par_1_42' title="bbox 2097 1312 3751 1383">
     <span class='ocr_line' id='line_1_42' title="bbox 2097 1312 3751 1383; baseline 0.003 -18"><span class='ocrx_word' id='word_1_285' title='bbox 2097 1312 2310 1366; x_wconf 89' lang='lat' dir='ltr'>randas</span> <span class='ocrx_word' id='word_1_286' title='bbox 2330 1313 2756 1383; x_wconf 89' lang='lat' dir='ltr'>responsiones,</span> <span class='ocrx_word' id='word_1_287' title='bbox 2783 1320 2840 1367; x_wconf 90' lang='lat' dir='ltr'>et</span> <span class='ocrx_word' id='word_1_288' title='bbox 2857 1318 3033 1368; x_wconf 86' lang='lat' dir='ltr'>testes</span> <span class='ocrx_word' id='word_1_289' title='bbox 3056 1315 3508 1380; x_wconf 81' lang='lat' dir='ltr'>confirmandos,</span> <span class='ocrx_word' id='word_1_290' title='bbox 3523 1321 3582 1370; x_wconf 91' lang='lat' dir='ltr'>et</span> <span class='ocrx_word' id='word_1_291' title='bbox 3603 1332 3751 1370; x_wconf 81' lang='lat' dir='ltr'>con-</span> 
     </span>
    </p>
   </div>
   <div class='ocr_carea' id='block_1_43' title="bbox 2097 1398 3754 1474">
    <p class='ocr_par' dir='ltr' id='par_1_43' title="bbox 2097 1398 3754 1474">
     <span class='ocr_line' id='line_1_43' title="bbox 2097 1398 3754 1474; baseline 0.004 -21"><span class='ocrx_word' id='word_1_292' title='bbox 2097 1398 2228 1454; x_wconf 92' lang='lat' dir='ltr'>silia</span> <span class='ocrx_word' id='word_1_293' title='bbox 2257 1399 2683 1471; x_wconf 87' lang='lat' dir='ltr'>episcoporum,</span> <span class='ocrx_word' id='word_1_294' title='bbox 2709 1406 2883 1472; x_wconf 91' lang='lat' dir='ltr'>atque</span> <span class='ocrx_word' id='word_1_295' title='bbox 2915 1402 3236 1457; x_wconf 89' lang='lat' dir='ltr'>amicorum</span> <span class='ocrx_word' id='word_1_296' title='bbox 3281 1405 3612 1474; x_wconf 77' lang='lat' dir='ltr'>quaerenda,</span> <span class='ocrx_word' id='word_1_297' title='bbox 3645 1421 3754 1458; x_wconf 89' lang='lat' dir='ltr'>an-</span> 
     </span>
    </p>
   </div>
   <div class='ocr_carea' id='block_1_44' title="bbox 2097 1491 3751 1562">
    <p class='ocr_par' dir='ltr' id='par_1_44' title="bbox 2097 1491 3751 1562">
     <span class='ocr_line' id='line_1_44' title="bbox 2097 1491 3751 1562; baseline 0.004 -21"><span class='ocrx_word' id='word_1_298' title='bbox 2097 1504 2239 1542; x_wconf 90' lang='lat' dir='ltr'>num</span> <span class='ocrx_word' id='word_1_299' title='bbox 2271 1493 2327 1542; x_wconf 90' lang='lat' dir='ltr'>et</span> <span class='ocrx_word' id='word_1_300' title='bbox 2357 1505 2456 1543; x_wconf 81' lang='lat' dir='ltr'>sex</span> <span class='ocrx_word' id='word_1_301' title='bbox 2489 1506 2717 1544; x_wconf 90' lang='lat' dir='ltr'>menses</span> <span class='ocrx_word' id='word_1_302' title='bbox 2742 1491 3163 1545; x_wconf 89' lang='lat' dir='ltr'>mandaverunt</span> <span class='ocrx_word' id='word_1_303' title='bbox 3187 1491 3424 1546; x_wconf 89' lang='lat' dir='ltr'>concedi</span> <span class='ocrx_word' id='word_1_304' title='bbox 3455 1509 3467 1558; x_wconf 93' lang='lat'><strong>;</strong></span> <span class='ocrx_word' id='word_1_305' title='bbox 3503 1492 3751 1562; x_wconf 90' lang='lat' dir='ltr'>quidam</span> 
     </span>
    </p>
   </div>
   <div class='ocr_carea' id='block_1_45' title="bbox 2097 1578 3751 1650">
    <p class='ocr_par' dir='ltr' id='par_1_45' title="bbox 2097 1578 3751 1650">
     <span class='ocr_line' id='line_1_45' title="bbox 2097 1578 3751 1650; baseline 0.004 -20"><span class='ocrx_word' id='word_1_306' title='bbox 2097 1581 2290 1640; x_wconf 87' lang='lat' dir='ltr'>autem</span> <span class='ocrx_word' id='word_1_307' title='bbox 2323 1593 2540 1632; x_wconf 91' lang='lat' dir='ltr'>annum</span> <span class='ocrx_word' id='word_1_308' title='bbox 2570 1579 2626 1632; x_wconf 91' lang='lat' dir='ltr'>in</span> <span class='ocrx_word' id='word_1_309' title='bbox 2659 1595 2773 1648; x_wconf 91' lang='lat' dir='ltr'>quo</span> <span class='ocrx_word' id='word_1_310' title='bbox 2824 1578 3060 1650; x_wconf 87' lang='lat' dir='ltr'>plurimi</span> <span class='ocrx_word' id='word_1_311' title='bbox 3118 1581 3492 1635; x_wconf 88' lang='lat' dir='ltr'>concordant.</span> <span class='ocrx_word' id='word_1_312' title='bbox 3550 1581 3751 1636; x_wconf 85' lang='lat' dir='ltr'>Minus</span> 
     </span>
    </p>
   </div>
   <div class='ocr_carea' id='block_1_46' title="bbox 2095 1668 3750 1739">
    <p class='ocr_par' dir='ltr' id='par_1_46' title="bbox 2095 1668 3750 1739">
     <span class='ocr_line' id='line_1_46' title="bbox 2095 1668 3750 1739; baseline 0.004 -21"><span class='ocrx_word' id='word_1_313' title='bbox 2095 1682 2226 1720; x_wconf 86' lang='lat' dir='ltr'>vero</span> <span class='ocrx_word' id='word_1_314' title='bbox 2259 1682 2436 1736; x_wconf 90' lang='lat' dir='ltr'>quam</span> <span class='ocrx_word' id='word_1_315' title='bbox 2481 1682 2577 1720; x_wconf 82' lang='lat' dir='ltr'>sex</span> <span class='ocrx_word' id='word_1_316' title='bbox 2623 1683 2852 1722; x_wconf 91' lang='lat' dir='ltr'>menses</span> <span class='ocrx_word' id='word_1_317' title='bbox 2903 1685 3016 1722; x_wconf 87' lang='lat' dir='ltr'>non</span> <span class='ocrx_word' id='word_1_318' title='bbox 3067 1668 3271 1739; x_wconf 89' lang='lat' dir='ltr'>reperi.</span> <span class='ocrx_word' id='word_1_319' title='bbox 3308 1691 3335 1717; x_wconf 82' lang='lat'>»</span> <span class='ocrx_word' id='word_1_320' title='bbox 3386 1670 3611 1724; x_wconf 85' lang='lat' dir='ltr'>Rursus</span> <span class='ocrx_word' id='word_1_321' title='bbox 3641 1671 3750 1725; x_wconf 90' lang='lat' dir='ltr'>Ze-</span> 
     </span>
    </p>
   </div>
   <div class='ocr_carea' id='block_1_47' title="bbox 2098 1754 3750 1828">
    <p class='ocr_par' dir='ltr' id='par_1_47' title="bbox 2098 1754 3750 1828">
     <span class='ocr_line' id='line_1_47' title="bbox 2098 1754 3750 1828; baseline 0.004 -20"><span class='ocrx_word' id='word_1_322' title='bbox 2098 1754 2380 1826; x_wconf 86' lang='lat' dir='ltr'>phyrinus</span> <span class='ocrx_word' id='word_1_323' title='bbox 2412 1755 2629 1826; x_wconf 57' lang='lat' dir='ltr'>(ibid):</span> <span class='ocrx_word' id='word_1_324' title='bbox 2682 1779 2709 1805; x_wconf 86' lang='grc'>‹‹</span> <span class='ocrx_word' id='word_1_325' title='bbox 2761 1757 3116 1812; x_wconf 67' lang='lat' dir='ltr'>Patriarchae</span> <span class='ocrx_word' id='word_1_326' title='bbox 3163 1773 3295 1812; x_wconf 91' lang='lat' dir='ltr'>vero</span> <span class='ocrx_word' id='word_1_327' title='bbox 3322 1757 3408 1813; x_wconf 90' lang='lat' dir='ltr'>vel</span> <span class='ocrx_word' id='word_1_328' title='bbox 3459 1758 3750 1828; x_wconf 85' lang='lat' dir='ltr'>primates</span> 
     </span>
    </p>
   </div>
   <div class='ocr_carea' id='block_1_48' title="bbox 2097 1844 3749 1917">
    <p class='ocr_par' dir='ltr' id='par_1_48' title="bbox 2097 1844 3749 1917">
     <span class='ocr_line' id='line_1_48' title="bbox 2097 1844 3749 1917; baseline 0.004 -20"><span class='ocrx_word' id='word_1_329' title='bbox 2097 1847 2434 1898; x_wconf 87' lang='lat' dir='ltr'>accusatum</span> <span class='ocrx_word' id='word_1_330' title='bbox 2466 1844 2848 1900; x_wconf 89' lang='lat' dir='ltr'>discutientes</span> <span class='ocrx_word' id='word_1_331' title='bbox 2895 1845 3258 1917; x_wconf 89' lang='lat' dir='ltr'>episcopum,</span> <span class='ocrx_word' id='word_1_332' title='bbox 3293 1863 3406 1902; x_wconf 90' lang='lat' dir='ltr'>non</span> <span class='ocrx_word' id='word_1_333' title='bbox 3448 1852 3583 1903; x_wconf 90' lang='lat' dir='ltr'>ante</span> <span class='ocrx_word' id='word_1_334' title='bbox 3609 1865 3749 1903; x_wconf 83' lang='lat' dir='ltr'>sen-</span> 
     </span>
    </p>
   </div>
   <div class='ocr_carea' id='block_1_49' title="bbox 2099 1932 3750 2008">
    <p class='ocr_par' dir='ltr' id='par_1_49' title="bbox 2099 1932 3750 2008">
     <span class='ocr_line' id='line_1_49' title="bbox 2099 1932 3750 2008; baseline 0.004 -22"><span class='ocrx_word' id='word_1_335' title='bbox 2099 1932 2341 1988; x_wconf 87' lang='lat' dir='ltr'>tentiam</span> <span class='ocrx_word' id='word_1_336' title='bbox 2371 1933 2668 2004; x_wconf 86' lang='lat' dir='ltr'>proferant</span> <span class='ocrx_word' id='word_1_337' title='bbox 2715 1934 3019 1998; x_wconf 82' lang='lat' dir='ltr'>ﬁnitivam,</span> <span class='ocrx_word' id='word_1_338' title='bbox 3055 1951 3232 2005; x_wconf 89' lang='lat' dir='ltr'>quam</span> <span class='ocrx_word' id='word_1_339' title='bbox 3264 1936 3583 2008; x_wconf 87' lang='lat' dir='ltr'>apostolica</span> <span class='ocrx_word' id='word_1_340' title='bbox 3613 1937 3750 1992; x_wconf 86' lang='lat' dir='ltr'>fulti</span> 
     </span>
    </p>
   </div>
   <div class='ocr_carea' id='block_1_50' title="bbox 2099 2021 3750 2097">
    <p class='ocr_par' dir='ltr' id='par_1_50' title="bbox 2099 2021 3750 2097">
     <span class='ocr_line' id='line_1_50' title="bbox 2099 2021 3750 2097; baseline 0.002 -20"><span class='ocrx_word' id='word_1_341' title='bbox 2099 2021 2458 2092; x_wconf 72' lang='lat' dir='ltr'>auctoritate,</span> <span class='ocrx_word' id='word_1_342' title='bbox 2494 2026 2594 2077; x_wconf 90' lang='lat' dir='ltr'>aut</span> <span class='ocrx_word' id='word_1_343' title='bbox 2623 2039 2787 2077; x_wconf 90' lang='lat' dir='ltr'>reum</span> <span class='ocrx_word' id='word_1_344' title='bbox 2810 2023 3072 2094; x_wconf 90' lang='lat' dir='ltr'>seipsum</span> <span class='ocrx_word' id='word_1_345' title='bbox 3094 2025 3458 2092; x_wconf 86' lang='lat' dir='ltr'>confiteatur,</span> <span class='ocrx_word' id='word_1_346' title='bbox 3483 2029 3584 2080; x_wconf 89' lang='lat' dir='ltr'>aut</span> <span class='ocrx_word' id='word_1_347' title='bbox 3641 2043 3750 2097; x_wconf 90' lang='lat' dir='ltr'>per</span> 
     </span>
    </p>
   </div>
   <div class='ocr_carea' id='block_1_51' title="bbox 2098 2109 3752 2181">
    <p class='ocr_par' dir='ltr' id='par_1_51' title="bbox 2098 2109 3752 2181">
     <span class='ocr_line' id='line_1_51' title="bbox 2098 2109 3752 2181; baseline 0.002 -18"><span class='ocrx_word' id='word_1_348' title='bbox 2098 2109 2435 2165; x_wconf 87' lang='lat' dir='ltr'>innocentes</span> <span class='ocrx_word' id='word_1_349' title='bbox 2482 2114 2541 2165; x_wconf 90' lang='lat' dir='ltr'>et</span> <span class='ocrx_word' id='word_1_350' title='bbox 2590 2110 2933 2181; x_wconf 84' lang='lat' dir='ltr'>regulariter</span> <span class='ocrx_word' id='word_1_351' title='bbox 2980 2112 3341 2167; x_wconf 87' lang='lat' dir='ltr'>examinatos</span> <span class='ocrx_word' id='word_1_352' title='bbox 3371 2113 3752 2168; x_wconf 88' lang='lat' dir='ltr'>convincatur</span> 
     </span>
    </p>
   </div>
   <div class='ocr_carea' id='block_1_52' title="bbox 2097 2197 3751 2271">
    <p class='ocr_par' dir='ltr' id='par_1_52' title="bbox 2097 2197 3751 2271">
     <span class='ocr_line' id='line_1_52' title="bbox 2097 2197 3751 2271; baseline 0.002 -18"><span class='ocrx_word' id='word_1_353' title='bbox 2097 2202 2296 2264; x_wconf 87' lang='lat' dir='ltr'>testes,</span> <span class='ocrx_word' id='word_1_354' title='bbox 2329 2198 2429 2269; x_wconf 90' lang='lat' dir='ltr'>qui</span> <span class='ocrx_word' id='word_1_355' title='bbox 2460 2197 2668 2254; x_wconf 90' lang='lat' dir='ltr'>minori</span> <span class='ocrx_word' id='word_1_356' title='bbox 2705 2215 2818 2253; x_wconf 92' lang='lat' dir='ltr'>non</span> <span class='ocrx_word' id='word_1_357' title='bbox 2851 2199 2967 2254; x_wconf 89' lang='lat' dir='ltr'>sint</span> <span class='ocrx_word' id='word_1_358' title='bbox 2997 2216 3236 2255; x_wconf 89' lang='lat' dir='ltr'>numero</span> <span class='ocrx_word' id='word_1_359' title='bbox 3267 2217 3442 2271; x_wconf 89' lang='lat' dir='ltr'>quam</span> <span class='ocrx_word' id='word_1_360' title='bbox 3464 2201 3545 2256; x_wconf 91' lang='lat' dir='ltr'>illi</span> <span class='ocrx_word' id='word_1_361' title='bbox 3573 2201 3751 2258; x_wconf 89' lang='lat' dir='ltr'>disci-</span> 
     </span>
    </p>
   </div>
   <div class='ocr_carea' id='block_1_53' title="bbox 2096 2285 3747 2362">
    <p class='ocr_par' dir='ltr' id='par_1_53' title="bbox 2096 2285 3747 2362">
     <span class='ocr_line' id='line_1_53' title="bbox 2096 2285 3747 2362; baseline 0.004 -22"><span class='ocrx_word' id='word_1_362' title='bbox 2096 2285 2217 2358; x_wconf 92' lang='lat' dir='ltr'>puli</span> <span class='ocrx_word' id='word_1_363' title='bbox 2243 2288 2500 2356; x_wconf 85' lang='lat' dir='ltr'>fuerunt,</span> <span class='ocrx_word' id='word_1_364' title='bbox 2524 2304 2673 2358; x_wconf 90' lang='lat' dir='ltr'>quos</span> <span class='ocrx_word' id='word_1_365' title='bbox 2704 2287 2987 2342; x_wconf 89' lang='lat' dir='ltr'>Dominus</span> <span class='ocrx_word' id='word_1_366' title='bbox 3006 2289 3412 2359; x_wconf 87' lang='lat' dir='ltr'>adjumentum</span> <span class='ocrx_word' id='word_1_367' title='bbox 3445 2290 3747 2362; x_wconf 87' lang='lat' dir='ltr'>apostolo-</span> 
     </span>
    </p>
   </div>
   <div class='ocr_carea' id='block_1_54' title="bbox 2096 2376 3666 2450">
    <p class='ocr_par' dir='ltr' id='par_1_54' title="bbox 2096 2376 3666 2450">
     <span class='ocr_line' id='line_1_54' title="bbox 2096 2376 3666 2450; baseline 0.003 -21"><span class='ocrx_word' id='word_1_368' title='bbox 2096 2393 2226 2430; x_wconf 91' lang='lat' dir='ltr'>rum</span> <span class='ocrx_word' id='word_1_369' title='bbox 2257 2376 2471 2448; x_wconf 84' lang='lat' dir='ltr'>eligere</span> <span class='ocrx_word' id='word_1_370' title='bbox 2503 2377 2788 2446; x_wconf 68' lang='lat' dir='ltr'>praecepit.</span> <span class='ocrx_word' id='word_1_371' title='bbox 2825 2399 2853 2426; x_wconf 87' lang='grc'><strong><em>››</em></strong></span> <span class='ocrx_word' id='word_1_372' title='bbox 2893 2379 2953 2431; x_wconf 92' lang='lat' dir='ltr'>Id</span> <span class='ocrx_word' id='word_1_373' title='bbox 2988 2382 3094 2445; x_wconf 86' lang='lat' dir='ltr'>est,</span> <span class='ocrx_word' id='word_1_374' title='bbox 3130 2379 3502 2450; x_wconf 84' lang='lat' dir='ltr'>septuaginta</span> <span class='ocrx_word' id='word_1_375' title='bbox 3528 2379 3666 2434; x_wconf 91' lang='lat' dir='ltr'>duo.</span> 
     </span>
    </p>
   </div>
   <div class='ocr_carea' id='block_1_55' title="bbox 2167 2464 3742 2524">
    <p class='ocr_par' dir='ltr' id='par_1_55' title="bbox 2167 2464 3742 2524">
     <span class='ocr_line' id='line_1_55' title="bbox 2167 2464 3742 2524; baseline 0.003 -6"><span class='ocrx_word' id='word_1_376' title='bbox 2167 2465 2380 2520; x_wconf 84' lang='lat' dir='ltr'>Multos</span> <span class='ocrx_word' id='word_1_377' title='bbox 2413 2465 2586 2520; x_wconf 89' lang='lat' dir='ltr'>etiam</span> <span class='ocrx_word' id='word_1_378' title='bbox 2612 2470 2669 2519; x_wconf 91' lang='lat' dir='ltr'>et</span> <span class='ocrx_word' id='word_1_379' title='bbox 2690 2464 2833 2520; x_wconf 90' lang='lat' dir='ltr'>alios</span> <span class='ocrx_word' id='word_1_380' title='bbox 2859 2473 3072 2522; x_wconf 83' lang='lat' dir='ltr'>sanctae</span> <span class='ocrx_word' id='word_1_381' title='bbox 3098 2467 3361 2523; x_wconf 74' lang='lat' dir='ltr'>Ecclesiae</span> <span class='ocrx_word' id='word_1_382' title='bbox 3393 2469 3658 2524; x_wconf 90' lang='lat' dir='ltr'>doctores</span> <span class='ocrx_word' id='word_1_383' title='bbox 3682 2469 3742 2523; x_wconf 90' lang='lat' dir='ltr'>in</span> 
     </span>
    </p>
   </div>
   <div class='ocr_carea' id='block_1_56' title="bbox 2094 2552 3745 2628">
    <p class='ocr_par' dir='ltr' id='par_1_56' title="bbox 2094 2552 3745 2628">
     <span class='ocr_line' id='line_1_56' title="bbox 2094 2552 3745 2628; baseline 0.003 -21"><span class='ocrx_word' id='word_1_384' title='bbox 2094 2552 2186 2608; x_wconf 91' lang='lat' dir='ltr'>his</span> <span class='ocrx_word' id='word_1_385' title='bbox 2216 2554 2490 2608; x_wconf 89' lang='lat' dir='ltr'>omnibus</span> <span class='ocrx_word' id='word_1_386' title='bbox 2535 2554 2836 2622; x_wconf 88' lang='lat' dir='ltr'>assentire,</span> <span class='ocrx_word' id='word_1_387' title='bbox 2895 2571 3185 2612; x_wconf 90' lang='lat' dir='ltr'>canonum</span> <span class='ocrx_word' id='word_1_388' title='bbox 3231 2557 3422 2612; x_wconf 90' lang='lat' dir='ltr'>edicta</span> <span class='ocrx_word' id='word_1_389' title='bbox 3473 2562 3745 2628; x_wconf 88' lang='lat' dir='ltr'>patenter</span> 
     </span>
    </p>
   </div>
   <div class='ocr_carea' id='block_1_57' title="bbox 2094 2643 3741 2717">
    <p class='ocr_par' dir='ltr' id='par_1_57' title="bbox 2094 2643 3741 2717">
     <span class='ocr_line' id='line_1_57' title="bbox 2094 2643 3741 2717; baseline 0.004 -20"><span class='ocrx_word' id='word_1_390' title='bbox 2094 2644 2440 2708; x_wconf 89' lang='lat' dir='ltr'>ostendunt;</span> <span class='ocrx_word' id='word_1_391' title='bbox 2458 2643 2557 2696; x_wconf 89' lang='lat' dir='ltr'>sed</span> <span class='ocrx_word' id='word_1_392' title='bbox 2584 2660 2738 2698; x_wconf 91' lang='lat' dir='ltr'>nunc</span> <span class='ocrx_word' id='word_1_393' title='bbox 2761 2646 2913 2715; x_wconf 90' lang='lat' dir='ltr'>quod</span> <span class='ocrx_word' id='word_1_394' title='bbox 2936 2645 3158 2717; x_wconf 83' lang='lat' dir='ltr'>absque</span> <span class='ocrx_word' id='word_1_395' title='bbox 3174 2646 3391 2717; x_wconf 88' lang='lat' dir='ltr'>injuria</span> <span class='ocrx_word' id='word_1_396' title='bbox 3411 2652 3624 2704; x_wconf 74' lang='lat' dir='ltr'>sanctae</span> <span class='ocrx_word' id='word_1_397' title='bbox 3641 2649 3741 2704; x_wconf 93' lang='lat' dir='ltr'>Dei</span> 
     </span>
    </p>
   </div>
   <div class='ocr_carea' id='block_1_58' title="bbox 2095 2731 3743 2805">
    <p class='ocr_par' dir='ltr' id='par_1_58' title="bbox 2095 2731 3743 2805">
     <span class='ocr_line' id='line_1_58' title="bbox 2095 2731 3743 2805; baseline 0.004 -19"><span class='ocrx_word' id='word_1_398' title='bbox 2095 2731 2356 2786; x_wconf 69' lang='lat' dir='ltr'>Ecclesiae</span> <span class='ocrx_word' id='word_1_399' title='bbox 2387 2731 2577 2787; x_wconf 85' lang='lat' dir='ltr'>dicere</span> <span class='ocrx_word' id='word_1_400' title='bbox 2595 2749 2709 2788; x_wconf 92' lang='lat' dir='ltr'>non</span> <span class='ocrx_word' id='word_1_401' title='bbox 2741 2751 3081 2805; x_wconf 87' lang='lat' dir='ltr'>possumus,</span> <span class='ocrx_word' id='word_1_402' title='bbox 3116 2735 3229 2791; x_wconf 89' lang='lat' dir='ltr'>heu</span> <span class='ocrx_word' id='word_1_403' title='bbox 3255 2736 3266 2790; x_wconf 87' lang='lat' dir='ltr'>l</span> <span class='ocrx_word' id='word_1_404' title='bbox 3292 2736 3350 2790; x_wconf 91' lang='lat' dir='ltr'>in</span> <span class='ocrx_word' id='word_1_405' title='bbox 3377 2741 3606 2792; x_wconf 90' lang='lat' dir='ltr'>tantum</span> <span class='ocrx_word' id='word_1_406' title='bbox 3630 2737 3743 2794; x_wconf 93' lang='lat' dir='ltr'>boc</span> 
     </span>
    </p>
   </div>
   <div class='ocr_carea' id='block_1_59' title="bbox 2093 2820 3742 2887">
    <p class='ocr_par' dir='ltr' id='par_1_59' title="bbox 2093 2820 3742 2887">
     <span class='ocr_line' id='line_1_59' title="bbox 2093 2820 3742 2887; baseline 0.005 -13"><span class='ocrx_word' id='word_1_407' title='bbox 2093 2820 2376 2887; x_wconf 90' lang='lat' dir='ltr'>aboletur,</span> <span class='ocrx_word' id='word_1_408' title='bbox 2411 2825 2475 2874; x_wconf 90' lang='lat' dir='ltr'>ut</span> <span class='ocrx_word' id='word_1_409' title='bbox 2506 2822 2563 2874; x_wconf 91' lang='lat' dir='ltr'>in</span> <span class='ocrx_word' id='word_1_410' title='bbox 2597 2823 2862 2878; x_wconf 87' lang='lat' dir='ltr'>ordinata</span> <span class='ocrx_word' id='word_1_411' title='bbox 2879 2824 3051 2879; x_wconf 88' lang='lat' dir='ltr'>etiam</span> <span class='ocrx_word' id='word_1_412' title='bbox 3075 2826 3444 2881; x_wconf 89' lang='lat' dir='ltr'>accusatione</span> <span class='ocrx_word' id='word_1_413' title='bbox 3463 2826 3742 2882; x_wconf 83' lang='lat' dir='ltr'>vixlocus</span> 
     </span>
    </p>
   </div>
   <div class='ocr_carea' id='block_1_60' title="bbox 2093 2909 3741 2986">
    <p class='ocr_par' dir='ltr' id='par_1_60' title="bbox 2093 2909 3741 2986">
     <span class='ocr_line' id='line_1_60' title="bbox 2093 2909 3741 2986; baseline 0.004 -22"><span class='ocrx_word' id='word_1_414' title='bbox 2093 2914 2326 2964; x_wconf 84' lang='lat' dir='ltr'>maneat</span> <span class='ocrx_word' id='word_1_415' title='bbox 2342 2909 2612 2980; x_wconf 82' lang='lat' dir='ltr'>legitimae</span> <span class='ocrx_word' id='word_1_416' title='bbox 2635 2912 3010 2969; x_wconf 79' lang='lat' dir='ltr'>defensionis.</span> <span class='ocrx_word' id='word_1_417' title='bbox 3051 2914 3164 2969; x_wconf 85' lang='lat' dir='ltr'>Nec</span> <span class='ocrx_word' id='word_1_418' title='bbox 3185 2915 3741 2986; x_wconf 89' lang='lat' dir='ltr'>approbandajudi-</span> 
     </span>
    </p>
   </div>
   <div class='ocr_carea' id='block_1_61' title="bbox 2092 2999 3739 3070">
    <p class='ocr_par' dir='ltr' id='par_1_61' title="bbox 2092 2999 3739 3070">
     <span class='ocr_line' id='line_1_61' title="bbox 2092 2999 3739 3070; baseline 0.005 -18"><span class='ocrx_word' id='word_1_419' title='bbox 2092 3003 2226 3052; x_wconf 91' lang='lat' dir='ltr'>cant</span> <span class='ocrx_word' id='word_1_420' title='bbox 2257 3015 2384 3069; x_wconf 81' lang='lat' dir='ltr'>quae</span> <span class='ocrx_word' id='word_1_421' title='bbox 2416 2999 2614 3070; x_wconf 87' lang='lat' dir='ltr'>inique</span> <span class='ocrx_word' id='word_1_422' title='bbox 2645 3001 2955 3070; x_wconf 88' lang='lat' dir='ltr'>objiciunt,</span> <span class='ocrx_word' id='word_1_423' title='bbox 2978 3003 3080 3058; x_wconf 89' lang='lat' dir='ltr'>sed</span> <span class='ocrx_word' id='word_1_424' title='bbox 3113 3006 3524 3059; x_wconf 88' lang='lat' dir='ltr'>tantummodo</span> <span class='ocrx_word' id='word_1_425' title='bbox 3548 3006 3739 3060; x_wconf 89' lang='lat' dir='ltr'>vindi-</span> 
     </span>
    </p>
   </div>
   <div class='ocr_carea' id='block_1_62' title="bbox 2091 3087 3740 3160">
    <p class='ocr_par' dir='ltr' id='par_1_62' title="bbox 2091 3087 3740 3160">
     <span class='ocr_line' id='line_1_62' title="bbox 2091 3087 3740 3160; baseline 0.005 -18"><span class='ocrx_word' id='word_1_426' title='bbox 2091 3104 2222 3142; x_wconf 91' lang='lat' dir='ltr'>care</span> <span class='ocrx_word' id='word_1_427' title='bbox 2252 3103 2510 3158; x_wconf 60' lang='lat' dir='ltr'>quasquas</span> <span class='ocrx_word' id='word_1_428' title='bbox 2541 3087 2706 3143; x_wconf 90' lang='lat' dir='ltr'>illata</span> <span class='ocrx_word' id='word_1_429' title='bbox 2735 3095 3022 3160; x_wconf 75' lang='lat' dir='ltr'>quaerunt.</span> <span class='ocrx_word' id='word_1_430' title='bbox 3048 3093 3209 3157; x_wconf 86' lang='lat' dir='ltr'>Quod</span> <span class='ocrx_word' id='word_1_431' title='bbox 3235 3092 3283 3147; x_wconf 89' lang='lat' dir='ltr'>si</span> <span class='ocrx_word' id='word_1_432' title='bbox 3307 3093 3376 3147; x_wconf 87' lang='lat' dir='ltr'>de</span> <span class='ocrx_word' id='word_1_433' title='bbox 3401 3094 3740 3150; x_wconf 88' lang='lat' dir='ltr'>defensione</span> 
     </span>
    </p>
   </div>
   <div class='ocr_carea' id='block_1_63' title="bbox 2093 3176 3742 3254">
    <p class='ocr_par' dir='ltr' id='par_1_63' title="bbox 2093 3176 3742 3254">
     <span class='ocr_line' id='line_1_63' title="bbox 2093 3176 3742 3254; baseline 0.005 -24"><span class='ocrx_word' id='word_1_434' title='bbox 2093 3177 2244 3246; x_wconf 90' lang='lat' dir='ltr'>apud</span> <span class='ocrx_word' id='word_1_435' title='bbox 2276 3192 2375 3231; x_wconf 91' lang='lat' dir='ltr'>eos</span> <span class='ocrx_word' id='word_1_436' title='bbox 2406 3176 2702 3247; x_wconf 80' lang='lat' dir='ltr'>quaeritur,</span> <span class='ocrx_word' id='word_1_437' title='bbox 2735 3179 2894 3233; x_wconf 91' lang='lat' dir='ltr'>omni</span> <span class='ocrx_word' id='word_1_438' title='bbox 2927 3179 3194 3251; x_wconf 87' lang='lat' dir='ltr'>synodali</span> <span class='ocrx_word' id='word_1_439' title='bbox 3226 3197 3474 3237; x_wconf 88' lang='lat' dir='ltr'>censura</span> <span class='ocrx_word' id='word_1_440' title='bbox 3504 3187 3742 3254; x_wconf 87' lang='lat' dir='ltr'>postpo-</span> 
     </span>
    </p>
   </div>
   <div class='ocr_carea' id='block_1_64' title="bbox 336 3248 3736 3341">
    <p class='ocr_par' dir='ltr' id='par_1_64' title="bbox 336 3248 3736 3341">
     <span class='ocr_line' id='line_1_64' title="bbox 336 3248 3736 3341; baseline 0.001 -18"><span class='ocrx_word' id='word_1_441' title='bbox 336 3270 539 3338; x_wconf 88' lang='lat' dir='ltr'>poscat</span> <span class='ocrx_word' id='word_1_442' title='bbox 567 3265 893 3322; x_wconf 87' lang='lat' dir='ltr'>similitudo</span> <span class='ocrx_word' id='word_1_443' title='bbox 915 3264 1205 3336; x_wconf 91' lang='lat' dir='ltr'>supplicii.</span> <span class='ocrx_word' id='word_1_444' title='bbox 1229 3287 1256 3314; x_wconf 83' lang='lat'><strong><em>»</em></strong></span> <span class='ocrx_word' id='word_1_445' title='bbox 1277 3265 1500 3322; x_wconf 86' lang='lat' dir='ltr'>Rursus</span> <span class='ocrx_word' id='word_1_446' title='bbox 1521 3267 1709 3321; x_wconf 89' lang='lat' dir='ltr'>isdem</span> <span class='ocrx_word' id='word_1_447' title='bbox 1733 3267 1981 3320; x_wconf 81' lang='lat' dir='ltr'>Alexan-</span> <span class='ocrx_word' id='word_1_448' title='bbox 2013 3248 2056 3314; x_wconf 71' lang='grc' dir='ltr'>ί]</span> <span class='ocrx_word' id='word_1_449' title='bbox 2095 3265 2227 3331; x_wconf 88' lang='lat' dir='ltr'>sita,</span> <span class='ocrx_word' id='word_1_450' title='bbox 2261 3265 2386 3320; x_wconf 93' lang='lat' dir='ltr'>suis</span> <span class='ocrx_word' id='word_1_451' title='bbox 2433 3248 3170 3323; x_wconf 37' lang='lat' dir='ltr'>adinventionibus‘talem</span> <span class='ocrx_word' id='word_1_452' title='bbox 3230 3270 3352 3324; x_wconf 81' lang='lat' dir='ltr'>fieri</span> <span class='ocrx_word' id='word_1_453' title='bbox 3385 3248 3736 3341; x_wconf 44' lang='lat' dir='ltr'>diiudica-nt,</span> 
     </span>
    </p>
   </div>
   <div class='ocr_carea' id='block_1_65' title="bbox 334 3353 1974 3426">
    <p class='ocr_par' dir='ltr' id='par_1_65' title="bbox 334 3353 1974 3426">
     <span class='ocr_line' id='line_1_65' title="bbox 334 3353 1974 3426; baseline -0.002 -15"><span class='ocrx_word' id='word_1_454' title='bbox 334 3357 439 3411; x_wconf 89' lang='lat' dir='ltr'>der</span> <span class='ocrx_word' id='word_1_455' title='bbox 469 3357 646 3426; x_wconf 82' lang='lat' dir='ltr'>(epist.</span> <span class='ocrx_word' id='word_1_456' title='bbox 680 3356 770 3426; x_wconf 90' lang='lat'><strong>1):</strong></span> <span class='ocrx_word' id='word_1_457' title='bbox 815 3375 844 3404; x_wconf 78' lang='grc' dir='ltr'>α</span> <span class='ocrx_word' id='word_1_458' title='bbox 894 3353 1170 3408; x_wconf 85' lang='lat' dir='ltr'>Similiter</span> <span class='ocrx_word' id='word_1_459' title='bbox 1218 3354 1268 3408; x_wconf 89' lang='lat' dir='ltr'>si</span> <span class='ocrx_word' id='word_1_460' title='bbox 1317 3353 1660 3425; x_wconf 88' lang='lat' dir='ltr'>hujusmodi</span> <span class='ocrx_word' id='word_1_461' title='bbox 1711 3353 1974 3425; x_wconf 88' lang='lat' dir='ltr'>personis</span> 
     </span>
    </p>
   </div>
   <div class='ocr_carea' id='block_1_66' title="bbox 332 3443 1978 3517">
    <p class='ocr_par' dir='ltr' id='par_1_66' title="bbox 332 3443 1978 3517">
     <span class='ocr_line' id='line_1_66' title="bbox 332 3443 1978 3517; baseline -0.002 -16"><span class='ocrx_word' id='word_1_462' title='bbox 332 3446 600 3517; x_wconf 66' lang='lat' dir='ltr'>quaedam</span> <span class='ocrx_word' id='word_1_463' title='bbox 633 3443 943 3516; x_wconf 71' lang='lat' dir='ltr'>sbripturae</span> <span class='ocrx_word' id='word_1_464' title='bbox 968 3443 1260 3514; x_wconf 90' lang='lat' dir='ltr'>quomodo</span> <span class='ocrx_word' id='word_1_465' title='bbox 1284 3445 1456 3499; x_wconf 91' lang='lat' dir='ltr'>modo</span> <span class='ocrx_word' id='word_1_466' title='bbox 1482 3460 1581 3514; x_wconf 86' lang='lat' dir='ltr'>per</span> <span class='ocrx_word' id='word_1_467' title='bbox 1597 3448 1842 3512; x_wconf 88' lang='lat' dir='ltr'>metum,</span> <span class='ocrx_word' id='word_1_468' title='bbox 1875 3447 1978 3498; x_wconf 90' lang='lat' dir='ltr'>aut</span> 
     </span>
    </p>
   </div>
   <div class='ocr_carea' id='block_1_67' title="bbox 331 3531 1976 3604">
    <p class='ocr_par' dir='ltr' id='par_1_67' title="bbox 331 3531 1976 3604">
     <span class='ocr_line' id='line_1_67' title="bbox 331 3531 1976 3604; baseline -0.002 -15"><span class='ocrx_word' id='word_1_469' title='bbox 331 3535 617 3601; x_wconf 89' lang='lat' dir='ltr'>fraudem,</span> <span class='ocrx_word' id='word_1_470' title='bbox 671 3540 774 3588; x_wconf 90' lang='lat' dir='ltr'>aut</span> <span class='ocrx_word' id='word_1_471' title='bbox 813 3549 916 3604; x_wconf 90' lang='lat' dir='ltr'>per</span> <span class='ocrx_word' id='word_1_472' title='bbox 943 3533 1059 3588; x_wconf 88' lang='lat' dir='ltr'>vim</span> <span class='ocrx_word' id='word_1_473' title='bbox 1089 3536 1321 3588; x_wconf 69' lang='lat' dir='ltr'>extorta:</span> <span class='ocrx_word' id='word_1_474' title='bbox 1348 3533 1585 3602; x_wconf 88' lang='lat' dir='ltr'>fuerint,</span> <span class='ocrx_word' id='word_1_475' title='bbox 1617 3532 1705 3588; x_wconf 87' lang='lat' dir='ltr'>vel</span> <span class='ocrx_word' id='word_1_476' title='bbox 1737 3536 1800 3586; x_wconf 88' lang='lat' dir='ltr'>ut</span> <span class='ocrx_word' id='word_1_477' title='bbox 1830 3547 1891 3587; x_wconf 90' lang='lat' dir='ltr'>se</span> <span class='ocrx_word' id='word_1_478' title='bbox 1915 3531 1976 3586; x_wconf 91' lang='lat' dir='ltr'>li-</span> 
     </span>
    </p>
   </div>
   <div class='ocr_carea' id='block_1_68' title="bbox 328 3621 1973 3694">
    <p class='ocr_par' dir='ltr' id='par_1_68' title="bbox 328 3621 1973 3694">
     <span class='ocr_line' id='line_1_68' title="bbox 328 3621 1973 3694; baseline -0.001 -17"><span class='ocrx_word' id='word_1_479' title='bbox 328 3623 533 3678; x_wconf 88' lang='lat' dir='ltr'>berare</span> <span class='ocrx_word' id='word_1_480' title='bbox 564 3626 823 3694; x_wconf 89' lang='lat' dir='ltr'>possent,</span> <span class='ocrx_word' id='word_1_481' title='bbox 855 3638 1208 3693; x_wconf 90' lang='lat' dir='ltr'>quocunque</span> <span class='ocrx_word' id='word_1_482' title='bbox 1251 3623 1323 3677; x_wconf 88' lang='lat' dir='ltr'>ab</span> <span class='ocrx_word' id='word_1_483' title='bbox 1382 3623 1467 3678; x_wconf 88' lang='lat' dir='ltr'>eis</span> <span class='ocrx_word' id='word_1_484' title='bbox 1496 3621 1855 3692; x_wconf 70' lang='lat' dir='ltr'>conscriptae,</span> <span class='ocrx_word' id='word_1_485' title='bbox 1887 3621 1973 3676; x_wconf 87' lang='lat' dir='ltr'>vel</span> 
     </span>
    </p>
   </div>
   <div class='ocr_carea' id='block_1_69' title="bbox 330 3709 1975 3782">
    <p class='ocr_par' dir='ltr' id='par_1_69' title="bbox 330 3709 1975 3782">
     <span class='ocr_line' id='line_1_69' title="bbox 330 3709 1975 3782; baseline -0.001 -16"><span class='ocrx_word' id='word_1_486' title='bbox 330 3711 612 3766; x_wconf 70' lang='lat' dir='ltr'>roborata;</span> <span class='ocrx_word' id='word_1_487' title='bbox 627 3709 1188 3782; x_wconf 87' lang='lat' dir='ltr'>fuerintingenio,ad</span> <span class='ocrx_word' id='word_1_488' title='bbox 1213 3710 1441 3766; x_wconf 91' lang='lat' dir='ltr'>nullum</span> <span class='ocrx_word' id='word_1_489' title='bbox 1467 3712 1550 3766; x_wconf 91' lang='lat' dir='ltr'>eis</span> <span class='ocrx_word' id='word_1_490' title='bbox 1573 3709 1975 3782; x_wconf 67' lang='lat' dir='ltr'>praejudicium</span> 
     </span>
    </p>
   </div>
   <div class='ocr_carea' id='block_1_70' title="bbox 331 3784 1976 3870">
    <p class='ocr_par' dir='ltr' id='par_1_70' title="bbox 331 3784 1976 3870">
     <span class='ocr_line' id='line_1_70' title="bbox 331 3784 1976 3870; baseline -0.001 -13"><span class='ocrx_word' id='word_1_491' title='bbox 331 3784 435 3857; x_wconf 77' lang='lat' dir='ltr'>aut</span> <span class='ocrx_word' id='word_1_492' title='bbox 463 3804 877 3854; x_wconf 86' lang='lat' dir='ltr'>nocumentum</span> <span class='ocrx_word' id='word_1_493' title='bbox 902 3799 1203 3870; x_wconf 87' lang='lat' dir='ltr'>provenire</span> <span class='ocrx_word' id='word_1_494' title='bbox 1227 3814 1554 3854; x_wconf 89' lang='lat' dir='ltr'>censemus.</span> <span class='ocrx_word' id='word_1_495' title='bbox 1599 3821 1626 3848; x_wconf 84' lang='lat'>»</span> <span class='ocrx_word' id='word_1_496' title='bbox 1685 3799 1976 3855; x_wconf 84' lang='lat' dir='ltr'>Fabianus</span> 
     </span>
    </p>
   </div>
   <div class='ocr_carea' id='block_1_71' title="bbox 329 3887 1976 3960">
    <p class='ocr_par' dir='ltr' id='par_1_71' title="bbox 329 3887 1976 3960">
     <span class='ocr_line' id='line_1_71' title="bbox 329 3887 1976 3960; baseline -0.001 -16"><span class='ocrx_word' id='word_1_497' title='bbox 329 3891 508 3960; x_wconf 79' lang='lat' dir='ltr'>(epist.</span> <span class='ocrx_word' id='word_1_498' title='bbox 540 3889 594 3959; x_wconf 89' lang='lat'>2)</span> <span class='ocrx_word' id='word_1_499' title='bbox 621 3904 634 3943; x_wconf 94' lang='lat'>:</span> <span class='ocrx_word' id='word_1_500' title='bbox 671 3909 699 3939; x_wconf 87' lang='lat'>«</span> <span class='ocrx_word' id='word_1_501' title='bbox 729 3889 844 3943; x_wconf 91' lang='lat' dir='ltr'>Nec</span> <span class='ocrx_word' id='word_1_502' title='bbox 866 3887 1022 3943; x_wconf 89' lang='lat' dir='ltr'>ullus</span> <span class='ocrx_word' id='word_1_503' title='bbox 1045 3905 1305 3959; x_wconf 88' lang='lat' dir='ltr'>unquam</span> <span class='ocrx_word' id='word_1_504' title='bbox 1329 3891 1646 3959; x_wconf 68' lang='lat' dir='ltr'>praesumat</span> <span class='ocrx_word' id='word_1_505' title='bbox 1674 3892 1976 3943; x_wconf 87' lang='lat' dir='ltr'>accusator</span> 
     </span>
    </p>
   </div>
   <div class='ocr_carea' id='block_1_72' title="bbox 331 3976 1972 4047">
    <p class='ocr_par' dir='ltr' id='par_1_72' title="bbox 331 3976 1972 4047">
     <span class='ocr_line' id='line_1_72' title="bbox 331 3976 1972 4047; baseline -0.001 -15"><span class='ocrx_word' id='word_1_506' title='bbox 331 3977 507 4032; x_wconf 89' lang='lat' dir='ltr'>simul</span> <span class='ocrx_word' id='word_1_507' title='bbox 537 3993 665 4032; x_wconf 87' lang='lat' dir='ltr'>esse</span> <span class='ocrx_word' id='word_1_508' title='bbox 711 3977 972 4047; x_wconf 85' lang='lat' dir='ltr'>etjudex</span> <span class='ocrx_word' id='word_1_509' title='bbox 1021 3981 1079 4031; x_wconf 88' lang='lat' dir='ltr'>et</span> <span class='ocrx_word' id='word_1_510' title='bbox 1128 3976 1316 4039; x_wconf 90' lang='lat' dir='ltr'>testis,</span> <span class='ocrx_word' id='word_1_511' title='bbox 1368 3977 1646 4046; x_wconf 90' lang='lat' dir='ltr'>quoniam</span> <span class='ocrx_word' id='word_1_512' title='bbox 1701 3977 1759 4031; x_wconf 92' lang='lat' dir='ltr'>in</span> <span class='ocrx_word' id='word_1_513' title='bbox 1818 3977 1972 4031; x_wconf 89' lang='lat' dir='ltr'>omni</span> 
     </span>
    </p>
   </div>
   <div class='ocr_carea' id='block_1_73' title="bbox 325 4065 1971 4139">
    <p class='ocr_par' dir='ltr' id='par_1_73' title="bbox 325 4065 1971 4139">
     <span class='ocr_line' id='line_1_73' title="bbox 325 4065 1971 4139; baseline 0.001 -19"><span class='ocrx_word' id='word_1_514' title='bbox 325 4066 551 4139; x_wconf 87' lang='lat' dir='ltr'>judicio</span> <span class='ocrx_word' id='word_1_515' title='bbox 573 4070 823 4138; x_wconf 89' lang='lat' dir='ltr'>quatuor</span> <span class='ocrx_word' id='word_1_516' title='bbox 839 4082 1119 4138; x_wconf 85' lang='lat' dir='ltr'>personas</span> <span class='ocrx_word' id='word_1_517' title='bbox 1141 4082 1378 4121; x_wconf 88' lang='lat' dir='ltr'>necesse</span> <span class='ocrx_word' id='word_1_518' title='bbox 1390 4069 1477 4120; x_wconf 90' lang='lat' dir='ltr'>est</span> <span class='ocrx_word' id='word_1_519' title='bbox 1498 4081 1730 4137; x_wconf 87' lang='lat' dir='ltr'>semper</span> <span class='ocrx_word' id='word_1_520' title='bbox 1749 4065 1971 4121; x_wconf 86' lang='lat' dir='ltr'>adesse:</span> 
     </span>
    </p>
   </div>
   <div class='ocr_carea' id='block_1_74' title="bbox 331 4154 1976 4234">
    <p class='ocr_par' dir='ltr' id='par_1_74' title="bbox 331 4154 1976 4234">
     <span class='ocr_line' id='line_1_74' title="bbox 331 4154 1976 4234; baseline -0.001 -23"><span class='ocrx_word' id='word_1_521' title='bbox 331 4156 386 4211; x_wconf 92' lang='lat' dir='ltr'>id</span> <span class='ocrx_word' id='word_1_522' title='bbox 424 4160 532 4216; x_wconf 86' lang='lat' dir='ltr'>est.</span> <span class='ocrx_word' id='word_1_523' title='bbox 555 4156 790 4226; x_wconf 89' lang='lat' dir='ltr'>judices</span> <span class='ocrx_word' id='word_1_524' title='bbox 820 4155 1052 4224; x_wconf 89' lang='lat' dir='ltr'>electos,</span> <span class='ocrx_word' id='word_1_525' title='bbox 1101 4159 1159 4210; x_wconf 91' lang='lat' dir='ltr'>et</span> <span class='ocrx_word' id='word_1_526' title='bbox 1186 4158 1580 4219; x_wconf 86' lang='lat' dir='ltr'>accusatores,</span> <span class='ocrx_word' id='word_1_527' title='bbox 1612 4171 1678 4208; x_wconf 87' lang='lat' dir='ltr'>ac</span> <span class='ocrx_word' id='word_1_528' title='bbox 1709 4154 1976 4234; x_wconf 85' lang='lat' dir='ltr'>defenso-</span> 
     </span>
    </p>
   </div>
   <div class='ocr_carea' id='block_1_75' title="bbox 332 4243 1974 4316">
    <p class='ocr_par' dir='ltr' id='par_1_75' title="bbox 332 4243 1974 4316">
     <span class='ocr_line' id='line_1_75' title="bbox 332 4243 1974 4316; baseline -0.001 -15"><span class='ocrx_word' id='word_1_529' title='bbox 332 4261 447 4315; x_wconf 89' lang='lat' dir='ltr'>res,</span> <span class='ocrx_word' id='word_1_530' title='bbox 479 4250 654 4316; x_wconf 89' lang='lat' dir='ltr'>atque</span> <span class='ocrx_word' id='word_1_531' title='bbox 682 4249 880 4300; x_wconf 89' lang='lat' dir='ltr'>testes.</span> <span class='ocrx_word' id='word_1_532' title='bbox 915 4267 943 4295; x_wconf 84' lang='lat'>»</span> <span class='ocrx_word' id='word_1_533' title='bbox 977 4243 1132 4300; x_wconf 83' lang='lat' dir='ltr'>Felix</span> <span class='ocrx_word' id='word_1_534' title='bbox 1162 4243 1378 4314; x_wconf 89' lang='lat' dir='ltr'>quippe</span> <span class='ocrx_word' id='word_1_535' title='bbox 1402 4243 1484 4296; x_wconf 87' lang='lat' dir='ltr'>ait</span> <span class='ocrx_word' id='word_1_536' title='bbox 1514 4244 1686 4314; x_wconf 85' lang='lat' dir='ltr'>(epist.</span> <span class='ocrx_word' id='word_1_537' title='bbox 1724 4245 1811 4313; x_wconf 91' lang='lat'>2):</span> <span class='ocrx_word' id='word_1_538' title='bbox 1847 4267 1875 4294; x_wconf 85' lang='lat'><strong>«</strong></span> <span class='ocrx_word' id='word_1_539' title='bbox 1915 4244 1974 4299; x_wconf 91' lang='lat' dir='ltr'>Si</span> 
     </span>
    </p>
   </div>
   <div class='ocr_carea' id='block_1_76' title="bbox 335 4330 1977 4406">
    <p class='ocr_par' dir='ltr' id='par_1_76' title="bbox 335 4330 1977 4406">
     <span class='ocr_line' id='line_1_76' title="bbox 335 4330 1977 4406; baseline 0 -18"><span class='ocrx_word' id='word_1_540' title='bbox 335 4333 470 4406; x_wconf 89' lang='lat' dir='ltr'>quis</span> <span class='ocrx_word' id='word_1_541' title='bbox 492 4333 804 4406; x_wconf 89' lang='lat' dir='ltr'>episcopus</span> <span class='ocrx_word' id='word_1_542' title='bbox 821 4334 892 4390; x_wconf 90' lang='lat' dir='ltr'>ab</span> <span class='ocrx_word' id='word_1_543' title='bbox 917 4333 1034 4388; x_wconf 91' lang='lat' dir='ltr'>illis</span> <span class='ocrx_word' id='word_1_544' title='bbox 1065 4330 1503 4388; x_wconf 89' lang='lat' dir='ltr'>accusatoribus</span> <span class='ocrx_word' id='word_1_545' title='bbox 1533 4333 1630 4403; x_wconf 92' lang='lat' dir='ltr'>qui</span> <span class='ocrx_word' id='word_1_546' title='bbox 1663 4333 1977 4405; x_wconf 90' lang='lat' dir='ltr'>recipiendi</span> 
     </span>
    </p>
   </div>
   <div class='ocr_carea' id='block_1_77' title="bbox 335 4420 1974 4491">
    <p class='ocr_par' dir='ltr' id='par_1_77' title="bbox 335 4420 1974 4491">
     <span class='ocr_line' id='line_1_77' title="bbox 335 4420 1974 4491; baseline 0 -13"><span class='ocrx_word' id='word_1_547' title='bbox 335 4427 496 4491; x_wconf 83' lang='lat' dir='ltr'>sunt,</span> <span class='ocrx_word' id='word_1_548' title='bbox 527 4423 701 4478; x_wconf 85' lang='lat' dir='ltr'>fuerit</span> <span class='ocrx_word' id='word_1_549' title='bbox 721 4427 1054 4487; x_wconf 89' lang='lat' dir='ltr'>accusatus,</span> <span class='ocrx_word' id='word_1_550' title='bbox 1082 4425 1393 4491; x_wconf 88' lang='lat' dir='ltr'>postquam</span> <span class='ocrx_word' id='word_1_551' title='bbox 1426 4420 1545 4491; x_wconf 90' lang='lat' dir='ltr'>ipse</span> <span class='ocrx_word' id='word_1_552' title='bbox 1571 4422 1642 4476; x_wconf 90' lang='lat' dir='ltr'>ab</span> <span class='ocrx_word' id='word_1_553' title='bbox 1673 4423 1756 4478; x_wconf 91' lang='lat' dir='ltr'>eis</span> <span class='ocrx_word' id='word_1_554' title='bbox 1786 4422 1974 4478; x_wconf 87' lang='lat' dir='ltr'>chari-</span> 
     </span>
    </p>
   </div>
   <div class='ocr_carea' id='block_1_78' title="bbox 332 4509 1975 4579">
    <p class='ocr_par' dir='ltr' id='par_1_78' title="bbox 332 4509 1975 4579">
     <span class='ocr_line' id='line_1_78' title="bbox 332 4509 1975 4579; baseline 0.001 -13"><span class='ocrx_word' id='word_1_555' title='bbox 332 4513 514 4568; x_wconf 89' lang='lat' dir='ltr'>tative</span> <span class='ocrx_word' id='word_1_556' title='bbox 543 4516 861 4568; x_wconf 88' lang='lat' dir='ltr'>conventus</span> <span class='ocrx_word' id='word_1_557' title='bbox 889 4510 1080 4579; x_wconf 89' lang='lat' dir='ltr'>fuerit,</span> <span class='ocrx_word' id='word_1_558' title='bbox 1103 4513 1167 4564; x_wconf 89' lang='lat' dir='ltr'>ut</span> <span class='ocrx_word' id='word_1_559' title='bbox 1185 4509 1374 4579; x_wconf 88' lang='lat' dir='ltr'>ipsam</span> <span class='ocrx_word' id='word_1_560' title='bbox 1407 4525 1639 4564; x_wconf 83' lang='lat' dir='ltr'>causam</span> <span class='ocrx_word' id='word_1_561' title='bbox 1667 4513 1975 4567; x_wconf 84' lang='lat' dir='ltr'>emendare</span> 
     </span>
    </p>
   </div>
   <div class='ocr_carea' id='block_1_79' title="bbox 2085 3355 3739 3431">
    <p class='ocr_par' dir='ltr' id='par_1_79' title="bbox 2085 3355 3739 3431">
     <span class='ocr_line' id='line_1_79' title="bbox 2085 3355 3739 3431; baseline 0.004 -24"><span class='ocrx_word' id='word_1_562' title='bbox 2085 3370 2261 3424; x_wconf 88' lang='lat' dir='ltr'>quam</span> <span class='ocrx_word' id='word_1_563' title='bbox 2293 3355 2547 3410; x_wconf 90' lang='lat' dir='ltr'>accusati</span> <span class='ocrx_word' id='word_1_564' title='bbox 2582 3355 2826 3427; x_wconf 87' lang='lat' dir='ltr'>implere</span> <span class='ocrx_word' id='word_1_565' title='bbox 2849 3357 3092 3414; x_wconf 89' lang='lat' dir='ltr'>minime</span> <span class='ocrx_word' id='word_1_566' title='bbox 3114 3357 3368 3424; x_wconf 88' lang='lat' dir='ltr'>valeant,</span> <span class='ocrx_word' id='word_1_567' title='bbox 3391 3359 3480 3414; x_wconf 87' lang='lat' dir='ltr'>vel</span> <span class='ocrx_word' id='word_1_568' title='bbox 3511 3375 3639 3431; x_wconf 66' lang='lat' dir='ltr'>quae</span> <span class='ocrx_word' id='word_1_569' title='bbox 3675 3360 3739 3414; x_wconf 90' lang='lat' dir='ltr'>il-</span> 
     </span>
    </p>
   </div>
   <div class='ocr_carea' id='block_1_80' title="bbox 2085 3443 3737 3517">
    <p class='ocr_par' dir='ltr' id='par_1_80' title="bbox 2085 3443 3737 3517">
     <span class='ocr_line' id='line_1_80' title="bbox 2085 3443 3737 3517; baseline 0.005 -20"><span class='ocrx_word' id='word_1_570' title='bbox 2085 3443 2170 3498; x_wconf 86' lang='lat' dir='ltr'>los</span> <span class='ocrx_word' id='word_1_571' title='bbox 2197 3443 2328 3514; x_wconf 85' lang='lat' dir='ltr'>jure</span> <span class='ocrx_word' id='word_1_572' title='bbox 2357 3443 2530 3499; x_wconf 85' lang='lat' dir='ltr'>ofﬁcii</span> <span class='ocrx_word' id='word_1_573' title='bbox 2561 3446 2800 3500; x_wconf 90' lang='lat' dir='ltr'>omnino</span> <span class='ocrx_word' id='word_1_574' title='bbox 2829 3446 3173 3517; x_wconf 88' lang='lat' dir='ltr'>impediant,</span> <span class='ocrx_word' id='word_1_575' title='bbox 3207 3455 3267 3501; x_wconf 83' lang='lat' dir='ltr'>ut</span> <span class='ocrx_word' id='word_1_576' title='bbox 3298 3447 3357 3502; x_wconf 90' lang='lat' dir='ltr'>in</span> <span class='ocrx_word' id='word_1_577' title='bbox 3407 3449 3737 3506; x_wconf 88' lang='lat' dir='ltr'>sacerdotes</span> 
     </span>
    </p>
   </div>
   <div class='ocr_carea' id='block_1_81' title="bbox 2086 3531 3734 3606">
    <p class='ocr_par' dir='ltr' id='par_1_81' title="bbox 2086 3531 3734 3606">
     <span class='ocr_line' id='line_1_81' title="bbox 2086 3531 3734 3606; baseline 0.004 -21"><span class='ocrx_word' id='word_1_578' title='bbox 2086 3531 2436 3588; x_wconf 86' lang='lat' dir='ltr'>Deiliberius</span> <span class='ocrx_word' id='word_1_579' title='bbox 2460 3534 2977 3606; x_wconf 63' lang='lat' dir='ltr'>saeviant.Quippe,</span> <span class='ocrx_word' id='word_1_580' title='bbox 2994 3551 3126 3590; x_wconf 87' lang='lat' dir='ltr'>cum</span> <span class='ocrx_word' id='word_1_581' title='bbox 3148 3537 3473 3591; x_wconf 90' lang='lat' dir='ltr'>secundum</span> <span class='ocrx_word' id='word_1_582' title='bbox 3498 3538 3734 3593; x_wconf 89' lang='lat' dir='ltr'>beatum</span> 
     </span>
    </p>
   </div>
   <div class='ocr_carea' id='block_1_82' title="bbox 2085 3620 3729 3698">
    <p class='ocr_par' dir='ltr' id='par_1_82' title="bbox 2085 3620 3729 3698">
     <span class='ocr_line' id='line_1_82' title="bbox 2085 3620 3729 3698; baseline 0.003 -23"><span class='ocrx_word' id='word_1_583' title='bbox 2085 3620 2327 3676; x_wconf 90' lang='lat' dir='ltr'>Paulum</span> <span class='ocrx_word' id='word_1_584' title='bbox 2360 3621 2690 3693; x_wconf 88' lang='lat' dir='ltr'>apostolum</span> <span class='ocrx_word' id='word_1_585' title='bbox 2721 3622 2834 3694; x_wconf 90' lang='lat' dir='ltr'>ipsi</span> <span class='ocrx_word' id='word_1_586' title='bbox 2877 3623 2990 3678; x_wconf 86' lang='lat' dir='ltr'>sibi</span> <span class='ocrx_word' id='word_1_587' title='bbox 3034 3623 3156 3679; x_wconf 90' lang='lat' dir='ltr'>sint</span> <span class='ocrx_word' id='word_1_588' title='bbox 3184 3623 3273 3680; x_wconf 83' lang='lat' dir='ltr'>lex</span> <span class='ocrx_word' id='word_1_589' title='bbox 3310 3627 3484 3694; x_wconf 80' lang='lat' dir='ltr'>(Rom.</span> <span class='ocrx_word' id='word_1_590' title='bbox 3521 3643 3585 3693; x_wconf 79' lang='grc' dir='ltr'>ιι,</span> <span class='ocrx_word' id='word_1_591' title='bbox 3620 3628 3729 3698; x_wconf 84' lang='grc'>14),</span> 
     </span>
    </p>
   </div>
   <div class='ocr_carea' id='block_1_83' title="bbox 2087 3711 3732 3780">
    <p class='ocr_par' dir='ltr' id='par_1_83' title="bbox 2087 3711 3732 3780">
     <span class='ocr_line' id='line_1_83' title="bbox 2087 3711 3732 3780; baseline 0.003 -15"><span class='ocrx_word' id='word_1_592' title='bbox 2087 3715 2470 3776; x_wconf 87' lang='lat' dir='ltr'>accusatores,</span> <span class='ocrx_word' id='word_1_593' title='bbox 2519 3711 2752 3780; x_wconf 89' lang='lat' dir='ltr'>judices</span> <span class='ocrx_word' id='word_1_594' title='bbox 2801 3715 2858 3766; x_wconf 90' lang='lat' dir='ltr'>et</span> <span class='ocrx_word' id='word_1_595' title='bbox 2903 3716 3104 3780; x_wconf 88' lang='lat' dir='ltr'>testes,</span> <span class='ocrx_word' id='word_1_596' title='bbox 3134 3729 3248 3768; x_wconf 91' lang='lat' dir='ltr'>non</span> <span class='ocrx_word' id='word_1_597' title='bbox 3297 3714 3519 3769; x_wconf 87' lang='lat' dir='ltr'>ratione</span> <span class='ocrx_word' id='word_1_598' title='bbox 3549 3715 3648 3770; x_wconf 91' lang='lat' dir='ltr'>sed</span> <span class='ocrx_word' id='word_1_599' title='bbox 3679 3716 3732 3770; x_wconf 92' lang='lat' dir='ltr'>vi</span> 
     </span>
    </p>
   </div>
   <div class='ocr_carea' id='block_1_84' title="bbox 2085 3797 3731 3874">
    <p class='ocr_par' dir='ltr' id='par_1_84' title="bbox 2085 3797 3731 3874">
     <span class='ocr_line' id='line_1_84' title="bbox 2085 3797 3731 3874; baseline 0.004 -22"><span class='ocrx_word' id='word_1_600' title='bbox 2085 3798 2194 3870; x_wconf 89' lang='lat' dir='ltr'>ipsi</span> <span class='ocrx_word' id='word_1_601' title='bbox 2221 3797 2444 3871; x_wconf 89' lang='lat' dir='ltr'>[simul]</span> <span class='ocrx_word' id='word_1_602' title='bbox 2478 3799 2758 3854; x_wconf 88' lang='lat' dir='ltr'>existunt.</span> <span class='ocrx_word' id='word_1_603' title='bbox 2780 3800 3446 3874; x_wconf 89' lang='lat' dir='ltr'>Satisfactionemigitur</span> <span class='ocrx_word' id='word_1_604' title='bbox 3477 3805 3731 3860; x_wconf 88' lang='lat' dir='ltr'>accusati</span> 
     </span>
    </p>
   </div>
   <div class='ocr_carea' id='block_1_85' title="bbox 2085 3887 3728 3960">
    <p class='ocr_par' dir='ltr' id='par_1_85' title="bbox 2085 3887 3728 3960">
     <span class='ocr_line' id='line_1_85' title="bbox 2085 3887 3728 3960; baseline 0.003 -17"><span class='ocrx_word' id='word_1_605' title='bbox 2085 3887 2402 3943; x_wconf 89' lang='lat' dir='ltr'>sacerdotis</span> <span class='ocrx_word' id='word_1_606' title='bbox 2434 3888 2568 3955; x_wconf 87' lang='lat' dir='ltr'>[sub</span> <span class='ocrx_word' id='word_1_607' title='bbox 2595 3888 2980 3959; x_wconf 89' lang='lat' dir='ltr'>jurejurando</span> <span class='ocrx_word' id='word_1_608' title='bbox 3011 3889 3254 3946; x_wconf 90' lang='lat' dir='ltr'>minime</span> <span class='ocrx_word' id='word_1_609' title='bbox 3285 3891 3485 3948; x_wconf 90' lang='lat' dir='ltr'>dicunt</span> <span class='ocrx_word' id='word_1_610' title='bbox 3515 3893 3728 3960; x_wconf 91' lang='lat' dir='ltr'>valere,</span> 
     </span>
    </p>
   </div>
   <div class='ocr_carea' id='block_1_86' title="bbox 2085 3976 3734 4053">
    <p class='ocr_par' dir='ltr' id='par_1_86' title="bbox 2085 3976 3734 4053">
     <span class='ocr_line' id='line_1_86' title="bbox 2085 3976 3734 4053; baseline 0.004 -22"><span class='ocrx_word' id='word_1_611' title='bbox 2085 3976 2194 4032; x_wconf 90' lang='lat' dir='ltr'>nisi</span> <span class='ocrx_word' id='word_1_612' title='bbox 2225 3976 2421 4048; x_wconf 85' lang='lat' dir='ltr'>plures</span> <span class='ocrx_word' id='word_1_613' title='bbox 2451 3976 2626 4031; x_wconf 90' lang='lat' dir='ltr'>etiam</span> <span class='ocrx_word' id='word_1_614' title='bbox 2659 3978 2992 4034; x_wconf 86' lang='lat' dir='ltr'>sacerdotes</span> <span class='ocrx_word' id='word_1_615' title='bbox 3024 3981 3247 4051; x_wconf 88' lang='lat' dir='ltr'>secum]</span> <span class='ocrx_word' id='word_1_616' title='bbox 3277 3980 3590 4052; x_wconf 90' lang='lat' dir='ltr'>compellat</span> <span class='ocrx_word' id='word_1_617' title='bbox 3628 3983 3734 4053; x_wconf 90' lang='lat' dir='ltr'>ju-</span> 
     </span>
    </p>
   </div>
   <div class='ocr_carea' id='block_1_87' title="bbox 2085 4065 3728 4142">
    <p class='ocr_par' dir='ltr' id='par_1_87' title="bbox 2085 4065 3728 4142">
     <span class='ocr_line' id='line_1_87' title="bbox 2085 4065 3728 4142; baseline 0.004 -22"><span class='ocrx_word' id='word_1_618' title='bbox 2085 4066 2447 4137; x_wconf 88' lang='lat' dir='ltr'>rare,inique</span> <span class='ocrx_word' id='word_1_619' title='bbox 2479 4065 2586 4120; x_wconf 89' lang='lat' dir='ltr'>hoc</span> <span class='ocrx_word' id='word_1_620' title='bbox 2613 4072 2981 4122; x_wconf 89' lang='lat' dir='ltr'>assumentes</span> <span class='ocrx_word' id='word_1_621' title='bbox 3019 4068 3080 4122; x_wconf 94' lang='lat' dir='ltr'>in</span> <span class='ocrx_word' id='word_1_622' title='bbox 3116 4069 3538 4139; x_wconf 88' lang='lat' dir='ltr'>testimonium,</span> <span class='ocrx_word' id='word_1_623' title='bbox 3575 4072 3728 4142; x_wconf 91' lang='lat' dir='ltr'>quod</span> 
     </span>
    </p>
   </div>
   <div class='ocr_carea' id='block_1_88' title="bbox 2086 4153 3726 4225">
    <p class='ocr_par' dir='ltr' id='par_1_88' title="bbox 2086 4153 3726 4225">
     <span class='ocr_line' id='line_1_88' title="bbox 2086 4153 3726 4225; baseline 0.004 -17"><span class='ocrx_word' id='word_1_624' title='bbox 2086 4156 2307 4210; x_wconf 90' lang='lat' dir='ltr'>factum</span> <span class='ocrx_word' id='word_1_625' title='bbox 2362 4170 2424 4208; x_wconf 90' lang='lat' dir='ltr'>se</span> <span class='ocrx_word' id='word_1_626' title='bbox 2454 4153 2667 4225; x_wconf 87' lang='lat' dir='ltr'>legisse</span> <span class='ocrx_word' id='word_1_627' title='bbox 2691 4155 2919 4224; x_wconf 88' lang='lat' dir='ltr'>jactant</span> <span class='ocrx_word' id='word_1_628' title='bbox 2968 4156 3025 4210; x_wconf 91' lang='lat' dir='ltr'>in</span> <span class='ocrx_word' id='word_1_629' title='bbox 3078 4157 3303 4214; x_wconf 85' lang='lat' dir='ltr'>actibus</span> <span class='ocrx_word' id='word_1_630' title='bbox 3335 4159 3726 4215; x_wconf 80' lang='lat' dir='ltr'>Romanorum</span> 
     </span>
    </p>
   </div>
   <div class='ocr_carea' id='block_1_89' title="bbox 2085 4243 3730 4321">
    <p class='ocr_par' dir='ltr' id='par_1_89' title="bbox 2085 4243 3730 4321">
     <span class='ocr_line' id='line_1_89' title="bbox 2085 4243 3730 4321; baseline 0.005 -24"><span class='ocrx_word' id='word_1_631' title='bbox 2085 4243 2454 4316; x_wconf 85' lang='lat' dir='ltr'>pontiﬁcum.</span> <span class='ocrx_word' id='word_1_632' title='bbox 2488 4243 2630 4297; x_wconf 89' lang='lat' dir='ltr'>Nam</span> <span class='ocrx_word' id='word_1_633' title='bbox 2665 4245 2819 4316; x_wconf 92' lang='lat' dir='ltr'>quod</span> <span class='ocrx_word' id='word_1_634' title='bbox 2875 4245 2946 4301; x_wconf 94' lang='lat' dir='ltr'>de</span> <span class='ocrx_word' id='word_1_635' title='bbox 2976 4244 3227 4302; x_wconf 89' lang='lat' dir='ltr'>Damaso</span> <span class='ocrx_word' id='word_1_636' title='bbox 3257 4251 3313 4302; x_wconf 92' lang='lat' dir='ltr'>et</span> <span class='ocrx_word' id='word_1_637' title='bbox 3341 4247 3521 4315; x_wconf 85' lang='lat' dir='ltr'>Sixto,</span> <span class='ocrx_word' id='word_1_638' title='bbox 3557 4255 3730 4321; x_wconf 89' lang='lat' dir='ltr'>atque</span> 
     </span>
    </p>
   </div>
   <div class='ocr_carea' id='block_1_90' title="bbox 2083 4331 3730 4406">
    <p class='ocr_par' dir='ltr' id='par_1_90' title="bbox 2083 4331 3730 4406">
     <span class='ocr_line' id='line_1_90' title="bbox 2083 4331 3730 4406; baseline 0.006 -21"><span class='ocrx_word' id='word_1_639' title='bbox 2083 4331 2432 4403; x_wconf 85' lang='lat' dir='ltr'>Symmacho</span> <span class='ocrx_word' id='word_1_640' title='bbox 2460 4332 2890 4389; x_wconf 89' lang='lat' dir='ltr'>venerabilibus</span> <span class='ocrx_word' id='word_1_641' title='bbox 2921 4335 3295 4406; x_wconf 84' lang='lat' dir='ltr'>pontificibus</span> <span class='ocrx_word' id='word_1_642' title='bbox 3327 4336 3641 4405; x_wconf 89' lang='lat' dir='ltr'>invenitur,</span> <span class='ocrx_word' id='word_1_643' title='bbox 3664 4356 3730 4395; x_wconf 93' lang='lat' dir='ltr'>eo</span> 
     </span>
    </p>
   </div>
   <div class='ocr_carea' id='block_1_91' title="bbox 2085 4421 3730 4494">
    <p class='ocr_par' dir='ltr' id='par_1_91' title="bbox 2085 4421 3730 4494">
     <span class='ocr_line' id='line_1_91' title="bbox 2085 4421 3730 4494; baseline 0.005 -19"><span class='ocrx_word' id='word_1_644' title='bbox 2085 4423 2241 4492; x_wconf 91' lang='lat' dir='ltr'>quod</span> <span class='ocrx_word' id='word_1_645' title='bbox 2274 4421 2412 4475; x_wconf 90' lang='lat' dir='ltr'>dum</span> <span class='ocrx_word' id='word_1_646' title='bbox 2439 4438 2474 4475; x_wconf 86' lang='lat' dir='ltr'>a</span> <span class='ocrx_word' id='word_1_647' title='bbox 2493 4421 2846 4491; x_wconf 89' lang='lat' dir='ltr'>quibusdam</span> <span class='ocrx_word' id='word_1_648' title='bbox 2867 4423 3157 4494; x_wconf 89' lang='lat' dir='ltr'>perversis</span> <span class='ocrx_word' id='word_1_649' title='bbox 3178 4425 3250 4478; x_wconf 88' lang='lat' dir='ltr'>de</span> <span class='ocrx_word' id='word_1_650' title='bbox 3272 4425 3620 4483; x_wconf 87' lang='lat' dir='ltr'>criminibus</span> <span class='ocrx_word' id='word_1_651' title='bbox 3643 4445 3730 4484; x_wconf 88' lang='lat' dir='ltr'>ac-</span> 
     </span>
    </p>
   </div>
   <div class='ocr_carea' id='block_1_92' title="bbox 2085 4509 3728 4587">
    <p class='ocr_par' dir='ltr' id='par_1_92' title="bbox 2085 4509 3728 4587">
     <span class='ocr_line' id='line_1_92' title="bbox 2085 4509 3728 4587; baseline 0.005 -23"><span class='ocrx_word' id='word_1_652' title='bbox 2085 4516 2395 4565; x_wconf 87' lang='lat' dir='ltr'>cusarentu</span> <span class='ocrx_word' id='word_1_653' title='bbox 2406 4527 2450 4577; x_wconf 93' lang='lat' dir='ltr'>r,</span> <span class='ocrx_word' id='word_1_654' title='bbox 2470 4509 2726 4566; x_wconf 92' lang='lat' dir='ltr'>collectis</span> <span class='ocrx_word' id='word_1_655' title='bbox 2747 4512 3152 4583; x_wconf 75' lang='lat' dir='ltr'>epiSCOporum</span> <span class='ocrx_word' id='word_1_656' title='bbox 3179 4514 3438 4570; x_wconf 90' lang='lat' dir='ltr'>conciliis</span> <span class='ocrx_word' id='word_1_657' title='bbox 3458 4517 3728 4587; x_wconf 83' lang='lat' dir='ltr'>synodico</span> 
     </span>
    </p>
   </div>
   <div class='ocr_carea' id='block_1_93' title="bbox 335 4596 3728 4678">
    <p class='ocr_par' dir='ltr' id='par_1_93' title="bbox 335 4596 3728 4678">
     <span class='ocr_line' id='line_1_93' title="bbox 335 4596 3728 4678; baseline 0.002 -22"><span class='ocrx_word' id='word_1_658' title='bbox 335 4601 566 4668; x_wconf 88' lang='lat' dir='ltr'>debeat,</span> <span class='ocrx_word' id='word_1_659' title='bbox 600 4608 657 4657; x_wconf 89' lang='lat' dir='ltr'>et</span> <span class='ocrx_word' id='word_1_660' title='bbox 683 4619 812 4657; x_wconf 88' lang='lat' dir='ltr'>eam</span> <span class='ocrx_word' id='word_1_661' title='bbox 845 4600 1130 4668; x_wconf 88' lang='lat' dir='ltr'>corrigere</span> <span class='ocrx_word' id='word_1_662' title='bbox 1178 4596 1462 4657; x_wconf 81' lang='lat' dir='ltr'>noluerit:</span> <span class='ocrx_word' id='word_1_663' title='bbox 1508 4616 1621 4654; x_wconf 90' lang='lat' dir='ltr'>non</span> <span class='ocrx_word' id='word_1_664' title='bbox 1653 4601 1812 4668; x_wconf 91' lang='lat' dir='ltr'>olim,</span> <span class='ocrx_word' id='word_1_665' title='bbox 1873 4602 1972 4657; x_wconf 90' lang='lat' dir='ltr'>sed</span> <span class='ocrx_word' id='word_1_666' title='bbox 2005 4613 2052 4677; x_wconf 83' lang='lat' dir='ltr'><strong>D</strong></span> <span class='ocrx_word' id='word_1_667' title='bbox 2086 4601 2315 4672; x_wconf 89' lang='lat' dir='ltr'>purgati</span> <span class='ocrx_word' id='word_1_668' title='bbox 2345 4603 2505 4665; x_wconf 87' lang='lat' dir='ltr'>sunt,</span> <span class='ocrx_word' id='word_1_669' title='bbox 2536 4599 2646 4655; x_wconf 90' lang='lat' dir='ltr'>hoc</span> <span class='ocrx_word' id='word_1_670' title='bbox 2677 4617 2737 4654; x_wconf 90' lang='lat' dir='ltr'>se</span> <span class='ocrx_word' id='word_1_671' title='bbox 2786 4600 2880 4654; x_wconf 89' lang='lat' dir='ltr'>his</span> <span class='ocrx_word' id='word_1_672' title='bbox 2925 4600 3116 4656; x_wconf 89' lang='lat' dir='ltr'>verbis</span> <span class='ocrx_word' id='word_1_673' title='bbox 3144 4603 3380 4672; x_wconf 88' lang='lat' dir='ltr'>penitus</span> <span class='ocrx_word' id='word_1_674' title='bbox 3411 4604 3728 4678; x_wconf 88' lang='lat' dir='ltr'>intelligere</span> 
     </span>
    </p>
   </div>
   <div class='ocr_carea' id='block_1_94' title="bbox 330 4687 1969 4760">
    <p class='ocr_par' dir='ltr' id='par_1_94' title="bbox 330 4687 1969 4760">
     <span class='ocr_line' id='line_1_94' title="bbox 330 4687 1969 4760; baseline 0 -14"><span class='ocrx_word' id='word_1_675' title='bbox 330 4693 470 4746; x_wconf 89' lang='lat' dir='ltr'>tunc</span> <span class='ocrx_word' id='word_1_676' title='bbox 500 4691 570 4745; x_wconf 82' lang='lat' dir='ltr'>ad</span> <span class='ocrx_word' id='word_1_677' title='bbox 596 4707 863 4746; x_wconf 88' lang='lat' dir='ltr'>summos</span> <span class='ocrx_word' id='word_1_678' title='bbox 894 4687 1176 4760; x_wconf 88' lang='lat' dir='ltr'>primates</span> <span class='ocrx_word' id='word_1_679' title='bbox 1209 4702 1384 4740; x_wconf 89' lang='lat' dir='ltr'>causa</span> <span class='ocrx_word' id='word_1_680' title='bbox 1405 4688 1528 4758; x_wconf 87' lang='lat' dir='ltr'>ejus</span> <span class='ocrx_word' id='word_1_681' title='bbox 1560 4690 1835 4746; x_wconf 87' lang='lat' dir='ltr'>canonice</span> <span class='ocrx_word' id='word_1_682' title='bbox 1865 4692 1969 4747; x_wconf 80' lang='lat' dir='ltr'>de-</span> 
     </span>
    </p>
   </div>
   <div class='ocr_carea' id='block_1_95' title="bbox 333 4773 1969 4851">
    <p class='ocr_par' dir='ltr' id='par_1_95' title="bbox 333 4773 1969 4851">
     <span class='ocr_line' id='line_1_95' title="bbox 333 4773 1969 4851; baseline 0.002 -18"><span class='ocrx_word' id='word_1_683' title='bbox 333 4779 571 4849; x_wconf 77' lang='lat' dir='ltr'>feratur,</span> <span class='ocrx_word' id='word_1_684' title='bbox 595 4780 694 4851; x_wconf 90' lang='lat' dir='ltr'>qui</span> <span class='ocrx_word' id='word_1_685' title='bbox 719 4779 778 4833; x_wconf 92' lang='lat' dir='ltr'>in</span> <span class='ocrx_word' id='word_1_686' title='bbox 809 4791 1067 4847; x_wconf 88' lang='lat' dir='ltr'>congruo</span> <span class='ocrx_word' id='word_1_687' title='bbox 1089 4773 1212 4828; x_wconf 93' lang='lat' dir='ltr'>loco</span> <span class='ocrx_word' id='word_1_688' title='bbox 1236 4774 1383 4830; x_wconf 88' lang='lat' dir='ltr'>infra</span> <span class='ocrx_word' id='word_1_689' title='bbox 1404 4775 1590 4847; x_wconf 87' lang='lat' dir='ltr'>ipsam</span> <span class='ocrx_word' id='word_1_690' title='bbox 1613 4779 1969 4849; x_wconf 89' lang='lat' dir='ltr'>provinciam</span> 
     </span>
    </p>
   </div>
   <div class='ocr_carea' id='block_1_96' title="bbox 333 4863 1974 4940">
    <p class='ocr_par' dir='ltr' id='par_1_96' title="bbox 333 4863 1974 4940">
     <span class='ocr_line' id='line_1_96' title="bbox 333 4863 1974 4940; baseline 0 -16"><span class='ocrx_word' id='word_1_691' title='bbox 333 4873 594 4940; x_wconf 87' lang='lat' dir='ltr'>tempore</span> <span class='ocrx_word' id='word_1_692' title='bbox 625 4882 902 4938; x_wconf 87' lang='lat' dir='ltr'>congruo,</span> <span class='ocrx_word' id='word_1_693' title='bbox 927 4863 980 4917; x_wconf 91' lang='lat' dir='ltr'>id</span> <span class='ocrx_word' id='word_1_694' title='bbox 1017 4865 1106 4917; x_wconf 90' lang='lat' dir='ltr'>est</span> <span class='ocrx_word' id='word_1_695' title='bbox 1124 4865 1467 4932; x_wconf 89' lang='lat' dir='ltr'>autumnali,</span> <span class='ocrx_word' id='word_1_696' title='bbox 1489 4865 1577 4921; x_wconf 90' lang='lat' dir='ltr'>vel</span> <span class='ocrx_word' id='word_1_697' title='bbox 1597 4869 1814 4940; x_wconf 63' lang='lat' dir='ltr'>(estivo,</span> <span class='ocrx_word' id='word_1_698' title='bbox 1839 4885 1974 4924; x_wconf 82' lang='lat' dir='ltr'>con-</span> 
     </span>
    </p>
   </div>
   <div class='ocr_carea' id='block_1_97' title="bbox 334 4953 1974 5028">
    <p class='ocr_par' dir='ltr' id='par_1_97' title="bbox 334 4953 1974 5028">
     <span class='ocr_line' id='line_1_97' title="bbox 334 4953 1974 5028; baseline 0 -15"><span class='ocrx_word' id='word_1_699' title='bbox 334 4957 536 5013; x_wconf 89' lang='lat' dir='ltr'>cilium</span> <span class='ocrx_word' id='word_1_700' title='bbox 568 4953 913 5028; x_wconf 86' lang='lat' dir='ltr'>regulariter</span> <span class='ocrx_word' id='word_1_701' title='bbox 942 4967 1255 5007; x_wconf 86' lang='lat' dir='ltr'>convocare</span> <span class='ocrx_word' id='word_1_702' title='bbox 1306 4954 1620 5022; x_wconf 89' lang='lat' dir='ltr'>debebunt,</span> <span class='ocrx_word' id='word_1_703' title='bbox 1677 4957 1758 5012; x_wconf 85' lang='lat' dir='ltr'>ita</span> <span class='ocrx_word' id='word_1_704' title='bbox 1800 4963 1863 5013; x_wconf 91' lang='lat' dir='ltr'>ut</span> <span class='ocrx_word' id='word_1_705' title='bbox 1901 4959 1974 5012; x_wconf 90' lang='lat' dir='ltr'>ab</span> 
     </span>
    </p>
   </div>
   <div class='ocr_carea' id='block_1_98' title="bbox 333 5040 1974 5115">
    <p class='ocr_par' dir='ltr' id='par_1_98' title="bbox 333 5040 1974 5115">
     <span class='ocr_line' id='line_1_98' title="bbox 333 5040 1974 5115; baseline 0 -14"><span class='ocrx_word' id='word_1_706' title='bbox 333 5046 611 5102; x_wconf 90' lang='lat' dir='ltr'>omnibus</span> <span class='ocrx_word' id='word_1_707' title='bbox 642 5041 908 5113; x_wconf 86' lang='lat' dir='ltr'>ejusdem</span> <span class='ocrx_word' id='word_1_708' title='bbox 941 5040 1242 5110; x_wconf 66' lang='lat' dir='ltr'>provinciis</span> <span class='ocrx_word' id='word_1_709' title='bbox 1271 5043 1558 5115; x_wconf 79' lang='lat' dir='ltr'>episCOpis</span> <span class='ocrx_word' id='word_1_710' title='bbox 1591 5044 1732 5100; x_wconf 90' lang='lat' dir='ltr'>inibi</span> <span class='ocrx_word' id='word_1_711' title='bbox 1767 5046 1974 5101; x_wconf 86' lang='lat' dir='ltr'>audia-</span> 
     </span>
    </p>
   </div>
   <div class='ocr_carea' id='block_1_99' title="bbox 333 5127 1971 5202">
    <p class='ocr_par' dir='ltr' id='par_1_99' title="bbox 333 5127 1971 5202">
     <span class='ocr_line' id='line_1_99' title="bbox 333 5127 1971 5202; baseline -0.001 -12"><span class='ocrx_word' id='word_1_712' title='bbox 333 5139 449 5190; x_wconf 89' lang='lat' dir='ltr'>tur.</span> <span class='ocrx_word' id='word_1_713' title='bbox 475 5136 597 5198; x_wconf 88' lang='lat' dir='ltr'>Quo</span> <span class='ocrx_word' id='word_1_714' title='bbox 617 5132 744 5202; x_wconf 86' lang='lat' dir='ltr'>ipse</span> <span class='ocrx_word' id='word_1_715' title='bbox 767 5134 824 5184; x_wconf 87' lang='lat' dir='ltr'>et</span> <span class='ocrx_word' id='word_1_716' title='bbox 845 5127 1186 5199; x_wconf 88' lang='lat' dir='ltr'>regulariter</span> <span class='ocrx_word' id='word_1_717' title='bbox 1201 5138 1565 5198; x_wconf 86' lang='lat' dir='ltr'>convocatus,</span> <span class='ocrx_word' id='word_1_718' title='bbox 1587 5134 1634 5188; x_wconf 87' lang='lat' dir='ltr'>si</span> <span class='ocrx_word' id='word_1_719' title='bbox 1655 5149 1790 5189; x_wconf 90' lang='lat' dir='ltr'>eum</span> <span class='ocrx_word' id='word_1_720' title='bbox 1810 5135 1971 5188; x_wconf 84' lang='lat' dir='ltr'>inﬁr-</span> 
     </span>
    </p>
   </div>
   <div class='ocr_carea' id='block_1_100' title="bbox 334 5216 1970 5291">
    <p class='ocr_par' dir='ltr' id='par_1_100' title="bbox 334 5216 1970 5291">
     <span class='ocr_line' id='line_1_100' title="bbox 334 5216 1970 5291; baseline -0.001 -13"><span class='ocrx_word' id='word_1_721' title='bbox 334 5223 532 5289; x_wconf 89' lang='lat' dir='ltr'>mitas,</span> <span class='ocrx_word' id='word_1_722' title='bbox 567 5224 669 5274; x_wconf 89' lang='lat' dir='ltr'>aut</span> <span class='ocrx_word' id='word_1_723' title='bbox 699 5216 813 5272; x_wconf 87' lang='lat' dir='ltr'>alia</span> <span class='ocrx_word' id='word_1_724' title='bbox 860 5217 1051 5290; x_wconf 90' lang='lat' dir='ltr'>gravis</span> <span class='ocrx_word' id='word_1_725' title='bbox 1096 5221 1406 5276; x_wconf 86' lang='lat' dir='ltr'>necessitas</span> <span class='ocrx_word' id='word_1_726' title='bbox 1464 5239 1579 5276; x_wconf 90' lang='lat' dir='ltr'>non</span> <span class='ocrx_word' id='word_1_727' title='bbox 1633 5222 1970 5291; x_wconf 86' lang='lat' dir='ltr'>detinuerit,</span> 
     </span>
    </p>
   </div>
   <div class='ocr_carea' id='block_1_101' title="bbox 331 5305 1977 5378">
    <p class='ocr_par' dir='ltr' id='par_1_101' title="bbox 331 5305 1977 5378">
     <span class='ocr_line' id='line_1_101' title="bbox 331 5305 1977 5378; baseline -0.002 -10"><span class='ocrx_word' id='word_1_728' title='bbox 331 5311 538 5368; x_wconf 90' lang='lat' dir='ltr'>adesse</span> <span class='ocrx_word' id='word_1_729' title='bbox 568 5305 831 5374; x_wconf 90' lang='lat' dir='ltr'>debebit;</span> <span class='ocrx_word' id='word_1_730' title='bbox 865 5306 958 5375; x_wconf 91' lang='lat' dir='ltr'>qui</span> <span class='ocrx_word' id='word_1_731' title='bbox 983 5305 1131 5362; x_wconf 88' lang='lat' dir='ltr'>ultra</span> <span class='ocrx_word' id='word_1_732' title='bbox 1161 5309 1466 5378; x_wconf 66' lang='lat' dir='ltr'>provinciae</span> <span class='ocrx_word' id='word_1_733' title='bbox 1497 5310 1783 5365; x_wconf 89' lang='lat' dir='ltr'>terminos</span> <span class='ocrx_word' id='word_1_734' title='bbox 1808 5327 1977 5365; x_wconf 87' lang='lat' dir='ltr'>accu-</span> 
     </span>
    </p>
   </div>
   <div class='ocr_carea' id='block_1_102' title="bbox 330 5393 1973 5468">
    <p class='ocr_par' dir='ltr' id='par_1_102' title="bbox 330 5393 1973 5468">
     <span class='ocr_line' id='line_1_102' title="bbox 330 5393 1973 5468; baseline -0.001 -14"><span class='ocrx_word' id='word_1_735' title='bbox 330 5397 500 5458; x_wconf 87' lang='lat' dir='ltr'>sandi</span> <span class='ocrx_word' id='word_1_736' title='bbox 535 5399 669 5450; x_wconf 86' lang='lat' dir='ltr'>ante</span> <span class='ocrx_word' id='word_1_737' title='bbox 700 5393 930 5451; x_wconf 88' lang='lat' dir='ltr'>licentia</span> <span class='ocrx_word' id='word_1_738' title='bbox 963 5412 1076 5451; x_wconf 88' lang='lat' dir='ltr'>non</span> <span class='ocrx_word' id='word_1_739' title='bbox 1125 5403 1234 5464; x_wconf 89' lang='lat' dir='ltr'>est,</span> <span class='ocrx_word' id='word_1_740' title='bbox 1267 5415 1445 5468; x_wconf 89' lang='lat' dir='ltr'>quam</span> <span class='ocrx_word' id='word_1_741' title='bbox 1478 5397 1778 5452; x_wconf 90' lang='lat' dir='ltr'>audientia</span> <span class='ocrx_word' id='word_1_742' title='bbox 1807 5414 1973 5468; x_wconf 88' lang='lat' dir='ltr'>roge-</span> 
     </span>
    </p>
   </div>
   <div class='ocr_carea' id='block_1_103' title="bbox 327 5484 1970 5557">
    <p class='ocr_par' dir='ltr' id='par_1_103' title="bbox 327 5484 1970 5557">
     <span class='ocr_line' id='line_1_103' title="bbox 327 5484 1970 5557; baseline -0.001 -15"><span class='ocrx_word' id='word_1_743' title='bbox 327 5493 444 5542; x_wconf 90' lang='lat' dir='ltr'>tur.</span> <span class='ocrx_word' id='word_1_744' title='bbox 483 5506 509 5530; x_wconf 85' lang='lat'>»</span> <span class='ocrx_word' id='word_1_745' title='bbox 547 5485 683 5538; x_wconf 70' lang='lat' dir='ltr'>Item</span> <span class='ocrx_word' id='word_1_746' title='bbox 715 5484 888 5540; x_wconf 89' lang='lat' dir='ltr'>Gaius</span> <span class='ocrx_word' id='word_1_747' title='bbox 919 5487 1091 5557; x_wconf 86' lang='lat' dir='ltr'>(epist.</span> <span class='ocrx_word' id='word_1_748' title='bbox 1147 5487 1374 5555; x_wconf 80' lang='lat' dir='ltr'>unica):</span> <span class='ocrx_word' id='word_1_749' title='bbox 1413 5509 1441 5535; x_wconf 93' lang='grc'>‹‹</span> <span class='ocrx_word' id='word_1_750' title='bbox 1493 5486 1675 5540; x_wconf 90' lang='lat' dir='ltr'>Nemo</span> <span class='ocrx_word' id='word_1_751' title='bbox 1708 5503 1970 5556; x_wconf 89' lang='lat' dir='ltr'>unquam</span> 
     </span>
    </p>
   </div>
   <div class='ocr_carea' id='block_1_104' title="bbox 325 5573 1971 5645">
    <p class='ocr_par' dir='ltr' id='par_1_104' title="bbox 325 5573 1971 5645">
     <span class='ocr_line' id='line_1_104' title="bbox 325 5573 1971 5645; baseline 0 -15"><span class='ocrx_word' id='word_1_752' title='bbox 325 5575 662 5645; x_wconf 84' lang='lat' dir='ltr'>episcopum</span> <span class='ocrx_word' id='word_1_753' title='bbox 687 5575 834 5645; x_wconf 81' lang='lat' dir='ltr'>apud</span> <span class='ocrx_word' id='word_1_754' title='bbox 863 5576 1091 5645; x_wconf 78' lang='lat' dir='ltr'>judices</span> <span class='ocrx_word' id='word_1_755' title='bbox 1110 5575 1532 5629; x_wconf 66' lang='lat' dir='ltr'>smeularesaut</span> <span class='ocrx_word' id='word_1_756' title='bbox 1553 5573 1697 5627; x_wconf 88' lang='lat' dir='ltr'>alios</span> <span class='ocrx_word' id='word_1_757' title='bbox 1723 5574 1971 5630; x_wconf 88' lang='lat' dir='ltr'>cluricos</span> 
     </span>
    </p>
   </div>
   <div class='ocr_carea' id='block_1_105' title="bbox 329 5663 1972 5736">
    <p class='ocr_par' dir='ltr' id='par_1_105' title="bbox 329 5663 1972 5736">
     <span class='ocr_line' id='line_1_105' title="bbox 329 5663 1972 5736; baseline -0.001 -18"><span class='ocrx_word' id='word_1_758' title='bbox 329 5677 601 5718; x_wconf 88' lang='lat' dir='ltr'>accusare</span> <span class='ocrx_word' id='word_1_759' title='bbox 630 5669 958 5734; x_wconf 71' lang='lat' dir='ltr'>praesumat.</span> <span class='ocrx_word' id='word_1_760' title='bbox 994 5687 1020 5713; x_wconf 87' lang='grc'><strong>››</strong></span> <span class='ocrx_word' id='word_1_761' title='bbox 1055 5663 1417 5736; x_wconf 77' lang='lat' dir='ltr'>Zephyrinus</span> <span class='ocrx_word' id='word_1_762' title='bbox 1446 5664 1626 5731; x_wconf 84' lang='lat' dir='ltr'>(epist.</span> <span class='ocrx_word' id='word_1_763' title='bbox 1655 5663 1739 5732; x_wconf 89' lang='lat'><strong>1):</strong></span> <span class='ocrx_word' id='word_1_764' title='bbox 1780 5683 1802 5710; x_wconf 74' lang='grc' dir='ltr'><strong>α</strong></span> <span class='ocrx_word' id='word_1_765' title='bbox 1837 5663 1972 5720; x_wconf 88' lang='lat' dir='ltr'>Nul-</span> 
     </span>
    </p>
   </div>
   <div class='ocr_carea' id='block_1_106' title="bbox 2084 4689 3725 4767">
    <p class='ocr_par' dir='ltr' id='par_1_106' title="bbox 2084 4689 3725 4767">
     <span class='ocr_line' id='line_1_106' title="bbox 2084 4689 3725 4767; baseline 0.005 -24"><span class='ocrx_word' id='word_1_766' title='bbox 2084 4689 2358 4753; x_wconf 88' lang='lat' dir='ltr'>fatentur,</span> <span class='ocrx_word' id='word_1_767' title='bbox 2393 4689 2546 4759; x_wconf 90' lang='lat' dir='ltr'>quod</span> <span class='ocrx_word' id='word_1_768' title='bbox 2580 4704 2785 4743; x_wconf 90' lang='lat' dir='ltr'>omnes</span> <span class='ocrx_word' id='word_1_769' title='bbox 2835 4689 3091 4760; x_wconf 71' lang='lat' dir='ltr'>praedicti</span> <span class='ocrx_word' id='word_1_770' title='bbox 3131 4691 3385 4764; x_wconf 81' lang='lat' dir='ltr'>episcOpi</span> <span class='ocrx_word' id='word_1_771' title='bbox 3418 4709 3552 4749; x_wconf 90' lang='lat' dir='ltr'>cum</span> <span class='ocrx_word' id='word_1_772' title='bbox 3582 4695 3725 4767; x_wconf 90' lang='lat' dir='ltr'>ipsis</span> 
     </span>
    </p>
   </div>
   <div class='ocr_carea' id='block_1_107' title="bbox 2085 4776 3725 4856">
    <p class='ocr_par' dir='ltr' id='par_1_107' title="bbox 2085 4776 3725 4856">
     <span class='ocr_line' id='line_1_107' title="bbox 2085 4776 3725 4856; baseline 0.004 -22"><span class='ocrx_word' id='word_1_773' title='bbox 2085 4779 2485 4850; x_wconf 83' lang='lat' dir='ltr'>pontiﬁcibus,</span> <span class='ocrx_word' id='word_1_774' title='bbox 2520 4793 2622 4847; x_wconf 92' lang='lat' dir='ltr'>pro</span> <span class='ocrx_word' id='word_1_775' title='bbox 2655 4776 2834 4832; x_wconf 86' lang='lat' dir='ltr'>illatis</span> <span class='ocrx_word' id='word_1_776' title='bbox 2860 4780 3164 4848; x_wconf 87' lang='lat' dir='ltr'>jurassent</span> <span class='ocrx_word' id='word_1_777' title='bbox 3184 4781 3725 4856; x_wconf 89' lang='lat' dir='ltr'>criminibus,quasi</span> 
     </span>
    </p>
   </div>
   <div class='ocr_carea' id='block_1_108' title="bbox 2085 4864 3724 4944">
    <p class='ocr_par' dir='ltr' id='par_1_108' title="bbox 2085 4864 3724 4944">
     <span class='ocr_line' id='line_1_108' title="bbox 2085 4864 3724 4944; baseline 0.004 -22"><span class='ocrx_word' id='word_1_778' title='bbox 2085 4885 2200 4923; x_wconf 90' lang='lat' dir='ltr'>non</span> <span class='ocrx_word' id='word_1_779' title='bbox 2233 4883 2332 4922; x_wconf 92' lang='lat' dir='ltr'>eos</span> <span class='ocrx_word' id='word_1_780' title='bbox 2353 4864 2588 4938; x_wconf 88' lang='lat' dir='ltr'>propria</span> <span class='ocrx_word' id='word_1_781' title='bbox 2605 4869 3013 4924; x_wconf 88' lang='lat' dir='ltr'>tantummodo</span> <span class='ocrx_word' id='word_1_782' title='bbox 3034 4869 3360 4926; x_wconf 87' lang='lat' dir='ltr'>absolveret</span> <span class='ocrx_word' id='word_1_783' title='bbox 3389 4872 3724 4944; x_wconf 85' lang='lat' dir='ltr'>satisfactio,</span> 
     </span>
    </p>
   </div>
   <div class='ocr_carea' id='block_1_109' title="bbox 2086 4954 3725 5025">
    <p class='ocr_par' dir='ltr' id='par_1_109' title="bbox 2086 4954 3725 5025">
     <span class='ocr_line' id='line_1_109' title="bbox 2086 4954 3725 5025; baseline 0.005 -15"><span class='ocrx_word' id='word_1_784' title='bbox 2086 4955 2199 5010; x_wconf 90' lang='lat' dir='ltr'>nisi</span> <span class='ocrx_word' id='word_1_785' title='bbox 2233 4954 2341 5009; x_wconf 87' lang='lat' dir='ltr'>hoc</span> <span class='ocrx_word' id='word_1_786' title='bbox 2393 4955 2572 5008; x_wconf 88' lang='lat' dir='ltr'>etiam</span> <span class='ocrx_word' id='word_1_787' title='bbox 2623 4955 3027 5025; x_wconf 56' lang='lat' dir='ltr'>praedictorum</span> <span class='ocrx_word' id='word_1_788' title='bbox 3079 4960 3435 5015; x_wconf 85' lang='lat' dir='ltr'>confratrum</span> <span class='ocrx_word' id='word_1_789' title='bbox 3469 4961 3725 5019; x_wconf 84' lang='lat' dir='ltr'>ﬁrmaret</span> 
     </span>
    </p>
   </div>
   <div class='ocr_carea' id='block_1_110' title="bbox 2076 5043 3721 5123">
    <p class='ocr_par' dir='ltr' id='par_1_110' title="bbox 2076 5043 3721 5123">
     <span class='ocr_line' id='line_1_110' title="bbox 2076 5043 3721 5123; baseline 0.005 -25"><span class='ocrx_word' id='word_1_790' title='bbox 2076 5043 2317 5115; x_wconf 85' lang='lat' dir='ltr'>juratio.</span> <span class='ocrx_word' id='word_1_791' title='bbox 2353 5043 2531 5098; x_wconf 89' lang='lat' dir='ltr'>Nobis</span> <span class='ocrx_word' id='word_1_792' title='bbox 2567 5047 2759 5098; x_wconf 87' lang='lat' dir='ltr'>tamen</span> <span class='ocrx_word' id='word_1_793' title='bbox 2809 5047 2962 5116; x_wconf 88' lang='lat' dir='ltr'>quod</span> <span class='ocrx_word' id='word_1_794' title='bbox 3009 5045 3092 5102; x_wconf 91' lang='lat' dir='ltr'>sic</span> <span class='ocrx_word' id='word_1_795' title='bbox 3141 5047 3586 5121; x_wconf 85' lang='lat' dir='ltr'>intelligendum</span> <span class='ocrx_word' id='word_1_796' title='bbox 3629 5051 3721 5123; x_wconf 88' lang='lat' dir='ltr'>sit,</span> 
     </span>
    </p>
   </div>
   <div class='ocr_carea' id='block_1_111' title="bbox 2085 5132 3724 5212">
    <p class='ocr_par' dir='ltr' id='par_1_111' title="bbox 2085 5132 3724 5212">
     <span class='ocr_line' id='line_1_111' title="bbox 2085 5132 3724 5212; baseline 0.006 -26"><span class='ocrx_word' id='word_1_797' title='bbox 2085 5148 2282 5188; x_wconf 91' lang='lat' dir='ltr'>revera</span> <span class='ocrx_word' id='word_1_798' title='bbox 2304 5149 2416 5186; x_wconf 89' lang='lat' dir='ltr'>non</span> <span class='ocrx_word' id='word_1_799' title='bbox 2451 5135 2628 5203; x_wconf 89' lang='lat' dir='ltr'>patet.</span> <span class='ocrx_word' id='word_1_800' title='bbox 2663 5132 2841 5188; x_wconf 87' lang='lat' dir='ltr'>Plane</span> <span class='ocrx_word' id='word_1_801' title='bbox 2869 5135 3023 5189; x_wconf 83' lang='lat' dir='ltr'>enim</span> <span class='ocrx_word' id='word_1_802' title='bbox 3049 5152 3083 5190; x_wconf 90' lang='lat' dir='ltr'>a</span> <span class='ocrx_word' id='word_1_803' title='bbox 3113 5136 3407 5207; x_wconf 71' lang='lat' dir='ltr'>praedictis</span> <span class='ocrx_word' id='word_1_804' title='bbox 3435 5139 3724 5212; x_wconf 90' lang='lat' dir='ltr'>episcopis</span> 
     </span>
    </p>
   </div>
   <div class='ocr_carea' id='block_1_112' title="bbox 2085 5220 3721 5298">
    <p class='ocr_par' dir='ltr' id='par_1_112' title="bbox 2085 5220 3721 5298">
     <span class='ocr_line' id='line_1_112' title="bbox 2085 5220 3721 5298; baseline 0.006 -22"><span class='ocrx_word' id='word_1_805' title='bbox 2085 5220 2389 5293; x_wconf 61' lang='lat' dir='ltr'>praedictos</span> <span class='ocrx_word' id='word_1_806' title='bbox 2412 5222 2711 5290; x_wconf 86' lang='lat' dir='ltr'>pontifices</span> <span class='ocrx_word' id='word_1_807' title='bbox 2727 5227 3007 5295; x_wconf 87' lang='lat' dir='ltr'>purgatos</span> <span class='ocrx_word' id='word_1_808' title='bbox 3023 5224 3368 5296; x_wconf 90' lang='lat' dir='ltr'>accipimus,</span> <span class='ocrx_word' id='word_1_809' title='bbox 3388 5227 3437 5282; x_wconf 89' lang='lat' dir='ltr'>si</span> <span class='ocrx_word' id='word_1_810' title='bbox 3461 5228 3721 5298; x_wconf 89' lang='lat' dir='ltr'>ipsorum</span> 
     </span>
    </p>
   </div>
   <div class='ocr_carea' id='block_1_113' title="bbox 2083 5311 3721 5389">
    <p class='ocr_par' dir='ltr' id='par_1_113' title="bbox 2083 5311 3721 5389">
     <span class='ocr_line' id='line_1_113' title="bbox 2083 5311 3721 5389; baseline 0.006 -23"><span class='ocrx_word' id='word_1_811' title='bbox 2083 5311 2475 5382; x_wconf 85' lang='lat' dir='ltr'>suggestione,</span> <span class='ocrx_word' id='word_1_812' title='bbox 2493 5313 2727 5384; x_wconf 88' lang='lat' dir='ltr'>propria</span> <span class='ocrx_word' id='word_1_813' title='bbox 2742 5314 3150 5368; x_wconf 87' lang='lat' dir='ltr'>tantummodo</span> <span class='ocrx_word' id='word_1_814' title='bbox 3164 5315 3562 5373; x_wconf 86' lang='lat' dir='ltr'>satisfactione</span> <span class='ocrx_word' id='word_1_815' title='bbox 3579 5318 3721 5389; x_wconf 92' lang='lat' dir='ltr'>ipsis</span> 
     </span>
    </p>
   </div>
   <div class='ocr_carea' id='block_1_114' title="bbox 2082 5400 3720 5466">
    <p class='ocr_par' dir='ltr' id='par_1_114' title="bbox 2082 5400 3720 5466">
     <span class='ocr_line' id='line_1_114' title="bbox 2082 5400 3720 5466; baseline 0.005 -12"><span class='ocrx_word' id='word_1_816' title='bbox 2082 5400 2256 5454; x_wconf 87' lang='lat' dir='ltr'>etiam</span> <span class='ocrx_word' id='word_1_817' title='bbox 2289 5400 2636 5466; x_wconf 89' lang='lat' dir='ltr'>faventibus,</span> <span class='ocrx_word' id='word_1_818' title='bbox 2685 5417 2785 5456; x_wconf 89' lang='lat' dir='ltr'>eos</span> <span class='ocrx_word' id='word_1_819' title='bbox 2827 5401 3048 5456; x_wconf 91' lang='lat' dir='ltr'>alienos</span> <span class='ocrx_word' id='word_1_820' title='bbox 3096 5419 3131 5456; x_wconf 90' lang='lat' dir='ltr'>a</span> <span class='ocrx_word' id='word_1_821' title='bbox 3168 5403 3515 5461; x_wconf 89' lang='lat' dir='ltr'>criminibus</span> <span class='ocrx_word' id='word_1_822' title='bbox 3545 5407 3720 5464; x_wconf 89' lang='lat' dir='ltr'>fuisse</span> 
     </span>
    </p>
   </div>
   <div class='ocr_carea' id='block_1_115' title="bbox 2081 5488 3719 5561">
    <p class='ocr_par' dir='ltr' id='par_1_115' title="bbox 2081 5488 3719 5561">
     <span class='ocr_line' id='line_1_115' title="bbox 2081 5488 3719 5561; baseline 0.006 -20"><span class='ocrx_word' id='word_1_823' title='bbox 2081 5488 2379 5544; x_wconf 85' lang='lat' dir='ltr'>firmatum</span> <span class='ocrx_word' id='word_1_824' title='bbox 2411 5494 2519 5545; x_wconf 90' lang='lat' dir='ltr'>est.</span> <span class='ocrx_word' id='word_1_825' title='bbox 2553 5490 2662 5544; x_wconf 90' lang='lat' dir='ltr'>Sed</span> <span class='ocrx_word' id='word_1_826' title='bbox 2696 5489 2745 5544; x_wconf 91' lang='lat' dir='ltr'>si</span> <span class='ocrx_word' id='word_1_827' title='bbox 2787 5506 2890 5559; x_wconf 88' lang='lat' dir='ltr'>pro</span> <span class='ocrx_word' id='word_1_828' title='bbox 2923 5489 3174 5559; x_wconf 88' lang='lat' dir='ltr'>alicujus</span> <span class='ocrx_word' id='word_1_829' title='bbox 3195 5491 3344 5561; x_wconf 88' lang='lat' dir='ltr'>justi</span> <span class='ocrx_word' id='word_1_830' title='bbox 3391 5493 3719 5551; x_wconf 89' lang='lat' dir='ltr'>innocentia</span> 
     </span>
    </p>
   </div>
   <div class='ocr_carea' id='block_1_116' title="bbox 2080 5577 3718 5649">
    <p class='ocr_par' dir='ltr' id='par_1_116' title="bbox 2080 5577 3718 5649">
     <span class='ocr_line' id='line_1_116' title="bbox 2080 5577 3718 5649; baseline 0.006 -18"><span class='ocrx_word' id='word_1_831' title='bbox 2080 5577 2250 5631; x_wconf 78' lang='lat' dir='ltr'>alicui</span> <span class='ocrx_word' id='word_1_832' title='bbox 2275 5578 2494 5649; x_wconf 86' lang='lat' dir='ltr'>placuit</span> <span class='ocrx_word' id='word_1_833' title='bbox 2506 5583 2937 5633; x_wconf 86' lang='lat' dir='ltr'>sacramentum</span> <span class='ocrx_word' id='word_1_834' title='bbox 2961 5579 3213 5649; x_wconf 77' lang='lat' dir='ltr'>praebere</span> <span class='ocrx_word' id='word_1_835' title='bbox 3234 5579 3533 5638; x_wconf 89' lang='lat' dir='ltr'>charitatis</span> <span class='ocrx_word' id='word_1_836' title='bbox 3546 5600 3718 5641; x_wconf 87' lang='lat' dir='ltr'>causa</span> 
     </span>
    </p>
   </div>
   <div class='ocr_carea' id='block_1_117' title="bbox 2080 5666 3716 5740">
    <p class='ocr_par' dir='ltr' id='par_1_117' title="bbox 2080 5666 3716 5740">
     <span class='ocr_line' id='line_1_117' title="bbox 2080 5666 3716 5740; baseline 0.007 -21"><span class='ocrx_word' id='word_1_837' title='bbox 2080 5671 2145 5721; x_wconf 87' lang='lat' dir='ltr'>ut</span> <span class='ocrx_word' id='word_1_838' title='bbox 2174 5683 2307 5722; x_wconf 91' lang='lat' dir='ltr'>eum</span> <span class='ocrx_word' id='word_1_839' title='bbox 2334 5667 2420 5722; x_wconf 90' lang='lat' dir='ltr'>vel</span> <span class='ocrx_word' id='word_1_840' title='bbox 2444 5667 2527 5721; x_wconf 91' lang='lat' dir='ltr'>sic</span> <span class='ocrx_word' id='word_1_841' title='bbox 2551 5683 2585 5721; x_wconf 88' lang='lat' dir='ltr'>a</span> <span class='ocrx_word' id='word_1_842' title='bbox 2606 5666 3096 5737; x_wconf 87' lang='lat' dir='ltr'>persequentibus</span> <span class='ocrx_word' id='word_1_843' title='bbox 3115 5667 3408 5740; x_wconf 87' lang='lat' dir='ltr'>liberaret,</span> <span class='ocrx_word' id='word_1_844' title='bbox 3433 5672 3716 5730; x_wconf 86' lang='lat' dir='ltr'>omnimo-</span> 
     </span>
    </p>
   </div>
  </div>
