3956 6230
117 398 199 457 57
1022 397 1124 457 DE
1172 396 1599 460 PltESSURlS
1645 396 2294 460 ECCLESIASTICIS.
2325 430 2404 445 —-
2434 397 2634 461 PARS
2677 399 2726 460 Ι.
3502 400 3578 461 58

124 526 217 583 dis
246 526 511 600 (placet.
546 527 969 586 Verumtamen
996 528 1130 585 licet
1159 546 1560 601 perversorum
1584 530 1822 587 infesta-
1853 531 1907 595 Α
1939 531 2172 602 propria
2196 530 2381 585 solum
2413 547 2587 586 manu
2623 528 2880 603 praestito
2910 533 3274 586 sacramento
3305 530 3580 586 omnibus

124 618 293 673 tione
328 618 395 672 in
437 618 767 689 primitiva]
830 619 1089 673 Ecclesia
1147 620 1257 674 hoc
1316 621 1437 674 fieri
1495 620 1815 691 potuisset;
1932 620 2230 674 satisfecit.
2266 620 2548 675 Similiter
2576 626 2629 674 et
2665 620 3015 675 venerabilis
3048 637 3196 691 papa
3230 620 3364 688 Leo,
3389 636 3522 675 cum
3546 636 3579 675 a

128 707 405 779 [nullum
434 714 643 763 tamen
666 708 1025 779 exemplum]
1048 709 1104 763 in
1131 714 1426 780 posterum
1452 709 1699 779 relinqui
1721 710 1818 763 de-
1928 710 2283 780 quibusdam
2319 708 2597 765 falsidicis
2632 710 2701 764 de
2733 709 2977 764 crimine
3008 710 3182 763 etiam
3217 708 3575 778 fatigaretur,

132 797 290 851 buit.
327 799 465 861 Quo
498 798 725 852 etenim
758 804 962 853 sancto
996 797 1263 863 concilio,
1296 798 1384 852 vel
1426 799 1594 868 cujus
1626 798 1820 852 catbo-
1929 816 2033 854 suo
2066 803 2295 852 tantum
2330 804 2612 869 purgatus
2646 804 2731 853 est
2770 810 3153 853 sacramento.
3189 799 3396 853 Beatus
3430 815 3577 869 quo-

129 886 232 942 lici
256 891 316 941 et
339 886 605 957 apostoli
635 887 743 941 viri
766 888 997 941 decreto
1037 886 1326 941 sancitum
1368 888 1463 951 sit,
1490 886 1820 941 sacerdotes
1928 903 2040 958 que
2065 888 2397 957 Gregorius,
2416 887 2761 943 universalis
2784 892 2980 960 pastor
3002 887 3264 942 Ecclesiae
3286 892 3353 942 et
3382 888 3439 942 in
3464 889 3581 943 dis-

134 974 238 1029 Dei
263 992 300 1029 a
320 976 691 1030 criminibus
717 975 937 1031 absolvi
965 992 1081 1029 non
1108 992 1298 1046 posse,
1324 976 1435 1030 nisi
1461 976 1818 1031 confratrum
1928 976 2216 1031 cutiendis
2246 978 2607 1031 sacerdotum
2636 976 2981 1030 criminibus
3006 976 3423 1048 sagacissimus
3448 994 3576 1047 per-

132 1063 586 1134 satisfactione,
614 1065 847 1136 penitus
869 1065 1231 1135 ignoramus.
1276 1068 1419 1119 Cum
1443 1064 1596 1118 enim
1622 1080 1818 1119 sacra—
1929 1071 2235 1129 scrutator,
2262 1066 2715 1137 quibuscunque
2749 1070 3049 1121 accusatos
3081 1065 3427 1120 criminibus
3449 1070 3578 1137 post

136 1158 348 1207 menta
380 1154 673 1209 omnibus
722 1154 1036 1209 interdicta
1084 1154 1205 1208 sint
1252 1154 1619 1217 Christianis,
1654 1152 1818 1207 valde
1927 1158 2115 1209 actam
2151 1155 2609 1209 satisfactionem
2641 1154 2799 1209 omni
2855 1155 3069 1209 honore
3101 1155 3400 1210 habendos
3433 1172 3573 1210 con-

133 1242 557 1312 perniciosum
585 1248 674 1298 est
701 1245 1033 1298 sacerdotes
1078 1244 1148 1297 ad
1183 1242 1301 1297 haec
1332 1243 1509 1296 etiam
1544 1242 1688 1296 alios
1719 1257 1818 1295 co—
1926 1243 2285 1298 stantissime
2319 1244 2689 1315 praedicabat.
2735 1244 2895 1307 Quod
2929 1244 3101 1299 etiam
3153 1245 3223 1298 de
3272 1245 3456 1300 Leone
3487 1260 3577 1299 ve-

138 1346 305 1402 gere,
338 1333 506 1387 unde
537 1337 660 1388 tam
690 1349 753 1387 se
780 1332 1094 1395 custodire,
1128 1348 1306 1403 quam
1338 1336 1395 1386 et
1426 1331 1567 1386 alios
1598 1332 1811 1385 debue-
1926 1332 2170 1385 nerabili
2230 1334 2522 1405 episcopo,
2586 1339 2640 1388 et
2700 1337 2903 1387 Menna
2960 1350 3182 1388 necnon
3234 1338 3287 1387 et
3319 1333 3571 1388 Maximo

140 1425 281 1475 rant
303 1438 580 1492 arguere.
604 1423 697 1476 Ait
723 1422 1003 1476 Dominus
1046 1421 1103 1475 in
1129 1420 1467 1491 Evangelia:
1495 1421 1599 1490 Ego
1629 1429 1818 1475 autem
1926 1420 2262 1475 Salonitano
2303 1423 2573 1494 episcopo
2607 1421 2808 1477 multis
2858 1422 3204 1477 criminibus
3249 1424 3403 1493 apud
3436 1438 3571 1477 eum

142 1509 265 1564 dico
296 1511 475 1577 vobis,
520 1527 633 1565 non
690 1512 878 1578 iurare
933 1512 1158 1564 omnino
1216 1509 1422 1579 (Matth.
1486 1527 1541 1574 v,
1606 1510 1717 1577 31).
1753 1510 1818 1562 Et

143 1598 412 1653 Jacobus
447 1599 753 1670 apostolus
806 1604 1240 1654 sacramentum
1293 1598 1601 1669 perhibens
1636 1596 1813 1651 dicit:

144 1688 287 1743 Ante
318 1690 538 1753 omnia,
568 1692 771 1758 fratres
803 1690 933 1755 mei,
982 1689 1154 1742 nolite
1197 1689 1398 1757 jurare
1444 1690 1584 1756 (Jac.
1616 1704 1670 1749 v,
1705 1688 1811 1756 12).

145 1778 217 1831 Et
243 1778 565 1833 Cornelius
612 1794 760 1848 papa
810 1778 893 1831 ait
939 1779 1115 1847 (epist.
1147 1780 1241 1843 2):
1296 1800 1321 1825 ‹‹
1370 1777 1813 1830 Sacramentum

1926 1515 2215 1575 accusata,
2250 1513 2589 1582 cartcrisque
2623 1511 3022 1583 compluribus
3054 1511 3477 1577 sacerdotibus,
3512 1512 3569 1565 in

1925 1598 2154 1669 paginis
2186 1600 2277 1653 sui
2311 1600 2538 1671 registri
2574 1599 2937 1654 lucidissime
2991 1600 3417 1672 conspeximus.
3467 1600 3576 1653 Ve-

1924 1693 2255 1743 rumtamen
2283 1689 2329 1742 si
2357 1688 2731 1743 sacerdotalis
2756 1690 3129 1758 statusjuxta
3152 1704 3459 1761 pravorum
3487 1705 3578 1743 ex-

1925 1776 2258 1845 quireretur
2288 1778 2399 1847 (3ft)
2431 1779 2808 1843 voluntatem,
2856 1782 2955 1833 aut
2986 1778 3096 1849 vix,
3130 1782 3229 1833 aut
3258 1778 3455 1833 nullus
3487 1778 3576 1832 in-

145 1866 452 1921 bactenus
483 1884 520 1921 a
549 1866 795 1921 summis
817 1866 1220 1921 sacerdotibus
1242 1866 1412 1935 exigi,
1440 1865 1550 1918 nisi
1574 1882 1676 1935 pro
1702 1865 1812 1919 flde
1850 1901 1895 1963 B
1925 1866 2220 1921 veniretur
2251 1867 2541 1921 sacerdos.

147 1962 311 2011 recta
342 1957 597 2011 minime
627 1957 1023 2026 cognovimus,
1061 1972 1163 2010 nec
1214 1960 1421 2027 sponte
1464 1970 1563 2010 eos
1586 1955 1819 2023 jurasse

143 2046 506 2117 reperimus.
534 2067 563 2094 »
589 2046 698 2100 Sed
723 2050 779 2099 et
804 2045 937 2115 quis
962 2045 1203 2099 adverso
1223 2044 1817 2115 principe,judicibus

150 2150 390 2205 quoque
423 2134 682 2201 infestis,
724 2138 903 2188 testes
955 2150 1153 2188 secum
1205 2133 1526 2187 conducere
1567 2131 1717 2185 valet
1745 2132 1813 2185 ad

149 2239 394 2277 causam
417 2223 446 2276 ?
470 2222 753 2293 Nunquid
775 2222 991 2294 Joseph
1042 2222 1345 2276 mentienti
1368 2222 1619 2275 dominae
1643 2225 1818 2275 testes

149 2328 451 2383 opponere
491 2312 704 2383 potuit,
740 2327 812 2366 ne
842 2311 1092 2366 carceris
1126 2314 1371 2366 sentiret
1410 2310 1684 2378 injuriam
1715 2311 1738 2363 Ρ
1765 2314 1820 2363 et

150 2405 353 2454 tamen
378 2402 588 2470 justus
617 2400 896 2454 inventus
928 2406 1033 2453 est.
1088 2400 1311 2454 Carceri
1366 2399 1600 2469 quidem
1632 2398 1821 2469 potuit

152 2488 507 2560 mancipari,
532 2490 632 2544 sed
652 2494 847 2543 tamen
865 2488 1098 2543 crimini
1118 2488 1278 2543 nullo
1300 2489 1471 2543 modo
1490 2486 1816 2557 subjugari.

152 2576 567 2633 Valueruntne
615 2578 936 2633 Nabuthaeo
986 2582 1164 2632 testes
1212 2594 1569 2641 succurrere,
1604 2592 1736 2630 cum
1771 2575 1820 2629 ei

154 2666 334 2737 regali
361 2667 612 2722 avaritia
633 2666 830 2722 dolose
853 2667 1146 2737 abjectum
1178 2667 1275 2735 sit,
1303 2668 1458 2737 quod
1485 2664 1818 2720 maledixis-

152 2760 237 2810 set
272 2760 386 2810 Deo
418 2761 478 2811 et
525 2755 698 2827 regi?
740 2758 823 2810 Au
872 2758 1077 2811 beatus
1130 2773 1278 2827 papa
1328 2756 1606 2810 Silverius
1640 2759 1821 2809 testes

153 2846 479 2900 conducere
507 2849 755 2915 poterat,
780 2846 880 2915 qui
905 2844 1237 2915 principum
1277 2844 1542 2912 factione,
1572 2860 1636 2897 eo
1666 2843 1818 2913 quod

153 2934 332 2989 nollet
354 2950 569 2989 eorum
599 2934 792 3005 pravis
814 2934 1045 2988 obedire
1079 2934 1399 2998 mandatis,
1430 2933 1571 2987 false
1593 2934 1663 2987 dc
1688 2949 1819 3003 pro—

154 3020 371 3077 ditione
394 3037 647 3076 suorum
671 3020 1022 3085 concivium,
1047 3019 1287 3091 insuper
1308 3026 1361 3074 et
1382 3021 1643 3090 ipsorum
1665 3020 1821 3089 prin-

152 3110 346 3181 cipum
366 3115 691 3165 accusatus
715 3108 1077 3174 infidelitate,
1105 3126 1237 3164 mox
1260 3109 1447 3163 exsilii
1474 3126 1642 3180 pcena
1661 3109 1819 3163 dam-

152 3202 323 3253 natus
345 3202 456 3265 est,
511 3198 619 3253 sed
670 3198 887 3269 inique.
920 3198 1120 3252 Exsilii
1153 3198 1389 3268 quidem
1424 3213 1654 3268 poenam
1681 3197 1811 3251 ideo

1998 1955 2231 2009 Addunt
2255 1955 2515 2026 insuper,
2542 1956 2818 2025 quoniam
2848 1957 2896 2010 si
2939 1956 3151 2027 aliquis
3188 1956 3442 2011 militum
3479 1974 3577 2012 sa-

1928 2044 2186 2098 cerdotes
2208 2044 2307 2098 Dei
2332 2045 2388 2097 in
2412 2043 2655 2097 crimine
2695 2044 3031 2114 pulsaverit,
3055 2062 3157 2115 per
3192 2062 3444 2115 pugnam
3468 2046 3577 2101 hoc

1929 2132 2210 2201 singulari
2232 2130 2547 2186 certamine
2565 2148 2689 2185 esse
2710 2131 3126 2186 dicernendum
3149 2134 3280 2201 (3:3),
3301 2134 3400 2187 sed
3421 2134 3575 2187 istud

1920 2221 2212 2291 judicium
2266 2220 2656 2291 quorumdam
2713 2220 2993 2274 laicorum
3048 2219 3417 2274 solummodo
3467 2226 3573 2287 est,

1928 2311 2083 2380 quod
2105 2326 2207 2363 nec
2228 2310 2376 2381 ipsis
2396 2310 2570 2363 etiam
2596 2310 2833 2363 omnino
2857 2309 3233 2379 approbatur.
3252 2307 3399 2363 Nam
3423 2325 3574 2380 saepe

1928 2400 2270 2454 innocentes
2316 2398 2473 2465 victi,
2521 2404 2793 2453 nocentes
2830 2414 2962 2452 vero
2983 2397 3227 2452 victores
3264 2396 3323 2451 in
3348 2397 3444 2451 tali
3473 2399 3575 2468 ju-

1928 2486 2077 2542 dicio
2109 2502 2236 2542 esse
2266 2488 2557 2541 videntur.
2597 2488 2738 2540 Dicit
2786 2486 2941 2541 enim
2986 2487 3193 2541 beatus
3225 2486 3574 2556 Gregorius:

1930 2576 2069 2640 Quis
2086 2575 2508 2647 intelligatqme
2524 2591 2650 2630 esse
2666 2575 2810 2630 ratio
2823 2579 3173 2630 secretorum
3191 2578 3400 2645 potest,
3422 2575 3575 2645 quod

1930 2681 2079 2736 εωρο
2102 2665 2401 2733 virjustus
2427 2682 2459 2719 a
2492 2665 2715 2735 judicio
2752 2681 2864 2720 non
2894 2664 3081 2719 solum
3105 2663 3451 2730 vindicatus,
3476 2664 3573 2719 sed

1930 2752 2104 2808 etiam
2140 2754 2382 2825 punitus
2414 2754 2645 2820 redeat;
2681 2759 2735 2808 et
2780 2753 3019 2825 iniquus
3051 2755 3177 2823 ejus
3210 2753 3576 2809 adversarius

1930 2860 2042 2897 non
2076 2841 2267 2897 solum
2302 2860 2415 2896 non
2446 2843 2708 2913 punitur,
2742 2843 2841 2897 sed
2875 2844 3046 2897 etiam
3070 2843 3251 2897 victor
3277 2842 3573 2896 abscedat.

1928 2933 1997 2986 Et
2030 2931 2313 2985 Dominus
2344 2932 2401 2985 in
2434 2931 2761 3002 Evangelia.
2798 2931 3035 2987 Diabolo
3059 2930 3167 2985 sibi
3195 2930 3484 2993 suadenti,
3512 2936 3575 2985 ut

1927 3019 2023 3075 Dei
2050 3018 2259 3075 Filium
2285 3036 2347 3074 se
2369 3036 2495 3074 esse
2518 3020 2586 3073 de
2609 3019 2808 3091 templi
2846 3020 3256 3092 prazcipitando
3279 3020 3459 3091 pinna
3480 3036 3572 3074 os-

1927 3110 2207 3176 tenderet,
2242 3108 2355 3163 ait:
2394 3110 2674 3181 Scriptum
2723 3114 2835 3164 est:
2869 3110 2985 3164 Non
3024 3109 3254 3164 tentabz’s
3286 3109 3574 3164 Dominum

1926 3200 2095 3253 Deum
2111 3202 2265 3251 tnum
2284 3198 2503 3267 (Matth.
2529 3200 2697 3268 1v,6).
2721 3200 2780 3253 In
2806 3214 2921 3270 qua
2940 3203 3061 3253 tam
3086 3197 3369 3268 exemplo,
3396 3214 3570 3268 quam

153 3287 353 3350 subiit,
377 3289 525 3359 quia
548 3286 841 3357 ajustitite
869 3302 931 3341 se
955 3287 1105 3341 tinea
1153 3303 1269 3341 non
1318 3286 1569 3341 retorsit.
1594 3290 1809 3341 Tamen
1841 3271 1883 3338 Ο
1922 3287 2112 3342 verbis
2143 3286 2359 3355 docuit,
2391 3303 2461 3341 ne
2484 3287 2731 3357 alicujus
2763 3286 3000 3358 periculi
3032 3285 3373 3341 discrimina
3404 3287 3575 3341 nobis

154 3375 202 3429 si
232 3375 455 3432 cuihoc
476 3377 751 3447 ignotum
777 3375 970 3445 fuerit,
1008 3375 1199 3447 ipsius
1240 3379 1404 3430 actus
1430 3374 1597 3429 lectio
1622 3375 1813 3446 pleni-

154 3468 242 3519 ter
268 3465 537 3520 indicare
564 3464 799 3519 valebit.

226 3553 397 3607 Multi
430 3554 613 3607 etiam
646 3552 741 3607 alii
772 3553 960 3607 sancti
992 3556 1192 3607 Patres
1230 3558 1349 3607 tam
1382 3552 1607 3607 Veteris
1638 3568 1814 3623 quam

158 3640 296 3695 Novi
330 3641 697 3696 Testamenti
743 3640 995 3696 falsitate
1037 3642 1320 3709 damnati,
1374 3642 1444 3696 ab
1478 3640 1816 3696 infidelibus

160 3730 385 3785 diversa
414 3730 790 3802 pertulerunt
840 3735 1152 3799 tormenta,
1204 3732 1420 3800 quibus
1472 3746 1576 3785 nec
1610 3734 1813 3796 testes,

159 3833 258 3871 nec
287 3820 632 3874 defensores
662 3819 990 3885 adfuerant,
1028 3820 1127 3891 qui
1177 3818 1295 3874 illis
1346 3818 1581 3890 aliquod
1614 3820 1815 3873 defen-

157 3906 325 3961 dendi
371 3913 654 3979 praestare
701 3908 1044 3963 viderentur
1098 3908 1468 3979 suffragium.
1532 3908 1641 3962 Sed
1676 3907 1814 3978 quid

159 3994 324 4065 plura
340 3998 367 4050 ‘t
386 3997 503 4067 Ipsi
528 4012 786 4067 namque
806 3998 990 4052 sancti
1009 3996 1254 4067 apostoli
1277 3997 1621 4051 imminente
1639 4013 1815 4068 praes-

159 4099 312 4150 sura,
336 4086 539 4141 relicto
572 4085 821 4141 Domino
867 4087 1163 4157 fugerunt.
1189 4086 1464 4157 Nunquid
1492 4087 1617 4141 ideo
1642 4102 1815 4141 excu-

161 4174 374 4229 sandus
401 4180 494 4230 est
513 4174 763 4243 Pilatus,
790 4175 875 4230 vel
900 4176 1153 4247 populus
1192 4175 1556 4241 Judaeorum,
1586 4175 1725 4246 quia
1749 4192 1814 4231 eo

162 4268 427 4319 aecusato
448 4268 635 4320 testes
658 4281 693 4319 a
718 4265 933 4335 quibus
974 4263 1374 4320 absolveretur
1394 4264 1591 4318 omnio
1614 4264 1813 4319 defue-

160 4356 307 4421 rant,
339 4354 438 4408 sed
471 4358 813 4421 accusatus,
849 4354 949 4408 sed
974 4352 1301 4424 judicatus,
1336 4354 1434 4409 sed
1464 4353 1817 4408 condemna-

160 4443 269 4510 tus,
295 4442 495 4511 justus
526 4447 585 4499 et
612 4443 738 4498 sine
779 4442 913 4499 dolo
964 4442 1235 4497 inventus
1288 4443 1421 4497 est?
1469 4442 1816 4514 Plerumque

160 4528 306 4586 enim
340 4534 675 4589 secundum
707 4533 945 4588 beatum
997 4532 1345 4603 Gregorium
1388 4530 1507 4603 (lib.
1542 4548 1674 4586 xxxi
1704 4534 1814 4589 Μο-

1925 3375 2213 3447 eligamus
2242 3402 2253 3441 ;
2291 3376 2562 3447 quamvis
2599 3377 2671 3431 ab
2700 3376 2961 3446 ejusdem
3006 3376 3226 3430 Satanae
3254 3375 3388 3429 filiis
3420 3374 3574 3429 mul-

1923 3469 2049 3519 tum
2065 3465 2240 3519 etiam
2265 3464 2490 3527 afflicti,
2514 3464 2621 3518 hoc
2636 3480 2803 3536 agere
2825 3463 3113 3533 hodieque
3130 3462 3573 3534 compellamur,

1924 3569 1990 3608 eo
2008 3553 2159 3625 quod
2180 3569 2247 3606 ea
2265 3569 2389 3623 qua:
2415 3552 2666 3607 dicimus
2682 3568 2741 3608 se
2765 3552 3006 3607 minime
3025 3552 3255 3607 credere
3269 3550 3435 3607 aliter
3452 3568 3580 3623 pos—

1925 3659 1987 3697 se
2016 3646 2318 3697 testentur.
2355 3641 2553 3696 Simile
2583 3659 2714 3697 vero
2748 3658 2814 3696 ea
2860 3641 2917 3695 in
2970 3658 3141 3697 cruce
3171 3640 3359 3713 posito
3388 3641 3575 3697 Judaei

1926 3732 2233 3786 dicebant:
2268 3731 2325 3785 Si
2347 3732 2526 3785 Filius
2543 3733 2638 3785 Dei
2667 3740 2765 3797 est,
2809 3729 3095 3787 descendat
3122 3746 3271 3787 nunc
3301 3730 3365 3786 de
3392 3747 3573 3799 cruce,

1928 3829 1978 3874 (ι
2004 3821 2274 3875 credimus
2315 3824 2385 3874 ei.
2440 3821 2689 3889 Conﬁdit
2736 3822 2795 3874 in
2844 3822 2966 3889 Deo,
3002 3821 3195 3877 liberet
3226 3836 3348 3875 eum
3376 3823 3427 3875 si
3455 3822 3577 3875 vult

1926 3911 2132 3980 (Matth.
2166 3927 2337 3979 xxvu,
2372 3910 2480 3981 Iit).
2517 3909 2677 3973 Quod
2719 3909 3002 3965 Dominus
3024 3910 3294 3981 quamvis
3320 3927 3435 3965 non
3460 3910 3576 3963 im-

1926 3998 2183 4070 pleverit,
2218 4015 2519 4068 nunquam
2543 4003 2737 4053 tamen
2767 3998 2946 4054 Filius
2972 3998 3065 4053 Dei
3085 4015 3211 4053 esse
3234 3998 3435 4055 desiit:
3460 4015 3575 4053 non

1924 4087 2081 4141 enim
2104 4088 2384 4141 Dominus
2417 4087 2613 4141 omnia
2643 4104 2750 4141 suo
2785 4086 3573 4158 praesentijudiciodeclarat,

1925 4176 2023 4230 sed
2048 4180 2343 4247 exspectat
2367 4176 2540 4229 etiam
2564 4174 2818 4245 plurima
2841 4176 2897 4229 in
2922 4176 3205 4243 futurum,
3233 4176 3329 4230 ubi
3354 4175 3577 4230 illumi-

1926 4262 3579 4329 nabitabsconditatenebrarum,etmanifestabitconsilia

1926 4354 2209 4409 cordium.
2225 4354 2463 4408 Occulto
2483 4369 2738 4423 namque
2752 4352 2853 4407 Dei
2868 4352 3094 4422 judicio
3110 4353 3362 4407 Jacobus
3381 4353 3452 4405 ab
3468 4352 3573 4405 He-

1926 4443 2063 4498 rode
2121 4442 2598 4513 comprehcnsus,
2663 4440 2817 4496 illico
2874 4441 3199 4505 occiditur;
3258 4445 3315 4495 et
3371 4440 3574 4494 Petrus

1925 4537 2057 4605 post
2090 4531 2315 4586 Pascha
2342 4531 2779 4601 producendus,
2829 4535 2884 4586 et
2935 4528 2993 4585 in
3055 4544 3282 4584 carcere
3311 4531 3575 4584 servatus

160 4621 436 4693 rat.,‘cap.
465 4624 584 4693 23),
607 4622 790 4693 quieti
812 4627 991 4693 atque
1045 4621 1363 4676 indiscussi
1407 4620 1814 4693 relinquimur,
1851 4638 1896 4701 Ι)
1929 4621 2273 4676 mirabiliter
2302 4620 2522 4675 interea
2578 4620 2878 4689 liberatur,
2932 4637 3063 4675 cum
3120 4634 3297 4672 unam
3331 4621 3575 4689 uterque

162 4706 204 4760 si
224 4708 452 4765 obviare
474 4710 671 4783 pravis
710 4728 815 4782 pro
849 4710 1090 4782 justitia
1114 4727 1229 4765 non
1254 4727 1552 4765 curamus.
1576 4712 1736 4775 Quod
1771 4721 1820 4774 si

163 4792 388 4853 illorum
423 4801 779 4871 redarguere
810 4798 1132 4872 nequitiam
1166 4800 1537 4870 cmperimus,
1566 4798 1720 4855 illico
1744 4802 1815 4856 ab

159 4882 293 4954 ipsis
321 4890 760 4961 persequimur,
790 4893 847 4943 et
875 4888 1053 4944 etiam
1086 4888 1469 4958 infamamur,
1503 4893 1570 4942 ut
1598 4888 1686 4943 vel
1718 4890 1804 4944 sic

160 4971 326 5030 vitam
349 4978 720 5048 reprobando
741 4978 1018 5044 doctoris,
1042 4976 1270 5033 valeant
1293 4993 1659 5049 compescere
1687 4994 1805 5032 ser-

160 5075 377 5119 monem
409 5066 819 5138 correptionis.

223 5153 346 5223 Sed,
379 5159 447 5210 ut
476 5157 549 5211 ad
581 5157 816 5227 incepta
845 5156 1176 5222 redeamus,
1206 5156 1437 5211 nullum
1466 5160 1802 5211 sanctorum

162 5235 383 5297 Patrum
412 5246 541 5315 [pro
573 5261 637 5300 se
668 5245 739 5299 ad
787 5254 1219 5301 sacramentum
1274 5246 1420 5301 alios
1452 5245 1804 5316 protraxisse

160 5330 237 5385 vel
290 5333 570 5393 invitasse
640 5336 959 5407 aliquando
1014 5336 1292 5409 legimus.
1337 5337 1489 5392 Nam
1524 5337 1801 5407 domnus]

165 5432 303 5491 papa
340 5424 611 5496 Pelagius
663 5425 928 5494 quamvis
978 5442 1092 5481 non
1126 5426 1319 5481 solum
1352 5425 1565 5491 invide,
1597 5441 1795 5479 verum

165 5509 218 5559 et
250 5512 563 5582 suspiciose
627 5513 998 5583 [quibusdam
1060 5515 1456 5571 eminentibus
1514 5514 1799 5570 causisin

169 5600 807 5670 mortelpraedecessorls
820 5603 909 5659 sui
924 5620 984 5659 se
996 5605 1389 5662 immiscuisse
1404 5609 1797 5669 accusaretur,

228 5685 331 5758 (34)
360 5691 777 5761 Επᾳωίνθνθίων.
808 5692 999 5754 Codex
1030 5696 1201 5753 Resb.
1236 5699 1641 5766 exsequeretur.

1933 4712 2257 4765 doctrinam
2291 4711 2492 4765 eadem
2527 4710 2872 4776 constantia,
2924 4710 3033 4764 sub
3080 4724 3195 4763 uno
3230 4706 3487 4779 principe
3519 4714 3576 4763 et

1925 4804 2186 4871 tempore
2213 4799 2642 4871 evangelizasse
2670 4804 3004 4853 noscantur.
3030 4797 3311 4853 Similiter
3332 4800 3387 4852 et
3405 4795 3574 4853 Urias

1924 4889 2112 4944 Semei
2146 4888 2304 4943 filius
2361 4889 2554 4956 cadit;
2615 4888 2910 4959 simulque
2955 4888 3242 4943 Jeremias
3299 4888 3358 4941 in
3406 4890 3572 4942 Jeru-

1919 4978 2099 5034 salem
2134 4978 2511 5050 prophetans,
2538 4983 2673 5049 post
2704 4979 2900 5049 fugam
2945 4995 3012 5033 ex
3060 4978 3300 5049 Egypto
3331 4976 3574 5047 insuper

1917 5072 2203 5123 retractus
2238 5065 2624 5131 interficitur;
2658 5072 2714 5121 et
2741 5067 3030 5122 Jeremias
3062 5066 3205 5120 inibi
3238 5066 3413 5121 etiam
3447 5082 3571 5136 per-

1916 5156 2133 5211 sistens
2157 5161 2552 5210 conservatur.
2574 5156 2784 5210 Beatus
2804 5172 3038 5229 quoque
3062 5154 3413 5210 Laurentius
3434 5154 3569 5226 igne

1914 5253 2178 5315 exustus,
2211 5244 2439 5298 Christo
2463 5244 2716 5298 reddidit
2740 5244 3009 5316 spiritum
3034 5262 3046 5309 ;
3074 5260 3207 5298 cum
3235 5242 3567 5298 noverimus

1912 5335 2089 5389 etiam
2123 5332 2416 5397 mulieres,
2449 5337 2505 5386 et
2535 5332 2809 5403 parvulos
2842 5333 3028 5404 ipsius
3074 5332 3479 5401 confessionis,
3511 5335 3568 5385 et

1911 5424 2046 5477 ﬁdei
2071 5420 2255 5476 multo
2279 5420 2484 5489 majori
2510 5421 2630 5492 igni
2652 5421 2970 5486 immissos,
2999 5437 3111 5475 non
3132 5424 3365 5474 tantum
3384 5421 3455 5475 ab
3473 5420 3564 5473 in-

1910 5512 2114 5567 cendio
2138 5512 2347 5565 Πιτθεοε
2367 5508 2778 5581 permansisse,
2799 5512 2895 5563 sed
2919 5508 3092 5564 etiam
3113 5509 3359 5563 ﬂammae
3383 5510 3564 5578 impe-

1908 5606 2032 5655 tum
2050 5600 2278 5669 penitus
2292 5597 3213 5653 exsliuxissePrmcursoretonim
3228 5596 3458 5652 Domini
3472 5596 3564 5650 JO'

1979 5691 2089 5759 (35)
2123 5691 2568 5745 Discernendum.
2602 5688 2758 5745 Idem
2793 5688 2989 5755 codex,
3022 5686 3448 5742 discutiendum.
