3956 6230
342 374 423 437 59

1362 377 1699 444 ATTONIS
1742 378 2326 447 VERCELLENSIS
2370 385 2727 451 EPISGOPI

3676 385 3770 450 60

345 523 530 568 annos
545 508 1017 582 Baptista,misso
1029 511 1896 584 spiculatore,illicodecollatus
1908 518 1997 572 est
2023 517 2080 584 Α
2108 521 2366 590 tempore
2396 526 2747 594 properaret.
2780 522 2939 587 Quos
2968 517 3125 576 enim
3154 517 3278 575 vult
3303 515 3612 590 Dominus,
3643 517 3765 575 mi-

348 614 483 654 cum
495 597 810 669 legerimus
823 601 893 656 de
906 600 1443 674 aliquibussanctos
1456 605 1996 675 percuterevolenti-

349 687 482 752 bus,
502 689 653 759 quod
669 705 870 745 eorum
889 689 1126 747 brachia
1139 692 1279 746 adeo
1296 692 1677 764 obriguerint,
1702 699 1766 748 ut
1783 694 1894 749 nisi
1908 694 1994 766 ip-

349 776 432 832 sis
455 778 1225 845 sanctisintervenientibus,
1244 781 1404 836 eailli
1423 782 1755 838 nullatenus
1771 799 1998 838 movere

350 864 506 920 ultra
524 866 826 923 valuerint.
846 869 1141 924 Sicutetin
1162 869 1535 942 Dialogorum
1551 871 1716 927 libris
1731 873 1808 942 (S.
1826 873 1989 942 Greg.

352 954 498 1010 Dial.
535 953 637 1010 lib.
664 974 743 1027 ιιι,
766 973 815 1012 o.
841 958 931 1027 57')
958 957 1305 1028 reperimus,
1329 960 1399 1014 de
1428 961 1680 1032 quodam
1705 959 1994 1025 sanctulo,

355 1042 454 1114 qui
476 1059 607 1098 cum
623 1045 1050 1116 aLongobardis
1065 1047 1418 1103 occidendus
1432 1052 1745 1115 teneretur,
1760 1049 1996 1102 tandem

353 1131 424 1185 ad
453 1131 854 1188 decollandum
880 1135 1093 1190 ductus
1131 1139 1238 1191 est.
1266 1140 1335 1191 Et
1371 1136 1506 1209 quia
1535 1138 1699 1209 prius
1729 1153 1862 1192 eum
1898 1136 1997 1191 ha-

353 1218 569 1274 bebant
600 1221 997 1289 notissimum,
1032 1225 1299 1296 undique
1344 1232 1734 1282 convenerant
1759 1227 1829 1280 ad
1867 1242 2000 1296 spe-

351 1308 627 1363 ctandum
645 1315 890 1366 mortem
910 1313 1592 1383 ejus.Circumsteterunt
1607 1315 1800 1387 itaque
1829 1314 2003 1383 acies,

349 1395 439 1451 vir
459 1401 653 1452 autem
691 1399 921 1454 Domini
965 1402 1254 1459 deductus
1280 1403 1339 1458 in
1374 1404 1564 1459 medio
1595 1409 1702 1472 est,
1734 1408 1910 1476 atque
1939 1418 2007 1458 ex

352 1486 630 1541 omnibus
664 1485 915 1545 fortibus
948 1489 1169 1546 electus
1198 1496 1288 1548 est
1316 1509 1491 1559 unus,
1524 1493 1594 1548 de
1625 1511 1739 1565 quo
1761 1493 2006 1547 dubium

355 1589 469 1627 non
503 1579 678 1645 esset,
710 1579 864 1647 quod
895 1595 1011 1634 uno
1056 1579 1174 1636 ictu
1224 1587 1397 1653 caput
1441 1583 1568 1653 ejus
1618 1581 2008 1648 abscinderet.

2105 607 2370 664 rabiliter
2389 610 2462 665 ab
2483 610 2812 666 imminenti
2830 609 3003 682 eripit
3024 608 3595 681 perioulo,quosdam
3619 625 3765 664 vero

2105 697 2201 752 hic
2233 698 2408 754 etiam
2432 699 2770 755 innocentes
2803 699 2917 771 pati
2978 697 3284 770 permittit,
3344 697 3444 768 qui
3505 698 3577 752 ab
3625 697 3766 768 ipso

2106 802 2335 858 quoque
2359 787 2542 844 multo
2573 789 2812 861 dignius
2842 789 2901 842 in
2932 789 3127 842 futuro
3160 792 3532 842 coronantur.
3590 786 3770 842 Unde

2106 892 2212 930 nec
2244 875 2325 930 illi
2350 878 2672 932 sanctiores
2704 877 3091 943 babendi,nec
3116 876 3210 931 isti
3255 875 3559 930 inferiores
3624 874 3766 929 nul-

2107 963 2337 1020 latenus
2359 982 2392 1020 a
2420 965 2588 1020 nobis
2608 965 3204 1036 suntjudicandi.Sed
3222 969 3279 1019 et
3300 963 3409 1019 hoc
3430 964 3768 1019 cavendum

2108 1057 2288 1119 est,ut
2318 1071 2423 1110 nec
2451 1055 2592 1126 justi
2627 1054 2780 1110 mala
2803 1055 3092 1127 patientes
3119 1069 3179 1109 se
3203 1051 3370 1124 quasi
3391 1052 3526 1107 victi
3551 1053 3656 1108 des
3669 1067 3771 1124 pe-

2111 1138 2260 1202 rent,
2291 1150 2395 1189 nec
2427 1133 2743 1190 inferentes
2773 1134 3082 1206 supplicia,
3114 1133 3283 1204 quasi
3305 1132 3634 1190 devictoria
3648 1131 3772 1188 sibi

2113 1228 2422 1278 assumant
2452 1223 2724 1278 ﬁduciam
2752 1241 2765 1279 :
2791 1223 2872 1278 ait
2901 1223 3057 1278 enim
3084 1222 3366 1277 Dominus
3404 1221 3476 1276 ad
3507 1221 3646 1291 Job,
3691 1221 3770 1276 de

2114 1311 2319 1382 iniqua
2361 1312 2672 1368 Leviathan
2700 1311 2945 1384 loquens
2968 1310 3227 1384 potentia
3251 1327 3265 1377 ;
3290 1310 3462 1366 Dolus
3492 1312 3552 1364 in
3579 1325 3771 1365 manu

2116 1402 2232 1472 ejus
2257 1401 2532 1469 dirigetur
2559 1401 2688 1471 (Job
2719 1419 2841 1467 vm,
2871 1402 2984 1469 25).
3017 1400 3178 1466 Quod
3200 1414 3495 1471 exponens
3521 1399 3769 1467 {beatus

2117 1489 2428 1562 Gregorius
2459 1491 2575 1545 ait:
2609 1490 2786 1546 Dolus
2810 1490 3027 1561 quippe
3059 1490 3118 1544 in
3151 1505 3330 1544 manu
3361 1492 3470 1555 est,
3505 1487 3671 1542 fraus
3707 1488 3768 1542 in

2117 1577 2494 1650 virtute,quia
2522 1595 2693 1634 omne
2725 1579 2880 1650 quod
2903 1576 3476 1650 nequitervolot,hoo
3505 1577 3578 1631 ad
3611 1581 3764 1631 tem-

354 1661 738 1721 Venerandus
761 1665 943 1738 igitur
963 1668 1053 1724 vir
1074 1669 1226 1725 inter
1259 1675 1516 1726 armatos
1544 1671 1776 1734 ductus,
1801 1669 1870 1724 ad
1904 1684 2012 1724 sua
2121 1683 2231 1738 pus
2260 1668 2491 1739 exsequi
2525 1667 2699 1723 etiam
2732 1667 2956 1722 fortiter
2986 1670 3196 1738 potest.
3221 1664 3398 1720 Dolus
3442 1680 3575 1720 vero
3633 1665 3770 1734 ejus

361 1767 528 1807 arma
558 1753 752 1808 statim
789 1757 1104 1812 concurrit.
1137 1758 1280 1814 Nam
1332 1759 1498 1831 petiit
1540 1763 1604 1815 ut
1634 1759 1746 1814 sibi
1777 1759 2013 1812 daretur
2119 1756 2684 1829 dirigidicitur,quia
2710 1757 3073 1827 fraudisejus
3095 1754 3318 1810 malitia
3335 1752 3496 1809 nulla
3515 1752 3773 1808 difﬁcul-

359 1841 664 1912 paululum
698 1845 901 1899 orandi
935 1845 1188 1902 licentia.
1214 1847 1316 1902 Cui
1340 1848 1481 1902 dum
1505 1863 1846 1904 concessum
1872 1845 2011 1900 fuiS'
2039 1886 2082 1917 η
2120 1849 2238 1901 tate
2269 1846 2640 1917 praepeditur.
2665 1845 2782 1901 Hoc
2813 1846 2969 1901 enim
3001 1843 3320 1900 Leviathan
3352 1843 3482 1909 iste,
3506 1841 3595 1898 vel
3627 1858 3773 1897 vasa

360 1935 470 2002 set,
504 1932 559 1986 in
592 1937 747 1989 terra
775 1951 838 1990 se
867 1935 1091 2004 stravit,
1124 1939 1181 1990 et
1209 1936 1413 1992 oravit.
1461 1937 1569 2002 Qui
1608 1937 1748 1991 dum
1783 1933 2005 1990 diutius
2037 1930 2084 1952 υ
2113 1935 2242 2006 ejus
2262 1935 2474 1990 habere
2494 1935 2694 1990 crebro
2718 1935 3018 2006 proprium
3041 1932 3414 2004 solent,quod
3446 1932 3519 1987 ad
3546 1930 3771 2001 iniqui-

360 2024 570 2086 oraret,
593 2020 1264 2080 huncinterfectorcalce
1281 2023 1802 2096 pulsavit,dicens:
1824 2024 2008 2095 Surge
2115 2024 2254 2079 tatis
2284 2041 2402 2078 suae
2425 2023 2752 2094 cumulum,
2781 2039 2849 2079 ea
2877 2039 3004 2094 quae
3035 2021 3302 2094 nequiter
3330 2023 3636 2092 appetunt,
3667 2037 3772 2075 ex-

359 2113 416 2162 et
445 2125 595 2180 genu
638 2110 781 2165 ﬂexo
814 2111 987 2166 tende
1040 2112 1346 2167 cervicem.
1381 2113 1641 2168 Surrexit
1698 2117 1890 2167 autem
1922 2111 2012 2165 vir

358 2197 480 2262 Dei,
523 2202 578 2252 et
625 2214 772 2270 genu
824 2200 969 2254 ﬂexo
1024 2200 1309 2256 cervicem
1367 2202 1657 2269 tetendit;
1712 2201 1812 2256 sed
1847 2204 2010 2255 tenso

359 2284 505 2342 collo
537 2287 805 2342 eductam
838 2293 1042 2344 contra
1064 2306 1126 2344 se
1145 2289 1390 2361 spadam
1415 2289 1672 2362 intuens,
1695 2289 1805 2345 hoc
1827 2305 2011 2345 unum

361 2374 545 2430 fertur
575 2375 808 2447 publice
861 2377 1121 2434 dixisse:
1175 2380 1385 2434 Sancte
1430 2379 1687 2435 Joannes
1734 2378 2012 2451 Baptista,

363 2462 594 2534 suscipe
625 2463 810 2518 illam.
843 2465 1007 2520 Tunc
1071 2465 1291 2523 electus
1347 2468 1602 2523 carnifex
1645 2468 2015 2539 evaginatum

359 2550 625 2624 gladium
659 2556 888 2621 tenens,
921 2554 1132 2610 adnisu
1177 2556 1333 2626 forti,
1385 2556 1442 2612 in
1496 2556 1677 2612 altum
1709 2555 2016 2612 brachium

360 2655 755 2714 percussurus
790 2641 1014 2712 levavit,
1046 2644 1148 2699 sed
1183 2643 1471 2716 deponere
1511 2644 1674 2700 nullo
1707 2647 1879 2701 modo
1910 2661 2015 2717 po-

360 2728 476 2785 tuit
499 2743 512 2785 :
533 2746 668 2784 nam
693 2735 930 2802 repente
950 2731 1214 2805 diriguit,
1233 2737 1288 2789 et
1307 2738 1496 2790 erecto
1518 2734 1574 2788 in
1595 2733 1805 2790 caelum
1823 2733 2018 2806 gladio

362 2817 670 2874 brachium
694 2818 1012 2876 inﬂexibile
1039 2822 1339 2878 remansit.
1373 2823 1538 2878 Tunc
1571 2823 1764 2878 omnis
1796 2823 2020 2894 Longo-

362 2907 681 2962 bardorum
714 2909 886 2964 turba
917 2925 1043 2981 qua
1095 2912 1166 2966 ad
1198 2910 1339 2966 illud
1376 2911 1582 2967 mortis
1616 2911 2018 2984 spectaculum

365 2997 589 3065 aderat,
621 2996 679 3051 in
713 2996 904 3053 laudis
943 3015 1214 3070 pavorem
1266 3016 1546 3056 conversa
1595 2999 1798 3056 mirari
1826 2999 2021 3071 coepit,

362 3084 672 3155 virumque
697 3086 795 3141 Dei
826 3103 956 3142 cum
1009 3087 1217 3144 timore
1264 3090 1550 3157 venerari,
1595 3087 1734 3160 quia
1763 3089 2022 3160 profecto

367 3172 658 3230 claruerat
683 3176 854 3247 cujus
886 3177 1218 3234 sanctitatis
1249 3182 1420 3246 esset,
1465 3178 1565 3249 qui
1595 3177 1887 3233 carnificis
1928 3184 2020 3236 sui

2119 2111 2277 2183 plere
2308 2112 2558 2181 nequius
2576 2117 2843 2184 possunt.

2191 2202 2362 2272 Ergo,
2397 2203 2602 2257 fratres
2636 2201 2998 2271 charissimi,
3056 2200 3235 2256 nolite
3257 2199 3530 2271 judicare
3560 2215 3776 2254 secun-

2127 2289 2270 2344 dum
2303 2289 2533 2356 faciem,
2567 2291 2667 2344 sed
2693 2290 2924 2360 justum
2959 2289 3254 2360 judicium
3277 2289 3562 2360 judicate,
3586 2288 3784 2344 consi-

2125 2377 2396 2432 derantes
2427 2378 2581 2448 quod
2616 2377 2925 2448 perversis,
2959 2377 3076 2432 imo
3106 2380 3164 2432 et
3184 2373 3576 2446 iniquissimis
3616 2374 3782 2446 judi-

2125 2466 2290 2521 cibus
2321 2465 2654 2537 evangelica
2676 2464 2952 2536 loquatur
2977 2465 3420 2535 sententiaque
3445 2464 3560 2519 ait:
3597 2465 3784 2531 Quare

2125 2560 2178 2611 et
2208 2572 2296 2610 vos
2337 2555 2802 2622 transgredimini
2828 2553 3147 2610 mandatum
3182 2552 3277 2608 Dei
3321 2555 3548 2624 propter
3599 2551 3783 2608 tradi-

2128 2646 2333 2700 tionem
2365 2651 2598 2699 vestram
2629 2645 2914 2714 (Matt.xv,
2946 2643 2999 2712 3)
3031 2646 3055 2694 .9
3085 2641 3370 2698 Dominus
3400 2640 3557 2696 enim
3589 2641 3737 2696 dicit
3768 2665 3782 2708 ;

2130 2733 2190 2790 Si
2214 2735 2336 2806 quis
2366 2736 2416 2787 te
2439 2734 2768 2804 percusserit
2802 2733 2866 2787 in
2896 2731 3122 2786 dextera
3149 2731 3385 2785 maxilla
3411 2734 3535 2796 tua,
3592 2731 3786 2800 praebe

2129 2825 2184 2878 ei
2211 2830 2263 2878 et
2292 2823 2607 2892 alteram,et
2637 2823 2734 2892 qui
2757 2830 2935 2876 tecum
2957 2820 3190 2876 voluerit
3211 2819 3431 2892 judicio
3461 2818 3786 2875 contendere

2132 2915 2181 2966 et
2210 2913 2455 2966 tunicam
2485 2919 2635 2966 tuam
2665 2909 3101 2978 tollere,remitte
3127 2911 3180 2964 ei
3207 2917 3260 2965 et
3285 2909 3788 2981 pallium(Matth.v

2130 2999 2222 3072 39)
2251 3017 2272 3062 ;
2301 3004 2359 3055 et
2388 3017 2406 3054 :
2423 2999 2484 3055 Si
2495 3000 2870 3071 patrem/ilius
2888 2999 3194 3055 Beelzebub
3224 3001 3786 3067 vocaverunt,quanto

2129 3090 2306 3158 magis
2334 3093 2387 3143 et
2411 3088 2731 3144 domesticos
2761 3088 2876 3159 ejus
2895 3088 2923 3142 ‘?
2943 3087 3012 3142 Et
3041 3087 3100 3142 in
3147 3085 3419 3158 passione
3449 3103 3467 3140 :
3525 3085 3680 3153 Quod
3735 3086 3788 3140 si

2131 3180 2193 3234 in
2222 3177 2390 3233 viridi
2421 3178 2570 3246 ligno
2599 3178 2711 3232 haec
2728 3175 3068 3250 fecerunt,in
3090 3176 3248 3230 arido
3265 3175 3397 3247 quid
3413 3174 3595 3244 ﬁet?et
3621 3173 3784 3229 alibi:

364 3263 672 3320 brachium
686 3262 744 3319 in
760 3282 890 3321 aere
907 3265 1163 3336 ligasset.
1185 3268 1385 3338 Itaque
1400 3267 1733 3339 postulatus
1749 3270 1813 3322 ut
1826 3281 2025 3338 surge-
2054 3249 2098 3316 C
2133 3268 2198 3322 In
2203 3266 2478 3338 patientia
2494 3268 2671 3321 vestra
2681 3249 3022 3336 pbssidebitis
3033 3267 3249 3320 animas
3260 3271 3468 3319 vestras
3489 3264 3640 3335 (Luc.
3668 3280 3784 3331 xxi,

368 3355 477 3419 ret,
504 3353 787 3409 surrexit:
813 3353 1147 3428 postulatus
1171 3371 1308 3428 ergo
1331 3355 1717 3412 utbrachium
1738 3354 2031 3411 suicarni'

367 3442 495 3498 ﬂcis
515 3447 770 3512 sanaret,
794 3444 1026 3518 negavit
1048 3445 1284 3501 dicens:
1311 3445 1427 3518 Ego
1452 3462 1556 3518 pro
1583 3461 1649 3502 eo
1673 3444 1834 3501 nullo
1859 3445 2030 3501 modo

368 3532 566 3600 orabo,
588 3533 702 3588 nisi
717 3537 890 3590 antea
905 3533 1051 3590 mihi
1056 3536 1082 3605 j
1091 3551 1254 3591 uram
1264 3539 1465 3591 entum
1481 3535 1726 3606 dederit,
1742 3533 1880 3606 quia
1894 3551 2030 3590 cum

369 3637 548 3676 manu
575 3621 691 3677 ista
732 3621 1127 3678 Christianum
1152 3623 1454 3680 hominem
1496 3641 1609 3680 non
1639 3623 1886 3679 occidat.
1917 3623 2030 3679 Sed

370 3710 792 3782 Longobardus
816 3711 970 3766 idem
995 3710 1117 3782 qui,
1148 3716 1213 3767 ut
1243 3711 1324 3768 ita
1344 3713 1558 3784 dicam,
1581 3712 1886 3768 brachium
1899 3729 2032 3768 con-

371 3803 464 3853 tra
485 3803 666 3854 Deum
690 3799 980 3854 tendendo
1002 3798 1358 3872 perdiderat,
1406 3817 1578 3872 paena
1628 3818 1739 3856 sua
1769 3801 2034 3872 exigente

373 3887 716 3960 compulsus
737 3891 826 3942 est
841 3887 1044 3959 jurare
1067 3903 1128 3943 ss
1152 3888 1551 3945 Christianum
1570 3889 1869 3946 hominem
1885 3905 2031 3944 nun-

373 3993 553 4049 quam
577 3993 684 4031 sua
707 3992 886 4031 manu
913 3976 1194 4033 occidere.
1218 3977 1385 4032 Nunc
1409 3977 1497 4032 vir
1515 3979 1615 4034 Dei
1641 3977 1786 4033 dixit
1809 3978 1859 4033 ei
1887 3995 1898 4032 :
1929 3978 2033 4034 De-

375 4081 528 4139 pone
557 4081 797 4120 manum
821 4065 1098 4121 deorsum
1124 4066 1258 4139 :qui
1293 4067 1496 4122 statim
1521 4066 1834 4139 deposuit;
1859 4070 2034 4138 atque

378 4153 539 4211 illico
561 4153 863 4224 adjunxit:
910 4154 1159 4211 Remitte
1178 4156 1546 4229 evaginatum
1572 4154 1834 4228 gladium
1855 4155 1912 4210 in
1935 4172 2032 4209 va-

381 4245 606 4318 ginam,
641 4248 697 4299 et
727 4244 928 4301 statim
961 4245 1208 4302 remisit.
1241 4246 1506 4318 Miroque
1538 4244 1711 4301 modo
1733 4245 1817 4300 sic
1837 4248 2034 4300 actum

379 4338 489 4405 est,
523 4337 589 4389 ut
617 4337 674 4389 et
705 4333 828 4405 ipse
873 4333 1081 4390 beatus
1138 4353 1174 4390 a
1234 4349 1575 4407 percussore
1629 4337 1805 4406 caput
1832 4332 2036 4389 incun-

380 4428 605 4480 ctanter
633 4423 947 4495 amitteret,
977 4427 1034 4479 et
1062 4423 1173 4480 iste
1202 4425 1330 4492 ejus
1361 4421 1626 4478 invocato
1656 4421 1892 4478 nomine
1916 4439 2032 4478 non

379 4519 610 4570 tantum
646 4530 822 4569 suum
855 4516 1131 4580 servaret,
1165 4512 1268 4566 sed
1317 4511 1496 4567 etiam
1546 4511 1714 4567 ferire
1742 4510 2030 4568 volentem

381 4604 524 4660 adeo
555 4603 615 4658 in
647 4603 930 4659 membris
961 4600 1311 4657 debilitaret.

455 4693 538 4748 Ibi
563 4693 739 4748 etiam
761 4693 950 4763 (Ibid.,
985 4707 1034 4746 c.
1070 4691 1157 4761 18)
1188 4694 1246 4746 et
1273 4689 1490 4764 legitur
1527 4692 1597 4747 de
1619 4691 1835 4763 juvene
1863 4691 2040 4749 Bene-

383 4781 538 4839 dicto
565 4781 998 4852 nomine,cujus
1029 4778 1300 4836 cellulam
1332 4795 1464 4835 cum
1490 4780 1660 4836 Gothi
1683 4779 1841 4836 nullo
1865 4781 2036 4838 modo

382 4871 694 4928 incendere
724 4869 1074 4942 potuissent,
1115 4869 1251 4924 inde
1298 4885 1431 4925 eum
1481 4870 1868 4937 extrahentes,
1903 4887 2032 4926 suc-

2141 3355 2324 3427 19).Et
2353 3354 2435 3408 illi
2465 3354 2684 3410 dicunt:
2710 3354 2772 3409 Si
2804 3353 3023 3427 aliquid
3047 3353 3324 3409 adversus
3338 3352 3674 3409 sacerdotes
3688 3351 3789 3408 Dei

2140 3445 2315 3500 fuerit
2334 3443 2992 3516 prolatum,pugnaesse
3010 3441 3554 3498 vincendum.Unde
3569 3445 3626 3497 et
3647 3457 3786 3514 prai-

2139 3534 2306 3590 diclea
2336 3533 2637 3589 sententiis
2659 3549 2793 3588 mox
2818 3533 3089 3588 subditur
3113 3532 3607 3604 :Hypocritae,bene
3626 3531 3788 3587 devo-

2141 3623 2226 3678 bis
2252 3623 2600 3694 prophetavit
2621 3623 2792 3678 Isaias
2811 3622 3270 3693 dicens:Populus
3291 3621 3386 3678 hic
3397 3621 3560 3676 labiis
3584 3637 3676 3676 me
3690 3620 3786 3677 ho-

2137 3721 2319 3779 norat,
2350 3728 2444 3767 cor
2470 3716 2657 3767 autem
2688 3727 2882 3766 eorum
2911 3713 3067 3782 longe
3101 3719 3179 3768 est
3205 3729 3241 3766 a
3267 3726 3355 3766 me
3383 3727 3402 3765 :
3444 3712 3566 3766 sine
3622 3726 3788 3765 causa

2141 3810 2327 3858 autem
2349 3801 2538 3857 colunt
2565 3815 2668 3868 me,
2692 3800 2938 3856 docentes
2968 3800 3246 3857 doctrinas
3273 3807 3324 3855 et
3367 3798 3637 3854 mandata
3693 3799 3786 3854 ho-

2143 3893 2355 3946 minum
2386 3889 2593 3960 (Matth.
2629 3892 2722 3956 x’v,
2749 3890 2826 3961 7).
2864 3888 3008 3945 Hinc
3041 3888 3224 3944 Isaias
3253 3905 3273 3942 :
3312 3888 3402 3944 νω
3430 3888 3526 3960 qui
3553 3886 3788 3942 condunt

2146 3979 2290 4048 leges
2320 3981 2560 4049 iniquas,
2591 3983 2646 4032 et
2675 3979 2966 4034 scribentes
2995 3979 3329 4050 injustitiam
3347 3979 3704 4048 scripserunt,
3729 3980 3789 4031 ut

2141 4069 2515 4141 opprimodent
2534 4067 2590 4122 in
2614 4067 2826 4138 judicio
2842 4071 3189 4139 pauperes,et
3208 4067 3322 4122 vim
3348 4069 3593 4138 facerent
3613 4081 3789 4122 causa:

2141 4158 2439 4213 humilium
2468 4158 2604 4229 (Isa.
2638 4175 2691 4222 ι,
2727 4157 2800 4226 1).
2835 4159 2904 4211 Et
2933 4157 3182 4212 fortasse
3211 4154 3503 4211 audierint
3541 4154 3789 4210 Paulum

2142 4246 2472 4320 apostolum
2500 4246 2788 4301 dicentem
2817 4261 2830 4300 :
2857 4245 3096 4317 Accipite
3127 4261 3217 4301 vos
3276 4251 3624 4299 armaturam
3675 4244 3787 4312 Dei,

2141 4345 2204 4393 ut
2234 4337 2454 4408 possitis
2482 4335 2732 4390 resistere
2760 4337 2822 4390 in
2850 4335 2938 4390 die
2961 4334 3110 4391 malo
3137 4333 3354 4406 (Ephes.
3386 4349 3466 4398 γι,
3490 4333 3600 4400 13).
3620 4332 3781 4396 Quod

2143 4427 2192 4484 si
2223 4425 2310 4482 vel
2331 4424 2651 4491 audierint,
2685 4424 2911 4480 utinam
2937 4422 3355 4495 intelligant,et
3382 4433 3519 4494 qua!
3541 4437 3790 4492 sequun-

2141 4521 2274 4573 tur:
2303 4515 2516 4572 Induite
2545 4515 2771 4570 loricam
2792 4514 3046 4581 iustitia,
3067 4517 3348 4568 sumentes
3393 4514 3612 4567 scutum
3642 4510 3786 4581 ﬁdei,

2049 4619 2097 4684 1)
2129 4615 2180 4668 et
2201 4607 2416 4678 galeam
2443 4604 2639 4659 salutis
2670 4604 2947 4669 assumite,
2980 4606 3033 4657 et
3055 4601 3306 4674 gladium
3352 4601 3614 4674 spiritus,
3645 4599 3791 4671 quod

2147 4702 2223 4757 est
2251 4695 2478 4752 verbum
2501 4693 2600 4747 Dei
2646 4691 2866 4762 (Ephes.
2923 4707 3002 4759 v1,
3056 4692 3164 4761 15).
3204 4690 3366 4755 Quod
3416 4693 3474 4745 et
3523 4687 3789 4745 Salomon

2147 4800 2382 4862 quoque
2411 4783 2483 4837 de
2507 4779 2690 4852 justis
2719 4778 2987 4851 loquens,
3023 4779 3106 4835 ait
3132 4795 3146 4834 :
3172 4781 3410 4837 Induent
3431 4794 3533 4850 pro
3579 4783 3791 4834 thorace

2128 4876 2444 4951 justitiam,
2469 4877 2522 4925 et
2543 4876 2822 4924 assument
2861 4885 2965 4940 pro
3019 4870 3181 4939 galea
3207 4893 3212 4898 -
3211 4867 3506 4941 judicium
3562 4873 3790 4935 certum,

385 4977 560 5017 censo
591 4959 650 5014 in
671 4958 898 5016 clibano
918 4957 1255 5014 clauserunt
1279 4975 1292 5027 ;
1315 4958 1408 5015 die
1427 4974 1559 5014 vero
1581 4958 1765 5016 altera
1780 4958 2031 5016 illaesum
2139 4965 2364 5022 sument
2389 4964 2605 5017 scutum
2637 4958 3066 5029 inexpugnabile
3094 4958 3377 5029 aequitatis
3404 4957 3517 5029 (ap.
3567 4973 3622 5026 ν,
3685 4957 3788 5028 19).

387 5066 523 5106 eum
546 5049 915 5118 invenerunt,
943 5048 1041 5102 sed
1082 5064 1186 5103 nee
1205 5048 1549 5105 vestimenta
1570 5049 1698 5120 ejus
1715 5048 1835 5105 ullo
1859 5049 2032 5104 modo
2144 5049 2496 5125 Hujusmcdi
2525 5046 2706 5104 armis
2737 5047 2834 5103 isti
2883 5048 3070 5104 nostri
3127 5044 3498 5120 antesignani
3552 5061 3661 5101 nos
3707 5045 3794 5100 in-

389 5143 530 5194 sunt
557 5141 782 5193 exusta-
829 5135 994 5192 Unde
1025 5137 1106 5192 ait
1151 5137 1354 5194 beatus
1398 5137 1714 5210 Gregorius
1739 5138 1799 5192 in
1831 5137 2034 5193 θοάθω
2145 5144 2383 5201 struunt
2408 5138 2707 5196 dimicare.
2728 5135 2874 5193 Nam
2899 5135 3282 5192 saecularibus
3313 5133 3494 5192 armis
3515 5149 3790 5207 pugnare,

388 5227 764 5299 Dialogorum
797 5225 984 5282 libro:
1018 5226 1223 5282 Petrus
1251 5226 1309 5282 in
1333 5227 1478 5282 mari
1504 5227 1754 5300 pedibus
1774 5224 2040 5281 ambula-
2147 5233 2276 5305 ipse
2294 5229 2514 5286 Paulus
2537 5243 2644 5282 nos
2667 5225 2938 5299 prohibet
2979 5226 3221 5282 dicens:
3271 5229 3395 5282 Non
3449 5224 3794 5296 vosmetipsos

386 5316 492 5385 vit,
515 5315 732 5371 Paulus
754 5315 1124 5388 naufragium
1146 5314 1406 5388 pertulit,
1429 5320 1487 5371 et
1506 5317 1564 5371 in
1583 5333 1700 5372 uno
1719 5314 2041 5386 eodemque
2148 5317 2861 5392 ἀείεπάεηιεδ,ε1ιανί,ςείγηί,
2915 5315 3008 5372 sed
3055 5315 3185 5372 άαιε
3239 5315 3417 5370 locum
3471 5315 3599 5370 ίνεε,
3655 5312 3795 5368 δον-ί-

390 5405 678 5461 elemento
710 5405 810 5460 ubi
841 5403 1056 5462 Paulus
1085 5421 1220 5461 cum
1253 5405 1386 5461 navi
1418 5405 1501 5461 ire
1549 5421 1664 5460 non
1715 5404 1930 5476 potuit,
1961 5403 2042 5458 ibi
2147 5419 2307 5482 plum
2334 5411 2410 5463 est
2439 5408 2622 5462 enim:
2655 5404 2793 5460 Mihi
2819 5404 3123 5461 vindictam
3163 5419 3268 5476 ego
3304 5402 3628 5472 retrivuam,
3659 5400 3797 5457 dixit

391 5494 597 5550 Petrus
629 5493 876 5566 pedibus
907 5494 1017 5551 iter
1046 5493 1200 5550 fecit.
1232 5494 1378 5550 Cum
1404 5494 1614 5552 Petrus
1658 5493 1848 5549 adhuc
1879 5493 2046 5547 dubi-
2156 5497 2425 5554 Dominus
2456 5495 2630 5566 (Rom.
2661 5510 2763 5557 xu,
2799 5493 2909 5563 12).
2944 5493 3014 5548 Et
3041 5493 3250 5548 Petrus
3281 5488 3581 5563 apostolus
3607 5490 3798 5546 πεδίοις

392 5587 544 5638 taret
574 5584 631 5638 in
664 5584 794 5653 ﬂde,
827 5583 1040 5640 Paulus
1084 5600 1218 5640 vero
1257 5583 1371 5638 fide
1409 5587 1468 5638 et
1515 5597 1688 5654 opere
1711 5583 1836 5652 jam
1869 5583 2049 5653 perfs-
2156 5603 2270 5642 non
2293 5585 2576 5642 reddentes
2602 5582 2814 5636 malum
2840 5598 2943 5652 pro
2973 5581 3140 5650 malo,
3170 5582 3254 5636 vel
3300 5579 3655 5635 maledictum
3705 5595 3796 5651 pro

394 5677 542 5742 ctus,
576 5674 1048 5733 constantissime
1079 5690 1184 5748 pro
1231 5672 1462 5729 Christo
1498 5671 1566 5726 ad
1601 5670 1946 5744 martyrium
1983 5689 2048 5729 eo
2162 5674 2475 5746 maledicto,
2505 5671 2598 5730 sed
2628 5687 2656 5729 e
2685 5672 2959 5728 contrario
2988 5670 3399 5738 benedicentes;
3429 5669 3564 5742 quia
3600 5669 3665 5726 in
3711 5669 3802 5726 hoc
