3956 6230
129 348 201 410 61
1024 351 1129 414 DE
1173 352 1602 415 PRESSURIS
1649 317 2292 416 E'CCLESIASTICIS.
2327 384 2406 397 —
2449 352 2650 414 PARS
2694 349 2746 411 Ι.
3506 344 3589 408 62

127 484 313 542 vocati
344 486 522 553 estis,
566 492 629 541 ut
659 484 1089 542 benedictionem
1112 487 1451 543 hwredztmis
1509 486 1831 556 possidentis
1858 487 1915 554 Α
1945 503 2101 542 mam
2136 502 2302 542 suam
2335 484 2499 557 ponit
2528 501 2631 555 pro
2663 482 2889 538 ovibus.
2913 479 3177 537 Rursus:
3219 478 3585 537 Hercenarius

131 578 178 647 (I
200 580 363 631 Petr.
405 592 507 643 III,
549 576 632 646 9).

200 664 341 719 Haec
374 668 603 719 tamen
640 664 841 719 omnia
871 669 927 720 et
958 665 1074 719 alia
1104 672 1440 721 sanctarum
1499 668 1824 740 Scriptura-

135 770 267 807 rum
302 754 697 809 documenta
714 752 952 825 maligni
978 758 1034 808 et
1053 753 1303 825 improbi
1326 757 1825 828 parvipendentes,

133 843 203 897 ad
247 858 542 915 pugnam
581 843 915 898 sacerdotes
945 843 1271 916 impingere
1300 846 1825 916 quaerunt,nullam

134 930 409 1003 amplius
445 931 852 986 reverentiam
884 932 1028 1003 ipsis
1060 933 1457 1004 observantes,
1509 935 1621 989 nisi
1671 937 1824 1005 quod

134 1038 251 1076 non
280 1022 566 1093 propriis
592 1021 887 1087 manibus,
912 1022 1011 1077 sed
1038 1038 1139 1093 per
1160 1023 1620 1080 submissasillis
1645 1026 1700 1080 in
1726 1025 1825 1080 tali

137 1110 511 1165 discrimine
536 1109 813 1180 judicant
837 1111 947 1181 (36)
971 1110 1283 1167 dimicare:
1306 1118 1363 1167 et
1391 1114 1608 1183 quibus
1639 1115 1828 1185 prohi-

136 1199 338 1253 bitum
366 1204 464 1253 est
484 1203 863 1253 armatorum
887 1200 1204 1268 cuneis,vel
1222 1201 1396 1257 etiam
1422 1202 1672 1273 publicis
1692 1220 1821 1274 spe~

140 1286 403 1343 ctaculis
436 1287 757 1352 interesse,
781 1288 853 1343 ad
876 1305 1135 1360 pugnam
1159 1291 1496 1361 producere,
1514 1292 1623 1346 heu
1652 1293 1663 1346 ἔ
1697 1309 1826 1347 nos-

140 1380 271 1432 tros
307 1375 742 1448 compellimur
770 1378 1036 1444 vicarios,
1070 1384 1133 1433 ut
1162 1379 1248 1435 vel
1279 1380 1522 1435 istorum
1557 1383 1710 1437 caede
1742 1382 1822 1436 vi-

145 1466 250 1531 cti,
288 1465 381 1520 vel
412 1464 665 1521 illorum
699 1467 864 1537 quasi
898 1467 1149 1522 absoluti
1180 1485 1307 1524 esse
1347 1470 1685 1538 videamur;
1720 1488 1823 1527 nec

142 1555 394 1626 purgari
413 1572 449 1608 a
463 1555 860 1619 crimine,nisi
876 1561 1206 1628 perpetrato
1225 1558 1469 1614 crimine
1500 1560 1820 1616 valeamus.

144 1643 295 1699 Cum
325 1644 501 1699 enim
528 1648 883 1716 praeceptum
907 1645 985 1700 sit
1007 1646 1183 1701 David
1218 1664 1332 1702 non
1365 1649 1651 1704 aedificare
1686 1650 1823 1705 visi-

141 1731 266 1786 bile
295 1732 633 1803 templum,
657 1733 791 1804 quia
820 1735 1182 1806 sanguinum
1207 1735 1294 1791 vir
1323 1737 1458 1792 belli
1494 1738 1825 1809 frequentia

1936 579 2091 645 cuius
2122 592 2231 631 non
2260 583 2385 629 sunt
2416 590 2537 629 oves
2559 572 2813 644 propriae,
2838 570 2980 626 videt
3026 571 3216 639 lupum
3255 571 3580 634 venientem,

1935 672 1984 722 et
2013 667 2241 722 dimittit
2262 682 2380 721 oves
2402 665 2613 735 et/ugit
2635 662 2815 731 (Ibid,
2844 662 2953 731 1'2.)
3000 659 3057 715 Si
3102 658 3187 713 illi
3240 657 3580 714 mercenarii

1936 756 2213 811 dicuntur
2243 756 2342 827 qui
2375 759 2605 810 tantum
2652 752 2991 823 relinquunt
3041 765 3194 815 oves,
3229 753 3283 803 et
3316 747 3570 819 fugiunt,

1936 846 2092 917 quali
2143 848 2455 901 censentur
2483 840 2763 898 vocabulo
2796 840 2893 911 qui
2926 855 3023 894 eas
3050 837 3222 893 morti
3254 837 3570 907 objiciunt?

1936 940 2037 990 aut
2068 934 2357 1006 quomodo
2388 937 2588 988 contra
2612 948 2709 986 eos
2733 929 2913 984 armis
2936 928 3217 983 dimicare
3239 942 3577 999 possumus,

1936 1042 2084 1097 quos
2106 1024 2343 1079 omnino
2366 1022 2629 1092 diligere,
2655 1025 2710 1075 et
2740 1036 2843 1090 pro
2870 1018 3086 1089 quibus
3117 1016 3296 1071 etiam
3322 1031 3485 1069 orare
3505 1014 3578 1069 ab

1936 1114 2062 1185 ipso
2099 1114 2338 1167 Domino
2362 1110 2671 1182 iubemur?
2704 1108 2795 1165 Ait
2824 1107 2977 1161 enim
3006 1106 3290 1161 Dominus
3310 1105 3366 1158 in
3392 1104 3578 1157 Evan-

1936 1202 2120 1275 gelio:
2158 1203 2377 1271 Diligite
2408 1202 2662 1255 inimicos
2720 1202 2958 1252 vestros:
3022 1196 3315 1266 bene/abite
3362 1193 3448 1247 his
3480 1194 3575 1264 qui

1933 1294 2162 1347 oderunt
2196 1308 2285 1346 vos
2314 1290 2519 1361 (Matth.
2544 1306 2597 1357 v,
2634 1290 2747 1354 44.)
2769 1289 2873 1341 Et:
2912 1286 3079 1341 Orate
3120 1300 3217 1356 pro
3240 1299 3576 1355 persequen-

1933 1383 2077 1436 tibus
2107 1390 2160 1435 et
2187 1379 2651 1435 calumniantibus
2682 1393 2769 1431 vos
2830 1377 2979 1447 (Luc.
3041 1391 3204 1436 xxux,
3262 1372 3377 1443 34.)
3409 1370 3575 1434 Quod

1934 1470 2108 1526 etiam
2137 1471 2194 1524 in
2218 1486 2387 1523 cruce
2411 1468 2633 1540 positus
2656 1467 2776 1537 ipse
2813 1464 3067 1530 edocuit,
3112 1462 3343 1517 dicens:
3380 1464 3569 1527 Pater,

1931 1576 2000 1616 ne
2030 1567 2234 1614 statuas
2260 1559 2376 1613 illis
2407 1559 2506 1612 hoc
2560 1564 2835 1628 peccatum
2885 1555 3022 1625 (Act.
3081 1569 3179 1621 vn,
3214 1552 3325 1621 59.)
3363 1552 3484 1615 Quo
3516 1554 3573 1602 et

1934 1646 2197 1718 exemplo
2227 1648 2463 1702 beatum
2495 1646 2750 1711 levitam,
2784 1650 2841 1699 et
2870 1645 3350 1715 protomartyrem
3396 1654 3573 1695 suum

1934 1737 2294 1809 Stephanum
2329 1736 2472 1791 adeo
2530 1735 2845 1789 informare
2902 1733 3179 1803 dignatus
3218 1735 3325 1798 est,
3360 1732 3423 1783 ut
3452 1728 3603 1799 ipset

146 1821 270 1891 (37)
304 1824 515 1887 esset;
548 1823 833 1892 quomodo
887 1823 1142 1894 poterint
1198 1827 1527 1882 sacerdotes
1578 1828 1819 1899 bellum,
1858 1857 1904 1922 B
1933 1843 2167 1899 quoque
2193 1824 2416 1880 noverit
2438 1825 2561 1879 suis
2589 1840 2697 1922 pro
2729 1820 3197 1922 interfectoribus
3218 1834 3471 1922 exprare.
3506 1817 3578 1871 Et

153 1913 259 1964 aut
290 1925 573 1981 pugnam
608 1927 714 1966 sua
742 1912 913 1966 etiam
944 1929 1050 1984 pro
1072 1914 1305 1983 justitia
1333 1915 1499 1980 inire,
1535 1918 1636 1988 qui
1675 1922 1820 1972 tem-

152 1996 318 2069 plum
347 1997 581 2052 debent
602 1999 970 2069 mdificareﬁd
994 2006 1084 2057 est
1102 2002 1419 2059 Ecclesiam
1449 2005 1545 2060 Dei
1569 2006 1774 2061 docere
1795 2008 1823 2061 ?

152 2085 246 2141 Ait
275 2087 500 2142 beatus
533 2086 752 2143 Paulus
779 2091 1091 2160 Apostolus
1119 2108 1131 2145 :
1194 2093 1471 2163 Templum
1526 2096 1671 2149 enim
1723 2097 1824 2151 Dei

155 2181 255 2241 est,
288 2173 435 2244 quod
466 2177 600 2230 estis
632 2192 720 2231 vos
750 2176 796 2243 (I
822 2176 942 2231 Cor.
977 2194 1062 2247 ιιι,
1098 2180 1203 2246 17).
1232 2180 1301 2234 Et
1331 2180 1469 2235 alibi
1496 2198 1507 2235 :
1549 2184 1641 2236 Vos
1668 2185 1822 2238 enim

157 2264 287 2317 estis
319 2262 602 2334 templum
632 2265 730 2319 Dei
766 2267 895 2332 vivi,
954 2269 1095 2321 sicut
1149 2268 1282 2323 dicit
1340 2270 1499 2336 Deus,
1558 2274 1821 2341 quoniam

156 2351 491 2406 inhabitabo
524 2355 584 2406 in
619 2353 735 2407 illis
763 2362 816 2408 et
845 2356 1197 2411 inambulabo
1226 2359 1372 2413 inter
1400 2374 1514 2425 eos,
1542 2368 1592 2414 et
1622 2376 1713 2415 ero
1744 2363 1819 2415 il-

158 2439 341 2494 lorum
370 2442 535 2508 Deus,
570 2446 625 2495 et
658 2443 765 2513 ipsi
788 2447 946 2497 erunt
976 2444 1118 2499 mihi
1132 2447 1366 2517 populus
1388 2448 1460 2517 (Il
1482 2447 1601 2501 Cor.
1623 2450 1819 2518 νι,16.)

156 2530 530 2600 Quapropter
560 2531 646 2585 ait
675 2531 881 2587 beatus
910 2533 1256 2589 Ambrosius
1286 2534 1412 2603 (lib.
1446 2554 1463 2590 ι
1494 2537 1558 2591 de
1590 2538 1769 2609 Ofﬁc.)
1804 2555 1815 2592 :

161 2638 188 2665 «
206 2616 566 2673 Bellicarum
590 2636 788 2674 rerum
811 2621 1073 2677 studium
1089 2628 1331 2679 anostro
1345 2625 1669 2696 ofﬁciojam
1686 2626 1821 2683 alie-

164 2721 303 2760 num
331 2707 594 2774 videtur,
631 2708 770 2781 quia
799 2710 1007 2765 anima:
1039 2712 1226 2785 magis
1256 2730 1431 2783 quam
1452 2716 1709 2786 corporis
1740 2717 1819 2771 of-

166 2793 294 2850 ﬁcio
324 2795 743 2864 intendimus;
780 2816 884 2854 nec
916 2801 987 2855 ad
1020 2817 1183 2855 arma
1208 2803 1333 2873 jam
1367 2808 1565 2859 noster
1595 2810 1819 2876 spectat

169 2898 330 2939 usus.
366 2886 516 2941 Nam
552 2904 704 2943 usus
733 2888 847 2943 cito
878 2888 1123 2945 inﬂectit
1152 2896 1443 2947 naturam.
1482 2916 1509 2941 ››
1546 2894 1613 2947 Et
1646 2894 1817 2965 paulo

164 2976 332 3041 post:
373 2997 400 3025 ‹‹
446 2975 757 3030 Fortitudo
801 2977 956 3031 enim
979 2977 1689 3052 sinejustitiainiquitatis
1706 3000 1819 3039 ma-

166 3060 307 3116 teria
323 3066 431 3117 est.
457 3064 647 3119 David
670 3081 900 3137 quoque
921 3068 1304 3123 conﬁrmatus
1344 3070 1400 3123 in
1437 3086 1635 3143 regno,
1668 3089 1817 3127 nun-

166 3163 339 3219 quam
365 3151 481 3208 nisi
516 3154 789 3208 consulto
819 3155 1065 3211 Domino
1096 3156 1314 3212 bellum
1365 3160 1612 3215 adorsus
1641 3166 1749 3216 est.
1788 3185 1813 3211 υ

166 3237 227 3292 Et
248 3238 385 3295 alibi
409 3258 422 3295 :
445 3265 473 3291 «
499 3242 753 3297 Videtur
774 3243 938 3311 mihi,
963 3246 1117 3316 quod
1139 3246 1227 3300 vir
1247 3246 1580 3304 Chistianus
1613 3251 1812 3320 justus
1846 3219 1888 3286 Ο

165 3329 219 3381 et
239 3328 501 3400 sapiens,
536 3347 799 3402 quaerere
832 3332 944 3387 sibi
1001 3334 1180 3389 vitam
1242 3334 1432 3391 aliena
1490 3343 1675 3395 morte
1704 3358 1817 3396 non

165 3414 390 3487 debeat,
423 3423 635 3490 utpote
666 3419 765 3491 qui
794 3420 1027 3476 etiamsi
1069 3422 1126 3477 in
1183 3422 1471 3480 latronem
1522 3433 1817 3484 armatum

166 3502 409 3573 incidat,
444 3506 749 3562 ferientem
780 3509 1014 3566 referire
1041 3528 1157 3565 non
1188 3513 1395 3584 possit,
1432 3531 1502 3569 ne
1558 3516 1697 3571 dum
1730 3535 1818 3572 sa-

167 3589 351 3647 lutem
386 3594 671 3663 defendit,
705 3596 977 3668 pietatem
1007 3601 1383 3658 contaminet.
1420 3625 1449 3652 ››
1480 3603 1561 3659 De
1612 3622 1727 3677 quo
1758 3607 1816 3661 in

164 3680 618 3755 Evangeliorum
644 3685 811 3743 libris
833 3691 1032 3760 aperta
1052 3692 1113 3744 et
1129 3691 1364 3747 evidens
1378 3694 1669 3749 sententia
1698 3699 1814 3752 est:

168 3770 403 3827 Reconde
432 3775 691 3843 gladium
722 3783 878 3831 tuum
906 3780 966 3832 in
998 3780 1175 3834 locum
1203 3797 1369 3835 suum
1394 3799 1413 3835 .·
1457 3785 1641 3838 omnis
1670 3786 1819 3840 enim

167 3861 259 3927 qui
285 3862 469 3929 gladio
501 3867 856 3935 percusserit,
888 3867 1077 3934 gladio
1106 3868 1339 3939 ferietur
1382 3872 1612 3938 (Matth.
1662 3890 1816 3945 xxw,

168 3946 276 4017 52.)
306 3950 443 4013 Quis
476 3951 631 4007 latro
662 3954 1083 4023 detestabilior,
1116 3973 1293 4027 quam
1340 3965 1675 4030 persecutor
1716 3962 1817 4034 qui

167 4044 414 4110 venerat,
441 4044 509 4096 ut
538 4041 843 4098 Christum
867 4044 1203 4100 occideret?
1225 4048 1335 4103 Sed
1356 4048 1544 4104 noluit
1564 4068 1625 4106 se
1647 4051 1815 4106 Chri-

171 4126 290 4178 stus
313 4132 761 4197 persecutorum
784 4131 1012 4187 defendi
1036 4133 1405 4202 vulnere,nec
1429 4154 1602 4193 suum
1631 4156 1816 4211 usque

171 4211 237 4265 ad
268 4211 656 4273 homicidium
690 4220 963 4290 quamvis
994 4221 1273 4294 religione
1300 4226 1600 4297 pervenire
1624 4227 1817 4283 taliter

171 4305 455 4360 consensit
477 4305 841 4379 apostolum;
862 4309 1016 4365 unde
1033 4314 1090 4365 et
1110 4326 1284 4381 quem
1308 4312 1405 4369 ille
1423 4322 1812 4388 percusserat,

170 4402 295 4445 mox
324 4391 448 4464 ipse
480 4411 693 4452 sanare
724 4396 1000 4469 dignatus
1032 4404 1138 4455 est.
1169 4399 1341 4457 Nulla
1370 4419 1505 4475 ergo
1527 4405 1816 4476 proinno-

174 4479 352 4535 centia
381 4484 770 4542 saecularibus
794 4486 975 4542 armis
1004 4504 1288 4561 pugnare,
1316 4496 1417 4547 aut
1436 4492 1582 4549 alios
1614 4495 1683 4549 ad
1707 4495 1815 4552 hoc

1934 1917 2139 1972 beatus
2154 1912 2681 1985 Paulusapostolus
2700 1913 2769 1965 ad
2786 1912 3095 1967 Romanos:
3118 1908 3427 1965 Benedicite
3444 1922 3573 1977 per-

1931 2004 2275 2075 sequentibus
2288 2018 2374 2057 vos
2384 2002 2779 2065 ,benedicite,et
2792 2000 2961 2054 nolite
2976 1996 3396 2053 maledicere.Et
3410 1992 3569 2050 alibi:

1932 2094 1992 2147 Si
2011 2094 2267 2148 esurierit
2290 2092 2548 2145 inimicus
2580 2089 2855 2157 tuus,ciba
2884 2088 3120 2149 illum,si
3147 2086 3482 2155 sitit,potum
3503 2082 3577 2135 da

1932 2183 2021 2236 illi
2042 2185 2219 2251 (Rom.
2244 2180 2459 2249 1:11.22).
2476 2178 2616 2232 Item
2640 2172 3119 2241 Ambrosius(lib.
3146 2172 3361 2240 10080.,
3385 2170 3531 2238 c118)
3558 2186 3569 2221 :

1932 2294 1959 2320 «
1985 2271 2041 2325 Si
2066 2270 2356 2342 perfectus
2373 2265 2792 2331 sim,benedico
2837 2262 3302 2323 maledicentem,
3336 2258 3492 2313 sicut
3519 2261 3575 2311 et

1930 2360 2311 2415 benedicebat
2342 2356 2576 2421 Paulus,
2601 2354 2701 2426 qui
2739 2353 2853 2409 ait:
2897 2350 3275 2407 Maledicimur
3316 2351 3368 2402 et
3413 2347 3573 2401 bene-

1929 2449 2185 2515 dicimus,
2205 2448 2637 2519 persecutionem
2668 2445 2915 2515 patimur
2939 2449 2989 2497 et
3005 2441 3339 2495 sustinemus
3370 2438 3416 2504 (I
3448 2436 3568 2490 Cor.

1930 2556 2004 2602 1v,
2039 2539 2146 2608 12).
2184 2560 2210 2585 ››
2244 2538 2463 2591 Tamen
2496 2540 2553 2590 et
2600 2538 2869 2589 sanctum
2902 2529 3079 2586 David
3112 2529 3170 2583 in
3203 2528 3311 2581 hoc
3339 2538 3571 2597 quoque

1927 2643 2137 2698 genere
2167 2626 2400 2681 virtutis
2431 2626 2717 2696 imparem
2750 2621 2928 2677 Paulo
2954 2636 3069 2675 non
3103 2618 3284 2673 fuisse
3333 2616 3569 2669 edocere

1929 2733 2285 2788 possumus;
2319 2714 2417 2787 qui
2450 2714 2639 2786 primo
2670 2712 2933 2783 quidem,
2957 2724 3091 2764 eum
3116 2704 3488 2762 malediceret
3518 2701 3569 2757 ei

1929 2806 2085 2860 ﬁlius
2116 2805 2326 2870 Semei,
2360 2810 2417 2859 et
2445 2802 2694 2857 crimina
2741 2800 3038 2871 objiceret,
3074 2796 3319 2857 tacebat,
3352 2798 3409 2848 et
3451 2792 3566 2846 hu-

1929 2895 2194 2950 miliabat
2224 2911 2306 2959 se,
2339 2898 2394 2947 et
2424 2892 2635 2947 silebat
2665 2908 2697 2945 a
2729 2890 2899 2945 bonis
2922 2887 3066 2952 suis,
3090 2885 3200 2940 hoc
3229 2888 3319 2939 est
3346 2882 3567 2936 bonum

1927 3000 2167 3055 operum
2202 2981 2599 3038 conscientia:
2638 2980 2848 3034 deinde
2877 2975 3254 3048 exspectabat
3301 2967 3570 3026 maledici

1928 3072 2205 3144 sibi,quia
2234 3071 2539 3127 maledicto
2572 3069 2671 3124 illo
2692 3068 2948 3123 divinam
2980 3063 3319 3136 acquirebat
3348 3058 3571 3115 miseri-

1928 3162 2206 3217 cordiam.
2248 3162 2353 3227 Qui
2387 3160 2561 3215 etiam
2594 3163 2649 3213 et
2678 3157 2737 3212 in
2771 3156 3015 3228 psalmis
3046 3154 3161 3209 ait:
3187 3154 3377 3207 Averte
3418 3148 3572 3202 mala

1926 3252 2173 3307 inimicis
2203 3252 2359 3313 meis,
2394 3254 2445 3304 et
2486 3250 2541 3303 in
2570 3248 2797 3302 veritate
2828 3254 2921 3300 tua
2949 3243 3199 3315 disperde
3237 3241 3359 3295 illos
3392 3237 3565 3309 (Psal.

1929 3358 2047 3407 LIII,
2076 3341 2157 3411 7.)
2187 3338 2333 3403 Quid
2367 3354 2501 3410 ergo
2532 3340 2787 3408 praestat,
2822 3335 2870 3389 si
2913 3332 3237 3389 secundum
3287 3344 3570 3401 quorum-

1928 3430 2061 3484 dam
2086 3428 2379 3499 judicium
2421 3441 2632 3496 corpus
2663 3424 2772 3478 hoc
2800 3422 3149 3476 moriturum
3182 3416 3334 3473 male
3365 3417 3435 3471 de
3472 3416 3568 3470 in-

1928 3514 2107 3571 famia
2134 3514 2220 3569 vel
2252 3513 2540 3586 supplicio
2589 3510 2928 3575 liberemus,
2960 3508 3217 3564 animam
3265 3508 3459 3561 autem
3510 3504 3569 3558 in

1928 3608 2273 3677 perpetuum
2306 3604 2657 3658 damnamur
2680 3618 2693 3668 ;
2718 3600 2944 3655 dicente
2966 3597 3213 3654 Domino
3240 3612 3252 3651 :
3280 3594 3420 3664 Quid
3438 3610 3566 3667 pro-

1925 3694 2043 3749 dest
2070 3694 2286 3748 homini
2313 3694 2362 3747 si
2386 3694 2705 3747 universum
2731 3688 3006 3745 mundum
3062 3687 3322 3756 lucretur,
3364 3686 3571 3742 animae

1924 3799 2048 3839 vero
2076 3798 2197 3839 suae
2215 3783 2605 3838 detrimentum
2628 3781 2920 3852 patiatur?
2948 3776 3158 3847 (Matth.
3188 3793 3305 3841 xvx,
3328 3775 3438 3845 16.)
3458 3774 3566 3829 Sed

1925 3873 2023 3929 illa
2045 3873 2244 3929 infelix
2275 3872 2474 3927 anima
2502 3871 2611 3926 hoc
2644 3872 2713 3925 ad
2740 3868 3161 3941 perficiendum
3181 3867 3293 3937 (38)
3316 3863 3564 3931 obediet,

1925 3964 1995 4019 de
2027 3980 2144 4035 qua
2174 3962 2457 4034 scriptum
2480 3966 2567 4017 est
2592 3978 2602 4016 :
2639 3961 2884 4016 Privavit
2911 3975 3033 4014 eam
3062 3959 3205 4012 Deus
3270 3955 3567 4026 sapientia,

1924 4069 2021 4108 nec
2049 4053 2196 4109 dedit
2226 4053 2315 4106 illi
2345 4052 2779 4122 intelligentiam
2809 4048 2945 4119 (Job.
2979 4064 3171 4114 xxxxx,
3202 4046 3284 4113 7.)

1995 4142 2175 4197 Nobis
2206 4156 2339 4195 vero
2370 4140 2633 4194 divinum
2657 4138 2879 4209 jugiter
2930 4135 3200 4192 convenit
3257 4132 3572 4204 implorare

1925 4229 2297 4298 auxilium,et
2316 4226 2668 4283 omnimodis
2695 4228 3049 4296 satagere,ut
3070 4224 3208 4294 quia
3223 4222 3573 4293 (38)absque

1924 4322 2159 4390 peccato
2190 4334 2318 4373 esse
2349 4333 2463 4371 non
2497 4330 2834 4388 possumus,
2858 4312 2998 4366 vela
3028 4311 3372 4365 criminibus
3395 4308 3569 4363 alieni

1925 4406 2171 4462 existere
2200 4405 2519 4471 valeamus,
2545 4404 2684 4475 quia
2704 4400 3029 4458 secundum
3053 4400 3288 4453 beatum
3322 4396 3568 4452 Paulum

1924 4494 2255 4567 apostolum
2289 4494 2414 4549 sine
2445 4493 2687 4549 crimine
2717 4491 3046 4548 sacerdotes
3076 4503 3204 4542 esse
3234 4485 3464 4541 debent.
3499 4486 3571 4539 Et

172 4580 266 4635 pro
287 4570 454 4628 nobis
478 4573 833 4646 compellere
855 4577 1142 4633 convenit.
1164 4578 1309 4635 Nam
1356 4582 1405 4637 si
1456 4582 1732 4639 facientes
1763 4588 1820 4641 et
1850 4589 1895 4654 D
1928 4585 2197 4657 quamvis
2216 4600 2622 4657 perversorum
2642 4580 2991 4638 oraomnino
3006 4578 3308 4634 obstruere
3321 4590 3572 4647 nequea-

174 4660 596 4718 consentientes
628 4661 757 4734 pari
811 4680 983 4736 poena
1043 4668 1547 4741 constringuntur,
1598 4678 1815 4744 quanto

173 4744 347 4816 magis
368 4749 438 4804 ad
462 4767 728 4823 pugnam
752 4754 1193 4824 persuadentes,
1218 4757 1307 4812 vel
1328 4759 1503 4815 etiam
1534 4760 1680 4817 alios
1711 4779 1814 4834 pro

174 4844 229 4885 se
257 4845 648 4907 Opponentes,
666 4857 876 4913 pugnas
892 4842 1272 4916 implicantur
1299 4848 1555 4918 periculo
1574 4850 1602 4905 ?
1623 4850 1817 4906 Insen-

180 4923 283 5013 sati
317 4931 372 4981 et
400 4930 633 5000 perﬁdi,
666 4936 821 4987 certe
852 4932 902 4987 si
934 4934 1105 4990 nobis
1122 4936 1302 4993 armis
1332 4944 1554 4996 certare
1582 4958 1814 5013 compe-

175 5009 327 5101 teret,
359 5014 604 5076 liberius
634 5036 743 5093 pro
766 5020 1050 5079 fratribus
1072 5023 1495 5099 bellare,quam
1521 5047 1623 5101 pro
1646 5009 1816 5087 nobis

186 5094 317 5155 alios
345 5104 598 5176 objicere
625 5109 1034 5181 crederemus;
1066 5130 1225 5183 nam,
1284 5094 1365 5171 ait
1411 5094 1697 5175 Dominus
1754 5120 1815 5176 in

176 5182 462 5280 Dvangelio
486 5214 501 5253 :
536 5199 729 5254 Bonus
752 5207 941 5271 pastor
952 5204 1111 5273 ponit
1130 5182 1381 5261 animam
1409 5224 1572 5263 suam
1586 5224 1688 5280 pro
1710 5211 1817 5265 ovi-

181 5267 266 5328 bus
296 5280 405 5335 suis
440 5286 619 5352 (Joan.
653 5304 713 5355 x,
745 5267 857 5357 ii.)
890 5267 1013 5347 Non
1047 5291 1203 5349 enim
1235 5294 1337 5361 ait,
1378 5267 1817 5369 bonus‘pastor

180 5372 301 5419 oves
331 5369 437 5426 sibi
460 5375 811 5433 commissas
836 5395 941 5450 pro
964 5380 1163 5437 anima
1184 5398 1292 5439 sua
1335 5386 1522 5457 ponit,
1554 5387 1655 5442 sed
1689 5387 1813 5443 ani-

369 5495 645 5577 lttdicant.
682 5501 775 5557 Sic
809 5505 1177 5564 restituimus
1207 5525 1239 5563 e
1275 5510 1471 5566 codice
1500 5512 1677 5568 Resb.
1707 5511 1813 5577 ;.in

184 5554 359 5628 editis,
390 5568 657 5626 indicant.
1209 5554 1238 5563 ν
1500 5554 1720 5581 ’

252 5630 356 5703 (37)
382 5638 726 5712 Frequentia.
780 5644 862 5702 Ita
910 5648 1186 5709 laudatus
1230 5653 1411 5710 codex
1442 5655 1615 5712 Resb.
1650 5653 1812 5724 editi,

1928 4692 2081 4746 mus,
2117 4675 2187 4729 de
2218 4690 2366 4746 pura
2393 4671 2583 4729 securi
2605 4669 2979 4735 conscientia,
3033 4664 3278 4722 interius
3327 4662 3571 4719 fiducia-

1923 4764 2055 4819 liter
2084 4764 2467 4835 gaudeamus.
2492 4762 2639 4817 Nam
2671 4758 2807 4831 quid
2838 4757 3052 4812 mirum
3076 4755 3123 4810 si
3146 4753 3415 4810 homines
3436 4770 3571 4825 per-

1925 4853 2053 4920 diti,
2078 4856 2135 4907 et
2163 4850 2427 4907 subversi
2459 4852 2743 4907 bonorum
2776 4848 2954 4902 vitam
2984 4846 3271 4901 infamare
3302 4860 3415 4899 non
3450 4860 3573 4899 me-

1923 4944 2101 4997 tuunt
2122 4940 2260 4996 ?Ait
2287 4940 2444 4995 enim
2472 4940 2681 4996 beatus
2712 4936 3027 5009 Gregorius
3050 4953 3063 4991 :
3088 4935 3270 4991 Habet
3304 4933 3415 4989 hoc
3437 4950 3570 5005 pro-

1925 5029 2119 5102 prium
2148 5029 2376 5101 antiqui
2399 5028 2583 5085 hostis
2606 5027 2845 5093 invidia,
2871 5030 2935 5080 ut
2965 5041 3113 5097 quos
3152 5023 3213 5078 in
3258 5037 3572 5094 pravorum

1925 5123 2163 5175 actuum
2188 5117 2635 5189 perpetratione,
2667 5116 2783 5171 Deo
2815 5115 2926 5170 sibi
2958 5114 3283 5182 resistente,
3307 5110 3574 5182 decipere

1925 5225 2041 5263 non
2073 5207 2243 5277 valet,
2281 5206 2585 5277 Opiniones
2612 5221 2814 5260 eorum
2848 5204 2993 5259 falsa
3021 5203 3092 5258 ad
3116 5216 3371 5274 przesens
3394 5199 3573 5255 simu-

1924 5296 2418 5364 lando,dilaceret.
2447 5295 2561 5349 Sed
2592 5293 2824 5348 illorum
2848 5292 3151 5347 malitiosa
3180 5288 3570 5344 detractiones

1924 5385 2193 5457 quamvis
2224 5382 2477 5438 multum
2507 5382 2791 5453 impedire
2837 5381 3163 5445 videantur,
3221 5393 3339 5434 non
3397 5375 3568 5433 nobis

1920 5512 2240 5581 frequentis.

2016 5574 2108 5651 38)
2138 5578 2558 5651 Perﬁciendum.
2589 5576 2777 5651 codex
2810 5576 2980 5651 Resb.
3011 5574 3429 5651 proﬁciendum.

2015 5645 2104 5725 39)
2142 5654 2205 5709 Ut
2233 5645 2486 5723 quia.Sic
2517 5648 2792 5705 laudatus
2822 5648 3001 5703 codex
3025 5662 3037 5699 :
3065 5645 3291 5713 editi,ut
3313 5648 3409 5717 qui
3419 5645 3557 5713 jam.
