3956 6230
370 348 460 430 es”
504 344 511 352 ’
1389 378 1730 446 ATTONIS
1771 324 2356 447 vnaonLLsNSIs
2398 380 2754 448 EPISGOPI

3700 388 3799 451 64

369 501 567 557 tamen
600 501 767 596 aliter
811 509 1173 573 excusandas
1228 528 1358 571 esse
1412 517 1853 591 perpendimus,
1894 518 2009 577 nisi
2037 520 2096 584 Α
2125 518 2183 573 id
2216 519 2370 591 quod
2399 522 2572 592 turpe
2597 522 2707 586 est,
2739 532 2857 575 non
2888 518 3076 592 possit
3104 534 3233 576 esse
3264 518 3625 596 utile,neque
3643 539 3796 580 rur-

371 593 871 661 quemadmodum
916 603 1251 657 sanctorum
1301 605 1539 663 Patrum
1602 608 2011 667 suluberrlmis

380 678 855 742 institutionibus
884 687 1289 761 admonemur,
1313 696 1453 767 quia
1483 699 1768 770 scriptum
1791 705 1881 757 est
1908 719 1921 757 :
1944 704 2021 758 Ne

373 771 803 844 transgrediaris
832 776 985 849 ﬁnes,
1018 798 1150 852 quos
1177 797 1480 855 posuerunt
1505 799 1692 861 patres
1717 793 1800 847 tui
1826 795 2013 861 (Prov.

368 876 509 925 xm,
539 863 655 932 28.)
687 864 745 919 Si
780 865 911 938 quis
941 872 1134 926 tamen
1166 877 1443 932 canonico
1474 878 1533 933 in
1564 878 1658 935 his
1708 885 2015 938 contentus

369 947 483 1019 (40)
516 965 648 1006 esse
678 951 925 1011 noluerit
945 958 1192 1029 judicio,
1215 964 1314 1018 sed
1344 981 1451 1020 sua
1482 966 1891 1025 adinventione
1922 988 2015 1026 sa-

370 1038 632 1130 cerdotes
664 1040 764 1096 Dei
807 1060 1184 1118 prmgravare,
1241 1069 1470 1122 vexare,
1523 1056 1611 1111 vel
1671 1059 2013 1130 exspoliare,

369 1124 613 1199 insuper
640 1130 811 1186 etiam
846 1137 904 1188 et
934 1134 983 1191 si
1013 1138 1274 1195 occidere
1307 1124 2019 1220 praesumpserit,-oportet

369 1230 475 1270 nos
508 1222 843 1277 sanctorum
877 1239 1187 1283 censuram
1246 1233 1529 1288 servando
1587 1235 1803 1307 puniri,
1837 1254 2013 1309 quam

367 1304 496 1376 ejus
527 1323 713 1378 pravae
744 1312 1081 1371 satisfacere
1136 1317 1446 1391 voluntati,
1496 1304 1763 1393 quamvis
1821 1304 1879 1382 et
1905 1327 2015 1383 hoc

368 1410 538 1468 agere
567 1398 963 1469 perniciosum
995 1404 1091 1472 sit,
1123 1411 1181 1461 et
1210 1408 1345 1465 talis
1373 1427 1561 1481 pmna,
1595 1413 1679 1469 vel
1731 1430 1891 1471 mors
1922 1434 2012 1471 sa-

366 1483 444 1540 tis
477 1502 689 1577 aspera
706 1488 1004 1577 ivideatur.
1040 1496 1175 1562 Quae
1207 1498 1362 1554 enim
1420 1517 1579 1557 mors
1609 1502 1668 1557 in
1707 1502 1839 1572 [hoc
1870 1523 2012 1577 pra:-

368 1573 517 1628 senti
548 1576 761 1633 saeculo
792 1581 1084 1638 crudelior
1112 1600 1241 1641 esse
1268 1588 1499 1658 poterit,
1519 1605 1694 1662 quam
1722 1608 1853 1648 cum
1872 1573 2011 1664 pas-

367 1664 525 1718 tores
553 1663 822 1722 Ecclesiaa
854 1669 925 1725 ab
957 1670 1162 1729 ovibus
1192 1681 1575 1747 separantur;
1621 1683 1698 1747 et,
1729 1686 1829 1736 aut
1886 1663 2011 1737 ear-

367 1749 504 1821 ceri]
536 1752 939 1826 includuntur,
969 1760 1058 1815 vel
1089 1762 1290 1820 exsilio
1321 1764 1638 1837 pelluntur,
1668 1770 2011 1842 [eorumque

2127 626 2231 665 sus
2262 609 2321 664 id
2349 610 2501 680 quod
2533 609 2845 666 honestum
2877 614 2984 679 est,
3018 609 3245 679 inutile,
3290 609 3429 682 quia
3472 613 3802 685 complexa

2126 698 2420 755 honestati
2451 703 2541 754 est
2570 715 2801 771 semper
2830 699 3076 766 utilitas,
3108 704 3165 756 et
3195 700 3431 756 utilitati
3468 700 3791 759 honestas.

2127 789 2239 844 Sed
2271 789 2373 860 qui
2406 792 2743 845 sanctorum
2795 789 3034 845 Patrum
3093 789 3525 862 parvipendunt
3563 792 3796 860 edicta,

2127 892 2409 950 magnum
2423 894 2539 933 non
2561 882 2650 934 est
2662 878 2711 934 si
2724 883 2926 934 nostra
2937 879 3112 934 etiam
3128 879 3223 934 red
3233 884 3482 950 arguant
3493 884 3748 953 etopera
3773 898 3792 936 :

2127 983 2336 1039 nempe
2367 966 2466 1040 qui
2500 966 2737 1023 illorum
2769 984 2884 1024 non
2919 972 3189 1024 metuunt
3224 972 3442 1024 statuta
3462 973 3789 1038 temerare,

2126 1072 2233 1111 nec
2254 1061 2469 1111 nostrae
2496 1061 2771 1112 metuunt
2794 1057 2924 1112 vita:
2955 1057 3276 1124 detrahere,
3298 1074 3498 1113 verum
3522 1060 3706 1116 etiam
3728 1065 3797 1116 et

2120 1145 2410 1217 judicium
2428 1146 3088 1218 prsegravare.0uamvis
3103 1147 3366 1219 igiturab
3378 1148 3791 1207 ecclesiastica

2126 1235 2468 1290 recedamus
2501 1251 2767 1301 censura,
2802 1235 3156 1305 quibusdam
3208 1253 3275 1291 ex
3321 1236 3467 1309 ipsis
3508 1238 3788 1307 [faventi-

2126 1324 2259 1391 bus,
2294 1323 2527 1379 illorum
2561 1324 2734 1379 etiam
2757 1324 3001 1394 judicio,
3027 1326 3422 1381 satisfaciendi
3453 1326 3647 1382 locum
3682 1344 3783 1384 re-

2129 1413 2314 1484 perire
2341 1413 2494 1485 apud
2528 1412 2836 1469 saeculares
2864 1413 2925 1468 in
2956 1413 3299 1486 hujusmodi
3340 1415 3773 1487 potuissemus,

2125 1502 2565 1557 incommodum
2596 1501 2973 1567 arbitramur,
3010 1520 3081 1558 ne
3113 1504 3246 1559 aliis
3271 1503 3380 1559 hoc
3412 1506 3645 1575 assequi
3670 1523 3777 1562 vo-

2122 1590 2397 1657 lentibus,
2421 1590 2509 1645 vel
2531 1590 2734 1662 etiam]
2757 1591 3176 1658 valentibus,in
3200 1592 3530 1665 exemplum
3557 1595 3782 1665 produ-

2122 1683 2350 1735 ceretur
2377 1679 2513 1751 (41),
2542 1684 2599 1735 et
2660 1680 2943 1735 fratribus
3000 1681 3253 1738 eveniret
3283 1681 3342 1737 in
3397 1683 3777 1753 scandalum,

2122 1768 2276 1840 quod
2309 1784 2343 1823 a
2366 1767 2534 1823 nobis
2567 1770 2979 1839 quoquomodo
3028 1768 3237 1825 fuisset
3284 1772 3595 1827 extortum.
3640 1773 3774 1828 Non

365 1854 610 1912 corpora
626 1845 887 1915 penuriis
908 1852 1490 1919 atteruntur,mentes
1515 1861 1709 1912 autem
1740 1866 2004 1928 mturare]
2038 1888 2086 1953 Β
2120 1856 2277 1913 enim
2305 1860 2394 1912 est
2423 1857 2655 1928 sapiens
2677 1857 2776 1928 qui
2810 1862 2996 1914 nocet.
3020 1858 3187 1913 Aliud
3214 1862 3302 1915 est
3322 1875 3457 1916 vero
3496 1876 3770 1917 commu-

367 1928 756 1953 -m-z___1_-_a
785 1934 853 1953 1‘,
1179 1940 1193 1952 ο
1311 1944 1323 1953 .
1420 1942 1438 1953 ι
1561 1945 1598 1953 ...
1626 1945 1638 1953 .
1868 1946 1881 1953 -
1956 1948 1968 1953 -
2160 1946 2193 1953 .-
2562 1944 2599 1953 ..
2666 1946 2680 1953 -
2774 1949 2786 1953 -
3169 1947 3190 1953 -
3260 1951 3265 1953 _
3368 1951 3383 1953 -
3448 1949 3459 1953 _

366 1928 756 1989 afﬁciuntur?
784 1934 864 1991 De
911 1953 972 1993 se
1029 1940 1347 2011 suspirant,
1404 1942 1474 1999 de
1526 1945 1638 2000 sibi
1671 1946 2004 2005 commissis

366 2015 607 2108 ejulant,
644 2023 948 2092 praesentia
978 2026 1282 2096 patiuntur
1309 2031 1620 2104 supplicia,
1643 2034 2005 2108 futuraquea

364 2105 734 2165 carnificibus
764 2112 1207 2183 promittuntur,
1237 2124 1519 2190 expavent
1548 2105 2003 2193 majora,co—nso-

361 2193 574 2250 latores
605 2196 676 2252 ab
732 2198 877 2270 ipsis
933 2202 1242 2272 tolluntur,
1277 2208 1710 2281 exprobrantes,
1742 2211 1831 2268 vel
1882 2217 2003 2268 ter-

360 2286 557 2340 rentes
593 2284 817 2359 jugiter
872 2290 1212 2349 assistunt?
1264 2295 1467 2364 Nonne
1521 2298 1704 2355 levius
1763 2301 2005 2373 praecisa

360 2371 579 2461 cervice
599 2377 1013 2435 occumberent
1031 2381 1060 2436 ‘I
1084 2384 1198 2438 Aut
1218 2384 1464 2441 fortasse
1485 2386 1593 2443 hoc
1610 2371 1848 2461 agentes
1872 2390 2002 2447 ideo

359 2456 668 2517 homicidae
719 2481 835 2520 non
878 2472 1038 2535 sunt,
1097 2473 1235 2542 quia
1282 2472 1379 2528 isti
1438 2456 1677 2547 absquew
1715 2479 2003 2551 sanguine

361 2552 662 2638 necantur.
698 2552 862 2610 Certe
891 2554 1168 2615 Julianus
1199 2560 1327 2617 ideo
1359 2563 1647 2621 crudelior
1675 2582 1791 2638 prae
1828 2572 2002 2622 caete-

360 2634 444 2691 ris
474 2640 739 2709 tyrannis
771 2641 964 2701 dictus
993 2650 1101 2712 est,
1136 2649 1274 2720 quia
1300 2655 1582 2725 martyres
1612 2634 1826 2711 Christi
1875 2673 2005 2712 san-

361 2724 602 2817 guinem
635 2727 877 2789 fundere
908 2751 1023 2790 non
1055 2735 1303 2806 sinebat,
1333 2741 1432 2795 sed
1460 2724 1732 2799 diversis
1776 2744 2000 2817 suppli-

361 2811 468 2868 ciis
497 2817 801 2887 torquens,
845 2826 979 2894 post
1025 2822 1256 2896 longam
1311 2830 1765 2887 macerationem
1821 2811 2000 2889 vitam

361 2900 530 2991 finire
564 2906 824 2977 cogebat.
859 2909 1003 2968 Hinc
1035 2912 1215 2971 Isaias
1245 2916 1360 2973 ait:
1397 2919 1566 2974 Omne
1592 2928 1755 2991 caput
1779 2921 1999 2991 langui-

362 2988 513 3082 dum,
546 3001 598 3049 et
626 3011 785 3051 omne
813 3015 906 3055 cor
926 3017 1173 3073 moerens,
1205 3022 1240 3060 a
1267 3008 1462 3076 planta
1497 2988 1668 3080 pedis
1705 2988 1893 3082 usque
1932 3012 2002 3067 ad

360 3081 626 3136 verticem
656 3099 767 3139 non
789 3095 869 3143 est
895 3089 953 3143 in
978 3105 1038 3145 eo
1066 3094 1277 3148 sanitas
1307 3095 1463 3167 (Isai.
1496 3113 1535 3164 ι,
1567 3095 1646 3166 3.)

430 3167 844 3231 Verumtamen
866 3174 1001 3234 licet
1021 3178 1142 3235 haec
1171 3182 1493 3239 durissima
1513 3200 1640 3240 esse
1669 3184 1996 3257 videantur,

2115 1946 2267 2001 niter
2292 1944 2682 2018 sapere,aliud
2703 1949 2794 2001 est
2823 1962 3029 2018 sapere
3059 1947 3326 2019 perfecte.
3353 1949 3460 2016 Qui
3500 1966 3777 2006 commu-

2115 2032 2268 2088 niter
2299 2034 2475 2105 sapit,
2507 2051 2610 2106 pro
2640 2034 3065 2107 temporalibus
3083 2037 3255 2109 sapit,
3284 2038 3385 2109 qui
3406 2042 3599 2094 autem
3626 2056 3773 2112 per-

2115 2122 2263 2178 fecte
2308 2124 2484 2196 sapit,
2513 2140 2627 2179 non
2660 2125 2867 2196 quaerit
2894 2128 3124 2181 tantum
3158 2127 3311 2198 quod
3340 2126 3450 2183 sibi
3483 2127 3624 2183 utile
3648 2132 3767 2197 est,

2114 2211 2216 2266 sed
2249 2212 2402 2283 quod
2438 2213 2733 2269 omnibus.
2757 2213 2853 2268 Ait
2885 2214 3122 2285 quidem
3155 2214 3360 2271 beatus
3403 2215 3725 2289 Gregorius
3753 2236 3767 2274 :

2116 2301 2279 2371 Saepe
2300 2300 2372 2355 ab
2396 2300 2738 2357 hominibus
2757 2301 2937 2357 timor
2958 2301 3168 2358 debilis
3208 2308 3379 2359 cauta
3400 2303 3779 2377 dispensatio

2111 2393 2371 2455 vocatur,
2395 2394 2451 2444 et
2482 2389 2648 2462 quasi
2678 2390 2998 2461 prudenter
3026 2392 3312 2463 impetum
3336 2409 3398 2448 se
3429 2393 3767 2451 declinasse

2115 2482 2546 2546 asserunt,cum
2578 2478 2867 2550 fugientes
2883 2480 2994 2551 (42)
3012 2479 3257 2551 turpiter
3276 2480 3333 2535 in
3356 2484 3521 2552 terga
3543 2481 3690 2537 feriu
3703 2500 3767 2538 n-

2112 2570 2226 2621 tur.
2260 2565 2695 2638 Congruentius
2726 2583 2861 2640 ergo
2902 2567 3176 2641 eligimus
3220 2573 3480 2625 nostram
3530 2576 3766 2642 portare

2112 2654 2410 2723 injuriam,
2446 2670 2621 2726 quam
2655 2654 2786 2711 aliis
2818 2656 3029 2712 inferre
3053 2655 3433 2727 calumniam,
3456 2660 3605 2715 etab
3629 2659 3766 2717 aliis

2112 2744 2332 2815 injuste
2356 2743 2683 2817 pati,quam
2706 2762 2741 2800 a
2757 2744 2925 2800 nobis
2942 2744 3165 2817 injuste
3186 2746 3435 2803 defendi:
3455 2756 3571 2803 non
3597 2748 3763 2804 enim

2111 2833 2171 2888 in
2202 2836 2552 2905 perpetuum
2583 2834 2956 2905 damnamur,
2990 2850 3121 2889 cum
3151 2834 3372 2906 injuste
3393 2836 3762 2908 judicamur,

2111 2922 2337 2977 dicente
2360 2922 2709 2978 Psalmista:
2742 2926 2855 2979 Nec
2904 2923 3193 2980 damnabit
3247 2941 3372 2980 eum
3396 2942 3521 2982 cum
3550 2928 3762 2997 iudica-

2111 3010 2259 3066 bitur
2286 3010 2383 3067 illi
2408 3011 2584 3079 (Psal.
2605 3027 2773 3078 xxxv,
2805 3012 2919 3085 33.)

2180 3099 2349 3156 Multi
2379 3099 2632 3171 denique
2654 3102 3026 3157 sacerdotum
3049 3101 3278 3173 culpam
3301 3102 3422 3159 zelo
3444 3103 3546 3160 Dei
3561 3121 3758 3177 perse-

2108 3190 2208 3261 qui
2241 3206 2304 3245 se
2327 3189 2696 3261 profitentur,
2730 3190 2833 3246 sed
2864 3190 3006 3245 dum
3038 3190 3353 3247 indiscrete
3399 3191 3509 3248 hoc
3549 3198 3757 3267 agunt.

360 3255 620 3356 divinam
653 3263 755 3317 sed
787 3263 942 3321 enim
991 3266 1314 3327 habeamus
1354 3271 1834 3341 consolationem,
1869 3255 1995 3345 quae
2027 3255 2069 3323 (ἶ
2109 3255 2397 3349 sacrilegii
2420 3278 2647 3334 facinus
2667 3277 3064 3348 inourrunt,et
3084 3280 3225 3335 dum
3244 3255 3758 3356 praecipitesquasi

356 3344 473 3403 ait:
504 3348 682 3406 Nolite
707 3352 901 3410 timere
928 3371 1023 3412 eos
1051 3360 1148 3428 qui
1176 3358 1426 3416 occidunt
1479 3375 1693 3433 corpus,
1744 3344 1998 3419 anirnam

352 3443 539 3492 autem
566 3454 675 3494 non
702 3448 929 3511 possunt
958 3446 1205 3503 occidere
1228 3464 1250 3509 ;
1279 3447 1373 3504 sed
1397 3450 1578 3520 potius
1631 3467 1756 3506 eum
1790 3451 1994 3524 timete,

352 3526 450 3594 qui
473 3534 648 3596 potest
671 3530 919 3587 animam
948 3536 999 3588 et
1055 3551 1247 3608 corpus
1296 3537 1521 3609 perdere
1579 3541 1636 3595 in
1692 3541 1997 3612 gehennam

353 3612 564 3682 (Matth.
587 3632 642 3681 x,
676 3616 790 3690 28.)
819 3619 966 3676 Nam
996 3624 1322 3679 secundum
1354 3625 1587 3682 beatum
1623 3629 1994 3685 Ambrosium

353 3699 417 3768 (1.
451 3714 515 3756 III
541 3701 717 3774 0fﬁc.,
743 3722 790 3761 c.
813 3708 868 3776 9)
900 3714 1141 3767 sanctus
1154 3711 1513 3770 Nabuthaeus
1533 3716 1593 3770 in
1617 3732 1683 3771 eo
1704 3718 1995 3789 perfectus

354 3789 595 3862 exstitit,
627 3792 765 3864 quia
793 3798 1081 3869 sanguine
1103 3799 1336 3873 proprio
1358 3802 1694 3859 defenderat
1705 3806 1845 3875 jura
1866 3822 1995 3861 ma-

344 3878 567 3949 jorum,
608 3886 663 3937 et
692 3882 1016 3942 honestatis
1076 3889 1563 3963 contemplatione
1584 3898 1858 3950 ‘mortem
1905 3894 1993 3949 in-

354 3982 585 4026 currere
614 3988 729 4027 non
761 3972 1117 4033 formidavit.
1151 3975 1296 4033 Cum
1352 3979 1510 4036 enim
1564 3982 1637 4037 ab
1668 3997 1735 4038 eo
1766 3981 1993 4039 vineam

353 4072 453 4112 rex
473 4066 738 4130 posceret
762 4064 1072 4135 pecuniam
1104 4082 1166 4122 se
1195 4068 1472 4125 daturum
1505 4069 1808 4142 pollicens,
1828 4072 1992 4128 inde-

352 4161 552 4204 corum
586 4150 841 4222 pretium
872 4169 977 4225 pro
1027 4160 1268 4227 paterna
1316 4160 1607 4215 recusavit
1636 4159 1991 4231 haereditate,

351 4235 676 4310 metuitque
707 4246 895 4298 morte
927 4244 1219 4302 declinare
1286 4246 1629 4320 hujusmodi
1672 4250 1995 4322 turpitudi-

349 4339 483 4381 nem
508 4345 527 4381 :
557 4328 675 4385 Non
703 4330 863 4402 mihi,
894 4332 1109 4405 inquit,
1142 4337 1241 4406 ﬁat
1269 4354 1302 4391 a
1332 4338 1463 4409 Deo,
1493 4340 1555 4393 ut
1584 4338 1715 4394 dem
1743 4340 1847 4395 tibi
1881 4340 1993 4396 hae-

348 4414 637 4473 reditatem
658 4425 891 4491 patrum
918 4438 1166 4479 meorum
1223 4426 1333 4493 (III
1389 4427 1518 4498 Reg.
1576 4444 1692 4496 xxI,
1747 4428 1840 4502 3):
1885 4429 1995 4485 hoc

347 4508 437 4560 est
464 4510 698 4563 tantum
730 4509 876 4565 mihi
909 4512 1289 4583 opprobrium
1322 4530 1437 4570 non
1458 4515 1583 4582 fiat,
1605 4532 1720 4572 non
1751 4517 1994 4589 permit-

2106 3367 2177 3424 ad
2209 3365 2645 3422 emendandum
2673 3373 2877 3436 ruunt,
2898 3367 3011 3440 ipsi
3031 3384 3263 3442 quoque
3294 3370 3549 3427 deterius
3570 3372 3755 3430 multo

2106 3455 2293 3528 magis
2324 3456 2578 3512 cadunt:
2612 3456 2767 3511 unde
2790 3460 2848 3512 et
2874 3456 2934 3511 in
2968 3456 3116 3513 libro
3145 3461 3367 3530 Regum
3392 3459 3463 3515 de
3492 3476 3628 3516 arca
3650 3463 3755 3518 Do-

2106 3545 2252 3600 mini
2281 3543 2514 3617 legitur,
2547 3545 2686 3616 quia
2712 3548 3002 3617 postquam
3029 3549 3299 3602 venerunt
3330 3548 3400 3603 ad
3428 3565 3620 3605 arcam
3650 3552 3756 3607 Na-

2102 3635 2251 3702 chor,
2276 3634 2529 3690 extendit
2545 3649 2777 3690 manum
2798 3636 2913 3693 0m
2932 3634 3003 3690 ad
3021 3651 3208 3691 arcam
3244 3638 3484 3707 Domini,
3507 3643 3560 3695 et
3580 3643 3755 3697 tenuit

2101 3738 2244 3791 eam,
2269 3723 2537 3794 quoniam
2587 3721 2964 3779 oalcitrabant
3010 3725 3183 3791 boves.
3229 3732 3285 3781 et
3335 3725 3753 3786 declinaverunt

2101 3828 2222 3867 eam
2246 3819 2332 3873 :et
2361 3812 2539 3867 iratus
2567 3812 2957 3885 indignatione
2987 3813 3247 3870 Dominus
3271 3818 3459 3871 contra
3493 3818 3680 3890 0mm,
3701 3823 3754 3877 et

2096 3903 2365 3972 percussit
2388 3916 2513 3955 eum
2539 3917 2705 3973 super
2729 3904 3091 3958 temeritatem
3108 3919 3130 3965 ;
3151 3906 3249 3974 qui
3278 3911 3529 3961 mortuus
3560 3912 3642 3964 est
3671 3910 3753 3966 ibi

2086 3994 2269 4065 juxta
2288 4006 2476 4045 arcam
2502 3990 2723 4045 Domini
2763 3991 2841 4061 (ΙΙ
2874 3990 2999 4064 Reg.
3051 4008 3128 4063 vr,
3151 3993 3232 4065 6.)
3262 3995 3410 4059 Quid
3462 3995 3618 4052 enim
3650 4014 3754 4071 per

2104 4094 2303 4136 arcam
2325 4076 2536 4133 melius
2556 4094 2735 4149 quam
2753 4079 3212 4137 sanctaEcclesia
3224 4082 3749 4157 designaturiouid

2104 4183 2208 4239 per
2232 4166 2430 4233 boves,
2465 4181 2643 4238 quam
2675 4166 3028 4224 dissidentes
3054 4170 3430 4228 sacerdotes?
3461 4173 3610 4238 Quid
3649 4192 3753 4249 per

2103 4254 2427 4324 Ozam,nisi
2457 4253 2709 4327 aliquem
2738 4255 3117 4312 temerarium
3146 4257 3534 4332 intelligimus
3552 4260 3582 4316 τ
3609 4262 3748 4320 Saul

2105 4342 2281 4400 etiam
2314 4343 2387 4398 ab
2416 4342 2544 4415 ipso
2570 4342 2815 4400 Domino
2838 4343 2899 4401 in
2923 4360 3102 4418 regno
3122 4345 3363 4416 electus,
3387 4348 3526 4420 quia
3555 4346 3748 4408 sacer-

2102 4431 2255 4488 dotis
2291 4447 2576 4505 usurpare
2600 4449 2780 4489 ausus
2805 4437 2894 4489 est
2912 4433 3325 4505 ministerium,
3350 4437 3556 4494 merito
3575 4454 3748 4513 apro-

2101 4520 2276 4593 pheta
2306 4520 2526 4576 audivit
2545 4539 2564 4575 :
2595 4521 2771 4577 Stulte
2793 4523 2972 4593 egisti,
3003 4538 3104 4578 nec
3146 4525 3434 4581 custodisti
3477 4528 3745 4586 mandata

346 4595 436 4648 tat
466 4593 621 4693 Deus
652 4601 884 4654 tantum
915 4602 1242 4693 extorqueri
1275 4602 1581 4693 flagitium.
1613 4604 1738 4661 Non
1791 4606 1993 4679 utique
2022 4626 2069 4693 Β
2105 4611 2327 4667 Domini
2354 4611 2454 4666 Dei
2475 4612 2579 4679 tui,
2612 4625 2738 4681 qua!
2761 4614 3033 4683 praecepit
3060 4613 3182 4668 tibi.
3216 4614 3344 4683 Quae
3372 4617 3422 4671 si
3445 4632 3557 4673 non
3584 4620 3749 4689 fecis-

345 4698 451 4754 pro
481 4683 701 4742 vitibus
730 4688 840 4743 hoc
871 4687 1038 4744 dicit:
1074 4706 1264 4762 neque
1294 4692 1449 4749 enim
1499 4693 1570 4749 de
1599 4694 1817 4751 vitibus
1848 4712 1989 4752 cura
2022 4683 2063 4693 ”
2108 4716 2211 4767 ses,
2237 4700 2362 4770 jam
2392 4714 2542 4753 nunc
2564 4709 2935 4770 praeparasset
2991 4701 3253 4758 Dominus
3308 4719 3546 4774 regnum
3584 4683 3747 4765 tuum

342 4774 442 4868 est.
462 4771 599 4842 Deo,
633 4792 823 4848 neque
852 4776 1182 4868 deiterren‘o
1212 4780 1420 4852 spatio,
1456 4783 1555 4838 sed
1617 4783 1689 4839 de
1738 4784 1874 4856 jure
1902 4783 1987 4839 lo-
2098 4804 2263 4860 super
2294 4787 2464 4843 Israel
2490 4788 2553 4841 in
2583 4790 2994 4860 sempiternum,
3018 4790 3110 4847 sed
3136 4771 3484 4865 nequaquam
3519 4812 3747 4868 regnum

342 4859 546 4931 quitur
574 4863 1042 4921 Patrum.Potuit
1073 4866 1276 4939 utique
1306 4872 1362 4925 et
1391 4869 1633 4927 alteram
1662 4872 1891 4929 vineam
1915 4873 1987 4928 de
2095 4859 2257 4934 tuum
2287 4873 2446 4930 ultra
2477 4859 2783 4947 consurget.
2814 4878 3083 4946 Quaesivit
3114 4859 3380 4938 Donatius
3415 4885 3523 4939 sibi
3561 4859 3745 4944 virum

337 4950 527 5008 vineis
558 4953 714 5025 regis
747 4952 1121 5027 acciperefget
1151 4957 1377 5015 amicus
1425 4960 1578 5034 regis
1618 4977 1748 5018 esse
1777 4962 1837 5017 in
1869 4978 1985 5034 quo
2079 4970 2262 5040 juxta
2287 4979 2383 5020 cor
2410 4979 2592 5035 suum,
2611 4969 2663 5021 et
2686 4969 2953 5040 precepit
2971 4970 3027 5025 ei
3074 4971 3359 5039 Dominus,
3380 4978 3445 5027 ut
3473 4983 3613 5031 esset
3632 4977 3748 5033 dua-

340 5056 459 5097 non
482 5041 796 5098 mediocris
826 5042 1021 5097 saeculi
1050 5044 1225 5117 hujus
1243 5047 1467 5105 utilitas
1490 5050 1768 5107 aestimari
1798 5051 1983 5108 solet:
2095 5070 2259 5128 super
2285 5054 2593 5126 populuum
2621 5071 2807 5125 suum,
2838 5072 2904 5113 eo
2950 5057 3089 5131 quod
3132 5074 3245 5115 non
3290 5066 3591 5120 servaveris
3626 5083 3749 5138 quae

341 5131 441 5227 sed
467 5131 623 5203 quod
644 5135 817 5227 turpe
840 5133 1261 5227 eratjudicavit
1280 5155 1393 5194 non
1442 5138 1626 5195 videri
1666 5140 1828 5209 utile,
1867 5157 1987 5196 ma-
2093 5144 2362 5217 praecepit
2384 5144 2651 5201 Dominus
2671 5145 2720 5217 (Ι
2734 5146 2859 5218 Reg.
2882 5163 3009 5218 xm,
3032 5147 3145 5221 13.)
3164 5148 3333 5206 Ozias
3370 5167 3604 5225 quoque
3622 5131 3742 5227 rex,

338 5219 567 5290 luitque
597 5219 924 5291 periculum
955 5237 1086 5279 cum
1110 5223 1411 5283 honestate
1434 5229 1839 5301 subire,quam
1863 5230 1983 5284 uti-
2099 5248 2236 5289 cum
2267 5247 2371 5304 per
2400 5231 2623 5305 aliquot
2651 5250 2836 5291 annos
2865 5235 3015 5292 Deos
3042 5219 3290 5308 favente,
3310 5219 3406 5295 cui
3437 5219 3640 5301 devote
3667 5219 3745 5304 fa;

340 5309 566 5366 litatem
582 5325 715 5364 cum
746 5312 1614 5383 opprobrio.Animadvertimus
1644 5317 1829 5390 igitur
1846 5318 1986 5390 quia
2098 5320 2314 5378 mulari
2341 5321 2666 5391 videbatur,
2689 5323 2935 5381 feliciter
2957 5330 3259 5398 regnasset
3284 5327 3345 5385 in
3375 5331 3613 5405 populo,
3647 5351 3742 5392 ne-

410 5453 824 5526 (40)_Canonico
879 5499 892 5512 .
937 5496 949 5514 .
985 5499 997 5513 .
1065 5467 1360 5516 contentus.
1421 5460 1517 5516 Sic
1569 5460 1750 5515 codex
1805 5461 1980 5520 Resb.

338 5524 684 5651 emendpre:
719 5528 877 5599 prior
913 5529 1109 5602 editio,
1162 5534 1424 5588 canonice
1458 5574 1471 5586 .
1508 5573 1522 5586 .
1557 5576 1573 5602 ,
1624 5536 1978 5605 contemptus,

338 5610 549 5651 corrun
577 5613 628 5651 e.

337 5610 628 5668 corrupte.

408 5668 522 5741 (41)
543 5670 956 5729 Produceretur.
970 5672 1064 5729 Sic
1094 5689 1163 5729 ex
1182 5672 1362 5730 codex
1384 5672 1556 5730 Resb.
1581 5672 1741 5746 prior
1780 5675 1979 5745 editio,

2088 5469 2430 5537 procuretur.
2464 5465 2671 5521 Statim
2705 5465 2806 5520 ubi
2836 5482 2906 5537 ex
2934 5468 3138 5523 eodem
3200 5471 3397 5528 codice
3434 5474 3529 5531 edi
3560 5492 3736 5535 cura-

2089 5534 2283 5610 vimus
2312 5542 2613 5610 extortum,
2650 5536 2926 5610 Acherius
2955 5538 3235 5610 ediderat,
3269 5552 3539 5603 exortum.

2163 5608 2442 5686 (/12)__Cum
2468 5611 2767 5686 fugientes.
2804 5609 2888 5686 Ita
2917 5610 3109 5686 legere
3149 5608 3409 5686 placuit;
3458 5633 3596 5676 nam
3637 5637 3738 5678 an-

2091 5682 2185 5736 tea
2213 5680 2435 5736 editum
2462 5685 2604 5751 erat,
2632 5684 2903 5738 asserunt.
2937 5680 3342 5755 confugientes.
