3956 6230
123 314 191 371 65
980 314 1080 373 DE
1122 312 1560 377 PRESSURIS
1608 314 2262 377 ECCLESIASTICIS.
2311 350 2390 361 -—-
2434 319 2631 379 PARS
2680 320 2725 378 Ι.
3476 329 3553 390 66

123 445 295 500 fanda
328 444 583 499 tandem
618 443 1076 515 praesumptione
1106 446 1497 501 sacerdotium
1560 448 1796 518 insuper
1823 451 1876 515 Α
1910 452 2290 514 monstratur,
2324 450 2393 503 de
2426 466 2539 519 qua
2570 451 2853 522 scriptum
2886 458 3004 507 est:
3032 456 3111 510 Sit
3141 457 3299 512 homo
3324 460 3555 515 vetarad

123 540 322 590 contra
348 534 461 603 jus
496 533 755 605 arripere
782 532 983 587 voluit.
1046 533 1152 588 Pro
1214 552 1329 605 qua
1382 535 1556 589 etiam
1595 535 1795 591 illicita

123 622 458 678 temeritate
481 621 647 694 lepra
672 638 1263 693 percussus,regnum
1287 640 1401 693 quo
1429 624 1685 695 legitime
1711 624 1793 679 uti

122 716 368 785 poterat,
405 716 470 766 et
502 710 758 766 salutem
791 711 1009 766 amisit.
1044 716 1153 765 Per
1196 712 1347 766 viam
1407 730 1542 784 ergo
1575 714 1793 785 regiam

124 816 625 871 unumquemque
672 799 975 854 ambulare
1030 806 1273 871 oportet,
1336 802 1507 858 sicut.
1589 845 1601 856 .
1684 845 1696 857 .
1779 843 1791 856 .

120 889 490 945 viaDomini
524 894 615 945 est
646 894 703 945 et
734 893 908 955 recta,
944 904 1035 943 ne.
1119 931 1129 943 .
1212 932 1225 946 .
1308 933 1319 944 .
1403 932 1416 944 .
1497 932 1508 945 .
1591 932 1605 944 .
1686 934 1697 944 .
1779 932 1791 945 .

319 1111 333 1122 .
423 1110 437 1121 .
528 1110 541 1121 .
622 1109 635 1120 .
717 1108 731 1121 .
785 1067 1081 1121 dexteram
1140 1066 1472 1138 declinavit,
1532 1069 1629 1139 qui
1665 1067 1798 1140 plus

124 1173 301 1227 quam
335 1172 499 1227 opus
530 1155 1225 1226 estagit,adsinistram.
1308 1198 1319 1209 .
1400 1199 1415 1211 .
1499 1200 1511 1211 .
1592 1200 1603 1211 .
1687 1200 1699 1211 .
1780 1198 1792 1210 .

128 1287 141 1300 .
223 1288 239 1300 .
322 1287 337 1299 .
425 1287 438 1298 .
528 1288 541 1299 .
624 1286 637 1299 .
720 1288 733 1297 .
816 1287 828 1298 .
911 1244 1415 1299 .Psalmistaait:
1480 1246 1792 1309 Deducme,

129 1334 395 1398 Domine,
425 1335 487 1387 in
519 1334 610 1387 via
632 1337 737 1388 tua
759 1332 930 1404 (Psal.
965 1350 1133 1399 xxxv,
1168 1334 1277 1403 11).
1321 1334 1534 1388 Beatus
1566 1350 1797 1406 quoque

126 1422 353 1477 Paulus
386 1420 694 1493 apostolus
725 1421 843 1487 ait;
881 1421 1252 1494 Unusquisque
1282 1422 1339 1476 in
1400 1424 1696 1487 vocatione,
1740 1425 1803 1477 in

132 1528 243 1584 qua
272 1514 502 1568 vocatus
526 1518 625 1575 est,
659 1512 716 1564 in
749 1526 813 1564 ea
839 1515 1161 1581 permaneat
1192 1512 1237 1581 (I
1267 1511 1386 1565 Cor.
1432 1529 1504 1578 ιν,
1566 1514 1694 1578 20):
1728 1527 1799 1566 ne

133 1602 275 1656 dum
309 1599 505 1655 ambit
532 1598 937 1669 illicita,juste
966 1599 1171 1670 perdat
1203 1600 1511 1671 acquisita,
1571 1604 1628 1655 et
1658 1601 1798 1655 dum

133 1687 331 1745 aliena
360 1686 699 1743 ministeria
718 1704 1003 1757 usurpare
1020 1689 1401 1760 gaudet,jure
1418 1689 1476 1744 in
1504 1688 1615 1745 sibi
1637 1690 1797 1744 debi-

132 1777 206 1831 tis
240 1780 508 1848 torpeat.
541 1775 702 1831 Unde
730 1775 957 1830 evenire
987 1776 1153 1844 solet,
1218 1782 1283 1831 ut
1339 1778 1664 1845 saeculares,
1700 1778 1799 1849 qui

130 1863 610 1923 ecclesiasticam
643 1869 1001 1936 prtesumunt
1032 1865 1305 1921 invadere
1325 1867 1794 1939 dispositionem,

134 1971 238 2010 nec
261 1952 546 2009 Ecclesiae
565 1952 925 2008 orationibus
939 1957 1272 2008 mereantur
1284 1956 1582 2025 acquirere
1596 1971 1797 2028 pacem

135 2059 238 2098 nec
271 2042 402 2097 suis
437 2040 670 2096 valeant
704 2042 882 2096 armis
913 2042 1155 2113 adipisci
1187 2044 1511 2098 victoriam.

206 2132 318 2188 Sed
354 2130 501 2186 dicit
534 2130 787 2201 aliquis;
824 2131 1111 2202 numquid
1143 2133 1339 2188 omnia
1372 2132 1526 2187 mala
1555 2150 1680 2204 quae
1715 2135 1799 2188 fe-

140 2220 323 2276 cerint
382 2220 746 2289 sacerdotes,
808 2220 1099 2291 portanda
1154 2222 1337 2275 sunt?
1396 2224 1619 2286 Quibus
1665 2239 1799 2277 con-

140 2314 421 2382 gruenter
453 2309 863 2382 respondetur,
895 2309 1050 2379 quod
1108 2327 1141 2363 a
1195 2310 1465 2382 pluribus
1515 2312 1804 2383 portanda

140 2404 342 2470 sunt,a
363 2399 727 2471 quibusdam
748 2414 881 2453 vero
905 2399 1226 2454 secundum
1247 2401 1525 2456 creditam
1550 2400 1663 2455 sibi
1688 2401 1804 2455 dis-

144 2489 559 2560 pensationem
600 2504 735 2543 cum
767 2487 1025 2543 maxima
1054 2488 1279 2544 cautela
1309 2494 1449 2544 sunt
1479 2490 1801 2560 arguenda.

140 2578 382 2632 Temere
395 2576 561 2632 enim
583 2577 655 2631 ab
679 2575 1022 2631 hominibus
1046 2593 1160 2632 non
1175 2577 1804 2643 suntillidiscutiendi,

146 2665 242 2738 qui
271 2667 329 2735 la
358 2665 503 2735 Deo]
540 2668 890 2736 potestatem
918 2672 1266 2738 acceperunt
1290 2668 1464 2721 etiam
1494 2668 1562 2722 de
1584 2665 1807 2738 angelis

139 2754 467 2824 judicandi.
503 2758 656 2808 Nam
693 2758 759 2809 ut
787 2754 868 2810 ait
899 2755 1104 2810 beatus
1138 2756 1496 2827 Augustinus
1526 2756 1627 2826 (lib
1678 2774 1715 2809 11
1745 2756 1810 2811 tle

150 2843 406 2899 Sermone
434 2845 668 2899 Domini
721 2860 783 2898 in
834 2848 1032 2914 monte,
1091 2861 1141 2899 c.
1204 2844 1357 2914 18.):
1397 2864 1423 2895 α
1464 2845 1811 2915 Plerumque

150 2931 289 2988 nihil
316 2938 491 2989 nocet
514 2932 569 2987 ei
592 2934 663 2988 de
684 2949 800 3003 quo
824 2934 1381 3003 temerejudicatur,
1405 2934 1456 2988 ei
1490 2939 1685 2988 autem
1709 2934 1809 3006 qui

150 3026 363 3076 temere
385 3022 647 3093 judicat,
682 3022 811 3092 ipsa
840 3022 1140 3077 temeritas
1198 3030 1287 3078 est
1343 3039 1577 3079 necesse
1608 3027 1673 3077 ut
1704 3039 1805 3077 no-

150 3115 291 3165 ceat.
325 3132 352 3159 ››
390 3111 461 3164 Et
492 3111 678 3164 item:
710 3133 736 3159 ‹‹
770 3110 874 3174 Qui
911 3110 1066 3165 enim
1100 3116 1285 3177 nocet,
1350 3111 1431 3166 ait
1478 3110 1812 3182 Apostolus,

1830 1823 1877 1886 B

1905 537 2263 605 audientium,
2296 541 2346 590 et
2395 540 2588 594 tardus
2635 540 2704 594 ait
2734 542 2911 596 iram:
2974 546 3057 596 ira
3088 549 3236 599 enim
3276 548 3556 615 justitiam

1905 626 2001 680 Dei
2030 643 2137 679 non
2168 635 2426 696 operatur
2446 631 2590 693 (Jac.
2620 646 2654 689 1,
2692 630 2775 693 tt),
2808 632 2919 699 20).
2956 630 3098 686 Hinc
3159 651 3363 690 rursus
3410 637 3555 691 scri-

1906 720 2074 785 ptum
2096 721 2184 768 est
2208 731 2219 771 :
2240 717 2371 783 Quis
2392 724 2557 786 potest
2575 716 2823 772 habitare
2846 735 2969 773 cum
2993 720 3231 790 homine,
3264 727 3355 779 cui
3384 729 3554 797 spiri-

1906 810 1990 857 tus
2012 805 2195 872 facilis
2225 813 2301 857 est
2331 805 2403 858 ad
2434 805 2782 859 irascendum
2803 808 3025 874 ?(Pror.
3088 828 3243 873 xviii,
3298 814 3405 881 14.)
3439 815 3554 870 Hoc

1909 892 2116 945 iterum
2142 892 2355 946 dicitur
2378 910 2389 947 :
2416 894 2537 947 Noli
2558 910 2667 948 esse
2696 911 2821 948 cum
2874 896 3092 953 homine
3134 901 3396 956 iracundo
3417 922 3438 957 .-
3468 920 3559 957 ne-
3616 886 3625 895 ’

1908 996 2011 1049 que
2038 980 2277 1035 ambules
2305 997 2431 1037 cum
2462 982 2682 1036 homine
2702 984 2933 1050 furioso,
2968 1003 3035 1040 ne
3062 989 3203 1055 forte
3239 991 3416 1045 discas
3472 1009 3553 1047 se-

1906 1071 2071 1123 mitas
2083 1071 2221 1135 eius,
2234 1075 2285 1124 ct
2303 1087 2489 1125 sumas
2510 1072 2827 1126 scandalum
2842 1077 3048 1131 animm
3070 1081 3174 1131 tim:
3199 1080 3383 1147 (Prov.
3417 1098 3555 1151 xxii,

1908 1158 2019 1227 24),
2054 1162 2262 1213 Contra
2294 1158 2443 1213 hanc
2475 1160 2533 1213 in
2567 1160 2737 1214 laude
2770 1162 3057 1232 patientiae
3090 1166 3375 1237 scriptum
3426 1176 3551 1225 est:

1908 1246 2103 1300 Melior
2141 1251 2215 1301 est
2249 1249 2331 1301 vir
2359 1250 2455 1318 qui
2487 1251 2653 1303 vincit
2685 1251 2846 1317 iram,
2881 1270 3044 1321 quam
3073 1257 3170 1324 qui
3188 1260 3333 1325 capit
3364 1260 3556 1313 civita-

1907 1337 2015 1390 tem
2044 1353 2299 1404 magnam
2330 1338 2518 1409 (Prov.
2551 1356 2665 1407 xvi,
2698 1340 2807 1406 32(.
2844 1341 2987 1394 Ilinc
3028 1342 3207 1398 David
3244 1362 3551 1416 personam

1910 1424 1969 1479 in
1997 1440 2057 1480 se
2092 1424 2458 1481 infirmorum
2491 1444 2819 1495 assumens,
2854 1430 2971 1485 ait:
3010 1433 3268 1487 Turbatus
3333 1440 3410 1489 est
3432 1453 3554 1507 pra:

1912 1514 1997 1567 ira
2029 1515 2214 1569 oculus
2244 1532 2418 1569 meus.
2448 1518 2637 1586 Atque
2669 1533 2735 1571 ex
2769 1518 2895 1588 ipsa
2922 1520 3250 1577 turbatione
3290 1524 3429 1595 quid
3464 1542 3553 1581 se-

1912 1608 2124 1673 quatur
2154 1603 2453 1673 adiunxit:
2512 1608 2818 1661 lnveteravi
2876 1610 3016 1663 inter
3062 1628 3247 1666 omnes
3302 1615 3554 1670 inimicas

1908 1707 2051 1746 meos
2081 1694 2253 1761 (Psat.
2286 1710 2363 1761 vi,
2396 1694 2473 1759 8).
2501 1694 2575 1747 Ex
2599 1694 2683 1748 ira
2704 1696 2918 1768 quippe
2942 1701 3361 1757 cumturbatus
3381 1702 3555 1759 fuerit

1910 1780 2117 1835 oculus
2138 1781 2350 1847 cordis,
2371 1781 2521 1836 inter
2552 1782 2809 1839 inimicos
2842 1790 3071 1842 nostros
3103 1789 3173 1842 ad
3207 1796 3553 1846 vetustatem

1911 1870 2265 1936 reducimur,
2301 1870 2438 1940 quia
2470 1870 2620 1924 inter
2650 1872 2937 1943 malignos
2961 1876 3204 1944 spiritus
3238 1880 3307 1932 ad
3343 1882 3555 1935 vetusti

1908 1957 2165 2011 hominis
2187 1956 2635 2013 similitudinem
2661 1976 3013 2017 revocamur.
3039 1966 3181 2018 Cum
3206 1966 3386 2037 igitur
3410 1968 3554 2025 iram

1910 2062 2036 2117 qua)
2071 2060 2167 2100 cor
2198 2051 2510 2116 permovet,
2536 2064 2700 2102 sacra
2722 2048 2951 2119 eloquia
2975 2056 3057 2105 tot
3080 2054 3433 2111 testimoniis
3456 2058 3555 2113 de-

1911 2138 2093 2189 testen
2106 2139 2161 2188 tu
2172 2136 2574 2205 r,perpendam
2588 2153 2654 2190 us
2677 2153 2794 2207 qua
2816 2138 3135 2194 intentione
3150 2142 3430 2197 debemus
3446 2145 3556 2200 hoc

1911 2223 2117 2278 vitium
2150 2224 2369 2293 fugere,
2403 2224 2557 2293 quod
2590 2229 2701 2277 Deo
2723 2226 2925 2295 judice
2958 2226 3013 2280 in
3039 2229 3373 2285 testimonio
3396 2232 3554 2287 illius

1914 2312 2085 2368 toties
2144 2313 2509 2382 reprobatur.
2570 2314 2711 2368 Item
2770 2315 2840 2369 ad
2898 2315 3314 2373 Godescalcum
3348 2320 3556 2378 ducem

1913 2402 2279 2471 Campagnire
2310 2402 2488 2471 (idem
2522 2402 2584 2456 ft.
2618 2404 2785 2474 Greg.
2824 2403 2859 2456 l.
2894 2422 3015 2469 vm,
3050 2409 3203 2475 egist.
3232 2409 3315 2479 1'3)
3344 2426 3355 2461 :
3394 2430 3420 2461 α
3454 2411 3557 2466 Illa

1916 2491 2359 2561 prmpositorum
2384 2490 2713 2546 sollicitudo
2746 2492 2927 2557 utilis,
2959 2493 3060 2547 illa
3089 2500 3177 2549 est
3200 2498 3558 2554 cautelalau-

1918 2578 2151 2644 dabitis,
2187 2579 2240 2632 in
2276 2596 2391 2649 qua
2416 2583 2602 2634 totum
2637 2582 2781 2634 ratio
2815 2582 2952 2653 agit,
2988 2588 3044 2637 et
3074 2584 3237 2639 furor
3276 2587 3387 2640 sibi
3411 2588 3556 2644 nihil

1914 2668 2188 2721 vindicat.
2216 2668 2636 2740 Restringenda
2660 2687 2793 2741 ergo
2816 2670 2925 2725 sub
2941 2674 3162 2727 ratione
3176 2680 3429 2745 potestas
3447 2683 3555 2748 est,

1917 2760 2101 2811 etnec
2133 2756 2453 2828 quidquam
2486 2759 2798 2828 agendum,
2818 2760 3160 2831 priusquam
3182 2764 3469 2820 concitata
3486 2768 3557 2821 ad

1918 2844 2403 2917 tranquillitatem
2423 2862 2586 2901 mens
2601 2847 2813 2901 redeat.
2830 2848 2972 2904 Nam
2989 2853 3398 2908 commotionis
3422 2860 3563 2909 tem-

1920 2950 2057 3006 pore
2079 2935 2310 3004 justum
2344 2939 2512 3005 putat
2542 2935 2627 2989 ira
2658 2952 2829 2991 omne
2860 2939 3014 3008 quod
3049 2940 3265 3009 fecerit,
3301 2944 3397 2996 sed
3424 2949 3480 2997 et
3511 2944 3561 2999 si

1920 3040 2157 3078 oramus
2190 3027 2251 3077 ut
2282 3023 2340 3076 in
2373 3023 2458 3078 ira
2489 3041 2521 3079 a
2542 3024 2787 3079 Domino
2812 3043 2921 3080 non
2953 3029 3565 3104 corrripiamur,expe-

1923 3109 2006 3164 dit
2029 3115 2091 3164 ut
2112 3108 2257 3165 alios
2276 3126 2407 3164 cum
2432 3109 2517 3165 ira
2540 3110 3017 3181 nonjudicemus.
3035 3115 3327 3186 Scriptum
3349 3118 3567 3190 quippe

151 3199 353 3271 recipit
384 3200 441 3253 id
478 3199 641 3271 quod
676 3199 851 3253 novit.
890 3222 917 3247 »
952 3200 1017 3253 Et
1046 3199 1331 3255 Dominus
1362 3200 1420 3254 in
1453 3200 1761 3272 Evangelio
1791 3217 1803 3253 ε
1840 3186 1882 3252 C
1921 3204 2044 3254 est:
2079 3199 2387 3254 Memorare
2444 3200 2701 3254 timorem
2759 3201 2998 3269 Domini,
3052 3208 3101 3257 et
3158 3221 3267 3259 non
3299 3186 3565 3262 irascaris

150 3290 208 3342 In
229 3305 330 3359 quo
360 3288 585 3359 judicio
618 3288 1023 3358 judicaveritis,
1048 3289 1475 3358 judicabimini:
1509 3300 1562 3345 et
1615 3291 1671 3343 in
1701 3306 1810 3360 qua

149 3393 407 3432 mensura
428 3378 616 3432 mensi
624 3378 1185 3447 fueritis,remetzetur
1204 3378 1379 3449 vobis(
1388 3379 1580 3434 Matth.
1606 3395 1705 3444 v11,
1730 3378 1807 3443 2).

152 3465 389 3537 Oportet
413 3481 560 3536 ergo
582 3481 679 3520 eos
703 3466 917 3536 quibus
932 3466 1077 3521 alios
1100 3467 1401 3537 judicandi
1426 3468 1707 3521 attributa
1723 3471 1812 3521 est

152 3559 435 3626 potestas,
469 3562 596 3608 tam
629 3555 887 3610 modeste
917 3555 1025 3609 hoc
1057 3572 1247 3627 agere,
1273 3560 1337 3610 ut
1367 3557 1705 3611 redeuntem
1739 3557 1810 3611 ad

152 3661 213 3701 se
242 3643 532 3700 talionem
563 3643 806 3699 minime
836 3644 1298 3716 perhorrescant.
1357 3645 1607 3701 Caveant
1636 3645 1811 3701 etiam

152 3748 223 3789 ne
242 3733 377 3789 odio
402 3738 510 3788 aut
536 3732 881 3800 invidia,seu
914 3750 1017 3805 pro
1040 3732 1239 3806 aliqua
1269 3734 1584 3790 inimicitia
1609 3740 1815 3789 contra

151 3822 444 3893 proximos
469 3820 795 3894 plusquam
819 3822 1814 3894 praesenspostuletactio,invehan-

154 3917 261 3967 tur.
294 3911 754 3970 Praevidendum
787 3927 1017 3982 quoque
1049 3928 1120 3966 ne
1154 3912 1481 3979 fraudibus,
1522 3912 1609 3968 vel
1644 3930 1813 3967 man-

156 4001 301 4057 datis
333 4000 753 4057 accusantium
781 3998 897 4054 ullo
923 4001 1092 4055 modo
1123 4001 1588 4071 decipiantur,ne
1611 4001 1813 4058 adula-

155 4090 251 4154 tio,
283 4107 386 4145 seu
418 4088 743 4145 oblectatio
774 4087 967 4144 locum
996 4089 1316 4159 obtineant,
1334 4106 1405 4145 ne
1431 4106 1817 4161 personarum

157 4179 294 4234 inibi
326 4180 404 4233 sit
434 4176 726 4249 acceptio,
752 4182 852 4231 aut
878 4176 1204 4247 affinitatis,
1239 4183 1341 4234 aut
1371 4178 1621 4248 alicujus
1643 4178 1821 4234 clien-

157 4267 280 4322 tela:
302 4272 635 4339 respectus,
671 4281 811 4320 neve
832 4265 1212 4321 exardescant
1243 4266 1301 4321 in
1332 4267 1438 4337 ira,
1473 4285 1597 4339 quae
1617 4267 1819 4338 procul

157 4357 434 4427 ajudicio
468 4355 719 4412 omnino
749 4355 919 4410 debet
949 4355 1176 4426 expelli.
1210 4355 1305 4410 Ait
1334 4356 1491 4411 enim
1534 4358 1820 4412 Dominus

158 4446 213 4500 in
244 4446 559 4519 Evangelio
607 4444 795 4499 Omnis
852 4446 948 4516 qui
1002 4447 1269 4500 irascitur
1319 4446 1490 4515 fratri
1545 4461 1661 4511 suo,
1694 4463 1822 4501 reus

161 4537 260 4590 erit
278 4537 498 4607 judicio
533 4533 751 4605 (Matth.
784 4537 955 4601 v,22).
987 4535 1054 4589 Et
1078 4535 1284 4591 beatus
1314 4536 1565 4590 Jacobus
1587 4541 1823 4608 aposto-

160 4622 250 4680 lus
275 4641 286 4679 :
316 4627 413 4682 Ira
434 4627 597 4681 enim
624 4624 735 4678 viri
761 4624 1139 4690 iustitiamDei
1170 4640 1279 4679 non
1326 4628 1586 4695 operatur
1614 4626 1751 4696 (Jac.
1782 4643 1821 4692 1,

160 4714 266 4783 20).
300 4715 370 4769 Et
402 4715 552 4770 item
581 4729 594 4766 :
628 4714 793 4767 Homo
824 4714 1035 4769 homini
1083 4716 1263 4769 servat
1320 4715 1491 4780 iram,
1549 4718 1599 4769 et
1648 4732 1682 4768 a
1722 4715 1822 4770 Deo

162 4806 350 4873 quierit
377 4803 663 4859 medelam
692 4802 877 4871 (Eccli.
911 4820 1104 4873 xxvm,
1139 4805 1215 4874 3).
1277 4802 1553 4859 Salomon
1605 4802 1822 4875 quippe

163 4891 239 4945 ait
266 4894 391 4947 :lra
414 4894 476 4947 in
492 4893 634 4947 sinu
655 4892 811 4946 stulti
832 4895 1117 4962 requiescit
1143 4894 1330 4963 (Eccti.
1374 4910 1476 4959 v11,
1514 4893 1621 4963 10).
1658 4892 1822 4946 Unde

166 4985 218 5034 et
246 4981 454 5036 beatus
489 4980 811 5051 Gregorius
846 4982 916 5035 ad
954 4982 1257 5037 Leontium
1281 4982 1654 5037 exconsulem
1686 4983 1824 5037 scri-

168 5070 305 5124 bens
335 5070 419 5125 ait
451 5071 581 5139 (tib.
617 5085 743 5135 VIII,
774 5070 932 5141 epist.
963 5071 1054 5143 51)
1081 5089 1093 5126 :
1137 5091 1157 5119 α
1184 5070 1419 5137 Quoties
1444 5070 1533 5125 ira
1557 5070 1824 5126 animum

168 5156 404 5226 invadit,
442 5162 711 5216 mentem
743 5159 969 5230 edoma,
1002 5160 1169 5217 vince
1198 5160 1654 5232 teipsum,differ
1674 5166 1825 5214 tem-

167 5260 273 5315 pus
292 5248 533 5304 furoris.
564 5248 714 5303 Cum
738 5249 1053 5319 tranquilla
1075 5266 1242 5305 mens
1265 5248 1620 5321 fuerit,quod
1640 5248 1827 5320 placet

161 5333 377 5403 judica.
414 5360 442 5387 ››
476 5338 551 5393 Et
584 5334 761 5407 paulo
784 5343 946 5408 post;
977 5363 1003 5390 ‹‹
1028 5340 1272 5403 Quando
1304 5338 1462 5394 enim
1494 5340 1554 5394 in
1584 5355 1827 5395 exsecu-

168 5422 586 5496 tionejustitize
613 5425 843 5496 placata
865 5433 1057 5485 mente
1079 5428 1409 5499 irascimur,
1462 5428 1828 5484 iracundiam

172 5514 227 5564 et
255 5530 367 5568 non
402 5514 739 5587 sequimur,
772 5520 826 5569 et
855 5517 1219 5574 exhibemus.
1248 5540 1275 5567 »
1300 5520 1391 5573 Ira
1419 5518 1575 5573 enim
1598 5518 1831 5589 quaeju-

174 5600 389 5659 stitiam
403 5604 961 5678 perturbat,quanta
974 5607 1439 5667 consideratione
1450 5608 1827 5676 cavendaest,

1920 3290 2175 3361 proximo
2206 3289 2405 3357 (Eccli.
2439 3304 2637 3354 xxvm,
2664 3291 2735 3352 8).
2770 3309 2794 3338 ι
2834 3291 2900 3343 Et
2951 3292 3153 3346 beatus
3200 3296 3565 3365 Augustinus

1923 3378 2039 3432 ait:
2069 3378 2175 3440 Qui
2200 3376 2502 3430 irascendo
2526 3392 2587 3431 se
2614 3377 2930 3431 terribilem
2951 3381 3203 3433 ostendit
3232 3382 3414 3447 fratri,
3450 3388 3565 3437 ter-

1924 3482 2112 3521 rorem
2136 3464 2543 3534 divinijudicii
2576 3464 2907 3519 sustinebit.
2933 3466 3042 3520 Sed
3067 3466 3173 3521 hoc
3197 3485 3309 3523 non
3336 3475 3566 3527 tantum

1925 3572 1957 3610 a
1987 3553 2336 3609 Christianis
2367 3558 2421 3607 et
2450 3552 2772 3619 catholicis,
2806 3570 3006 3609 verum
3037 3555 3211 3611 etiam
3262 3575 3295 3612 a
3324 3560 3568 3631 paganis

1925 3645 2296 3701 observatum
2330 3644 2387 3698 in
2422 3641 2623 3697 multis
2656 3643 3005 3714 invenimus,
3064 3644 3287 3701 scilicet
3342 3654 3407 3703 ut
3438 3648 3570 3705 irati

1926 3735 2221 3791 neminem
2253 3732 2565 3798 discutere,
2607 3736 2708 3787 aut
2736 3733 2943 3804 punire
3002 3743 3441 3806 praesumerent.
3474 3738 3573 3793 Ait

1926 3823 2083 3878 enim
2113 3820 2499 3877 Terentianus
2532 3819 2847 3893 philophus
2879 3823 2949 3878 ad
2989 3822 3249 3880 villicum
3281 3844 3454 3881 suum
3481 3845 3493 3882 :
3527 3828 3571 3882 Ο

1924 3916 1981 3967 te
2014 3910 2323 3978 infelicem,
2359 3924 2533 3980 quem
2564 3909 2929 3980 aflfictarem,
2965 3912 3076 3966 nisi
3135 3913 3319 3970 iratus
3358 3931 3571 3971 essem.

1998 4005 2280 4056 Praeterea
2311 3997 2465 4071 quod
2489 4001 2711 4055 incerta
2757 4001 3021 4070 judicare
3079 4020 3194 4057 non
3236 4003 3574 4076 debeamus,

1928 4089 2197 4160 plurimis
2228 4089 2535 4145 sententiis
2592 4090 2921 4143 edocemur.
2983 4089 3145 4145 Unde
3200 4092 3577 4150 beatissimus

1930 4178 2290 4252 papaJulius
2317 4180 2397 4232 ait
2419 4180 2503 4251 (In
2517 4180 2679 4246 epist.
2702 4182 2874 4231 contr.
2902 4178 3107 4233 Orient.
3168 4197 3265 4250 pro
3286 4182 3574 4249 Athanas.,

1930 4284 1978 4322 c.
2012 4269 2138 4337 19):
2170 4288 2197 4316 «
2228 4268 2455 4322 Incerta
2485 4282 2745 4337 unquam
2805 4264 3003 4321 nullus
3047 4270 3388 4337 pontiﬁcum
3415 4270 3580 4338 judi-

1932 4373 2063 4411 care
2087 4361 2407 4427 przesumat
2434 4374 2445 4424 ;
2472 4355 2609 4427 quia
2633 4353 2899 4425 quamvis
2922 4370 3057 4409 vera
3077 4356 3215 4421 sint,
3241 4373 3354 4410 non
3377 4362 3576 4413 tamen

1933 4445 2221 4501 credenda
2241 4450 2400 4511 sunt,
2426 4443 2536 4500 nisi
2560 4461 2684 4516 quae
2712 4442 3037 4498 manifestis
3059 4443 3293 4498 incidiis
3312 4461 3580 4515 compro-

1860 4558 1906 4622 Β
1936 4536 2169 4603 bantur,
2203 4524 2317 4589 nisi
2348 4551 2474 4605 quze
2509 4533 2821 4588 manifesto
2872 4532 3100 4603 judicio
3132 4533 3575 4604 convincuntur,

1938 4624 2049 4680 nisi
2083 4640 2208 4694 quae
2233 4623 2545 4693 judiciario
2578 4622 2778 4678 ordine
2798 4621 3192 4693 publicantur.
3225 4641 3250 4671 η

2007 4715 2152 4769 Deus
2177 4730 2408 4784 quoque
2441 4711 2832 4784 omnipotens,
2867 4717 2932 4766 ut
2959 4729 3063 4767 nos
3096 4729 3129 4766 a
3160 4711 3583 4783 praecipitantia

1932 4802 2233 4859 sententiae
2265 4803 2585 4874 prolatione
2628 4807 3039 4873 compesceret,
3074 4802 3165 4856 cui
3198 4802 3397 4857 omnia
3428 4803 3585 4857 nuda

1932 4897 1988 4948 et
2018 4896 2218 4957 aperta
2248 4897 2388 4947 sunt
2418 4891 2603 4947 oculis
2634 4893 2781 4963 ejus,
2846 4890 3002 4945 mala
3060 4896 3251 4946 tamen
3312 4892 3581 4948 Sodomae

1933 4980 2121 5036 noluit
2153 4980 2891 5051 praecipitanterjudicare.
2927 4979 3034 5042 Qui
3068 4980 3183 5034 ait:
3228 4980 3584 5050 Descendam,

1933 5077 1983 5125 et
2010 5070 2207 5125 videbo
2230 5078 2416 5123 utrum
2474 5069 2766 5123 clamorem
2813 5070 2908 5138 qui
2970 5071 3114 5124 veni:
3168 5070 3237 5123 ad
3282 5087 3370 5125 me
3427 5085 3587 5141 opere

1938 5160 2349 5229 compleveri-nt:
2370 5175 2570 5212 annon
2600 5162 2674 5212 est
2705 5157 2805 5220 ita,
2824 5160 2881 5211 ut
2899 5160 3071 5213 sciam
3094 5158 3243 5228 (Gen.
3279 5176 3439 5220 xvm.
3469 5160 3583 5226 27).

1937 5248 2320 5319 Omnipotens
2339 5245 2534 5316 itaque
2554 5246 2841 5301 Dominus
2866 5248 3063 5302 omnia
3079 5248 3289 5315 sciens,
3326 5265 3429 5303 cur
3451 5252 3587 5303 ante

1938 5336 2339 5409 probationem
2364 5335 2833 5404 quasidubitat.
2910 5375 2922 5388 .
3003 5376 3015 5389 .
3098 5377 3109 5389 .
3192 5377 3204 5390 .
3286 5377 3299 5391 .
3382 5378 3395 5391 .
3474 5376 3489 5389 .
3568 5377 3587 5394 .

1941 5467 1954 5481 .
2040 5466 2052 5479 .
2136 5467 2147 5479 .
2226 5463 2240 5480 .
2324 5465 2334 5477 .
2420 5463 2431 5475 .
2512 5464 2524 5476 .
2607 5465 2620 5477 .
2703 5464 2715 5476 .
2797 5438 3023 5493 .quam
3054 5424 3319 5495 probare.
3356 5424 3498 5479 Hinc
3530 5430 3586 5481 et

1940 5515 2145 5569 beatus
2177 5510 2489 5584 Apostolus
2520 5511 2589 5565 ad
2620 5510 2989 5565 Timotheum
3016 5530 3028 5567 :
3061 5512 3331 5566 Adversus
3362 5512 3585 5584 presby-

1939 5610 2119 5659 terum
2145 5602 2540 5659 accusationem
2560 5616 2630 5658 ηε
2660 5600 2915 5673 recipias.
2972 5600 3042 5656 Et
3069 5600 3245 5674 paulo
3275 5606 3439 5677 post:
3472 5602 3584 5658 De-
