3956 6230
417 357 492 416 67
1433 346 1772 408 ATTONIS
1816 343 2402 407 VERCELLENSIS
2445 344 2798 405 EPISCOPI

3751 350 3843 409 68

416 487 723 556 linquentes
752 491 934 538 autem
989 496 1180 537 coram
1232 478 1484 534 omnibus
1537 493 1715 549 argue
1772 479 1829 531 ut
1870 477 2057 532 exteri
2087 480 2142 544 Α
2172 476 2449 531 adversus
2473 475 2872 530 auctoritatem
2899 474 3119 547 proprii
3176 474 3433 548 episcopi
3491 481 3695 534 contra
3718 478 3836 548 jus

419 578 623 630 metum
651 573 885 628 habeant
945 573 988 642 (1
1048 571 1180 625 Tim.
1238 585 1292 634 v,
1350 567 1456 634 19).
1513 566 1638 620 Non
1687 566 1841 621 enim
1896 564 2058 620 facile

414 663 570 718 credi
600 663 772 718 debet
801 661 872 716 de
899 660 1190 732 episcopo,
1249 655 1334 711 vel
1393 655 1749 726 presbytero,
1807 670 2055 725 quorum

412 753 552 808 ordo
583 750 775 807 adhuc
803 748 1024 804 divisus
1054 763 1169 801 non
1201 749 1344 809 erat,
1377 743 1643 815 quamvis
1701 743 1787 798 eis
1835 743 2053 798 crimen

412 839 745 910 objiciatur,
777 837 890 893 nisi
921 836 1230 908 probetur;
1266 832 1402 904 quia
1432 832 1790 887 sacerdotem
1832 829 2052 884 nemini

413 925 859 992 damnarelicet,
880 924 990 979 nisi
1015 926 1115 979 aut
1130 925 1335 993 sponte
1361 921 1715 983 confessum,
1741 923 1841 974 aut
1863 917 2051 990 legiti-

413 1015 525 1071 mis
551 1015 796 1072 testibus
815 1011 1088 1068 canonice
1106 1009 1568 1080 comprobatum.
1590 1009 1809 1062 Tamen
1839 1006 1887 1061 si
1906 1005 2049 1078 legi-

407 1103 550 1159 time
571 1102 878 1175 probatum
894 1099 979 1154 vel
995 1098 1374 1154 manifestum
1395 1097 1570 1152 fuerit
1586 1097 1737 1165 quod
1752 1095 2047 1166 objectum

405 1195 512 1257 est,
546 1189 774 1262 publice
803 1192 892 1244 est
936 1188 1297 1260 arguendos,
1359 1191 1425 1241 ut
1479 1185 1668 1240 caeteri
1698 1189 2043 1240 terreantur.

403 1280 542 1335 Cum
567 1279 724 1334 enim
744 1277 943 1332 vident
967 1281 1200 1332 tantum
1223 1275 1412 1330 virum
1435 1273 1647 1330 erroris
1678 1273 2043 1329 causacorri-

401 1367 480 1440 pi,
513 1383 750 1423 necesse
782 1371 873 1422 est
905 1370 968 1421 ut
1002 1364 1208 1436 reliqui
1239 1363 1350 1419 sibi
1384 1368 1640 1419 caveant.
1690 1362 1840 1418 Illud
1871 1362 2044 1418 etiam

399 1457 570 1530 plane
594 1456 1016 1512 attendendum
1040 1461 1128 1510 est
1148 1454 1302 1526 quod
1329 1454 1610 1508 Dominus
1630 1452 1781 1508 aitin
1796 1452 2046 1524 Evange-

395 1545 475 1602 lio
504 1563 517 1601 :
543 1546 720 1600 Nolite
759 1553 888 1600 ante
916 1548 1126 1616 tempus
1147 1543 1425 1613 judicare,
1461 1542 1637 1613 quoad
1667 1558 1835 1612 usque
1857 1543 2045 1596 veniat

395 1636 685 1700 Dominus,
717 1635 813 1707 qui
839 1641 890 1688 et
919 1632 1271 1688 illuminabit
1309 1630 1637 1687 abscondita
1688 1633 2044 1686 tenebrarum

397 1727 450 1780 et
468 1723 847 1795 manifestabit
873 1723 1103 1778 consilia
1126 1721 1372 1776 cordium
1427 1721 1475 1791 (Ι
1504 1721 1624 1776 Cor.
1686 1736 1759 1789 Iv,
1792 1720 1865 1789 5).
1916 1719 2039 1774 Non

396 1813 556 1868 enim
588 1816 779 1884 potest
810 1810 1068 1866 humano
1099 1809 1470 1866 condemnari
1529 1808 1812 1876 examine,
1864 1824 2038 1879 quem
2069 1852 2116 1916 Β

395 1902 552 1958 Deus
584 1917 691 1957 suo
753 1900 1064 1956 reservavit
1105 1899 1351 1970 judicio.
1407 1896 1827 1952 Constantinus
1859 1897 2034 1951 etiam

394 1990 810 2046 sanctissimus
840 1989 1178 2060 imperator,
1238 2003 1372 2041 cum
1431 1986 1489 2040 in
1550 1985 1782 2040 Nicaena
1813 1986 2033 2056 synodo

393 2079 690 2152 querelam
725 2077 1113 2148 quorumdam
1147 2075 1554 2146 episcoporum
1577 2090 1773 2129 coram
1797 2090 1857 2129 se
1884 2074 2036 2130 dela-

390 2174 512 2223 tam
543 2166 923 2237 conspiceret,
957 2166 1073 2220 ait:
1109 2164 1224 2219 Vos
1256 2181 1289 2218 a
1317 2164 1549 2218 nemina
1585 2163 1836 2233 judicari
1869 2170 2030 2235 pote-

385 2257 513 2324 stis,
565 2257 704 2328 quia
734 2253 918 2310 solius
946 2253 1048 2309 Dei
1071 2252 1295 2324 judicio
1326 2251 1721 2308 reservamini.
1757 2252 1842 2306 Dii
1875 2253 2028 2307 enim

382 2344 570 2400 vocati
593 2345 758 2410 estis,
781 2343 996 2397 idcirco
1019 2358 1133 2397 non
1155 2341 1396 2412 potestis
1419 2341 1489 2396 ab
1512 2341 1850 2396 hominibus
1863 2341 2028 2412 judi-

383 2433 526 2490 cari.
551 2433 714 2498 Quod
737 2437 795 2487 et
815 2430 1101 2486 Dominus
1123 2431 1181 2484 in
1205 2430 1398 2485 Exodo
1430 2430 1739 2484 ostendens
1771 2430 1852 2483 ait
1879 2447 1891 2483 :
1918 2431 2032 2484 Diis

376 2538 448 2578 ne
476 2521 760 2588 detrahas,
819 2525 873 2574 et
928 2521 1178 2590 principi
1223 2519 1422 2590 populi
1477 2518 1559 2573 tui
1615 2535 1682 2573 ne
1729 2519 2030 2575 maledicas

378 2610 572 2681 (Exod.
605 2627 744 2680 xxu,
774 2609 889 2678 28).
939 2607 1008 2662 Et
1039 2609 1241 2662 beatus
1273 2605 1584 2678 Gregorius
1614 2605 2027 2676 imperatorem

380 2699 734 2755 Mauricium
762 2698 820 2752 in
855 2697 963 2752 hoc
996 2695 1244 2751 laudans
1299 2695 1381 2750 ait
1438 2695 1535 2762 (lib
1593 2710 1655 2761 ιι,
1705 2698 1860 2766 epist.
1892 2696 2023 2766 56):

379 2810 407 2839 «
430 2784 576 2854 Quia
596 2786 958 2843 serenissimi
981 2785 1201 2840 domini
1227 2783 1594 2857 imperatoris
1621 2784 1883 2839 animum
1909 2801 2024 2841 non

379 2878 742 2950 ignoramus,
782 2876 936 2947 quod
965 2892 1028 2930 se
1060 2875 1118 2928 in
1151 2874 1344 2929 causis
1374 2874 1746 2929 sacerdotum
1782 2873 2023 2929 miscere

380 2983 495 3022 non
528 2965 732 3036 soleat,
765 2980 834 3019 ne
866 2963 1083 3019 nostris
1114 2963 1172 3017 in
1205 2962 1401 3034 aliquo
1434 2961 1687 3034 peccatis
1731 2965 2020 3033 gravetur.

378 3054 523 3110 Item
554 3055 627 3110 ad
651 3054 939 3110 Joannem
959 3053 1319 3108 defensorem
1349 3068 1362 3106 :
1389 3052 1469 3106 De
1496 3066 1746 3122 persona
1776 3051 2017 3124 presby-

374 3144 484 3199 teri
516 3143 624 3198 hoc
654 3142 1072 3198 attendendum
1103 3146 1211 3210 est,
1274 3141 1411 3212 quia
1466 3139 1515 3195 si
1570 3155 1747 3210 quam
1780 3155 2017 3196 causam

371 3232 598 3302 habuit,
631 3249 747 3287 non
779 3232 850 3287 ab
882 3231 994 3286 alio
1025 3230 1228 3297 teneri,
1291 3231 1392 3285 sed
1453 3229 1792 3300 episcopum
1828 3228 2015 3299 ipsius
2045 3219 2087 3284 C

373 3321 520 3377 adiri
541 3321 762 3377 debuit.
794 3343 821 3370 »
847 3320 1227 3376 Beatissimus
1249 3318 1420 3374 etiam
1439 3316 1726 3390 Sylvester
1745 3334 2016 3374 summus

365 3410 625 3482 pontifex
656 3411 736 3481 (in
767 3409 1012 3480 Epilog.,
1045 3414 1101 3462 et
1128 3424 1255 3480 cap.
1286 3408 1320 3461 3
1349 3423 1496 3462 conc.
1557 3406 1752 3476 Rom),
1800 3410 1857 3461 et
1884 3406 2011 3462 uni-

361 3498 604 3556 versalis
629 3499 934 3570 apostolus
963 3497 1204 3554 collecta
1233 3496 1453 3568 synodo
1484 3495 1541 3548 in
1573 3500 1774 3550 sancta
1811 3501 1868 3550 et
1920 3511 2010 3551 ve-

360 3587 606 3644 nerabili
638 3587 901 3643 Romana
930 3585 1188 3642 Ecclesia
1218 3601 1320 3656 per
1349 3583 1546 3638 omnia
1591 3583 1909 3651 interdixit,
1945 3589 2011 3639 ut

359 3675 560 3732 nullus
587 3675 772 3732 laicus
805 3677 1024 3732 crimen
1057 3674 1267 3730 clerico
1299 3673 1511 3728 audeat
1566 3671 1800 3740 inferre,
1859 3676 1915 3728 et
1945 3677 2010 3727 ut

357 3765 662 3836 presbyter
690 3782 803 3821 non
837 3766 1120 3820 adversus
1152 3763 1516 3834 episcopum,
1579 3779 1683 3818 nec
1725 3763 2007 3816 diaconus

355 3854 634 3910 adversus
663 3856 1092 3926 presbyterum,
1124 3869 1239 3906 non
1271 3850 1669 3907 subdiaconus
1727 3850 2005 3906 adversus

354 3942 804 4014 diaconum,non
821 3941 1126 4015 acolythus
1140 3941 1419 3996 adversus
1433 3939 2002 4003 subdiaconum,non

351 4031 638 4087 exorcista
668 4033 947 4089 adversus
977 4029 1336 4102 acolythum,
1366 4046 1482 4084 non
1513 4027 1696 4084 lector
1725 4027 2003 4085 adversus

349 4120 716 4186 exorcistam,
751 4137 867 4176 non
899 4120 1176 4176 ostiarius
1232 4120 1512 4175 adversus
1567 4117 1862 4180 lectorem.
1907 4117 2002 4172 det

347 4210 775 4265 accusationem
800 4208 1156 4279 aliquam.Et
1176 4224 1292 4263 non
1316 4209 1628 4263 damnetur
1649 4205 1999 4277 praesul,nisi

345 4297 407 4353 in
440 4298 818 4370 septuaginta
847 4297 1097 4363 duobus,
1151 4313 1339 4369 neque
1398 4294 1610 4366 praesul
1665 4310 1936 4349 summus
1965 4311 2000 4349 a

344 4385 997 4458 quoquamjudicetur:
1024 4386 1306 4456 quoniam
1331 4383 1616 4454 scriptum
1639 4387 1730 4439 est
1753 4384 1897 4438 :Non
1923 4393 2000 4440 est

342 4475 650 4546 discipulus
677 4492 848 4546 supra
877 4475 1208 4544 magistrum
1265 4472 1476 4544 (Matth.
1538 4490 1592 4542 x,
1638 4472 1748 4544 24).
1783 4473 1994 4529 Beatus

343 4562 1112 4652 quoquePaulusapostolus
1125 4564 1205 4616 ait
1216 4562 1286 4616 ad
1301 4561 1669 4652 Timotheum
1687 4561 1990 4652 :Seniorem
2018 4587 2064 4652 D

339 4668 410 4707 ne
439 4653 832 4724 increpaveris,
883 4651 974 4706 sed
1006 4651 1223 4707 obsecra
1252 4653 1310 4704 ut
1335 4659 1542 4722 partem
1576 4651 1620 4722 (ι
1655 4651 1787 4706 Tim.
1819 4667 1873 4720 v,
1907 4650 1981 4723 l).

341 4740 488 4813 Ergo
521 4757 635 4796 non
667 4747 756 4798 est
786 4741 1002 4796 mirum
1035 4739 1211 4810 [quod
1271 4740 1342 4794 de
1397 4739 1683 4810 episcOpis
1713 4739 1984 4811 superius

340 4829 565 4884 dictum
583 4834 673 4884 est
701 4831 773 4885 ad
797 4844 1047 4900 quorum
1072 4827 1456 4899 cognitionem
1473 4828 1698 4899 judicia
1719 4829 1982 4884 omnium

337 4917 673 4989 specialiter
692 4918 986 4989 pertinent
1006 4916 1369 4993 clericorum]
1394 4935 1408 4986 ;
1440 4935 1570 4972 cum
1595 4919 1770 4974 etiam
1795 4920 1982 4986 [caete-

337 5023 434 5062 ros
462 5006 718 5076 Domini]
751 5005 1100 5073 sacerdotes,
1133 5005 1332 5062 levitas
1363 5012 1420 5062 et
1473 5007 1882 5074 subdiacones,
1916 5023 1982 5062 ac

336 5094 643 5166 sequentis
673 5093 896 5150 ordinis
927 5111 1111 5166 usque
1141 5097 1212 5151 ad
1243 5095 1433 5152 ultimi
1490 5097 1708 5168 gradus
1740 5096 1982 5151 clericos

336 5181 698 5240 omnimodis
727 5181 960 5238 exclusa
983 5183 1058 5239 sit
1085 5183 1246 5240 laicis
1275 5184 1510 5240 licentia
1540 5185 1854 5240 accusandi
1891 5183 1980 5239 vel

328 5269 664 5344 judicandi,
685 5276 917 5342 excepto
943 5272 990 5328 si
1021 5273 1231 5346 aliquis
1261 5290 1485 5342 eorum,
1511 5275 1665 5346 quod
1692 5273 1864 5343 absit,
1887 5278 1980 5328 tu-

332 5369 500 5416 more
519 5372 585 5410 su
594 5359 806 5428 perbiie
831 5359 1490 5430 elatus,ecclesiasticam
1513 5362 1789 5417 deserens
1812 5361 1982 5416 disci-

333 5445 589 5521 plinam,
621 5447 690 5502 ad
718 5448 1049 5508 saecularem
1079 5469 1142 5508 se
1167 5451 1484 5508 contulerit
1513 5453 1883 5522 potestatem,
1917 5456 1982 5506 ut

2171 565 2283 635 (43)
2305 565 2668 620 defendatur.
2693 566 2857 620 Tunc
2877 563 3188 635 episcopali
3217 566 3683 638 suggestione,fsi
3719 585 3832 625 ne-

2166 667 2326 709 cesse
2348 653 2539 718 fuerit,
2564 651 2842 725 principis
2864 653 2949 708 vel
2964 653 3184 724 judicia
3217 653 3430 711 auxilio
3453 657 3658 711 tandiu
3677 657 3829 715 talis

2165 742 2605 813 persequendus
2634 742 2765 810 erit,
2800 741 2981 797 donec
3010 741 3422 800 ecclesiasticis
3454 745 3542 800 vel
3587 745 3827 803 invitus

2164 830 2352 885 discat
2383 831 2600 902 regulis
2631 830 2882 886 obedire.

2230 920 2644 974 Accusationes
2675 924 2868 974 autem
2892 935 3092 974 eorum
3125 935 3240 975 non
3274 919 3440 976 aliter
3485 921 3818 994 inquirere,

2157 1007 2521 1078 veljudicare
2543 1008 2708 1063 laicis
2729 1009 3198 1080 praasumendum
3227 1009 3457 1070 est.nisi
3484 1011 3556 1065 ab
3576 1014 3815 1084 episco-

2157 1096 2248 1167 pis
2267 1096 2606 1164 invitentur,
2633 1098 2704 1152 ad
2735 1114 2983 1169 quorum
3008 1097 3128 1153 haec
3151 1098 3483 1169 parochiam
3507 1101 3812 1172 pertinere

2154 1185 2446 1241 videntur.
2483 1187 2581 1242 Ait
2609 1186 2763 1241 enim
2795 1187 2999 1242 beatus
3028 1186 3246 1241 Paulus
3270 1187 3570 1258 apostolus
3597 1205 3611 1244 :
3646 1191 3718 1245 Et
3745 1200 3812 1246 tu

2158 1275 2278 1344 quis
2307 1291 2384 1344 es,
2435 1278 2532 1347 qui
2578 1275 2803 1346 judicas
2851 1275 3098 1330 alienum
3139 1277 3397 1331 servum?
3453 1293 3550 1333 suo
3570 1279 3808 1336 Domino

2153 1367 2260 1418 stat
2282 1367 2376 1419 aut
2404 1365 2547 1420 cadit
2573 1366 2744 1435 (Rom.
2769 1381 2883 1433 XIV,
2916 1364 2993 1435 4).
3026 1363 3332 1420 Saecularis
3362 1370 3557 1421 tamen
3591 1383 3621 1422 e
3655 1384 3801 1425 con-

2152 1454 2242 1507 tra
2271 1457 2547 1523 potestas,
2582 1453 2734 1524 quod
2765 1451 3160 1521 lamentabile,
3221 1453 3586 1512 multimodis
3615 1457 3802 1514 eccle-

2153 1540 2447 1596 siasticam
2463 1541 2757 1597 interdum
2776 1542 3513 1614 supprimitauctoritatem
3530 1547 3800 1618 :etcujus

2151 1629 2432 1685 subsidiis
2451 1631 2730 1686 debuerat
2757 1631 2990 1700 elevari,
3025 1631 3152 1702 eius
3174 1631 3321 1688 solet
3341 1633 3801 1692 adversitatibus

2150 1718 2350 1791 afﬂigi.
2387 1721 2453 1773 Et
2483 1720 2637 1774 sicut
2669 1719 2727 1773 in
2755 1718 3034 1775 electione
3081 1719 3400 1791 praesulum
3458 1739 3566 1779 sua
3599 1723 3801 1796 potius

2146 1810 2300 1875 vota,
2333 1824 2510 1879 quam
2543 1813 2879 1864 sanctorum
2911 1809 3144 1864 Patrum
3177 1809 3448 1866 instituta
3495 1812 3797 1886 principes

2145 1895 2378 1952 ﬁrmare
2399 1897 2865 1964 contendunt,ita
2890 1896 3012 1952 etin
3029 1898 3792 1974 audiendo,veljudicando,

2145 2000 2246 2039 seu
2261 1986 2438 2041 etiam
2461 1985 2744 2056 ejiciendo
2767 1991 2886 2040 tam
2908 1985 3066 2056 ipsos
3079 2003 3256 2057 quam
3277 1986 3396 2043 illis
3419 1989 3794 2063 commissos,

2144 2079 2349 2129 contra
2362 2075 2464 2144 jus
2488 2090 2778 2129 canonum
2799 2092 2915 2129 sua:
2931 2093 3033 2145 per
3049 2075 3244 2131 omnia
3265 2083 3534 2148 quaerunt
3549 2079 3792 2135 satisfa-

2144 2179 2270 2218 cere
2293 2162 2603 2218 voluntati.
2640 2165 2707 2219 Et
2737 2165 3062 2219 secundum
3095 2167 3791 2236 perversorumjudicum

2144 2253 2490 2306 sententiam
2516 2268 2618 2307 nec
2647 2251 2818 2324 culpa
2849 2253 3092 2307 retrahit
3151 2252 3407 2324 aliquem
3466 2272 3500 2310 a
3529 2255 3794 2313 culmine

2143 2340 2576 2412 regiminis,nec
2599 2340 2855 2412 regimen
2871 2341 3057 2396 ullum
3076 2347 3312 2398 excusat
3330 2343 3402 2398 ab
3416 2344 3793 2401 accusatione

2142 2428 2392 2500 alicujus
2425 2429 2706 2484 criminis.
2742 2430 2903 2493 Quod
2935 2429 3176 2486 viriliter
3231 2432 3438 2487 beatus
3475 2432 3791 2491 Anacletus

2140 2534 2292 2588 papa
2321 2519 2724 2574 contradiccns
2754 2518 2834 2574 ait
2861 2535 2873 2574 :
2911 2518 3260 2575 Electionem
3293 2537 3664 2578 summorum
3695 2539 3791 2579 sa-

2141 2606 2439 2661 cerdotum
2474 2607 2584 2662 sibi
2621 2608 2898 2662 Dominus
2919 2609 3250 2676 reservavit,
3281 2608 3415 2665 licet
3443 2609 3790 2667 electionem

2139 2711 2341 2750 eorum
2375 2696 2542 2751 bonis
2575 2697 2976 2752 sacerdotibus
3007 2703 3064 2752 et
3118 2697 3524 2769 spiritualibus
3554 2699 3790 2772 populis

2136 2784 2544 2840 concessisset.
2573 2784 2676 2839 Cui
2708 2801 2844 2856 ergo
2871 2785 3086 2840 similis
3142 2802 3270 2842 esse
3325 2787 3639 2856 videbitur,
3684 2789 3790 2860 qui

2135 2873 2291 2944 quod
2318 2873 2472 2928 Deus
2503 2873 2614 2928 sibi
2648 2878 2876 2928 tantum
2911 2875 3082 2929 modo
3113 2875 3444 2944 reservavit,
3481 2866 3788 2948 subripere

2135 2963 2455 3032 praesumit.
2491 2963 2690 3018 Restat
2719 2964 2924 3033 utique
2984 2968 3049 3018 ut
3106 2963 3211 3031 illi,
3266 2964 3367 3036 qui
3421 2965 3536 3020 ait:
3572 2971 3786 3025 Ponam

2128 3051 2304 3107 sedem
2335 3069 2513 3106 meam
2543 3052 2613 3107 ad
2644 3052 2983 3122 Aquilonem,
3010 3057 3060 3108 et
3118 3070 3209 3109 ero
3265 3055 3472 3110 similis
3503 3055 3785 3114 Altissimo

2130 3144 2267 3210 (Isa.
2309 3158 2422 3210 xw,
2453 3141 2561 3211 24).

2250 3248 2490 3318 Explicit
2515 3265 2653 3319 pars
2679 3250 2864 3318 prima
2892 3248 2956 3303 de
2970 3249 3212 3321 judiciis
3249 3252 3650 3323 episcoporum.

2515 3416 2778 3472 INCIPIT
2807 3416 2988 3472 PARS
3027 3417 3376 3475 SECUNDA.

2489 3533 2560 3588 De
2590 3534 3035 3588 ordinationibus
3059 3535 3395 3590 earumdem.

2189 3673 2335 3728 Illud
2368 3673 2538 3745 plane
2567 3673 2830 3747 diligenti
2861 3675 3260 3732 observatione
3297 3678 3621 3734 cavendum
3656 3686 3768 3752 est,

2117 3768 2180 3818 ut
2211 3764 2366 3834 quod
2399 3769 2550 3820 Deus
2579 3763 2750 3820 bonis
2782 3764 3209 3832 sacerdotibus,
3268 3770 3326 3820 et
3354 3765 3768 3838 spiritualibus

2115 3851 2350 3924 populis
2379 3851 2896 3921 concessit,nullus
2927 3853 2998 3907 ad
3032 3853 3332 3924 proprium
3358 3856 3570 3912 audeat
3592 3859 3771 3929 privi-

2112 3940 2331 4012 legium
2365 3946 2713 4012 retorquere.
2745 3943 2890 3997 Cum
2923 3941 3080 3996 enim
3113 3942 3430 4015 episcopali
3479 3943 3765 4005 electione

2111 4029 2422 4101 generalis,
2454 4033 2510 4085 et
2530 4047 2645 4085 non
2678 4029 2950 4102 specialis
2981 4032 3288 4102 quaerenda
3319 4032 3396 4087 sit
3426 4033 3670 4104 utilitas,
3703 4041 3763 4094 et

2109 4117 2515 4175 ecclesiasticae
2549 4118 2635 4174 aei
2667 4119 3056 4190 inquirendas
3088 4120 3166 4175 sit
3211 4121 3605 4194 dispensator,
3639 4143 3758 4183 non

2108 4208 2360 4282 publice,
2390 4207 2478 4264 vel
2505 4209 2728 4280 private
2785 4207 2998 4280 aliquis
3057 4215 3433 4280 procurator:
3481 4212 3615 4284 quis
3647 4231 3758 4270 un-

2107 4314 2284 4369 quam
2310 4297 2566 4368 aliquem
2593 4296 2745 4351 adid
2771 4296 3044 4352 idoneum
3079 4299 3329 4370 reperire
3377 4301 3610 4372 poterit,
3644 4303 3758 4361 nisi

2106 4387 2232 4459 ipse
2263 4386 2362 4458 qui
2395 4385 2754 4441 occultorum
2787 4389 2876 4441 est
2910 4386 3272 4459 cognitor?.
3360 4431 3372 4444 .
3455 4432 3467 4444 .
3549 4434 3563 4447 .
3646 4435 3658 4447 .
3741 4436 3754 4449 .

2109 4480 3756 4538 .....‘.°.......custodiam?

2103 4565 2208 4630 Qui
2233 4565 2440 4620 merito
2462 4564 2572 4620 hoc
2604 4564 2781 4619 etiam
2814 4563 2986 4619 bonis
3033 4566 3456 4632 sacerdotibus,
3489 4572 3547 4623 et
3575 4570 3750 4641 spiri-

2096 4653 2355 4709 tualibus
2378 4668 2726 4724 cognoscere
2749 4669 2899 4724 saepe
2921 4653 3185 4710 concedit
3208 4655 3608 4729 populis,quia
3624 4659 3751 4732 ipse

2095 4759 2328 4815 quoque
2359 4740 2496 4796 alibi
2531 4740 2915 4811 promiserat:
2954 4741 3053 4797 Ubi
3096 4745 3312 4814 fuerint
3349 4751 3662 4817 congregati
3689 4751 3748 4806 in

2093 4833 2319 4887 nomine
2331 4845 2448 4884 meo
2468 4829 2574 4883 duo
2594 4829 2679 4883 vel
2700 4833 2826 4896 tres,
2853 4833 2912 4884 in
2929 4831 3101 4886 medio
3146 4848 3334 4888 eorum
3374 4850 3500 4891 sum
3522 4839 3744 4904 (Matth.

2091 4937 2253 4990 xvm,
2285 4918 2396 4990 20).
2431 4919 2497 4972 Et
2527 4918 2584 4971 in
2617 4917 2859 4989 psalmis
2881 4935 2891 4974 :
2911 4920 3175 4976 Dominus
3203 4927 3350 4978 stetit
3374 4926 3436 4979 in
3463 4910 3742 4998 synagoga

2097 5009 2343 5074 deorum,
2368 5009 2428 5062 in
2456 5007 2634 5062 medio
2656 5017 2839 5062 autem
2859 5024 2947 5064 eos
2962 5009 3225 5075 diiudicat
3241 5010 3415 5082 (Psal.
3441 5031 3630 5084 LXXXI,
3669 5018 3741 5089 1).

2094 5097 2268 5152 Plane
2289 5113 2424 5168 ergo
2441 5097 2566 5168 ipse
2584 5096 2722 5152 facit
2743 5098 2897 5169 quod
2921 5098 3033 5169 ipsi
3063 5099 3412 5173 faciunt,qui
3430 5102 3489 5157 in
3505 5105 3743 5162 nomine

2092 5187 2142 5256 ej
2153 5202 2221 5241 us
2235 5185 2827 5257 congregantur,quia
2838 5201 3036 5242 revera
3049 5193 3208 5258 patet
3220 5206 3252 5260 q
3263 5190 3374 5245 uod
3390 5190 3500 5262 ipsi
3515 5193 3742 5267 absque

2092 5292 2158 5332 eo
2180 5291 2308 5330 esse
2337 5275 2418 5330 ibi
2450 5291 2564 5330 non
2596 5275 2842 5346 possint.
2878 5275 3007 5347 Ipse
3033 5277 3268 5346 quidem
3294 5284 3384 5334 est
3403 5281 3656 5352 qui,tam
3679 5285 3740 5340 in

2089 5363 2285 5419 Veteri
2313 5381 2490 5434 quam
2513 5364 2571 5417 in
2595 5363 2749 5418 Novo
2771 5364 3503 5435 Testamento,sacerdotes
3529 5387 3634 5441 per
3649 5388 3744 5428 se-

2092 5453 2409 5524 metipsum
2431 5452 2643 5522 eligere
2656 5452 2932 5524 dignatus
2948 5457 3056 5508 est.
3069 5453 3164 5509 Ait
3175 5454 3330 5510 enim
3345 5455 3404 5511 in
3417 5457 3613 5514 Veteri
3624 5460 3742 5518 Te~

409 5617 529 5703 (43)
563 5620 761 5686 Contra
774 5628 891 5705 jus.
923 5627 1158 5709 Optima
1184 5627 1356 5689 lectio
1405 5626 1623 5688 codicis
1680 5629 1852 5690 Resb.
1888 5636 1948 5692 at
1985 5631 2156 5693 lectio
2185 5629 2397 5710 prioris
2429 5628 2722 5704 editionis,
2749 5631 3082 5702 contrarius,
3113 5631 3389 5706 pessima.
