3956 6230
150 281 218 339 89

996 271 1096 331 DE
1140 271 1575 334 PRESSURIS
1617 267 2262 334 ECCLESIASTICIS.
2307 300 2383 314 -
2423 269 2626 330 PARS
2673 265 2750 330 II.
3500 277 3579 337 70

157 409 442 467 stamento
467 407 542 462 de
567 405 807 475 Levitis,
835 403 1066 460 Scilicet
1096 403 1232 459 Levi
1273 403 1430 472 filiis,
1462 406 1533 460 de
1563 420 1812 477 quorum
1844 407 1897 472 Α
1926 403 2052 476 ipse
2084 404 2336 457 minetur
2363 401 2422 457 in
2458 399 2762 474 Evangelio
2798 417 2810 455 :
2845 401 2959 458 Non
2979 406 3204 473 potestis
3231 421 3441 462 servire
3469 409 3578 464 Deo

160 495 571 554 tantummodo
604 495 791 566 stirpe
822 493 1155 550 sacerdotes
1187 492 1267 546 illi
1304 493 1362 548 in
1396 493 1568 549 Israel
1602 493 1819 548 consti-

163 592 323 644 tuere
353 591 496 640 tunc
541 583 769 656 placuit
822 600 835 637 :
896 583 1023 637 Ecce
1052 581 1194 649 eligo
1226 583 1416 637 levitas
1463 581 1526 637 de
1555 582 1731 637 medio
1758 583 1821 650 fl-

164 679 367 733 liorum
427 674 601 730 Israel
658 688 758 743 pro
813 672 971 728 omni
1023 672 1394 741 primogenito
1450 671 1589 742 quod
1648 671 1824 742 aperit

161 766 386 822 vulvam
415 780 449 816 a
480 762 618 833 ﬁliis
651 760 842 826 Israel,
874 759 1264 830 redemptiones
1307 774 1494 814 eorum
1521 764 1682 815 erunt
1712 761 1824 827 isti,

165 863 214 910 et
240 861 409 910 erunt
438 850 583 905 mihi
614 851 864 909 Levita";
893 847 1032 902 mihi
1061 849 1210 902 enim
1228 847 1575 916 sanctiﬁcavi
1622 849 1827 918 primo-

167 944 426 1014 genitum
466 943 529 995 in
577 943 730 994 terra
786 937 1012 1008 rEgypti
1069 936 1250 1007 (Num.
1312 954 1398 1007 ιιι,
1454 938 1565 1007 21).
1613 936 1718 992 Ubi
1752 936 1833 991 ait

169 1034 418 1089 sanctus
458 1026 812 1083 Ambrosius
854 1041 865 1080 :
912 1047 940 1074 «
978 1024 1104 1080 Non
1128 1024 1420 1080 mediocre
1445 1025 1702 1080 ofﬁcium
1743 1029 1831 1079 est

166 1119 527 1177 Levitarum.
577 1113 967 1188 Cognovimus
997 1113 1178 1180 enim,
1207 1112 1346 1185 quia
1401 1114 1552 1169 inter
1600 1117 1833 1168 caeteros

174 1209 385 1265 Levita
421 1207 858 1276 computantur,
879 1203 980 1259 sed
1012 1202 1290 1258 omnibus
1322 1202 1834 1274 praferuntur,qui

176 1298 480 1370 eliguntur
505 1311 576 1350 ex
596 1291 957 1361 hominibus,
985 1294 1043 1346 et
1063 1290 1596 1355 sanctiﬁcantur,ut
1624 1291 1836 1362 primo.

181 1387 384 1459 genita
413 1385 712 1439 fructuum
736 1385 910 1452 atque
942 1378 1365 1451 primitiaz,quee
1388 1379 1634 1435 Domino
1655 1381 1836 1451 depu-

181 1479 405 1539 tantur,
437 1473 496 1527 in
528 1470 747 1542 quibus
778 1473 865 1524 est
892 1472 1159 1524 votorum
1182 1468 1393 1524 solutio
1426 1472 1482 1523 et
1512 1469 1837 1541 redemptio

179 1567 578 1637 peccatorum.
615 1581 642 1608 ››
680 1558 838 1614 Unde
869 1562 926 1612 et
955 1557 1228 1612 subditur
1260 1574 1271 1612 :
1305 1558 1429 1613 Non
1458 1559 1713 1629 accipies,
1750 1558 1838 1613 in-

181 1652 336 1724 quit,
373 1666 462 1706 eos
492 1651 638 1704 inter
665 1647 808 1717 ﬁlios
829 1647 1018 1716 Israel,
1045 1648 1096 1701 et
1119 1647 1412 1702 constitues
1438 1648 1650 1702 Levilas
1677 1663 1842 1719 super

183 1739 618 1796 tabernaculum
665 1735 982 1801 testimonii,
1031 1744 1082 1790 et
1129 1751 1292 1808 super
1324 1737 1515 1790 omnia
1559 1753 1691 1791 vasa
1719 1739 1842 1808 ejus

186 1837 414 1895 astare,
444 1830 498 1882 et
523 1841 686 1896 super
708 1838 1038 1896 quzcimque
1063 1828 1193 1879 sunt
1225 1827 1285 1879 in
1316 1825 1453 1895 ipso.
1489 1827 1599 1896 Ipsi
1648 1826 1842 1880 tollant

187 1914 628 1975 tabernaculum
650 1917 701 1970 et
727 1915 911 1968 omnia
940 1928 1069 1967 vasa
1083 1913 1280 1984 ejus,et
1309 1915 1417 1984 ipsi
1444 1914 1760 1970 ministrent
1778 1930 1846 1969 ex

189 2023 276 2077 eo,
312 2009 368 2060 et
400 2007 459 2059 in
480 2004 721 2060 circuitu
743 2002 1087 2058 tabernaculi
1113 2009 1289 2057 castra
1311 2004 1420 2074 ipsi
1437 2005 1845 2068 constituant,“

191 2092 560 2168 promovendo
605 2091 1021 2148 tabernaculum
1060 2093 1171 2162 ipsi
1215 2096 1457 2147 statuant
1487 2111 1504 2145 :
1536 2094 1847 2163 alienigena

195 2187 508 2257 quicunque
537 2182 837 2251 accesserit,
868 2183 1042 2236 morte
1089 2182 1356 2237 morietur
1411 2182 1595 2252 (Num.
1644 2198 1683 2246 ι,
1733 2181 1842 2248 49).

195 2271 482 2330 Similiter
503 2275 559 2326 et
584 2270 655 2325 ad
681 2269 1150 2341 apostolos,quos
1173 2286 1368 2325 revera
1399 2270 1845 2325 fundamentum

193 2359 489 2428 Ecclesiae,
521 2364 577 2414 et
621 2358 916 2432 primitias
964 2358 1278 2430 praesulum
1326 2375 1455 2414 esse
1502 2363 1752 2424 constat,
1786 2359 1845 2413 in

193 2448 512 2522 Evangelia
561 2448 643 2504 ait
691 2465 704 2502 :
761 2450 854 2503 Vos
899 2447 966 2502 de
1012 2447 1220 2503 mundo
1270 2463 1380 2503 non
1427 2451 1573 2514 estis,
1622 2449 1716 2503 sed
1752 2463 1846 2518 ego

192 2541 350 2612 elegi
375 2554 464 2594 vos
491 2538 556 2593 de
585 2537 788 2593 mundo
818 2538 998 2595 (Joan.
1047 2554 1139 2605 xv,
1189 2537 1296 2608 19).
1349 2537 1511 2602 Quod
1543 2536 1699 2592 enim
1731 2535 1846 2591 illis

192 2629 363 2695 ait,et
394 2627 503 2684 hoc
533 2625 974 2682 successoribus
995 2641 1199 2682 eorum
1224 2625 1440 2682 dixisse
1467 2625 1845 2681 manifestum

192 2719 381 2775 est.Et
409 2716 631 2772 Paulus
663 2715 960 2788 apostolus
985 2732 999 2770 :
1029 2714 1214 2771 Omnis
1241 2716 1493 2787 pontifex
1511 2731 1580 2770 ex
1601 2715 1845 2770 homini-

196 2810 296 2864 bus
326 2813 656 2877 assumptus,
687 2821 785 2876 pro
832 2805 1148 2860 hominibus
1175 2806 1529 2860 constituitur
1578 2805 1758 2877 (Hebr.
1793 2821 1844 2858 v.

197 2899 273 2965 1).
310 2896 389 2951 Ex
416 2911 534 2967 qua
564 2911 626 2950 re
653 2898 910 2966 apparet,
946 2894 1084 2965 quia
1104 2892 1362 2966 episcopi
1393 2894 1566 2966 digne
1597 2893 1755 2965 eligi,
1790 2897 1848 2948 et

188 2986 356 3056 justo
380 2981 657 3055 judicari,
692 2981 804 3038 nisi
836 2999 870 3036 a
904 2983 1014 3038 Deo
1063 2981 1402 3038 nullatenus
1430 2987 1698 3054 possunt.
1735 2983 1848 3038 Hoc

197 3089 341 3130 vero
365 3073 693 3128 notandum
722 3071 976 3143 est,quia
1006 3087 1142 3126 cum
1174 3072 1247 3126 ab
1269 3070 1414 3143 ipsis
1440 3071 1655 3143 quibus
1687 3071 1758 3126 ab
1782 3087 1848 3126 eo

1871 1782 1918 1847 Β

1930 502 1982 547 et
2009 507 2338 547 mammonae
2367 491 2518 562 (Luc.
2548 508 2660 557 xvx,
2692 491 2804 562 23).
2840 492 2907 545 Et
2937 491 3148 547 iterum
3185 511 3197 548 :
3233 495 3470 550 Facilius
3501 500 3579 552 est

1931 582 2200 636 camelum
2227 597 2326 652 per
2352 582 2600 650 foramen
2619 596 2748 634 acus
2779 588 3010 646 intrare,
3039 598 3205 651 quam
3236 583 3459 640 divitem
3491 587 3583 640 in-

1935 679 2081 727 trare
2112 673 2170 725 in
2203 686 2432 740 reg/num
2472 671 2568 724 Dei
2596 670 2796 740 (Matth.
2852 687 2968 736 xu,
3008 672 3118 741 2’1).
3175 673 3240 726 Et
3271 691 3476 729 rursus
3508 675 3579 730 ad

1937 760 2174 814 divitem
2210 777 2222 814 :
2257 758 2455 826 Stulte,
2506 760 2606 818 hac
2645 768 2797 813 nocte
2838 768 3077 830 repetent
3123 763 3369 816 animam
3408 772 3581 830 tuam,

1937 853 1986 904 et
2017 866 2078 904 ea
2099 865 2223 919 quae
2247 850 2482 920 parasti,
2541 849 2698 918 cujus
2726 852 2889 902 erunt
2917 847 2944 902 ?
3002 851 3152 920 (Luc.
3195 868 3293 906 xu.
3343 854 3458 924 20.)
3517 854 3586 908 Et

1941 937 2078 993 alibi
2113 954 2126 993 :
2161 938 2345 992 Nolite
2376 937 2747 992 lhesaurizare
2773 938 2918 992 vobis
2947 938 3231 994 thesauros
3283 957 3446 1013 super
3474 946 3584 997 ter-

1938 1043 2082 1093 ram,
2113 1027 2208 1080 ubi
2233 1042 2417 1094 mrugo
2447 1031 2497 1081 ct
2529 1026 2681 1080 tinea
2709 1025 3025 1093 demolitur,
3057 1036 3106 1082 et
3139 1030 3235 1084 ubi
3257 1033 3413 1099 fures
3458 1033 3583 1103 θίγε-

1941 1115 2101 1170 diunt
2144 1123 2194 1170 et
2243 1117 2538 1186 furantur.
2597 1116 2982 1171 Thesaurzzate
3028 1126 3217 1172 autem
3266 1120 3418 1175 vobis
3467 1121 3584 1176 the-

1940 1221 2133 1260 sauros
2165 1207 2224 1259 in
2253 1205 2424 1270 ca’lis,
2453 1204 2547 1258 ubi
2581 1219 2754 1274 neque
2780 1219 2991 1274 .‘Brugo,
3043 1223 3141 1261 nec
3183 1210 3334 1264 tinea
3391 1209 3582 1264 demo-

1947 1295 2101 1363 litur,
2134 1299 2184 1348 et
2243 1294 2340 1348 ubi
2385 1295 2535 1364 fures
2581 1309 2690 1347 non
2747 1294 3009 1364 effodiunt
3037 1311 3131 1350 nec
3165 1298 3452 1367 furantur.
3491 1299 3591 1356 Ubi

1944 1386 2019 1437 est
2063 1382 2355 1437 thesaurus
2405 1385 2552 1452 tuus,
2620 1382 2699 1437 ibi
2749 1388 2829 1436 est
2891 1400 2983 1438 cor
3039 1389 3193 1439 tuum
3249 1387 3453 1456 (Matth.
3513 1405 3590 1456 vx,

1950 1472 2056 1542 19).
2118 1471 2209 1526 Ait
2267 1470 2421 1526 enim
2479 1472 2686 1526 beatus
2721 1472 3066 1528 Ambrosius
3126 1491 3139 1529 :
3200 1474 3439 1531 Nullum
3488 1477 3590 1532 ad-

1952 1559 2301 1615 miniculum
2363 1563 2642 1631 priestant
2701 1561 2913 1615 divitia:
2972 1563 3041 1617 ad
3101 1562 3277 1619 vitam
3339 1565 3590 1621 beatam.

1950 1649 2112 1714 Quod
2147 1648 2441 1704 evidenter
2461 1648 2744 1703 Dominus
2772 1655 3059 1706 monstrat
3088 1651 3147 1706 in
3171 1653 3480 1725 Evangelio
3512 1655 3595 1709 di-

1953 1751 2089 1792 cens
2122 1756 2140 1790 :
2170 1739 2332 1792 Beati
2356 1753 2644 1808 pauperes,
2678 1738 2934 1807 quoniam
2968 1743 3206 1795 vestrum
3253 1746 3331 1797 est
3363 1759 3594 1811 regnum

1957 1826 2071 1881 Dei.
2107 1827 2259 1880 Beati
2297 1826 2394 1896 qui
2421 1841 2571 1880 nunc
2597 1829 2845 1880 esuriant
2874 1833 2923 1882 et
2970 1830 3185 1897 sitiunt,
3219 1833 3347 1901 quia
3374 1837 3596 1888 satura-

1956 1916 2176 1968 buntur.
2211 1915 2370 1968 Beati
2398 1916 2494 1984 qui
2523 1931 2670 1968 nunc
2697 1916 2864 1983 ﬂetis,
2894 1919 3026 1986 quia
3055 1918 3300 1974 ridebitis
3332 1922 3481 1990 (Luc.
3515 1939 3592 1989 VI,

1933 2005 2064 2073 .20).
2097 2002 2166 2056 Et
2194 2003 2262 2055 ad
2300 2003 2544 2057 divites:
2585 2004 2670 2057 Va:
2713 2003 2860 2056 vobis
2918 2005 3200 2074 divitibus,
3262 2011 3360 2079 qui
3388 2009 3597 2067 habetis

1950 2093 2370 2148 consolationem
2419 2099 2679 2146 vestram.
2740 2093 2821 2146 l’te
2853 2094 2997 2146 vobis
3027 2096 3125 2166 qui
3161 2098 3400 2150 saturati
3446 2101 3592 2166 estis,

1955 2184 2087 2253 quia
2117 2182 2414 2245 esurietis;
2450 2188 2503 2236 et
2563 2172 2831 2251 illis'qui
2885 2183 3089 2254 rident,
3146 2187 3278 2256 quia
3336 2187 3598 2256 lugebant

1956 2271 2256 2341 (Ibid.,24).
2297 2271 2365 2324 Et
2390 2269 2605 2325 Paulus
2637 2270 2936 2341 apostolus
2968 2289 2980 2326 :
3021 2274 3313 2344 Cupiditas
3343 2276 3504 2331 radix
3523 2281 3599 2332 est

1955 2359 2205 2412 omnium
2232 2358 2506 2412 malorum
2554 2357 2599 2427 (Ι
2653 2357 2781 2412 lim.
2824 2374 2898 2412 v1.
2945 2359 3052 2429 10).
3088 2361 3157 2414 Et
3183 2361 3440 2418 Jacobus
3472 2363 3552 2418 ait
3584 2381 3597 2420 :

1957 2448 2194 2500 Exortus
2221 2453 2297 2499 est
2327 2443 2414 2499 sol
2442 2461 2567 2499 cum
2596 2444 2817 2515 ardore,
2844 2454 2897 2500 et
2925 2449 3158 2518 are/‘ecit
3186 2451 3396 2518 fenum,
3428 2456 3478 2506 et
3503 2453 3602 2522 ﬂos

1954 2535 2076 2605 ejus
2107 2533 2345 2595 decidit;
2376 2542 2426 2588 et
2455 2533 2612 2588 decor
2640 2533 2829 2589 vultus
2858 2537 2975 2603 eius
3004 2536 3236 2608 deperiit
3267 2540 3343 2594 ita
3371 2543 3426 2594 et
3454 2541 3601 2597 dives

1957 2625 2017 2678 in
2047 2623 2335 2678 itineribus
2363 2625 2478 2678 suis
2506 2626 2792 2678 marcescit
2839 2624 2986 2695 (Jac.
3023 2643 3062 2697 ι,
3099 2627 3206 2694 11).
3244 2632 3307 2683 Et
3339 2629 3550 2686 iterum
3585 2649 3598 2687 :

1959 2712 2146 2767 Nonne
2173 2712 2312 2767 Deus
2339 2713 2502 2782 elegit
2525 2729 2791 2784 pauperes
2836 2716 2895 2768 in
2925 2715 3021 2769 hoc
3049 2717 3270 2783 mundo,
3303 2717 3496 2774 divites
3543 2721 3604 2774 in

1955 2801 2081 2871 ﬁde,
2112 2806 2162 2856 et
2191 2801 2430 2856 hieredes
2459 2804 2617 2873 regni
2645 2802 2788 2874 quod
2805 2805 3118 2876 repromisit
3138 2805 3488 2876 diligentibus
3506 2809 3604 2864 se?

1957 2890 2096 2961 (Jac.
2131 2907 2190 2944 ιι.
2221 2890 2298 2961 5.)
2331 2890 2400 2944 Et
2429 2890 2600 2962 paulo
2632 2896 2765 2963 post
2813 2909 2826 2947 :
2877 2895 3072 2948 Nonne
3119 2895 3318 2950 divites
3350 2913 3451 2968 per
3505 2914 3605 2970 po-

1957 2981 2183 3035 tentiam
2263 2981 2583 3050 opprimunt
2633 2983 2778 3035 vos?
2829 2980 2996 3050 Idid.,
3059 2983 3200 3038 Item
3259 2985 3606 3042 Ambrosius

1958 3069 2039 3123 ait
2071 3086 2084 3123 :
2115 3067 2376 3123 Joachim
2410 3069 2509 3140 qui
2533 3085 2741 3124 aurum
2770 3069 2828 3124 in
2860 3071 3160 3127 obsidione
3191 3075 3479 3143 servabat,
3502 3091 3607 3131 nec

201 3177 552 3218 concessum
579 3163 691 3229 est,
723 3159 981 3231 legitime
1002 3159 1369 3226 ordinantur,
1398 3158 1484 3215 vel
1508 3159 1852 3230 judicantur
1881 3148 1923 3214 C
1961 3156 2339 3228 dispensabat
2369 3156 2655 3212 alimoniae
2685 3161 3109 3231 comparanda,
3131 3167 3189 3218 et
3222 3180 3431 3219 aurum
3464 3165 3610 3220 vidit

203 3253 282 3308 ab
311 3251 438 3323 ipso
468 3248 676 3322 procul
707 3249 906 3314 dubio,
939 3249 1091 3303 sicut
1112 3249 1238 3319 jam
1279 3265 1458 3326 supra
1489 3249 1710 3304 dictum
1743 3254 1851 3315 est,

201 3340 316 3396 hoc
346 3338 813 3412 agitur.Expedit
841 3353 976 3410 ergo
1005 3341 1069 3392 ut
1095 3336 1240 3393 tales
1280 3339 1352 3393 de
1383 3338 1602 3394 mundo
1646 3339 1717 3394 ad
1747 3337 1855 3394 hoc

202 3427 469 3485 ofﬁcium
499 3424 1098 3498 eligantur,qui,sicut
1117 3425 1243 3497 ipse
1273 3426 1499 3497 ait,jam
1533 3427 1604 3482 de
1636 3427 1855 3482 mundo

203 3534 326 3574 non
359 3516 499 3583 sint,
533 3519 591 3570 et
619 3515 940 3570 secundum
971 3530 1207 3570 carnem
1239 3531 1355 3570 non
1388 3515 1711 3571 ambulent.
1749 3515 1857 3578 Qui

202 3605 1190 3663 etiam........

210 3738 224 3752 .
308 3738 323 3752 .
406 3734 418 3747 .
501 3737 514 3749 .
596 3735 607 3747 .
689 3735 703 3748 .
785 3733 797 3746 .
879 3735 892 3747 .
971 3734 984 3746 .
1066 3735 1078 3748 .
1165 3735 1176 3748 .
1257 3693 1859 3765 ﬁeripotest;verum

205 3785 465 3857 princeps
493 3783 660 3853 hujus
689 3781 884 3837 mundi
910 3799 1017 3838 non
1061 3785 1307 3838 inveniat
1353 3784 1652 3856 quidquam
1681 3784 1858 3854 (Joan.

210 3889 337 3939 vm,
386 3871 491 3936 13;
543 3872 694 3926 Rom.
746 3887 865 3925 V111.
919 3873 989 3935 1;
1039 3873 1194 3927 Joan.
1245 3890 1346 3939 xu,
1386 3873 1496 3943 31).
1549 3871 1861 3944 Irreligiosi

213 3967 410 4016 tamen
444 3959 742 4031 principes
772 3958 893 4014 haec
922 3960 1120 4016 omnia
1149 3961 1654 4033 parvipendentes,
1689 3976 1863 4017 suum

215 4049 630 4105 tantummodo
663 4049 722 4103 in
753 4049 844 4104 his
878 4054 1086 4121 parant
1114 4049 1422 4122 praevalere
1453 4051 1730 4106 edictum.
1765 4051 1868 4106 So-

216 4139 340 4196 lent
382 4137 560 4194 etiam
592 4138 910 4192 admodum
945 4139 1260 4211 indignari,
1293 4139 1341 4194 si
1371 4139 1459 4196 vel
1491 4141 1563 4196 ab
1594 4140 1726 4196 aliis
1757 4139 1869 4194 ali-

219 4227 356 4300 quis
387 4228 794 4298 cujuscunque
824 4227 1013 4282 meriti
1035 4227 1131 4296 sit,
1165 4227 1476 4300 episcopus
1505 4227 1869 4301 eligatur,vel

217 4318 269 4374 si
304 4333 338 4372 a
368 4333 431 4372 se
459 4315 680 4372 electus
709 4317 1112 4388 cujuscunque
1135 4317 1436 4389 pravitatis
1469 4318 1645 4384 sit,ab
1677 4316 1872 4389 aliquo

218 4406 588 4478 reprobetur.
623 4403 862 4460 Illorum
894 4421 1034 4461 sane
1082 4421 1230 4478 quos
1276 4405 1389 4478 ipsi
1440 4405 1665 4478 eligunt
1707 4407 1871 4478 vitia,

1961 3245 2154 3316 diripi,
2180 3250 2236 3300 et
2257 3263 2318 3301 se
2345 3246 2402 3300 in
2435 3247 2828 3318 captivitatem
2860 3249 3087 3304 deduci.
3125 3255 3189 3306 Et
3221 3252 3392 3322 paulo
3423 3259 3557 3325 post
3590 3272 3603 3310 :

1964 3335 2112 3390 Illud
2191 3379 2203 3390 .
2287 3379 2298 3389 .
2381 3379 2392 3390 .
2476 3378 2488 3389 .
2571 3379 2582 3390 .
2667 3378 2678 3388 .
2757 3352 2872 3406 quo
2904 3338 3360 3411 utimurzquod
3412 3345 3607 3397 autem

1971 3467 1980 3477 .
2064 3465 2076 3479 .
2160 3463 2170 3474 .
2255 3467 2264 3476 .
2348 3466 2359 3477 .
2443 3465 2454 3476 .
2535 3440 2646 3478 non
2679 3424 2854 3478 habet
2905 3425 3294 3496 possessionis
3327 3427 3607 3498 fructum,

1966 3513 2066 3569 sed
2099 3512 2373 3568 custodia:
2406 3511 2938 3584 periculum.lsaias
2959 3530 3192 3587 quoque
3214 3517 3614 3588 przsvaricatio

1843 3645 1855 3656 .
1967 3617 2099 3656 nem
2133 3599 2328 3672 populi
2407 3643 2419 3657 .
2502 3642 2513 3654 .
2596 3642 2608 3655 .
2691 3644 2702 3655 .
2785 3646 2796 3657 .
2879 3646 2892 3658 .
2973 3647 2985 3659 .
3067 3646 3078 3659 .
3159 3606 3238 3661 ait
3326 3624 3338 3662 :
3419 3607 3616 3665 Omnes

1966 3691 2204 3761 diligunt
2223 3705 2474 3753 munera,
2504 3695 2810 3762 sequuntur
2840 3693 3223 3750 retributiones
3257 3697 3389 3767 (Isa.
3431 3714 3468 3764 ι,
3498 3698 3613 3770 23).

1969 3780 2037 3836 Et
2065 3795 2271 3835 rursus
2299 3797 2317 3833 :
2369 3779 2454 3834 Va:
2501 3780 2598 3850 qui
2634 3782 2951 3852 justiﬁcatis
3006 3784 3236 3855 impium
3280 3801 3380 3857 pro
3419 3801 3620 3840 mune-

1971 3869 2145 3936 ribus,
2177 3873 2233 3923 et
2272 3870 2550 3940 justitiam
2587 3869 2731 3940 justi
2775 3873 3007 3943 aufertis
3064 3875 3132 3928 ab
3181 3890 3240 3930 eo
3273 3876 3380 3942 (Isa
3416 3893 3466 3947 v,
3499 3876 3614 3947 23).

1973 3957 2197 4012 Etenim
2226 3956 2274 4012 si
2306 3956 2345 4010 ii
2376 3957 2475 4028 qui
2505 3956 2563 4011 in
2596 3957 2784 4014 stadio
2843 3964 3106 4027 currunt,
3157 3962 3237 4016 ita
3289 3963 3621 4019 referuntur

1974 4046 2277 4118 praaceptis
2319 4046 2618 4100 informari
2663 4053 2836 4118 atque
2869 4049 3067 4114 intrui,
3120 4055 3183 4104 ut
3211 4052 3622 4124 unusquisque

1976 4135 2268 4191 celeritate
2297 4151 2408 4188 non
2443 4134 2646 4190 fraude
2675 4138 3308 4210 contendat,cursuque
3331 4145 3620 4211 quantum

1979 4228 2169 4296 potest
2187 4223 2257 4277 ad
2277 4221 2574 4277 victoriam
2597 4229 2865 4294 properet
2892 4242 2904 4278 :
2929 4225 3306 4297 supplantare
3329 4233 3522 4282 autem
3544 4228 3625 4282 al-

1978 4316 2303 4379 terum,aut
2333 4327 2510 4366 manu
2532 4311 2780 4382 dejicere
2804 4328 2919 4367 non
2977 4314 3169 4368 ausit:
3195 4321 3412 4385 quanto
3437 4315 3626 4387 magis

1983 4402 2042 4456 in
2073 4417 2250 4456 cursu
2281 4401 2408 4454 vita:
2438 4400 2610 4456 istius
2639 4400 2764 4456 sine
2787 4401 2990 4456 fraude
3021 4401 3345 4470 alterius,et
3373 4404 3628 4459 circum-

219 4493 497 4567 quamvis
529 4491 717 4548 multa
745 4498 802 4548 et
850 4509 1064 4566 magna
1111 4495 1248 4565 sint,
1298 4493 1458 4550 velut
1491 4495 1651 4550 nulla
1678 4501 1875 4550 tamen
1906 4513 1953 4578 Ι)
1983 4489 2787 4563 spectionerepetendanobis
2808 4489 3631 4547 victoriaestJeremiasnam-

221 4586 596 4656 reputantur.
631 4582 889 4646 Quorum
923 4583 1160 4655 quidem
1194 4583 1254 4638 in
1303 4584 1730 4640 examinatione
1759 4601 1875 4640 non
1986 4597 2100 4653 que
2132 4580 2213 4635 ait
2243 4596 2256 4634 :
2297 4581 2381 4635 Va’
2427 4579 2797 4634 habitantibus
2843 4583 3026 4646 terra,
3058 4581 3316 4650 quoniam
3345 4598 3378 4636 a
3422 4583 3636 4639 minore

225 4673 488 4730 cbaritas
519 4675 578 4744 et
607 4671 774 4736 ﬁdes,
807 4669 896 4725 vel
924 4688 1058 4743 spes
1087 4672 1488 4744 inquiruntur,
1512 4673 1612 4729 sed
1645 4673 1877 4739 divitias,

225 4761 576 4828 affinitas,et
605 4759 954 4831 obsequium
987 4761 1452 4817 considerantur.
1484 4764 1617 4828 Qua:
1647 4761 1882 4829 tria,vel

225 4853 384 4925 quod
401 4850 598 4924 potius
612 4851 810 4905 minus
822 4865 950 4905 esse
961 4851 1300 4921 videatur,si
1314 4855 1428 4908 duo
1441 4869 1508 4907 ex
1523 4852 1615 4908 his
1629 4854 1685 4909 in
1703 4868 1882 4908 unam

227 4942 622 5012 eamdemque
662 4955 974 5011 personam
1023 4945 1361 4996 convertant
1411 4943 1544 5014 (44),
1589 4942 1698 4997 hac
1755 4944 1882 5014 jam

227 5047 427 5087 revera
450 5029 605 5083 inter
626 5026 914 5083 caelicolas
936 5030 1404 5101 computabitur;
1429 5035 1483 5085 et
1502 5047 1682 5085 unum
1706 5032 1881 5086 etiam

226 5137 297 5177 ex
325 5118 420 5175 his
453 5117 600 5173 satis
630 5117 901 5172 sufficere
929 5119 1270 5186 credunt,ad
1299 5119 1646 5191 episcopalis
1667 5119 1888 5176 scilicet

227 5209 520 5265 cathedras
579 5205 951 5278 dignitatem.
994 5207 1104 5263 Sed
1167 5207 1306 5279 quid
1338 5207 1558 5263 talibus
1615 5208 1889 5280 loquatur

228 5298 542 5362 Dominus,
591 5293 845 5351 sollicite
886 5301 1336 5365 perscrutemur.
1377 5296 1694 5353 Videamus
1728 5314 1886 5370 ergo,

228 5385 590 5456 cbarissimi,
643 5383 1146 5456 quemadmodum
1219 5385 1582 5442 amatoribus
1630 5387 1892 5460 pecunia

299 5567 412 5645 (44)
445 5565 810 5625 Convertunt.
844 5559 1014 5636 Lego,
1045 5565 1391 5632 conveniant,
1424 5563 1561 5625 haec.

1988 4685 2155 4740 usque
2176 4669 2244 4724 ad
2270 4670 2543 4740 majorem
2557 4669 2769 4725 student
2789 4672 3046 4726 avaritia:
3076 4671 3290 4742 (Jer.vx,
3325 4671 3508 4742 13).Et
3531 4671 3638 4728 ite-

1992 4775 2122 4814 rum
2149 4775 2160 4812 :
2188 4757 2397 4813 Perdix
2413 4759 2562 4828 fovet
2585 4774 2703 4828 qua:
2722 4774 2828 4814 non
2849 4760 3055 4829 peperit
3072 4761 3340 4831 insipiens
3361 4761 3635 4832 (Jer.xvn,

1994 4850 2103 4916 11).
2156 4848 2222 4902 Et
2275 4848 2412 4903 item
2473 4865 2486 4903 :
2538 4849 2619 4902 Vae
2670 4851 2765 4919 qui
2819 4850 3159 4922 conjungitis
3199 4850 3420 4906 domum
3450 4850 3518 4906 ad
3540 4850 3637 4907 do-

1993 4953 2164 5006 mum,
2196 4946 2246 4992 et
2270 4953 2468 5006 agrum
2522 4937 2594 4992 ad
2622 4955 2816 5006 agrum
2849 4940 3115 5009 copulatis
3140 4956 3311 5010 usquv
3341 4940 3411 4994 ad
3443 4942 3638 4995 termi-

1993 5043 2127 5082 num
2158 5027 2283 5081 loci.
2312 5026 2570 5097 Nunquid
2599 5042 2688 5082 vos
2717 5028 2821 5082 soli
2852 5027 3175 5083 habitabilis
3204 5045 3367 5100 super
3393 5033 3599 5082 terram
3619 5032 3648 5082 Ρ

1995 5118 2099 5171 Isa.
2129 5133 2182 5183 v,
2232 5115 2310 5180 8.)
2340 5114 2611 5170 Salomon
2642 5116 2856 5188 quippe
2917 5117 2998 5170 ait
3047 5134 3060 5172 :
3110 5117 3333 5172 Munera
3363 5117 3646 5173 abceecant

1995 5204 2157 5260 corda
2203 5205 2482 5274 potentum
2511 5201 2681 5272 (Eccl.
2729 5221 2818 5270 ιιι-π,
2853 5204 2962 5275 31).
3011 5205 3134 5259 Non
3166 5206 3321 5259 enim
3377 5205 3645 5262 divinum

1999 5290 2177 5346 simul
2210 5291 2642 5362 obsequium,et
2671 5291 3050 5363 pecuniarum
3082 5298 3272 5362 potest
3301 5291 3523 5366 acquiri
3552 5291 3646 5347 lu-

1998 5395 2185 5435 crum.
2238 5380 2307 5435 Et
2363 5377 2677 5436 Psalmista
2709 5398 2722 5438 :
2754 5380 2942 5437 Melius
2996 5379 3272 5439 modicum
3290 5383 3440 5456 justo
3468 5395 3640 5456 super
