3956 6230
148 275 204 331 73
951 268 1052 328 ne
1098 268 1532 327 Panssuuis
1583 268 2228 329 ECCLESIAS'PICIS.
2267 302 2341 314 _
2373 272 2570 331 PARS
2619 273 2689 330 ιι.
3442 283 3519 340 ’74

147 423 239 462 non
269 408 451 477 potest
474 403 537 458 in
575 402 669 457 his
699 418 824 473 quae
856 401 927 455 ad
962 400 1169 455 faciem
1201 406 1340 456 sunt
1371 417 1545 471 prava
1577 401 1766 454 subri-
1798 403 1851 466 Α
1883 401 1973 455 dis
2018 401 2384 458 solummodo
2434 405 2877 460 retributionem
2938 413 3224 478 qumrunt,
3257 410 3297 464 ii
3349 412 3521 466 nimi-

149 493 489 568 pere,callide
513 491 707 563 specie
731 490 899 561 quasi
924 490 1156 561 pietatis
1175 491 1384 560 injecta
1403 489 1607 543 nititur
1627 509 1691 542 su
1705 507 1764 559 p-

145 589 397 655 plantare,
430 582 764 651 suadetque
796 579 1040 633 forsitan
1074 579 1282 633 debere
1313 580 1384 632 ab
1415 578 1766 632 habentibus

143 671 319 744 accipi,
350 675 412 725 ut
443 671 496 725 si
541 669 698 740 quod
750 668 933 739 possit
964 683 1078 720 non
1113 667 1462 721 habentibus
1515 667 1760 736 erogari,

142 761 429 816 dummodo
458 758 550 814 vel
587 759 672 814 sic
697 773 920 812 venena
948 755 1248 810 mortifera
1269 756 1647 826 eleemosynte
1681 772 1766 809 ce-

143 847 702 905 lataobumbratione
721 845 1114 900 transfundat.
1137 845 1334 915 Neque
1353 845 1509 899 enim
1530 844 1770 899 elcemo-

142 956 266 1011 syna
292 936 617 1009 reputanda
639 939 746 998 est,
766 934 814 990 si
841 933 1198 1004 pauperibus
1220 934 1592 1002 dispensetur
1613 934 1766 1004 quod

143 1045 200 1083 ex
225 1026 429 1082 illicitis
461 1026 639 1080 rebus
672 1023 975 1094 accipitur,
1004 1023 1145 1092 quia
1175 1022 1274 1092 qui
1309 1023 1416 1076 hac
1449 1021 1768 1076 intentione

144 1117 275 1172 male
304 1115 532 1186 accipit,
562 1119 628 1168 ut
649 1112 817 1183 quasi
855 1113 1001 1166 bene
1025 1111 1342 1182 dispenset,
1366 1115 1638 1182 gravatur
1666 1129 1769 1181 po-

144 1206 248 1260 tius
269 1221 433 1275 quam
450 1205 712 1272 juvetur.
733 1199 1019 1266 Quoniam
1044 1199 1228 1269 liquet
1249 1215 1317 1254 ea
1340 1216 1468 1253 esse
1492 1205 1772 1270 perpetua

143 1311 201 1348 ac
250 1293 444 1358 solida,
477 1308 607 1361 quis
641 1307 774 1345 vera
829 1294 985 1357 sunt,
1023 1292 1078 1342 et
1110 1304 1235 1358 qua:
1295 1288 1517 1342 sincere
1579 1287 1769 1358 potius

144 1367 453 1452 quamhdolo
480 1383 932 1450 congregantur.
960 1376 1340 1446 Eleemosyna
1367 1375 1769 1446 Redemptoris

141 1470 311 1525 nostri
341 1468 519 1524 oculis
574 1467 676 1522 illa
734 1467 938 1537 placet.
975 1483 1099 1536 quae
1157 1482 1272 1519 non
1333 1465 1402 1518 de
1463 1465 1684 1519 illicitis
1716 1468 1772 1519 et

140 1559 426 1629 iniquitate
456 1555 990 1626 congeritur.Undc
1022 1554 1194 1608 etiam
1228 1553 1370 1607 illud
1405 1558 1627 1608 certum
1661 1558 1768 1618 est,

140 1647 268 1718 quia
312 1649 369 1702 et
411 1647 461 1702 si
511 1643 882 1712 monasteria,
936 1646 1036 1698 aut
1084 1641 1459 1708 xenodochia,
1491 1641 1578 1696 vel
1629 1641 1769 1712 quid

141 1735 291 1790 aliud
322 1738 708 1800 construatur,
741 1731 990 1788 mercedi
1035 1748 1144 1785 non
1190 1731 1455 1802 prolicit:
1492 1731 1769 1801 quoniam

140 1824 270 1879 dum
308 1839 610 1895 perversus
640 1826 860 1892 emptor
889 1820 1128 1876 honoris
1160 1820 1217 1874 in
1254 1819 1444 1874 locum
1476 1819 1774 1874 transmit-

142 1913 294 1979 titur,
327 1916 383 1966 et
413 1911 558 1966 alios
593 1911 661 1965 ad
693 1911 778 1965 sui
826 1909 1274 1965 similitudinem
1323 1909 1431 1962 sub
1481 1907 1772 1963 commodi

144 1999 402 2056 dilatione
434 1999 758 2063 constituit,
781 1997 951 2069 plura
982 1998 1132 2052 male
1149 1997 1475 2052 ordinando
1502 1997 1770 2066 destruit,

144 2107 304 2160 quam
335 2088 431 2144 ille
462 2093 655 2160 potest
673 2089 980 2152 aedificare,
1005 2086 1104 2158 qui
1135 2087 1207 2140 ab
1237 2102 1303 2141 eo
1336 2086 1644 2157 pecuniam
1670 2103 1772 2157 pro

143 2178 486 2234 ordinatione
515 2176 758 2248 accepit.
782 2177 861 2231 Ne
883 2193 1019 2248 ergo
1053 2175 1162 2231 sub
1194 2176 1434 2230 obtentu
1461 2175 1775 2246 eleemosy-

144 2283 221 2322 nae
247 2283 376 2322 cum
398 2270 633 2337 peccato
656 2264 878 2335 aliquid
903 2265 1248 2319 studeamus
1280 2264 1558 2335 accipere,
1583 2268 1776 2334 aperte

141 2371 297 2410 sacra
319 2354 619 2426 Scriptura
639 2371 746 2408 nos
769 2353 1056 2425 prohibet,
1080 2353 1278 2408 dicens
1305 2370 1317 2408 :
1351 2355 1552 2408 Hostiae
1585 2354 1777 2423 impio-

150 2460 267 2498 rum
297 2444 708 2505 abominabiles,
757 2457 880 2512 qua
908 2444 1212 2513 o/Ieruntur
1230 2458 1299 2496 ex
1345 2443 1543 2496 scelere
1589 2442 1772 2510 (Prov.

141 2549 244 2601 xxv,
271 2533 382 2603 27).
407 2531 701 2602 Quidquid
735 2531 891 2585 enim
927 2531 984 2584 in
1021 2530 1113 2584 Dei
1147 2529 1431 2584 sacriﬁcio
1463 2546 1531 2584 ex
1562 2529 1776 2585 scelere

141 2621 386 2687 offertur,
413 2619 837 2691 omnipotentis
868 2619 965 2674 Dei
1006 2636 1122 2673 non
1162 2618 1356 2689 placat
1386 2619 1774 2685 iracundiam,

141 2711 230 2764 sed
259 2710 462 2764 irritat.
496 2709 646 2764 Hinc
692 2725 900 2763 rursus
942 2707 1225 2778 scriptum
1260 2712 1348 2762 est
1380 2726 1392 2763 ι
1427 2710 1645 2762 Honora
1670 2709 1777 2761 Do—

139 2801 336 2852 minum
367 2800 434 2854 de
456 2800 574 2853 tuis
597 2799 765 2868 justis
787 2797 1071 2851 laboribus
1093 2799 1278 2867 (Prov.
1306 2813 1390 2864 ιιι,
1414 2798 1488 2867 9).
1514 2797 1620 2859 Qui
1643 2813 1777 2865 ergo

140 2887 274 2942 male
303 2887 473 2955 tollit,
507 2891 576 2941 ut
606 2885 775 2957 quasi
823 2886 969 2940 bene
1000 2884 1274 2956 praebeat,
1310 2890 1536 2940 constat
1576 2883 1777 2956 procul

137 2975 299 3030 dubio
342 2977 497 3047 quod
551 2975 862 3029 Dominum
915 2991 1027 3028 non
1076 2973 1340 3028 honorat.
1365 2974 1512 3028 Hinc
1544 2987 1778 3044 quoque

134 3079 226 3134 per
266 3064 639 3120 Salomonem
689 3063 900 3118 dicitur
934 3079 946 3118 :
982 3063 1088 3129 Qui
1135 3064 1289 3132 offert
1333 3063 1670 3131 sacriﬁcium
1715 3061 1781 3115 de

1880 509 2006 543 rum
2043 493 2194 561 quod
2228 494 2410 559 pratis
2451 501 2817 564 acceperunt,
2850 497 3032 561 gratis
3062 515 3178 552 non
3225 500 3516 568 tribuunt,

1879 580 2013 648 quia
2047 581 2115 632 de
2145 580 2408 651 impenso
2441 582 2628 636 officio
2661 584 2995 639 sanctitatis
3020 603 3327 642 nummum
3360 604 3525 659 expe-

1879 671 2006 720 tunt
2040 668 2269 723 favoris.
2305 670 2462 723 Unde
2495 672 2639 724 bene
2669 688 2801 726 cum
2825 673 3054 741 justum
3087 675 3278 730 virum
3311 677 3523 732 descri-

1880 755 2040 810 beret
2063 757 2343 828 propheta
2375 759 2491 813 ait:
2529 762 2633 826 Qui
2657 765 2862 815 excutit
2898 779 3096 817 manus
3127 781 3251 818 suas
3274 767 3342 819 ab
3372 769 3523 821 omni

1880 862 2107 898 munere
2139 848 2288 914 (lsai.
2329 862 2528 914 xxqu,
2557 850 2663 919 15).
2691 850 2886 920 Neque
2916 851 3070 905 enim
3104 851 3266 919 dixit,
3291 854 3390 924 qui
3421 869 3522 907 ex-

1881 935 2027 988 cutit
2059 950 2268 989 manus
2300 952 2437 990 suas
2467 954 2500 990 a
2531 953 2789 1000 munere,
2826 940 2921 992 sed
2954 940 3222 1009 adjunxit
3248 941 3322 996 ab
3351 944 3522 1008 omni,

1882 1022 2018 1093 quia
2075 1023 2231 1077 aliud
2293 1041 2513 1079 munus
2563 1026 2632 1078 ab
2691 1027 2991 1097 obsequio,
3025 1028 3176 1083 alius
3232 1047 3449 1085 munus
3491 1048 3527 1086 a

1881 1129 2083 1181 manu,
2108 1113 2264 1166 aliud
2325 1130 2540 1167 munus
2591 1132 2623 1169 a
2670 1115 2888 1184 lingua.
2930 1121 3140 1172 Munus
3189 1119 3402 1190 quippe
3452 1121 3523 1175 ab

1881 1201 2160 1272 obsequio
2192 1207 2280 1256 est
2312 1203 2596 1271 subjectio
2630 1204 2884 1259 indebite
2915 1206 3208 1276 impensa;
3244 1225 3462 1263 munus
3493 1226 3530 1263 a

1887 1307 2083 1354 manu,
2131 1291 2406 1360 pecunia;
2460 1309 2676 1346 munus
2707 1311 2739 1347 a
2771 1293 2990 1365 lingua,
3027 1296 3202 1349 favor.
3236 1296 3342 1361 Qui
3389 1314 3526 1368 ergo

1882 1395 2079 1432 sacros
2102 1379 2350 1434 honores
2375 1381 2600 1446 tribuit,
2620 1388 2757 1436 tunc
2783 1384 2853 1436 ab
2877 1385 3033 1438 omni
3056 1401 3296 1440 munere
3319 1402 3530 1441 manus

1883 1469 2118 1534 excutit,
2154 1470 2386 1538 quando
2419 1470 2474 1523 in
2509 1470 2721 1524 divinis
2747 1472 2919 1525 rebus
2952 1490 3064 1526 non
3090 1473 3280 1527 solum
3304 1473 3530 1529 nullam

1883 1557 2212 1625 pecuniam,
2239 1559 2336 1611 sed
2364 1558 2535 1611 etiam
2565 1559 2882 1614 humanam
2912 1562 3161 1630 gratiam
3194 1579 3309 1617 non
3338 1562 3532 1634 requi-

1885 1644 1978 1698 rit.
2008 1669 2028 1696 ι»
2055 1645 2215 1699 Unde
2246 1651 2301 1700 et
2329 1647 2537 1700 Joanni
2587 1648 2858 1718 episcopo
2892 1649 3322 1704 Corinthiorum
3373 1651 3528 1706 idem

1885 1731 2196 1799 Gregorius
2223 1738 2353 1802 post
2376 1732 2558 1786 multa
2579 1735 2842 1788 scribens
2865 1735 2945 1788 ait
2967 1735 3089 1805 (lib.
3117 1754 3190 1801 ιν,
3214 1740 3368 1808 epist.
3396 1740 3486 1809 55)
3513 1755 3525 1793 :

1885 1820 2165 1888 «Oportet
2192 1826 2252 1873 ut
2277 1837 2378 1874 nec
2401 1823 3115 1895 percommodum,neque
3138 1842 3237 1895 per
3257 1826 3529 1894 gratiam,

1885 1911 1986 1961 aut
2011 1910 2400 1977 quorumdam
2449 1909 2938 1980 supplicationem
2973 1912 3198 1983 aliquos
3231 1916 3300 1968 ad
3334 1931 3533 1970 sacros

1885 1995 2116 2050 ordines
2149 1998 2526 2051 consentiatis
2549 1997 2633 2050 vel
2661 1999 3014 2067 permittatis
3045 2002 3274 2055 adduci.
3300 2003 3445 2057 Nam
3475 2008 3533 2057 et

1885 2089 2208 2155 peccatum,
2234 2086 2386 2139 sicut
2418 2085 2694 2155 diximus,
2727 2103 2899 2157 grave
2929 2093 3036 2155 est,
3061 2093 3118 2143 et
3147 2089 3273 2144 sine
3304 2105 3531 2161 correp-

1885 2173 2040 2228 tione
2071 2173 2179 2227 hoc
2211 2191 2324 2228 non
2359 2174 2614 2245 patimur
2658 2191 2978 2230 remanere.
3011 2200 3032 2228 ι
3066 2178 3252 2242 Quare
3283 2177 3531 2233 nullate-

1885 2266 2055 2316 tenus
2093 2261 2274 2315 voluit
2305 2262 2638 2333 Gregorius.
2685 2305 2696 2316 .
2743 2305 2755 2316 .
2803 2304 2816 2317 .
2863 2306 2873 2317 .
2922 2304 2935 2318 .
2983 2306 2994 2318 .
3043 2307 3054 2318 .
3103 2307 3114 2319 .
3162 2307 3174 2319 .
3223 2307 3234 2319 .
3281 2307 3293 2320 .
3341 2307 3352 2319 .
3400 2307 3412 2319 .
3459 2307 3472 2319 .
3516 2307 3529 2320 .

1887 2351 2177 2420 Propterea
2209 2368 2294 2406 vos
2326 2368 2428 2405 non
2479 2353 2724 2412 auditis;
2770 2356 2900 2422 quia
2955 2370 3024 2408 ea:
3079 2357 3185 2409 Deo
3239 2371 3346 2410 non
3404 2356 3533 2410 estis

1887 2441 2068 2508 (Jonn.
2097 2456 2176 2505 ιιι,
2203 2441 2320 2505 li7);
2347 2445 2403 2494 et
2433 2440 2569 2494 alibi
2598 2457 2609 2494 :
2637 2441 2697 2495 Si
2725 2444 2847 2510 quis
2872 2441 3064 2513 diligit
3093 2459 3199 2509 me,
3233 2459 3536 2499 sermonem

1887 2545 2068 2582 meum.
2098 2530 2341 2584 servabit
2372 2531 2545 2596 (Joan.
2572 2547 2686 2594 xxv,
2709 2532 2822 2600 23).
2861 2531 2926 2584 Et
2966 2531 3277 2588 Psalmista
3306 2533 3376 2587 de
3410 2533 3533 2588 viro

1887 2617 2106 2686 injuste
2139 2618 2219 2671 ait
2253 2634 2264 2671 :
2298 2619 2484 2672 Noluit
2533 2620 2840 2686 intelligere
2867 2625 2926 2674 ut
2967 2620 3098 2676 bene
3143 2626 3326 2690 ageret
3357 2622 3530 2691 (Psal.

1888 2722 2054 2774 xxxv,
2080 2706 2151 2774 1’1).
2182 2708 2455 2772 Quamvis
2488 2707 2666 2778 igitur
2697 2709 2767 2761 ab
2799 2708 3040 2763 avaritia
3069 2710 3326 2780 pecuniae
3358 2710 3416 2764 in
3448 2727 3535 2764 or-

1889 2793 2164 2848 dinandis
2194 2795 2484 2866 episcopis
2516 2795 2947 2867 aliquantulum
2982 2797 3020 2852 ii
3052 2799 3197 2853 tales
3227 2799 3535 2855 videantur

1889 2885 2299 2954 quoquomodo
2335 2902 2574 2938 manum
2601 2886 2910 2952 retrahere,
2935 2904 3048 2941 non
3081 2888 3209 2941 ideo
3243 2888 3313 2943 ad
3344 2888 3533 2958 legiti-

1891 2988 2046 3026 mam
2081 2971 2488 3027 liberalitatem
2521 2973 2917 3028 ecclesiastica
2947 2976 3150 3030 electio
3184 2977 3533 3046 pertinebit;

1890 3061 1989 3115 sed
2011 3077 2080 3114 au
2093 3061 2649 3132 tconsanguinitatis
2664 3063 3002 3129 all‘ectio,vel
3021 3065 3347 3119 amicorum
3363 3063 3537 3120 dilec-

131 3153 424 3209 substantia
452 3154 736 3224 pauperis,
760 3170 826 3209 ac
849 3154 900 3206 si
929 3154 1170 3206 victimet
1201 3153 1380 3220 filium
1409 3153 1469 3205 in
1493 3155 1776 3222 conspectu
1805 3135 1848 3202 C
1887 3149 2105 3220 tio,seu
2127 3151 2301 3205 etiam
2326 3150 2704 3206 familiarium
2729 3153 3009 3222 obsequia
3030 3152 3444 3222 praevalebunt.
3468 3154 3538 3209 Et

130 3244 293 3312 patris
324 3243 514 3308 (Eccli.
541 3242 863 3312 Χιιχιν,24).
886 3243 1146 3305 Quantus
1180 3245 1373 3295 autem
1407 3239 1570 3294 dolor
1592 3239 1776 3310 patris

139 3331 208 3384 sit
238 3331 752 3402 perpendamus,si
775 3330 830 3383 in
855 3330 982 3399 ejus
1003 3335 1313 3400 conspectu
1341 3327 1496 3382 ﬁlius
1523 3327 1781 3382 victime-

133 3423 234 3473 tur.
268 3419 332 3474 Et
351 3419 492 3473 hinc
523 3417 695 3473 facile
713 3418 1142 3489 cognoscimus,
1162 3422 1378 3483 quanto
1404 3422 1554 3472 Deus
1586 3417 1774 3471 omni-

128 3513 329 3579 potens
374 3507 581 3563 dolore
612 3511 1006 3578 exasperatur,
1038 3507 1272 3577 quando
1322 3505 1372 3560 ei
1422 3505 1774 3560 sacriﬁcium

127 3598 189 3652 de
220 3596 432 3668 rapina
476 3596 776 3651 tribuitur.
812 3595 1000 3651 Nimis
1041 3611 1176 3666 ergo
1223 3593 1634 3648 declinandum
1667 3598 1774 3659 est,

129 3685 496 3741 dilectissimi
516 3685 865 3749 fratres,sub
885 3685 1120 3739 obtentu
1144 3683 1521 3756 eleemosynm
1546 3687 1781 3754 peccata

125 3774 451 3830 simoniacze
511 3774 808 3828 haereseos
865 3777 1214 3844 perpetrare.
1269 3773 1413 3827 Nam
1473 3771 1629 3827 aliud
1689 3777 1777 3826 est

127 3870 350 3935 propter
383 3869 632 3936 peccata
676 3861 1076 3932 eleemosynas
1114 3863 1320 3926 facere,
1355 3861 1512 3916 aliud
1544 3866 1782 3932 peccata

125 3957 352 4023 propter
384 3953 802 4022 eleemosynas
834 3952 1215 4005 committere.
1244 3972 1271 4000 »

190 4039 282 4094 Hoc
315 4045 458 4096 sunt
482 4039 750 4110 Gregorii
791 4038 1149 4094 sanctissimi
1176 4043 1233 4094 et
1263 4038 1587 4094 doctissimi
1619 4055 1779 4109 papae

123 4145 220 4198 pro
234 4128 580 4185 simoniacis
595 4132 655 4182 et
669 4127 890 4183 illicitis
903 4127 1368 4183 ordinationibus
1383 4125 1782 4182 saluberrimae

125 4218 584 4284 admonitiones;
623 4234 728 4272 nec
762 4217 1050 4286 acquievit
1079 4217 1316 4272 omnino
1343 4217 1523 4270 donec
1545 4215 1784 4270 collecta

123 4306 372 4375 generali
399 4307 635 4378 synodo
663 4306 785 4361 hac
809 4307 918 4360 sub
939 4305 1308 4361 anathemate
1330 4306 1608 4359 damnata
1629 4304 1784 4374 peni-

124 4398 214 4448 tus
242 4395 633 4466 impetraret;
683 4396 783 4449 sed
817 4397 1012 4449 astuta
1058 4394 1412 4464 turpissimae
1446 4392 1785 4463 cupiditatis

1887 3237 2026 3308 quid
2053 3239 2289 3308 prodest
2312 3238 2603 3294 declinare
2627 3257 2659 3293 a
2676 3239 2901 3310 laqueo,
2919 3241 3046 3294 siin
3072 3242 3294 3296 foveam
3319 3242 3537 3296 incida-

1887 3327 2057 3380 mus?
2081 3328 2169 3380 Ait
2189 3328 2341 3381 enim
2371 3329 2574 3381 beatus
2596 3327 3014 3398 Hieronymus:
3042 3328 3250 3383 Electio
3273 3329 3537 3384 sacerdo-

1887 3419 2012 3469 tum
2048 3431 2160 3469 non
2186 3416 2312 3485 jam
2336 3417 2505 3486 juxta
2527 3417 2896 3486 sanguinem,
2921 3418 3019 3471 sed
3043 3417 3215 3485 juxta
3245 3416 3452 3471 merita
3481 3422 3538 3472 et

1885 3505 2131 3560 virtutes
2162 3505 2473 3559 deferenda
2511 3509 2617 3559 est.
2653 3505 2796 3559 Cum
2829 3507 2983 3560 enim
3017 3505 3230 3576 aliquis
3261 3505 3535 3577 dignissi-

1891 3610 2024 3647 mus
2047 3593 2320 3648 sacerdos
2343 3593 2439 3648 diu
2466 3594 2520 3647 in
2549 3593 2803 3649 Ecclesia
2821 3594 3102 3662 militans,
3127 3597 3198 3650 ab
3220 3595 3536 3666 episcopali

1887 3682 2166 3737 electione
2189 3683 2375 3752 ipsius
2398 3683 2489 3736 cui
2515 3683 3091 3751 servieratEcclesiae,
3115 3703 3148 3740 a
3172 3684 3537 3756 principibus

1889 3771 2254 3841 reprobatur,
2292 3771 2555 3842 nunquid
2600 3789 2715 3826 non
2764 3772 2862 3827 Dei
2915 3771 3068 3827 illius
3099 3774 3439 3844 despicitur,
3473 3777 3541 3828 ut

1887 3860 2030 3914 illud
2072 3878 2083 3915 :
2125 3862 2230 3930 Ego
2277 3860 2397 3914 dixi
2427 3880 2444 3914 :
2475 3861 2560 3914 dii
2602 3863 2750 3926 estis,
2797 3869 2846 3914 ct
2896 3862 3003 3929 ﬁlii
3052 3861 3258 3916 excelsi
3305 3864 3540 3918 omnes?

1889 3949 2062 4020 (Psal.
2082 3950 2514 4018 Lxxx1,6.)Cum
2541 3966 2672 4004 vero
2695 3949 2944 4018 alicujus
2968 3953 3219 4021 potentis
3242 3951 3397 4007 illius
3424 3953 3542 4007 im-

1890 4055 1994 4109 par
2018 4037 2332 4104 meritis,et
2356 4037 2572 4107 injuste
2601 4037 2977 4108 praeponitur,
3003 4039 3141 4109 quid
3174 4039 3332 4094 aliud
3365 4057 3541 4108 quam

1894 4126 2186 4182 Barabbas
2218 4125 2470 4195 eligitur,
2496 4126 2596 4195 qui
2629 4125 2783 4179 filius
2807 4127 2988 4195 patris
3015 4126 3452 4198 interpretatur,
3479 4133 3546 4183 ut

1894 4215 2101 4270 merito
2146 4215 2373 4270 eveniat
2419 4214 2571 4284 quod
2607 4215 2892 4284 scriptum
2924 4218 3015 4268 est
3047 4231 3060 4268 :
3095 4217 3203 4285 Ego
3243 4233 3368 4270 sum
3399 4220 3543 4270 Deus

1895 4305 2254 4374 omnipotms,
2291 4303 2520 4356 reddens
2568 4302 2926 4372 iniquitatem
2968 4308 3196 4373 patrum
3232 4304 3290 4356 in
3319 4303 3453 4372 filiis
3481 4319 3546 4356 ac

1892 4391 2677 4462 nepotibus(E.rod.xxx1v,7).
2694 4390 2939 4452 Quidam
2967 4395 3159 4446 autem
3185 4391 3326 4446 adeo
3351 4394 3545 4446 mente

127 4483 400 4556 iniquitas
425 4502 547 4540 non
575 4484 867 4539 sufferens
899 4500 958 4537 se
990 4484 1314 4538 commodis
1343 4482 1477 4537 licet
1509 4482 1784 4552 turpissi-
1818 4501 1864 4564 Ι)
1895 4486 1952 4535 et
1984 4497 2223 4552 corpore
2254 4482 2636 4547 obcaecantur,
2674 4484 2735 4534 ut
2765 4480 2921 4551 ipsos
2953 4480 3127 4535 etiam
3171 4479 3441 4551 parvulos
3472 4480 3546 4534 ad

126 4573 256 4637 mis,
287 4574 406 4629 imo
448 4571 998 4646 periculosissimis,
1033 4571 1354 4644 angustari,
1388 4574 1786 4626 commentum

126 4661 262 4716 satis
286 4662 686 4717 artificiosum
718 4660 950 4731 reperit,
975 4677 1089 4730 quo
1117 4661 1337 4715 scilicet
1361 4659 1494 4714 illos
1525 4658 1787 4713 sacerdo-

128 4751 200 4805 tio
230 4752 615 4818 sublimaret,
650 4748 750 4820 qui
784 4748 896 4804 sibi
938 4754 1068 4820 post
1097 4747 1588 4803 consecrationem
1624 4750 1788 4801 tanto

131 4841 518 4911 subjectiores
537 4855 672 4894 esse
686 4838 1275 4909 debuissent,quanto
1294 4854 1408 4891 non
1424 4836 1790 4906 divino,quin

134 4930 317 4998 potius
339 4925 860 4996 humanojudicio
885 4941 944 4979 se
968 4926 1147 4980 fuisse
1174 4930 1490 4995 promotos,
1518 4925 1628 4995 ipsi
1657 4941 1790 4994 pro-

133 5019 215 5072 cul
247 5019 430 5073 dubio
467 5018 844 5088 reputarent.
871 5016 1230 5086 Quapropter
1252 5014 1672 5084 omnipotentis
1697 5014 1792 5067 Dei

133 5122 306 5174 praeco
322 5105 659 5177 Gregorius
678 5104 736 5156 in
753 5103 1192 5173 Evangeliorum
1209 5103 1553 5158 tractatibus
1567 5104 1790 5170 (homu’i.

133 5196 184 5247 in.
224 5196 484 5267 Evang.),
521 5197 594 5248 ut
644 5191 870 5247 scilicet
917 5193 1278 5263 frequentius
1329 5191 1438 5263 legi
1470 5191 1558 5246 vel
1608 5191 1796 5246 audiri

135 5286 436 5351 potuisset,
476 5284 757 5353 disputat
807 5281 1076 5352 inquiens
1109 5299 1120 5335 :
1149 5305 1174 5332 «
1212 5283 1361 5336 Sunt
1398 5280 1662 5336 nonnulli
1695 5279 1796 5351 qui

132 5371 361 5442 quidem
425 5384 821 5428 nummorum
885 5371 1118 5438 praemia
1159 5388 1227 5425 ex
1268 5368 1636 5425 ordinatione
1683 5386 1798 5425 non

132 5462 447 5534 accipiunt,
482 5465 545 5516 et
586 5463 791 5514 tamen
823 5474 1018 5516 sacros
1051 5459 1285 5516 ordines
1329 5477 1432 5531 per
1478 5459 1798 5514 humanam

127 5549 379 5623 gloriam
411 5549 780 5623 largiuntur,
809 5550 981 5620 atque
1019 5549 1089 5606 de
1140 5549 1408 5624 largitate
1439 5549 1642 5605 eadem
1673 5547 1798 5605 lau-

459 5681 736 5739 l’a'raon.
786 5673 1100 5742 CXXXIV.

1899 4569 2246 4640 pastoralem
2270 4585 2608 4640 promovere
2628 4587 2828 4624 curam
2849 4587 2962 4626 non
2983 4569 3425 4640 dubitent,quos
3443 4585 3550 4624 nec

1899 4664 2093 4712 mente
2127 4675 2229 4712 nec
2272 4675 2511 4730 corpore
2562 4659 2802 4715 idoneos
2861 4676 2987 4714 esse
3042 4662 3287 4714 constet.
3324 4658 3390 4713 Et
3447 4658 3549 4730 qui

1901 4747 2092 4800 adhuc
2124 4763 2229 4801 nec
2263 4749 2391 4817 ipsa
2422 4747 2754 4802 rudimenta
2779 4748 3046 4802 humanae
3070 4753 3288 4803 naturae
3312 4748 3552 4802 suffece-

1908 4836 2026 4889 rint
2049 4837 2289 4900 disccrc,
2310 4837 2415 4891 hos
2438 4839 2508 4891 ad
2539 4836 2932 4907 magisterium
2964 4836 3184 4891 elevare
3208 4855 3322 4892 non
3349 4836 3550 4891 formi-

1905 4925 2431 4996 dant,judicesque
2464 4929 2826 4979 constituunt
2859 4927 3212 4991 animarum,
3237 4928 3334 4996 qui
3359 4926 3552 4982 adhuc

1905 5013 2041 5084 quid
2079 5016 2275 5068 anima
2306 5015 2381 5068 sit
2413 5014 2733 5084 intelligere
2760 5014 2990 5084 penitus
3015 5022 3331 5085 nequeunt.
3357 5016 3425 5068 Et
3451 5013 3553 5085 qui

1905 5102 2109 5156 docere
2139 5102 2418 5173 populum
2450 5103 2738 5157 instanter
2759 5103 3081 5157 debuerant
3107 5105 3177 5159 de
3201 5105 3432 5171 divinis,
3457 5103 3548 5158 do-

1907 5191 2019 5245 ceri
2055 5192 2125 5243 de
2157 5190 2534 5245 szecularibus
2568 5196 2622 5245 ct
2653 5191 2826 5245 etiam
2858 5190 3092 5259 vilibus,
3129 5198 3554 5263 praeceptorum

1907 5279 2246 5333 vcrberibus
2282 5278 2588 5348 incipiunt.
2615 5281 2682 5334 Et
2707 5280 2805 5350 qui
2837 5281 3017 5334 vereri
3049 5281 3119 5334 ab
3153 5282 3427 5336 omnibus
3453 5282 3554 5334 de-

1909 5368 2174 5431 buerant,
2190 5365 2348 5435 ipsos
2366 5365 2538 5420 etiam
2556 5366 2934 5422 scholasticos
2955 5368 3180 5426 timent.
3193 5371 3338 5425 Nam
3357 5385 3559 5440 quem-

1911 5453 2229 5511 admodum
2257 5453 2394 5508 olim
2429 5454 2617 5508 sancti
2650 5455 2926 5526 prmsules
2958 5474 2990 5510 a
3021 5473 3382 5529 paganorum
3426 5458 3558 5513 riti-

1909 5546 2020 5602 bus
2051 5542 2408 5616 recedentes,
2438 5542 2686 5614 injurias
2735 5546 2791 5599 et
2839 5544 3077 5601 verbera
3105 5547 3179 5601 ab
3219 5546 3559 5606 infidelibus

3203 5674 3240 5746 3
