3956 6230
420 371 496 425 75
1434 361 1772 423 ATTONIS
1818 361 2401 425 VERCELLENCIS
2449 362 2801 424 EPISCOPI
3754 366 3847 424 76

422 498 587 554 illata
620 496 1049 566 sustinuerunt,
1074 494 1157 550 sic
1180 497 1235 549 et
1263 492 1358 548 isti
1383 510 1589 549 rursus
1610 495 1811 549 eadem
1837 494 2067 569 patiun-
2097 495 2150 560 Α
2184 494 2457 549 muiacris
2488 495 2568 550 ait
2600 512 2611 548 :
2648 495 2868 549 Similes
2896 496 3012 549 illis
3063 497 3198 564 ﬁant
3247 497 3342 565 qui
3386 496 3606 568 faciunt
3650 512 3753 558 ea;
3787 507 3850 553 et

420 590 538 655 tur,
574 591 640 642 ut
665 600 1029 658 paganorum
1061 581 1278 655 regulis
1319 582 1550 653 possint
1593 582 1834 639 erudiri.
1868 584 1936 637 Et
1965 598 2069 636 nec

422 675 692 731 indoctos
723 673 949 729 elevare
977 673 1248 727 metuunt
1276 670 1347 725 ad
1379 670 1743 741 cathedram,
1776 676 1832 726 et
1865 687 2069 726 rursus

419 763 670 819 elevatos
709 761 1032 834 disciplina:
1081 758 1528 832 philsophorum
1575 759 1919 815 submittere
1952 776 2066 813 non

420 852 760 909 formidant.

490 942 705 998 Beatus
735 940 950 1012 quippe
967 936 1281 1009 Gregorius
1312 954 1516 992 omnes
1549 936 1851 1008 pontiﬁces
1884 953 1917 991 a
1945 935 2064 990 lec-

415 1032 577 1086 tione
634 1029 914 1085 librorum
955 1024 1266 1099 gentilium
1326 1025 1629 1081 inhibebat
1662 1042 1673 1080 :
1711 1030 2068 1096 quapropter

416 1118 711 1176 Desiderio
740 1115 1059 1173 Galliarum
1105 1114 1377 1186 episcopo
1424 1114 1685 1169 scribens
1716 1114 1798 1169 ait
1827 1114 1947 1182 (lib.
1986 1131 2063 1181 ix,

411 1210 567 1280 epist.
600 1206 692 1277 48)
726 1223 738 1261 :
769 1228 796 1254 ‹‹
833 1204 1100 1260 Pervenit
1129 1203 1202 1259 ad
1237 1220 1344 1258 nos
1375 1203 1528 1274 quod
1562 1203 1688 1258 sine
1717 1202 2066 1257 verecundia

408 1310 735 1353 memorare
758 1310 875 1349 non
897 1308 1217 1365 possumus
1240 1290 1665 1346 fraternitatem
1691 1296 1854 1345 tuam
1878 1306 2067 1362 gram-

408 1385 684 1441 maticam
716 1382 1077 1454 quibusdam
1109 1396 1394 1451 exponere
1423 1396 1435 1434 :
1464 1396 1643 1451 quam
1677 1396 1794 1433 rem
1831 1379 1911 1433 ita
1944 1395 2065 1433 mo-

408 1474 556 1530 leste
605 1470 1001 1542 suscepimus,
1043 1486 1109 1524 ac
1158 1484 1366 1523 sumus
1416 1467 1816 1522 vehementius
1868 1483 2064 1537 asper-

411 1562 560 1631 nati,
591 1565 658 1615 ut
686 1576 755 1615 ea
784 1576 910 1630 qua:
957 1558 1124 1629 prius
1154 1557 1225 1612 de
1256 1560 1312 1612 te
1342 1556 1509 1612 nobis
1553 1556 1704 1611 bona
1752 1555 1907 1610 dicta
1940 1556 2064 1609 fue-

414 1654 572 1720 rant,
604 1649 663 1704 in
697 1647 981 1721 gemitum
1034 1650 1091 1701 et
1137 1644 1440 1701 tristitiam
1492 1649 1849 1701 verteremus
1882 1660 1894 1698 :
1929 1644 2065 1715 quia

411 1740 474 1795 in
507 1755 625 1795 uno
656 1753 718 1795 se
755 1752 855 1793 ore
898 1751 1035 1792 cum
1080 1734 1244 1790 Jovis
1290 1733 1564 1790 laudibus
1596 1733 1808 1789 Christi
1860 1732 2063 1787 laudes

409 1845 528 1886 non
586 1826 965 1899 capiuntzet
1020 1840 1198 1895 quam
1257 1839 1430 1895 grave
1487 1822 1930 1893 nefandumque
1989 1821 2062 1877 sit

411 1917 715 1992 EpiscOpis
744 1930 970 1982 canere,
1003 1912 1159 1985 quod
1207 1928 1312 1967 nec
1350 1912 1497 1967 laico
1547 1910 1817 1983 religioso
1849 1926 2052 1965 conve-

2177 599 2363 637 omncs
2389 587 2483 654 qui
2512 585 2781 653 conﬁdunt
2812 586 2869 637 in
2900 586 2978 639 eis
3005 584 3173 653 (Psal.
3198 601 3354 649 cxm,
3376 585 3454 655 8).
3478 585 3572 641 Ait
3603 585 3846 658 quippe

2178 672 2383 727 beatus
2427 672 2812 745 Hieronymus
2845 670 2907 744 (l.
2938 690 2993 726 v1
3024 673 3083 726 in
3112 676 3340 738 Jerem.,
3372 689 3420 727 c.
3458 674 3544 743 12)
3577 690 3592 728 :
3633 697 3654 723 ι
3693 674 3848 729 Ido-

2176 759 2301 815 lum
2346 760 2633 832 hodieque
2683 761 2939 833 ponitur,
2974 762 3208 833 quando
3254 778 3467 817 novum
3516 762 3740 836 dogma
3775 764 3850 819 in

2178 848 2431 904 Ecclesia
2461 850 2858 905 constituitur.
2884 873 2910 899 ››
2936 851 3084 905 Sane
3115 850 3209 904 hic
3232 850 3409 905 etiam
3442 850 3844 907 inserendum

2175 936 2473 1002 duximus,
2505 939 2657 1008 quod
2695 938 2751 992 in
2783 938 3078 993 Ezechiele
3125 939 3405 1011 propheta
3450 939 3664 1012 legisse
3694 955 3844 995 me-

2176 1024 2458 1080 minimus
2484 1042 2495 1079 :
2522 1029 2585 1080 Et
2615 1030 2823 1096 factum
2843 1032 2921 1081 est
2956 1030 3012 1081 in
3042 1044 3185 1081 anno
3217 1029 3496 1095 trigesimo
3520 1028 3846 1086 Ezechielis

2171 1115 2449 1184 prophelre
2480 1133 2497 1167 :
2531 1114 2664 1168 C(rli
2692 1118 2872 1185 aperti
2899 1124 3024 1170 sunt
3054 1120 3102 1170 et
3134 1116 3269 1171 vidit
3305 1119 3538 1171 visiones
3568 1118 3804 1174 Domini
3814 1135 3841 1179 .°

2175 1212 2223 1256 et
2251 1210 2396 1272 [actu
2420 1212 2498 1257 est
2521 1220 2685 1272 super
2705 1220 2827 1258 eum
2850 1205 2928 1259 ibi
2951 1221 3145 1259 manus
3173 1206 3393 1260 Domini
3419 1206 3649 1274 (Ezech.
3676 1224 3719 1276 ι,
3755 1207 3837 1277 1).

2175 1293 2334 1355 Quod
2383 1292 2588 1347 beatus
2621 1293 2931 1363 Gregorius
2986 1294 3483 1364 prudentissimus
3514 1295 3569 1350 in
3602 1295 3838 1351 divinis

2175 1380 2549 1451 dogmatibus
2580 1382 2908 1452 disputator
2943 1382 3026 1436 ita
3056 1383 3353 1453 disseruit,
3386 1382 3586 1438 dicens
3617 1382 3748 1455 (lib.
3786 1401 3833 1451 ι,

2174 1486 2336 1540 super
2366 1471 2575 1535 Esceh,
2608 1470 2811 1525 homil.
2843 1472 2936 1541 ‘2):
2970 1491 2990 1518 α
3014 1472 3131 1526 Hoc
3164 1476 3357 1526 autem
3390 1473 3543 1543 quod
3578 1472 3829 1539 dicitur,

2174 1558 2314 1629 quia
2342 1559 2641 1630 trigesimo
2672 1576 2824 1614 anno
2856 1560 3128 1631 spiritum
3161 1560 3475 1631 prophetiae
3505 1562 3828 1632 acceperit,

2174 1646 2392 1702 indicat
2451 1648 2617 1702 nobis
2675 1647 2893 1719 aliquid
2963 1648 3484 1716 considerandum,
3544 1648 3830 1705 videlicet

2174 1735 2498 1806 quiajuxta
2527 1737 2769 1792 rationis
2792 1753 2965 1792 usum
2997 1738 3271 1792 doctrina:
3303 1754 3494 1792 sermo
3526 1754 3640 1793 non
3671 1755 3829 1810 sup-

2173 1823 2335 1895 petit,
2368 1825 2481 1881 nisi
2515 1824 2572 1880 in
2602 1813 2768 1881 astate
2799 1827 3069 1897 perfecta.
3098 1826 3258 1881 Unde
3290 1833 3346 1882 et
3374 1827 3500 1891 ipse
3528 1826 3826 1883 Dominus

2170 1929 2322 1968 anno
2354 1913 2697 1969 duodecimo
2728 1914 2915 1970 aetatis
2952 1931 3071 1970 suae
3103 1914 3162 1968 in
3195 1915 3383 1971 medio
3414 1915 3720 1971 doctorum
3757 1915 3823 1972 in

411 2009 537 2064 niat
565 2006 691 2078 ipse
738 2002 1062 2060 considera.
1099 2024 1120 2051 ι
1158 2001 1454 2073 [Legimus
1486 2016 1719 2072 quoque
1768 2000 1837 2054 de
1884 2000 2054 2054 beato
2162 2002 2380 2073 templo
2410 2003 2771 2071 sedens,non
2802 2003 3015 2058 docens
3046 2003 3146 2059 sed
3180 2004 3544 2076 interrogans
3567 2005 3720 2075 (Luc.
3751 2022 3818 2072 η,

410 2098 791 2167 Hieronymo,
842 2089 1121 2163 quoniam
1180 2106 1312 2145 cum
1372 2088 1589 2143 librum
1641 2088 1859 2161 legeret
1900 2088 2053 2143 Cice-

407 2185 587 2256 ronis,
619 2183 693 2239 ab
721 2180 942 2254 Angelo
984 2183 1287 2250 correptus
1336 2177 1432 2248 sit,
1465 2178 1622 2249 quod
1654 2177 1741 2231 vir
1771 2176 2057 2232 Christia-

409 2277 559 2344 nus]
616 2285 984 2345 paganorum
1039 2268 1371 2323 intenderet
1426 2266 1800 2338 [ﬁgmentis]
1861 2266 2055 2320 Rudes

410 2363 605 2419 adhuc
635 2357 970 2416 scholastici
991 2371 1229 2428 operam
1253 2355 1395 2410 dant
1415 2354 1649 2421 studiis,
1674 2355 1892 2426 quibus
1921 2370 2055 2409 cum

411 2450 577 2508 nulla
604 2447 1004 2519 suﬂragantur
1035 2444 1262 2512 merita,
1287 2460 1318 2498 a
1342 2442 1467 2499 sola
1496 2443 1906 2501 tantummodo
1936 2460 2058 2498 cas-

407 2540 577 2596 titate
604 2536 958 2593 laudantur:
992 2538 1049 2589 et
1078 2532 1370 2605 quomodo
1420 2532 1531 2587 dici
1585 2536 1782 2587 castus
1823 2532 2056 2605 poterit,

416 2627 518 2700 qui
548 2625 739 2683 adhuc
765 2622 1057 2680 incentiva
1076 2621 1190 2694 (45)
1213 2620 1430 2676 sentire
1457 2636 1570 2676 non
1591 2621 1817 2676 valeat?
1847 2623 2056 2677 statui-

416 2723 518 2774 tur
536 2713 819 2789 puerulus
841 2712 899 2767 in
921 2710 1203 2775 medium,
1228 2710 1621 2781 interrogatur
1641 2708 1892 2781 populus
1917 2727 2058 2781 qua-

416 2806 492 2863 lis
518 2804 731 2877 sit,qui
752 2801 1115 2859 ordinandus
1137 2800 1237 2867 sit;
1262 2799 1355 2854 cui
1380 2802 1575 2854 tamen
1605 2798 1869 2871 perhibet
1899 2798 2058 2855 testi-

414 2895 681 2953 monium
713 2908 829 2949 non
859 2890 1078 2961 volens,
1109 2889 1209 2944 sed
1258 2887 1496 2943 invitus.
1522 2887 1667 2953 Quid
1698 2904 2056 2960 supervacue

415 2984 701 3058 queritur
731 2985 795 3037 nt
820 2980 1109 3046 laudetur,
1143 2993 1275 3033 cum
1308 2977 1379 3032 ab
1410 2976 1686 3032 omnibus
1713 2976 1940 3033 inutilis
1971 2977 2051 3033 vi-

415 3072 664 3131 deatur?
692 3070 839 3126 Vota
867 3068 1129 3125 omnium
1162 3066 1558 3138 inquiruntur,
1591 3082 1717 3137 qua:
1743 3066 1919 3121 etiam
1952 3084 2051 3123 os-

2165 2090 2252 2161 46)
2288 2090 2471 2146 voluit
2500 2091 2763 2147 inveniri.
2798 2092 2869 2147 Ut
2893 2093 3047 2147 enim
3083 2109 3197 2147 non
3229 2093 3511 2147 auderent
3542 2091 3821 2148 homines

2166 2177 2224 2231 in
2255 2178 2594 2233 inﬁrmitate
2615 2178 2943 2250 praedicare,
2963 2178 3056 2234 ille
3078 2195 3229 2234 anno
3251 2180 3597 2235 duodecimo
3619 2181 3818 2236 astatis

2166 2283 2283 2322 suae
2310 2268 2666 2338 interrogare
2696 2267 2963 2323 homines
2993 2273 3082 2323 est
3111 2269 3385 2341 dignatus
3412 2269 3470 2323 in
3502 2273 3679 2337 terra,
3704 2270 3815 2341 qui

2166 2372 2269 2426 per
2305 2355 2667 2411 divinitatem
2723 2373 2890 2411 suam
2952 2373 3183 2428 semper
3233 2356 3471 2429 angelos
3521 2358 3690 2414 docet
3749 2358 3813 2413 in

2165 2444 2329 2499 coelo.
2354 2444 2499 2508 Quia
2527 2445 2681 2501 enim
2716 2446 2839 2517 ipse
2869 2450 2958 2501 est
2988 2446 3085 2501 Dei
3120 2446 3424 2517 sapientia,
3449 2446 3522 2501 de
3550 2445 3678 2518 ipso
3711 2463 3819 2503 an-

2166 2532 2278 2604 geli
2310 2532 2553 2589 vi‘dendo
2604 2535 2823 2600 vivunt,
2859 2534 2967 2590 hoc
3010 2536 3163 2607 quod
3225 2535 3523 2590 beatitudo
3568 2539 3812 2602 interna,

2167 2621 2476 2677 satiantur.
2500 2623 2660 2688 Quod
2685 2623 2913 2694 Moyses
2945 2640 3177 2695 quoque
3209 2640 3310 2695 per
3337 2621 3627 2695 allegoriaa
3657 2640 3819 2696 mys-

2166 2710 2377 2766 terium
2427 2712 2720 2779 admonet,
2753 2712 2953 2767 dicens
2985 2729 2997 2765 :
3032 2713 3147 2767 Non
3186 2711 3377 2768 arabis
3423 2714 3483 2766 in
3527 2714 3813 2784 primoge-

2165 2802 2279 2854 nito
2336 2800 2481 2856 bovis
2537 2802 2713 2871 (Deut.
2755 2818 2891 2871 XXII,
2926 2802 3033 2873 10).
3085 2799 3547 2872 Primogenitum
3606 2805 3810 2857 autem

2161 2890 2327 2946 bovis
2385 2891 2729 2961 accipimus,
2759 2890 2818 2944 in
2874 2890 3108 2945 inﬁrma
3162 2894 3326 2944 aetate
3384 2888 3557 2961 primi
3615 2891 3809 2946 nostri

2160 2980 2440 3052 temporis
2475 2979 2684 3034 bonam
2720 2980 3136 3051 Operationem.
3172 2979 3232 3033 In
3264 2995 3381 3048 qua
3409 2983 3603 3035 tamen
3632 2996 3807 3035 aran-

2160 3069 2300 3124 dum
2348 3086 2460 3125 non
2491 3074 2597 3137 est,
2615 3069 2751 3139 quia
2797 3085 2929 3123 cum
2979 3068 3169 3140 prima
3215 3067 3331 3123 sint
3377 3066 3803 3138 adolescentia,

412 3163 650 3220 tendere
679 3159 910 3233 publice
940 3160 1229 3224 metuunt,
1260 3172 1327 3211 ea
1354 3160 1549 3211 tamen
1582 3172 1711 3226 quae
1752 3156 2051 3224 proferunt
2086 3222 2121 3233 _
2153 3158 2481 3229 juventutis
2511 3164 2720 3213 nostra:
2762 3163 3044 3228 tempora,
3078 3156 3247 3212 nobis
3296 3155 3487 3211 adhuc
3516 3174 3550 3212 a
3588 3158 3803 3228 praedi-

412 3255 574 3309 metu
602 3222 844 3318 extorta,
868 3250 924 3303 et
952 3246 1062 3319 ipsi
1092 3222 1457 3317 inquirentes
1487 3222 1616 3299 non-
1630 3222 1918 3299 ambiunt.
1952 3246 2047 3301 Ri-
2079 3222 2122 3289 α
2153 3222 2389 3303 catione
2444 3247 2793 3302 cessandum
2837 3222 2945 3315 est,
2980 3222 3044 3300 ut
3090 3260 3291 3300 vomer
3318 3243 3528 3316 lingua:
3587 3222 3802 3301 nostra:

410 3342 551 3398 dent
579 3338 840 3412 plurimi,
865 3335 961 3393 alii
985 3334 1155 3408 quasi
1177 3335 1249 3389 de
1279 3333 1522 3389 infantis
1539 3332 1758 3388 honore
1787 3335 2049 3405 gauden-
2157 3335 2528 3408 proscindere
2551 3352 2664 3390 non
2696 3335 2908 3390 audeat
2932 3339 3147 3389 terram
3173 3332 3365 3388 cordis
3394 3332 3589 3388 alieni.
3617 3336 3803 3401 Quoa-

404 3434 515 3499 tes,
548 3428 648 3484 alii
678 3432 875 3484 tamen
908 3424 1133 3481 clarum
1163 3429 1220 3479 et
1260 3423 1638 3478 manifestum
1690 3424 2046 3495 praestigium
2158 3426 2385 3496 dusque
2415 3424 2627 3479 etenim
2667 3422 2887 3478 inﬁrmi
2918 3439 3146 3489 sumus,
3182 3423 3477 3477 continere
3508 3438 3616 3478 nos
3645 3423 3804 3480 intra

405 3518 757 3575 deridentes.
782 3517 911 3588 Ipse
940 3529 1174 3586 quoque
1213 3506 1491 3584 parvulus
1528 3512 1597 3567 de
1634 3510 1929 3583 aliquibus
1958 3513 2048 3569 in-
2157 3513 2549 3585 nosmetipsos
2580 3512 2883 3578 debemus,
2917 3528 2988 3567 ne
3027 3513 3165 3567 dum
3197 3516 3396 3567 tenera
3439 3512 3595 3568 bona
3624 3511 3802 3568 citius

400 3611 730 3680 terrogatus
759 3603 1056 3676 capitulis,
1082 3618 1209 3673 qum
1241 3601 1290 3656 si
1330 3617 1653 3672 praeparare
1684 3602 1894 3672 poterit
1925 3619 2047 3657 me-
2156 3603 2524 3658 ostendimus
2557 3620 2569 3657 :
2604 3600 2741 3673 quia
2783 3605 2839 3656 et
2882 3601 3122 3656 arbusta
3153 3600 3433 3673 plantata,
3466 3601 3515 3656 si
3548 3602 3716 3673 prius
3740 3601 3799 3657 in

403 3697 645 3753 moritor
662 3694 887 3763 reddet,
912 3691 997 3747 vel
1021 3690 1082 3745 in
1104 3689 1300 3760 aliquo
1325 3694 1580 3744 tremens
1606 3689 1756 3760 leget
1786 3689 2045 3760 pittacio,
2154 3696 2308 3747 terra
2340 3691 2598 3745 radicata
2628 3707 2741 3744 non
2774 3690 3011 3755 fuerint,
3044 3705 3222 3744 manu
3254 3692 3409 3744 tacta
3438 3688 3617 3744 citius
3648 3707 3801 3746 ares-

399 3801 515 3842 non
546 3782 938 3857 episcopalem
967 3779 1184 3833 timens
1224 3777 1463 3848 perdere
1493 3778 1764 3848 gratiam,
1789 3779 1887 3833 sed
1922 3796 2043 3833 ma-
2154 3785 2321 3847 cunt;
2351 3784 2409 3833 at
2439 3779 2487 3833 si
2518 3778 2698 3834 semel
2726 3779 2978 3833 radicem
3005 3777 3257 3844 ﬁxerint,
3281 3794 3493 3833 manus
3522 3778 3717 3851 tangit
3744 3783 3799 3833 et

396 3874 569 3947 gistri
599 3873 897 3927 incurrere
936 3867 1183 3938 virgam.
1219 3865 1344 3920 Non
1375 3865 1531 3920 enim
1564 3882 1689 3936 qua:
1723 3866 1925 3921 recitat
1955 3867 2044 3922 in-
2153 3868 2301 3923 nihil
2323 3868 2522 3934 ofﬁcit,
2551 3867 2704 3923 venti
2730 3866 3058 3939 impellunt,
3084 3884 3187 3922 nec
3208 3870 3403 3922 tamen
3426 3865 3796 3938 impellentes

394 3962 628 4034 telligit,
659 3960 831 4029 cujus
862 3973 966 4013 nec
996 3956 1054 4011 id
1085 3954 1384 4011 corculum
1416 3954 1639 4009 discere
1671 3954 1907 4022 sufﬁcit,
1942 3957 2041 4012 sed
2152 3955 2393 4013 laedunt.
2452 3957 2522 4011 Et
2578 3957 2898 4011 constructi
2962 3956 3213 4027 parietes
3269 3955 3319 4010 si
3391 3954 3793 4027 impellantur,

392 4051 571 4106 verba
598 4053 828 4104 tantum
861 4060 1198 4118 percurrere
1229 4044 1457 4115 quaerit.
1490 4044 1906 4116 Interrogatur,
1939 4046 2039 4101 sed
2151 4051 2458 4113 eruuntur,
2490 4044 2602 4099 nisi
2646 4044 2809 4116 prius
2861 4044 3077 4099 fuerint
3118 4044 3189 4099 ab
3237 4043 3481 4100 humore
3527 4060 3638 4100 suo
3683 4044 3793 4101 sic-

2149 4133 2281 4189 cati.
2317 4134 2480 4188 Mens
2524 4132 2719 4204 itaque
2762 4149 3067 4205 quousque
3097 4133 3168 4188 ab
3197 4133 3441 4188 humore
3488 4134 3793 4205 pravitatis

2148 4239 2267 4277 suae
2298 4222 2549 4292 perfecte
2590 4238 2702 4276 non
2753 4220 2928 4276 fuerit
2979 4221 3287 4291 exsiccata,
3319 4220 3517 4277 alienas
3576 4220 3790 4295 linguae

2147 4326 2326 4365 manu
2358 4310 2519 4382 tangi
2551 4326 2665 4364 non
2699 4310 2889 4379 debet,
2923 4326 2993 4364 ne
3032 4308 3375 4381 priusquam
3408 4308 3577 4380 plene
3606 4310 3791 4381 perci-

2145 4398 2285 4470 piat,
2322 4399 2524 4470 perdat
2575 4396 2933 4453 soliditatem
2985 4414 3177 4463 suam,
3209 4415 3280 4453 ne
3327 4395 3586 4469 impulsa
3638 4402 3791 4469 ruat,

395 4138 554 4194 unde
584 4153 718 4195 eum
778 4134 999 4192 nescire
1028 4134 1129 4205 qui
1162 4133 1525 4205 interrogant
1577 4148 1691 4187 non
1748 4133 2036 4203 dubitant,

391 4227 746 4299 respondere
804 4229 998 4279 tamen
1057 4221 1264 4278 exinde
1316 4220 1729 4292 quoquomodo
1761 4221 2039 4278 didicisse

390 4315 582 4372 conﬁd
632 4318 715 4370 nt.
739 4313 855 4370 Nec
885 4313 1169 4384 queritur
1197 4314 1263 4365 ut
1282 4325 1524 4365 sensum
1558 4311 1824 4380 exponat,
1849 4310 1947 4364 sed
1973 4316 2035 4366 ut

390 4405 564 4460 verba
589 4332 818 4460 tantum
851 4400 1044 4460 aliuuo
1094 4398 1267 4453 modo
1302 4400 1561 4460 promat;
1595 4413 1708 4452 non
1757 4397 1914 4452 enim
1945 4398 2032 4453 in-

387 4405 564 4461 verba
589 4397 818 4460 tantum
851 4400 1044 4471 aliquo
1094 4398 1267 4453 modo
1301 4400 1561 4469 promat;
1595 4413 1708 4452 non
1757 4397 1914 4452 enim
1945 4398 2032 4453 in-

386 4494 642 4566 quiritur
691 4497 757 4548 ut
801 4490 1190 4555 examinetur,
1236 4485 1337 4541 sed
1388 4485 1554 4556 quasi
1605 4489 1668 4539 ut
1717 4486 2033 4542 canonicus
2144 4504 2215 4543 ne
2244 4488 2400 4543 velut
2431 4488 2739 4543 arbustum
2766 4486 2893 4542 sine
2926 4487 3244 4553 radicibus,
3272 4486 3410 4542 dum
3442 4484 3576 4558 plus
3609 4504 3789 4559 quam

383 4584 525 4640 ordo
555 4585 839 4647 servetur,
874 4582 932 4634 et
965 4581 1030 4631 ut
1078 4572 1450 4630 mendacium
1498 4576 1555 4629 et
1601 4573 1762 4629 fraus
1786 4573 2034 4631 validior
2062 4587 2109 4652 D
2140 4576 2389 4633 tolerare
2443 4576 2614 4643 valet,
2678 4575 3028 4647 concutitur,
3087 4576 3325 4631 ﬂatibus
3394 4580 3642 4631 arescat.
3704 4578 3786 4633 Ad

383 4672 482 4740 sit,
516 4672 565 4726 si
612 4671 854 4726 veritate
904 4665 1311 4729 obumbratur,
1346 4666 1403 4718 et
1434 4679 1468 4718 a
1496 4662 1899 4735 compluribus
1931 4665 2025 4720 ﬁr-
2138 4664 2467 4737 exemplum
2521 4680 2656 4736 ergo
2707 4682 2821 4718 non
2877 4668 3015 4719 sunt
3070 4664 3449 4731 ostendenda,
3483 4664 3599 4720 nisi
3658 4682 3785 4737 quas

384 4764 579 4817 metur
606 4776 619 4815 :
655 4759 756 4815 sed
789 4756 924 4829 quis
956 4755 1191 4809 ﬁrmare
1219 4752 1431 4824 poterit
1477 4753 1632 4823 quod
1681 4752 1833 4809 Deus
1864 4753 2025 4809 inﬁr-
2136 4754 2308 4810 ﬁrma
2336 4759 2494 4809 sunt.
2528 4753 2696 4808 Prius
2725 4754 2940 4808 etenim
2964 4752 3362 4808 convalescere
3392 4753 3566 4809 debet
3596 4771 3783 4822 mens,

382 4849 545 4904 mat?
574 4848 721 4913 Quid
751 4846 910 4900 enim
941 4842 1132 4899 dicere
1161 4857 1474 4914 possumus
1504 4858 1636 4897 cum
1666 4842 1799 4897 talis
1831 4843 1888 4897 in
1923 4844 2022 4898 Ec-
2135 4849 2312 4914 atque
2355 4842 2425 4897 ad
2461 4839 2775 4897 utilitatem
2824 4843 3221 4914 proximorum
3273 4843 3648 4913 postmodum
3684 4844 3781 4900 de-

378 4936 558 4994 clesia
578 4930 1089 5008 prmponitur,nisi
1108 4931 1260 5003 quod
1284 4930 1504 4986 idolum
1529 4932 1862 4987 statuatur?
1883 4933 2025 4987 Ocu-
2136 4930 2468 5001 monstrari,
2500 4946 2632 4985 cum
2677 4931 2801 5001 jam
2836 4949 2940 4986 nec
2972 4948 3074 5003 per
3120 4931 3353 4986 laudem
3405 4930 3627 4987 elevata
3655 4949 3778 4988 cor-

373 5026 464 5083 los
492 5026 649 5083 enim
680 5024 879 5088 habet,
913 5027 970 5077 et
999 5037 1113 5076 non
1142 5020 1315 5087 videt,
1347 5020 1498 5076 sicut
1532 5021 1815 5077 Dominus
1847 5022 1929 5075 ait
1962 5022 2020 5075 in
2133 5024 2284 5086 ruat,
2315 5036 2417 5073 nec
2449 5036 2551 5090 per
2570 5018 3050 5091 vituperationem
3078 5037 3353 5092 percussa
3378 5020 3775 5077 contabescat.

372 5113 682 5187 Evangelio
712 5129 724 5169 :
760 5111 953 5167 Simile
981 5111 1109 5167 illos
1138 5128 1157 5165 :
1186 5112 1315 5166 εεινοί
1342 5119 1470 5165 sunt
1494 5117 1545 5165 et
1573 5110 1732 5166 duces
1759 5126 2023 5165 caecorum
2131 5107 2278 5161 Nam
2309 5111 2366 5162 et
2397 5108 2445 5163 si
2477 5108 2779 5163 Timotheo
2808 5109 3061 5164 dicitur:
3096 5110 3347 5179 Prmcipe
3376 5108 3507 5176 haec,
3538 5117 3590 5164 et
3615 5111 3776 5172 doce;

377 5204 587 5276 (Matth.
619 5202 830 5273 xv,1li).
863 5208 1046 5257 Aures
1076 5199 1252 5255 habet
1282 5204 1338 5254 et
1366 5216 1482 5255 non
1514 5199 1700 5269 audit,
1733 5203 1798 5252 ut
1828 5197 1966 5252 alibi
2003 5214 2016 5252 ί
2128 5212 2287 5252 nemo
2318 5196 2742 5252 adolescentiam
2772 5205 2923 5251 tuam
2952 5201 3258 5252 contemnat
3288 5199 3335 5268 (I
3366 5198 3502 5252 Tim.
3536 5214 3615 5267 IV,
3651 5200 3772 5261 tt):

375 5294 482 5363 Qui
513 5292 675 5348 habet
699 5306 861 5347 aures
889 5288 1176 5356 audiendi,
1207 5290 1404 5344 audiat
1430 5288 1646 5357 (Matth.
1670 5302 1746 5340 x1.
1782 5288 1890 5357 15).
1925 5287 2015 5354 Et,
2129 5286 2434 5342 sciendum
2467 5291 2555 5342 est
2598 5287 2753 5357 quod
2785 5285 2845 5340 in
2878 5302 3040 5340 sacro
3068 5285 3300 5357 eloquio
3350 5302 3775 5359 nonnunquam

379 5387 446 5437 ut
477 5382 548 5437 ad
580 5378 898 5452 discipulos
926 5395 940 5434 :
982 5379 1150 5435 Vestri
1179 5381 1372 5432 autem
1401 5377 1549 5430 beati
1579 5375 1744 5439 oculi,
1775 5378 1907 5444 quia
1936 5376 2014 5428 vi-
2127 5374 2522 5431 adolescentia
2545 5376 2825 5445 juventus
2846 5378 3112 5441 vocatur;
3147 5375 3301 5430 unde
3331 5374 3620 5446 scriptum
3650 5381 3772 5432 est:

369 5471 596 5533 derunt;
624 5474 677 5525 et
722 5485 885 5525 aures
931 5476 1152 5535 vestrae,
1185 5468 1317 5538 quia
1363 5463 1602 5520 audiunt
1634 5462 1839 5533 (Matth.
1889 5480 2013 5534 xm,
2124 5466 2358 5533 Lwlare,
2410 5466 2665 5536 juvenis,
2725 5466 2786 5519 in
2858 5463 3219 5519 adolescentia
3272 5471 3366 5519 tua
3422 5464 3637 5536 (Eceli.
3694 5483 3771 5536 ιι,

365 5560 475 5633 16).
510 5559 616 5616 Ubi
643 5557 812 5615 valde
840 5557 1175 5614 timendum
1195 5559 1285 5611 est
1310 5553 1467 5625 quod
1494 5549 1809 5608 Psalmista
1838 5552 1908 5608 de
1935 5552 2014 5608 si-
2122 5555 2199 5627 9).
2232 5553 2494 5609 Profecto
2543 5553 2743 5627 igitur,
2793 5561 2856 5610 ut
2912 5552 3255 5610 ostendatur
3300 5553 3472 5626 cujus
3523 5554 3775 5613 auctori-

432 5668 545 5746 (45)
573 5667 866 5727 lnoenliva.
897 5663 991 5723 Sic
1020 5662 1190 5722 edere
1218 5660 1413 5735 libuit,
1445 5663 1506 5717 at
1534 5658 1819 5720 Acherius
1849 5662 2132 5741 ediderat,
2165 5660 2467 5721 incentina.
