3956 6230
354 320 430 373 7'.)

1374 314 1702 370 AT’i'thIS
1751 312 2329 370 VEItCICI.l.I«‘.NSIR
2382 313 2728 370 EPISCHI’I

3680 314 3761 369 ΗΟ

353 449 470 502 test
498 462 627 503 esse
678 446 894 513 mitior,
929 460 1105 517 quam
1136 443 1185 501 si
1230 443 1322 499 his
1351 448 1721 516 praeponatur
1750 443 1808 498 in
1860 459 1994 513 spe-
2034 444 2080 508 Α
2111 443 2221 497 dus
2246 446 2352 497 est.
2383 442 2500 498 Non
2532 442 2687 497 enim
2721 442 2936 497 sufﬁcit
2967 441 3015 497 si
3045 442 3170 496 sine
3208 432 3454 497 crimine
3486 441 3583 511 sit,
3616 440 3763 512 quia

357 534 580 602 culum,
612 534 712 606 qui
739 534 979 590 veniens
1011 551 1125 588 non
1166 533 1349 605 possit
1377 532 1592 588 sentire
1621 532 1947 604 periculum
1972 532 2000 586 ?

357 624 474 678 Aut
504 623 636 694 quis
685 621 737 677 ei
768 638 830 678 se
881 622 1229 685 committat,
1264 636 1437 692 quem
1488 638 1603 675 non
1653 624 1818 692 putet
1865 619 1998 691 plus

360 726 587 782 sapere,
614 727 792 783 quam
840 711 967 781 ipse
1013 709 1201 781 sapiat
1229 708 1329 779 qui
1379 709 1586 780 quaerit
1638 709 2000 764 consilium?

359 799 609 856 Necesse
650 803 737 854 est
765 798 964 871 igitur,
999 802 1062 852 ut
1109 797 1476 870 praestantior
1501 798 1578 853 sit
1625 815 1658 853 a
1688 815 1801 868 quo
1857 814 1998 852 con—

362 886 567 943 silium
598 887 835 958 petitur,
868 902 1041 958 quam
1090 886 1187 940 ille
1216 891 1305 941 est
1334 886 1435 958 qui
1465 887 1628 958 petit.
1664 887 1809 950 Quid
1842 886 1996 941 enim

362 974 941 1032 consulashominem
960 990 1135 1046 quem
1154 991 1266 1029 non
1287 974 1588 1029 arbitreris
1604 991 1774 1045 posse
1788 973 1999 1029 melius

362 1063 583 1136 aliquid
615 1062 881 1134 reperire,
916 1079 1095 1134 quam
1123 1062 1248 1134 ipse
1275 1061 1556 1135 intelligis
1576 1063 1603 1117 ‘2
1630 1063 1768 1118 Nam
1800 1080 2001 1134 quam-

359 1152 446 1207 vis
475 1151 647 1208 etiam
676 1148 734 1206 in
766 1150 1117 1207 substantiis
1146 1167 1370 1223 pauper
1399 1151 1613 1223 aliquis
1644 1169 1771 1207 esse
1804 1152 1997 1207 videa-

356 1244 471 1308 tur,
503 1238 604 1296 sed
651 1239 700 1295 si
751 1230 986 1311 sapiens
1038 1239 1233 1309 luerit,
1268 1256 1549 1312 magnum
1599 1240 1712 1295 sibi
1761 1240 2000 1295 creden-

352 1328 512 1383 tibus
541 1327 693 1382 valet
724 1328 985 1383 conferre
1026 1326 1303 1383 solatium
1338 1344 1351 1382 :
1387 1332 1527 1383 sunt
1554 1328 1710 1383 enim
1741 1327 2001 1400 plerique

355 1410 531 1472 etiam
577 1415 684 1470 viri
733 1416 871 1471 boni
919 1414 1020 1486 qui
1068 1420 1273 1471 tenues
1322 1420 1462 1472 sunt
1512 1432 1714 1481 censu,
1747 1418 2001 1472 contenti

356 1504 598 1577 quidem
658 1502 865 1576 exiguo
896 1503 968 1558 ad
1018 1504 1108 1559 sui
1150 1520 1346 1570 usum,
1390 1505 1490 1560 sed
1544 1522 1659 1560 non
1691 1505 1879 1561 idonei
1929 1507 2000 1562 ad

357 1591 693 1647 subsidium
720 1590 977 1646 levandae
996 1591 1354 1663 paupertatis
1376 1591 1576 1648 alienae
1601 1610 1615 1659 ;
1638 1596 1832 1648 tamen
1866 1610 2000 1665 sup-

360 1681 503 1753 petit
531 1678 690 1735 aliud
738 1678 1133 1736 benetlcentiae
1158 1696 1364 1752 genus,
1399 1696 1509 1752 qus
1532 1681 1737 1750 juvare
1776 1681 1998 1752 possint

356 1768 713 1824 inferiorem.
744 1767 845 1824 Est
875 1767 1029 1825 enim
1080 1768 1295 1840 duplex
1322 1768 1643 1824 liberalitas
1679 1786 1691 1825 :
1726 1786 1840 1823 una
1870 1786 1997 1840 quas

359 1856 625 1913 subsidio
675 1856 756 1911 rei
800 1856 1059 1927 adjuvat,
1091 1857 1145 1911 id
1196 1861 1286 1912 est
1332 1874 1441 1912 usu
1490 1857 1785 1928 pecuniae;
1818 1856 2000 1914 altera

358 1962 489 2017 qua)
518 1960 826 2017 operarum
857 1941 1165 1999 collatione
1194 1944 1576 2016 impenditur,
1610 1943 1863 2000 multum
1898 1946 2002 2001 fre-

357 2036 603 2106 quenter
626 2029 1377 2104 splendidior,multumquc
1407 2030 1757 2104 prmelarior.
1777 2034 2002 2096 Quanto

354 2120 643 2176 illustrius
670 2117 964 2174 Abraham
987 2123 1225 2190 captum
1245 2118 1427 2175 armis
1446 2119 1761 2175 victoribus
1785 2123 2003 2192 recepit

352 2211 826 2281 nepotem,quam
852 2207 902 2262 si
933 2206 1314 2263 redemisset?
1326 2209 1552 2272 Quanto
1576 2207 1782 2263 utilius
1807 2225 2000 2281 regem

350 2297 713 2355 Pharaonem
744 2301 985 2353 sanctus
1013 2295 1229 2367 Joseph
1262 2296 1491 2351 consilii
1522 2297 1885 2367 providentia
1910 2300 2003 2369 ju-

351 2386 455 2457 vit,
490 2401 667 2458 quam
720 2384 770 2440 si
812 2383 1156 2440 contulisset
1202 2385 1555 2456 pecuniam?
1585 2385 1753 2441 facile
1805 2391 1999 2442 autem

356 2470 609 2546 pecunia
653 2469 1042 2538 consumitur,
1077 2469 1321 2526 consilia
1368 2471 1659 2527 exhauriri
1706 2472 1997 2527 nesciunt.

357 2558 781 2615 Alfabilitatem
833 2574 1064 2631 quoque
1094 2562 1381 2615 sermonis
1413 2559 1664 2615 dicimus
1704 2562 1774 2615 ad
1809 2561 1998 2616 conci-

359 2646 619 2704 liandam
669 2646 917 2720 gratiam
947 2646 1134 2702 valere
1167 2645 1507 2718 plurimum.
1542 2649 1622 2703 Ex
1663 2665 1780 2719 qua
1809 2665 1871 2704 re
1900 2666 2000 2721 ap-

359 2740 546 2811 paret,
573 2736 715 2809 quia
760 2737 966 2792 melior
1003 2741 1090 2793 est
1136 2737 1421 2809 sapientia
1469 2739 1859 2810 negotiatione
1909 2756 2001 2794 ar-

356 2826 517 2898 genti
558 2830 615 2882 et
652 2825 779 2881 auri
810 2823 983 2897 primi
1014 2829 1071 2881 et
1118 2826 1461 2899 purissimi;
1495 2833 1552 2881 et
1600 2827 1699 2899 qui
1753 2827 2004 2883 tenuerit

355 2932 508 2983 eam,
522 2915 765 2973 .beatus.

426 3003 577 3060 Sane
607 3003 910 3060 sciendum
942 3005 1030 3058 est
1056 3003 1194 3075 quia
1222 3003 1337 3059 nisi
1370 3008 1567 3076 pastor
1608 3003 1873 3061 Ecclesiae
1908 3022 1998 3061 sa-

355 3093 588 3166 pientiae
620 3090 795 3147 fuerit
822 3089 941 3148 sale
974 3093 1268 3159 conditus,
1292 3092 1546 3148 salutare
1578 3092 1862 3164 pabulum
1892 3095 2001 3150 Do-

2030 1817 2074 1880 B

2109 530 2317 586 merita
2342 533 2470 602 ejus
2501 531 2714 585 debent
2755 531 2957 601 praeire
2984 530 3135 586 viam
3169 530 3454 585 bonorum
3486 545 3761 601 operum,

2108 623 2174 674 ut
2226 620 2439 690 dignus
2494 620 2776 674 habeatur
2829 620 2902 673 ad
2958 618 3408 685 ordinationem,
3465 617 3616 672 sicut
3673 618 3761 673 ait

2108 709 2314 763 beatus
2361 708 2726 764 Ambrosius.
2779 709 2951 763 Decet
2999 707 3179 777 igitur
3234 707 3592 762 sacerdotem
3649 706 3759 761 ho-

2109 796 2379 867 spitalem
2433 813 2580 863 esse,
2616 796 2958 868 benignum,
2983 798 3237 867 justum,
3272 813 3387 851 non
3437 794 3610 850 alieni
3651 812 3757 850 cu-

2107 885 2333 956 pidum,
2363 885 2482 940 imo
2532 886 2604 939 de
2641 902 2746 940 suo
2788 887 2923 955 jure
2969 886 3264 940 cedentem
3314 885 3509 956 potius
3555 883 3760 963 aliqua

2106 973 2157 1027 si
2206 973 2380 1028 fuerit
2446 973 2773 1041 lacessitus,
2824 990 3000 1043 quam
3068 973 3260 1028 aliena
3311 974 3442 1043 iura
3506 970 3755 1044 pulsan-

2106 1066 2246 1127 tem,
2278 1066 2337 1117 et
2383 1067 2607 1117 cetera.
2666 1061 2828 1117 Unde
2861 1062 2941 1116 ait
2989 1064 3194 1117 beatus
3238 1060 3628 1132 Hieronymus
3661 1060 3757 1131 (li-

2108 1149 2212 1203 bro
2261 1168 2374 1219 xvr,
2409 1151 2470 1205 in
2520 1153 2726 1207 Isaiam
2769 1168 2819 1206 c.
2850 1151 2964 1222 58.)
2998 1168 3010 1205 :
3050 1172 3077 1199 «
3112 1150 3236 1208 Non
3283 1154 3372 1204 est
3413 1149 3570 1205 enim
3620 1165 3759 1222 pec-

2110 1244 2306 1293 catum
2364 1239 2486 1294 leve
2543 1240 2771 1295 mittere
2832 1238 3177 1310 margaritas
3236 1242 3368 1293 ante
3426 1254 3651 1309 porcos,
3701 1243 3762 1294 et
3870 1234 3873 1239 ’

2110 1327 2249 1382 dare
2280 1332 2547 1383 sanetum
2581 1328 2843 1392 canibus,
2878 1332 2935 1382 et
2986 1327 3414 1382 ordinationem
3444 1326 3759 1382 clericatus

2112 1431 2482 1485 nequaquam
2514 1415 2734 1471 sanctis
2764 1420 2820 1470 et
2848 1414 2909 1470 in
2953 1415 3077 1486 lege
3108 1414 3206 1470 Dei
3239 1414 3619 1482 doctissimis,
3653 1415 3757 1472 sed

2110 1502 2349 1558 asseclis
2365 1503 2489 1558 suis
2514 1504 2853 1567 tribuero,et
2870 1503 3069 1559 vilium
3098 1503 3424 1559 ofﬁciorum
3444 1504 3755 1574 ministris,

2109 1592 2383 1663 quodque
2409 1591 2740 1648 indecorius
2760 1596 2850 1648 est
2876 1591 3357 1648 muliercularum
3375 1591 3552 1647 etiam
3576 1592 3761 1663 preci-

2107 1679 2247 1736 bus:
2264 1680 2320 1734 in
2351 1697 2465 1751 quo
2494 1682 2919 1737 consideranda
2938 1686 3027 1737 est
3054 1680 3347 1752 loquentis
3372 1681 3432 1736 in
3453 1697 3516 1737 se
3537 1680 3755 1737 Christi

2107 1767 2352 1839 apostoli
2402 1769 2708 1840 sapientia,
2741 1770 2840 1841 qui
2874 1774 2937 1824 ut
2983 1770 3370 1825 ordinationis
3422 1770 3756 1841 periculum

2114 1857 2545 1914 demonstraret
2574 1858 2842 1928 adjunxit
2870 1863 3161 1914 tormenta
3188 1859 3581 1930 peccantium.
3608 1863 3757 1917 Cum

2112 1945 2267 2000 cnim
2328 1946 2593 2011 dixisset,
2641 1935 2832 2003 Manus
2879 1950 2988 2002 cito
3033 1963 3146 2002 non
3202 1950 3548 2019 imposueris,
3598 1948 3760 2005 illico

2110 2033 2417 2103 subjunxit
2446 2053 2462 2087 :
2494 2036 2677 2104 Neque
2722 2036 3215 2091 communicaveris
3260 2038 3498 2107 peccatis
3545 2039 3761 2093 alienis

2112 2122 2162 2191 (Ι
2195 2124 2326 2176 Tim.
2364 2139 2419 2189 v,
2451 2122 2562 2193 22).
2596 2146 2623 2171 »

2182 2210 2345 2265 Sicut
2370 2227 2503 2281 ergo
2536 2210 2595 2266 in
2625 2212 3092 2267 ordinationibus
3123 2212 3413 2268 malorum
3463 2214 3763 2287 particeps

2109 2302 2199 2352 est
2227 2302 2285 2353 et
2315 2304 2684 2369 peccatorum
2720 2299 2820 2371 qui
2850 2300 2994 2356 tales
3016 2301 3505 2369 constituit,sicin
3528 2303 3766 2359 ordina-

2109 2388 2267 2442 tione
2296 2393 2629 2443 sanctorum
2683 2389 2973 2461 particeps
3006 2395 3095 2445 est
3133 2407 3336 2445 eorum
3379 2391 3623 2461 justitiae
3653 2392 3761 2463 qui

2109 2475 2293 2531 bonos
2324 2476 2505 2548 eligit.
2540 2477 2889 2549 lnsipientes
2919 2495 3050 2533 vero
3080 2483 3136 2534 et
3162 2479 3434 2551 indignos
3463 2480 3760 2549 ordinare,

2109 2563 2249 2634 quid
2279 2569 2367 2619 est
2398 2564 2552 2619 aliud
2589 2582 2764 2637 quam
2797 2567 3187 2622 sacerdotium
3220 2568 3760 2639 deturpare,Eccle-

2108 2652 2258 2707 siam
2293 2652 2882 2725 impedire,populum
2914 2655 3272 2726 depravare?
3293 2655 3437 2711 Hine
3468 2657 3760 2729 propheta

2110 2741 2229 2795 ait:
2264 2741 2453 2795 Omnis
2484 2744 2581 2811 qui
2610 2758 2721 2797 non
2750 2742 3007 2798 didicerit
3036 2745 3310 2813 justitiam
3336 2760 3498 2814 super
3527 2749 3760 2812 terram,

2110 2830 2392 2884 veritatem
2437 2846 2550 2885 non
2577 2832 2741 2899 faciet
2769 2831 2915 2898 (Isai.
2965 2849 3116 2897 xxvr,
3154 2833 3260 2903 10).
3298 2832 3476 2888 Isaias
3525 2850 3764 2905 quoque

2112 2917 2307 2972 [sracli
2338 2918 2731 2973 comminatur
2768 2920 2995 2974 dicens:
3017 2921 3149 2975 Ecce
3177 2922 3766 2980 dominatorDominus

2110 3009 2322 3076 auferet
2352 3008 2418 3060 ab
2450 3009 2794 3063 Hierusalem
2825 3009 3082 3065 validum
3108 3020 3158 3065 et
3189 3014 3403 3080 fortem,
3436 3018 3486 3066 et
3516 3010 3766 3069 honora-

2111 3095 2273 3150 bilem
2302 3096 2535 3159 vultum,
2566 3100 2615 3151 et
2660 3098 3058 3164 consiliarium,
3090 3102 3143 3152 et
3170 3101 3470 3170 sapientem
3515 3100 3766 3157 archite-

355 3181 589 3238 minicis
616 3181 820 3237 ovibus
849 3181 1185 3237 ministrare
1234 3181 1478 3237 minime
1507 3181 1743 3251 valebit,
1774 3182 2003 3240 dicente
2032 3191 2074 3256 (ς
2112 3187 2280 3249 ctum,
2313 3192 2363 3239 et
2386 3184 2710 3254 prudentem
2755 3186 2961 3255 eloquii
2995 3187 3222 3256 mystici
3249 3204 3270 3239 :
3298 3189 3350 3241 et
3376 3186 3517 3241 dabo
3560 3204 3768 3257 pueros

355 3270 604 3328 Domino
636 3287 650 3327 :
684 3270 744 3327 Si
771 3272 857 3327 sal
883 3272 1189 3341 evanuerit,
1213 3272 1270 3325 in
1303 3286 1406 3341 quo
1431 3271 1707 3326 salietur?
1727 3271 1998 3341 (Matth.v.

358 3360 468 3433 13.)
499 3360 569 3417 Et
601 3358 810 3417 Paulus
864 3358 1162 3432 apostolus
1194 3359 1265 3415 ad
1316 3359 1610 3416 Romanos
1645 3377 1656 3415 :
1691 3360 1843 3416 Sicut
1890 3378 2003 3418 non

350 3451 728 3525 probaverunt
776 3455 951 3507 Deum
999 3449 1202 3505 habere
1231 3449 1292 3503 in
1332 3450 1606 3517 notitiam,
1638 3450 1870 3506 tradidit
1912 3467 2001 3507 eos

356 3542 498 3597 Deus
526 3542 586 3597 in
635 3540 926 3613 reprobum
972 3528 1214 3606 sensum,
1244 3543 1304 3593 ut
1352 3540 1567 3609 faciant
1588 3555 1679 3605 ea,
1726 3556 1844 3611 quae
1889 3556 2000 3595 non

356 3632 691 3689 conveniunt
734 3629 908 3701 (Rom.
940 3646 979 3699 ι,
1023 3628 1136 3700 28).
1171 3629 1315 3684 Item
1363 3629 1435 3684 ad
1485 3628 1858 3684 Timotheum
1893 3645 1905 3682 :
1940 3628 2001 3684 Si

354 3704 481 3794 quis
528 3720 716 3776 domui
761 3734 873 3775 suae
912 3732 1149 3789 preaesse
1190 3720 1379 3774 nescit.
1428 3717 1689 3789 quomodo
1734 3719 2000 3775 Ecclesiae

352 3811 454 3866 Dei
480 3808 832 3877 diligentiam
878 3806 1137 3863 habebit?
1163 3810 1211 3875 (I
1248 3809 1381 3863 Tim.
1434 3822 1520 3874 ιιι,
1552 3807 1632 3877 5.)
1663 3806 1826 3861 Unde
1874 3823 1997 3861 ma-

352 3898 634 3955 nifestum
683 3900 789 3961 est,
821 3895 960 3968 quia
987 3900 1126 3952 tunc
1174 3901 1367 3968 potest
1400 3897 1643 3951 idoneus
1692 3900 1880 3951 rector
1909 3897 1996 3951 fu-

351 3992 524 4043 turus
557 3985 808 4057 probari,
841 3985 887 4042 si
921 3985 1083 4057 prius
1115 3986 1358 4041 domum
1391 4000 1560 4039 suam
1591 3988 1744 4039 recte
1785 3984 1995 4055 guber-

350 4076 529 4153 navit.
562 4075 630 4130 Et
659 4091 792 4131 mox
820 4075 1132 4132 subditur:
1160 4078 1340 4131 Testor
1366 4090 1552 4129 coram
1579 4073 1684 4127 Deo
1710 4082 1761 4127 et
1781 4072 1996 4129 Christo

347 4169 477 4225 Jesu
528 4164 711 4221 electis
747 4165 977 4233 angelis,
1008 4168 1069 4219 ut
1126 4165 1244 4226 hac
1288 4161 1589 4230 custodias,
1620 4162 1740 4215 sine
1782 4164 1993 4231 praeiu-

347 4255 491 4312 dicio
518 4252 673 4310 nihil
697 4255 905 4323 faciens
933 4255 995 4309 in
1021 4257 1238 4325 partem
1265 4252 1444 4306 aliam
1471 4250 1772 4305 declinans.
1805 4251 1995 4307 Manus

347 4347 453 4402 cito
481 4359 594 4400 non
623 4344 968 4414 imposueris,
1000 4358 1178 4414 neque
1205 4341 1548 4397 communica
1579 4338 1627 4408 (Ι
1655 4340 1785 4394 Tim.
1817 4340 1988 4410 v,21).

344 4433 487 4506 [Sub
521 4432 927 4489 testiﬁcatione
970 4448 1040 4487 ea
1070 4430 1219 4501 quae]
1251 4427 1677 4483 ordinationem
1729 4427 1993 4483 Ecclesiae

344 4522 646 4586 mandant,
676 4519 1006 4593 [custodiri]
1056 4516 1319 4590 praecipit
1361 4514 1646 4586 [nihilque
1694 4516 1816 4571 ﬁeri
1867 4517 1991 4573 sine

341 4608 677 4683 pra‘judicio
710 4628 723 4665 :
757 4615 814 4665 et
865 4625 978 4662 non
1012 4604 1178 4660 facile
1226 4602 1462 4674 aliquis]
1512 4604 1759 4676 accipiat
1808 4604 1986 4661 eccle-

339 4698 637 4755 siasticam
693 4696 1063 4771 dignitatem,
1104 4692 1219 4748 nisi
1269 4692 1433 4762 prius
1480 4692 1551 4745 de
1597 4693 1713 4747 vita
1757 4692 1885 4760 eius
1933 4698 1989 4750 et

341 4786 603 4843 moribus
634 4786 806 4841 fuerit
836 4783 1227 4853 disputatum,
1254 4781 1343 4847 [ut
1372 4779 1585 4849 dignus
1614 4780 1984 4853 approbatus]

338 4874 608 4931 minister
637 4877 739 4929 aut
791 4868 1067 4927 sacerdos
1121 4866 1535 4937 constituatur,
1570 4884 1640 4923 ne
1688 4874 1887 4940 postea
1936 4872 1983 4926 si

338 4961 816 5037 reprehensibilis
866 4957 1150 5026 videatur,
1183 4955 1461 5027 pceniteat
1484 4956 1624 5012 forte
1663 4958 1984 5030 principem

336 5051 537 5126 populi
554 5067 671 5106 non
686 5048 756 5103 ad
777 5044 1070 5116 liquidum
1091 5043 1672 5117 prtejudicasse,sibiq
1682 5063 1751 5102 ue
1765 5052 1986 5103 metuat

335 5138 753 5213 imputandum
777 5133 934 5203 quod
952 5133 1280 5204 meretur,si
1307 5132 1983 5207 eum(46)improbabili-

334 5234 425 5286 ter
447 5223 757 5283 ordinavit.
786 5223 993 5274 Peccat
1013 5218 1164 5274 enim
1191 5222 1238 5276 si
1262 5238 1373 5277 non
1398 5222 1623 5295 probat,
1647 5228 1704 5279 et
1725 5224 1807 5279 sic
1828 5225 1984 5279 ordi-

339 5321 471 5375 nat:
497 5330 635 5370 nam
668 5309 876 5365 melior
905 5308 1124 5365 caeteris
1145 5310 1312 5367 debet
1331 5312 1565 5386 probari
1590 5315 1688 5385 qui
1713 5313 1986 5368 ordinan-

2103 3273 2383 3342 principes
2428 3288 2613 3326 eorum
2664 3273 2795 3343 (Isat
2835 3290 2918 3341 ιιι,
2972 3273 3042 3344 1).
3075 3274 3146 3327 Et
3191 3272 3365 3345 paulo
3413 3278 3590 3345 post:
3627 3275 3766 3347 Spe-

2107 3360 2377 3415 culatores
2402 3361 2520 3431 ejus
2548 3364 2681 3418 caeci
2697 3379 2719 3422 ;
2743 3378 2930 3418 omnes
2956 3365 3291 3432 nescierunt,
3316 3364 3568 3419 universi
3595 3380 3764 3422 canes

2108 3449 2208 3503 isti
2235 3465 2346 3504 non
2372 3451 2612 3506 valentes
2658 3452 2862 3507 latrare
2892 3452 3049 3522 (Isai.
3097 3468 3207 3518 va,
3236 3453 3344 3522 10).
3378 3452 3447 3506 Et
3493 3468 3705 3509 rursus
3741 3472 3755 3511 :

2109 3539 2218 3607 Ipsi
2254 3541 2495 3609 pastores
2544 3542 2936 3610 ignoraverunt
2977 3541 3411 3613 intelligentiam
3452 3541 3604 3613 (Isai.
3639 3560 3757 3612 LVI,

2110 3626 2293 3696 lt).Et
2324 3625 2461 3683 alibi
2496 3644 2508 3683 :
2542 3630 2743 3685 Discite
2773 3629 2971 3685 bonum
2996 3632 3195 3700 facere,
3214 3630 3447 3699 quaerite
3469 3630 3755 3701 judicium

2107 3715 2260 3785 (Isai,
2297 3733 2335 3781 ι,
2369 3718 2477 3788 17).
2511 3719 2580 3773 Et
2630 3718 2699 3773 de
2727 3718 2941 3789 populo
2977 3734 2990 3774 :
3021 3720 3174 3773 Facti
3199 3726 3328 3773 sunt
3374 3720 3435 3773 in
3462 3720 3752 3790 rapinam,

2104 3811 2157 3858 et
2189 3821 2297 3860 non
2322 3810 2403 3861 est
2448 3808 2547 3878 qui
2568 3816 2724 3862 eruat
2749 3825 2762 3873 ;
2790 3809 2853 3862 in
2880 3808 3262 3878 direptionem,
3291 3811 3339 3863 et
3386 3824 3497 3863 non
3545 3816 3626 3864 est
3654 3812 3757 3881 qui

2104 3894 2272 3957 dicat,
2308 3894 2467 3950 redde
2514 3896 2664 3965 (Isai.
2694 3913 2831 3960 XLII,
2861 3898 2993 3966 22).
3038 3938 3049 3950 .
3096 3938 3109 3950 .
3150 3938 3162 3950 .
3209 3939 3222 3951 .
3270 3939 3282 3950 .
3328 3938 3341 3951 .
3387 3940 3400 3951 .
3446 3940 3459 3951 .
3506 3939 3518 3952 .
3565 3940 3580 3953 .
3625 3899 3755 3970 ipse

2106 3983 2499 4053 postmodum.
2531 3984 2705 4038 Israel
2732 3985 2803 4039 de
2831 3983 3168 4055 insipientia
3209 4028 3221 4040 .
3269 4028 3280 4041 .
3328 4028 3339 4040 .
3386 4029 3399 4041 .
3446 4027 3458 4039 .
3505 4027 3518 4040 .
3566 4029 3579 4042 .
3623 3988 3751 4043 ait:

2104 4071 2420 4126 Sacerdotes
2447 4088 2556 4127 non
2584 4072 2846 4128 dixerunt
2873 4090 2892 4127 :
2914 4074 3011 4128 ubi
3037 4077 3112 4128 est
3141 4075 3401 4129 Dominus
3424 4079 3450 4128 .9
3468 4077 3530 4131 Et
3562 4084 3753 4132 tenen-

2105 4168 2180 4215 tes
2236 4161 2408 4230 legem
2487 4177 2681 4232 meam,
2738 4164 3047 4218 nescierunt
3102 4180 3191 4218 me
3254 4166 3381 4235 (Jer.
3416 4181 3479 4231 ιι,
3538 4165 3617 4237 8).
3678 4166 3753 4220 Et

2105 4248 2248 4303 item
2283 4266 2295 4304 :
2347 4250 2551 4305 Novate
2598 4251 2745 4305 vobis
2788 4260 3002 4318 novate,
3053 4260 3103 4307 et
3146 4254 3319 4307 nolite
3362 4269 3543 4309 serere
3586 4269 3756 4326 super

2101 4338 2297 4403 spinas
2326 4338 2456 4408 (Jer.
2486 4356 2561 4405 iv,
2595 4339 2747 4411 3).Et
2779 4357 2984 4396 rursus
3016 4358 3029 4396 :
3064 4342 3263 4413 Aspexi
3289 4351 3521 4413 terram,
3552 4345 3604 4398 et
3635 4359 3757 4400 ecce

2101 4442 2273 4481 vacua
2301 4434 2436 4493 erat,
2469 4431 2521 4481 et
2550 4429 2716 4483 nihili
2740 4448 2758 4495 ;
2786 4431 2835 4484 et
2865 4430 3041 4497 ccelos,
3076 4433 3129 4484 et
3156 4446 3265 4485 non
3295 4440 3415 4487 erat
3444 4433 3544 4486 tum
3574 4434 3637 4487 in
3666 4435 3749 4489 eis

2102 4514 2292 4585 (Ibid.,
2321 4515 2430 4585 23).
2464 4516 2532 4570 Et
2576 4516 2647 4571 de
2686 4516 3056 4573 sermonibus
3109 4519 3431 4575 siccitatis:
3468 4521 3639 4576 Cerva
3686 4524 3750 4577 in

2099 4619 2235 4673 agro
2256 4608 2491 4676 peperit,
2536 4609 2587 4660 et
2613 4606 2857 4676 reliquit,
2889 4609 2941 4660 et
2987 4609 3192 4679 onagri
3226 4608 3561 4679 defecerunt,
3614 4613 3751 4681 quia

2096 4708 2207 4748 non
2252 4701 2373 4748 erat
2422 4694 2587 4749 herba
2623 4695 2752 4764 (Jer.
2802 4711 2915 4763 xxv,
2965 4696 3019 4761 5,
3068 4697 3143 4764 45).
3191 4696 3354 4752 Unde
3406 4697 3487 4753 ait
3537 4699 3748 4755 beatus

2096 4781 2483 4851 Hieronymus
2512 4782 2721 4852 (Idem.,
2753 4785 2897 4853 ο.14)
2933 4802 2945 4838 :
2979 4808 3005 4833 ‹‹
3039 4784 3279 4839 Siccitas
3311 4784 3432 4841 haec
3464 4803 3618 4859 saepe
3652 4805 3748 4844 ac-

2095 4868 2236 4923 cidit
2262 4870 2321 4922 in
2349 4868 2641 4938 Ecclesiis,
2675 4871 2907 4941 quando
2938 4872 3182 4939 corvi,et
3209 4874 3413 4945 onagri
3448 4874 3752 4932 inveniun-

2096 4964 2194 5014 tur
2222 4959 2280 5013 in
2315 4959 2568 5030 populis,
2602 4960 2702 5030 qui
2734 4960 3150 5032 magistrorum
3183 4962 3428 5031 penuria
3469 4966 3752 5022 contabe-

2095 5052 2287 5103 scunt.
2319 5052 2466 5102 Sunt
2513 5048 2611 5119 qui
2645 5050 2874 5119 possint
2920 5049 3181 5115 discere;
3218 5054 3274 5104 et
3303 5067 3419 5106 non
3452 5058 3595 5108 sunt
3645 5056 3749 5126 qui

2096 5136 2323 5208 possint
2353 5136 2917 5202 docere.»Quomodo
2948 5136 3103 5191 enim
3131 5141 3334 5208 pastor
3362 5155 3490 5196 esse
3507 5143 3748 5212 poterit,

2095 5225 2195 5295 qui
2228 5242 2342 5279 non
2371 5226 2592 5280 noverit
2620 5226 2690 5280 de
2721 5224 2955 5296 pascuis
2978 5226 3280 5293 judicare;
3314 5243 3414 5282 nec
3447 5228 3753 5287 discernat

2094 5314 2248 5368 inter
2276 5329 2454 5384 pecus
2487 5313 2775 5368 mundum
2826 5318 2882 5368 et
2913 5313 3310 5382 immundum,
3346 5318 3404 5371 et
3431 5315 3659 5389 lepram
3693 5325 3756 5376 et

660 5604 834 5678 eum.-
861 5589 1168 5667 Audacter,
1214 5599 1274 5652 at
1316 5611 1451 5654 vere
1497 5586 1942 5651 emendavimus
1982 5608 1997 5664 ;
2051 5609 2188 5651 nam
2238 5590 2393 5665 quod
2446 5588 2749 5666 legebatur
2795 5592 2985 5665 civem,
3036 5592 3118 5651 ita
3164 5594 3429 5671 ineptum
3478 5604 3632 5678 erat,
3680 5604 3754 5664 ut

335 5657 475 5720 ferri
498 5674 613 5719 non
641 5665 860 5735 posset.
