3956 6230
167 432 228 494 81
1005 435 1104 496 DE
1153 435 1574 495 PRESSI’RIQ
1629 432 2268 493 EClII.l“.~'I.~\S'l‘IClS.
2310 469 2376 476 -
2414 434 2610 494 PARS
2656 435 2730 494 ΙΙ.
3508 438 3584 501 82

169 564 383 640 lepram
422 582 731 639 uvamque
763 573 1054 625 maturam
1087 572 1144 624 et
1173 569 1438 625 acerbam
1474 568 1713 624 minime
1743 569 1828 623 in-
1857 569 1909 633 Α
1944 583 2084 622 num
2116 565 2356 623 vulnera
2386 566 2591 623 altiora
2614 571 2768 624 esset
2799 566 3021 624 nesciat
3045 567 3386 627 vulneribus
3404 569 3584 628 visce-

168 657 385 729 telligat
417 658 446 712 ‘?
477 657 650 714 Unde
683 675 881 714 revera
912 676 1259 730 cognoscere
1313 679 1649 732 possumus,
1683 661 1828 714 irato

169 746 408 802 Domino
443 747 670 802 stultos
704 754 967 819 pastores
1000 749 1056 802 in
1091 750 1362 804 Ecclesiis
1399 751 1665 815 contitui,
1702 768 1827 804 rur-

176 852 424 906 sumque
460 836 722 908 placato,
759 839 1052 908 sapientes
1091 854 1156 892 eo
1192 844 1502 909 praestante
1535 841 1824 894 ordinari.

169 925 323 990 Quod
357 926 488 996 ipse
523 942 764 996 quoque
795 926 1235 996 postillata(l7)
1261 928 1488 997 flagella
1522 929 1827 1000 indulgen-

174 1013 305 1067 tiam
338 1013 524 1069 Israel
561 1031 666 1085 per
697 1016 969 1069 eumdem
1027 1015 1342 1070 Jeremiam
1397 1019 1828 1087 repromittens,

174 1100 249 1155 ait
280 1118 294 1155 :
327 1101 477 1154 Dabo
509 1103 669 1156 vobis
698 1106 942 1171 pastores
959 1103 1124 1173 juxta
1175 1119 1267 1156 cor
1298 1108 1552 1157 meamet
1608 1113 1828 1174 pascent

175 1205 258 1242 vos
296 1192 532 1244 scientia
585 1199 638 1244 et
676 1190 934 1245 doctrina
973 1193 1100 1260 (Jer.
1155 1209 1236 1246 ιιι.
1276 1193 1382 1260 15).
1443 1192 1615 1246 Stulti
1672 1193 1823 1246 enim

176 1277 427 1349 episcopi
467 1296 584 1332 non
621 1284 904 1350 pastores,
939 1282 1036 1334 sed
1069 1280 1388 1334 incubones
1419 1281 1529 1335 dici
1557 1286 1823 1352 possunt,

176 1382 240 1420 eo
273 1368 425 1437 quod
443 1368 1010 1423 sanctamincubent
1043 1369 1359 1424 Ecclesiam
1397 1388 1539 1436 ;non
1565 1375 1823 1423 errantes

178 1455 481 1525 requirunt
511 1473 672 1525 oves,
707 1458 808 1512 sed
843 1457 1113 1512 collectas
1145 1459 1318 1512 etiam
1351 1475 1543 1511 errare
1586 1460 1820 1529 permit-

178 1547 326 1612 tunt,
362 1549 424 1597 ut
457 1561 831 1616 unaquaeque
862 1564 964 1618 per
993 1547 1143 1601 viam
1175 1565 1351 1618 quam
1411 1548 1656 1601 voluerit
1685 1564 1821 1617 gra-

176 1632 369 1685 diatur
400 1639 459 1688 et
490 1634 552 1688 in
585 1634 676 1689 his
710 1652 907 1689 revera
937 1636 1252 1706 impleatur
1280 1637 1433 1707 quod
1458 1637 1515 1689 in
1546 1637 1819 1691 Judicum

174 1720 478 1776 volumine
527 1721 739 1794 legitur
773 1741 784 1776 :
822 1726 876 1778 In
912 1725 1100 1778 diebus
1127 1727 1240 1780 illis
1298 1744 1406 1780 non
1441 1735 1561 1780 erat
1621 1743 1716 1779 rer
1767 1729 1822 1778 in

178 1811 354 1865 Israel
388 1811 481 1864 sed
515 1815 886 1883 unusquisque
916 1814 1057 1884 quod
1094 1816 1202 1868 sibi
1259 1825 1463 1869 rectum
1512 1815 1821 1881 videbatur,

177 1900 279 1952 hoc
306 1899 550 1968 faciebat
593 1902 782 1969 (lu/lic.
834 1920 948 1969 xxx,
1008 1904 1121 1972 2-1).
1177 1904 1256 1958 De
1290 1903 1504 1959 talibus
1583 1904 1820 1974 quidem

175 1985 479 2058 legiturin
517 1989 818 2060 Evangelio
852 2009 864 2045 :
901 1993 1088 2046 Omnis
1125 1993 1293 2047 arbor
1348 2009 1472 2064 quae
1530 2010 1637 2046 non
1688 1994 1826 2062 facit

178 2081 425 2147 fructum
505 2078 706 2132 bonum
769 2081 1052 2135 erce-idetur
1114 2085 1163 2135 et
1207 2085 1262 2136 in
1331 2085 1514 2151 ignem
1577 2084 1827 2136 mittetur

177 2166 379 2236 (Matth.
419 2184 505 2234 III,
543 2169 657 2236 10).
698 2169 1012 2241 Gregorius
1043 2172 1227 2241 (parte
1261 2190 1294 2236 ι,
1331 2172 1367 2226 l.
1403 2190 1441 2240 ι,
1495 2173 1649 2227 Cum:
1677 2180 1819 2241 past.

178 2271 307 2326 cap.
346 2260 390 2322 ι)
425 2272 436 2308 :
473 2279 501 2304 ‹‹
539 2260 848 2311 Pastorum
883 2259 1174 2330 imperitia
1195 2277 1328 2313 voce
1351 2261 1608 2315 veritatis
1643 2261 1824 2313 incre-

181 2349 376 2414 patur,
409 2362 543 2399 cum
570 2363 673 2416 per
734 2347 1076 2417 prophetam
1131 2349 1344 2402 dicitur
1379 2365 1390 2403 :
1427 2352 1536 2418 Ipsi
1586 2355 1824 2419 pastores

177 2433 577 2501 ignoraverunt
605 2437 894 2490 scientiam
927 2438 1052 2506 (lsa.
1089 2454 1198 2504 LVI,
1235 2440 1340 2506 11).
1375 2440 1527 2503 Quos
1586 2445 1643 2491 et
1695 2456 1824 2490 rur-

179 2537 282 2575 sus
305 2523 591 2577 Dominus
623 2524 952 2578 detestatur
983 2526 1182 2579 dicens
1216 2543 1226 2580 :
1257 2529 1318 2580 Et
1351 2533 1594 2580 tenentes
1656 2529 1824 2593 legem

175 2610 490 2664 nescierunt
522 2629 608 2666 me
638 2613 766 2680 (Jer.
798 2631 857 2679 ιιτ
892 2614 966 2684 8).
1008 2615 1076 2668 Et
1103 2614 1310 2668 nesciri
1371 2631 1431 2669 se
1461 2633 1596 2684 ergo
1639 2617 1710 2669 ab
1742 2615 1824 2669 eis

175 2699 387 2754 veritas
420 2701 806 2770 conqueritur
835 2706 891 2756 et
920 2703 1143 2756 nescire
1183 2721 1245 2757 se
1299 2703 1690 2774 principatum
1726 2721 1822 2757 ne-

176 2787 482 2841 scientium
521 2805 586 2842 se
618 2795 972 2860 protestetur
1004 2808 1015 2844 :
1053 2792 1191 2862 quia
1233 2793 1485 2862 profecto
1539 2793 1592 2845 hi
1627 2794 1724 2862 qui
1759 2810 1825 2846 ea

177 2893 298 2946 qum
328 2883 470 2932 sunt
503 2879 738 2932 Domini
772 2881 1040 2934 nesciunt
1082 2898 1115 2934 a
1171 2881 1417 2936 Domino
1464 2882 1822 2948 nesciuntur,

175 2963 348 3020 Paulo
383 2971 702 3021 attestanle
738 2968 832 3038 qui
867 2969 968 3023 ait:
1000 2970 1201 3039 Si‘quis
1229 2974 1412 3024 autem
1433 2972 1823 3040 ignorat,igno-

175 3056 391 3107 rabitur
423 3056 472 3125 (1
506 3056 642 3110 Cor.
679 3073 792 3123 xw,
825 3059 934 3123 33).
969 3057 1318 3129 Plerumque
1377 3064 1676 3130 pastorum
1713 3060 1822 3113 im—

177 3141 382 3211 peritia
409 3142 642 3198 meritis
673 3145 938 3215 congruit
961 3146 1524 3217 subjectorum,quia
1557 3147 1824 3217 quamvis

173 3228 367 3285 lumen
403 3232 671 3286 scientiae
703 3250 808 3287 sua
853 3233 1025 3304 culpa
1082 3234 1342 3306 exigente
1399 3253 1511 3289 non
1572 3236 1824 3290 habeant

175 3318 438 3374 districto
473 3326 675 3375 tamen
712 3321 810 3376 Dei
846 3297 1069 3392 judicio
1122 3297 1332 3394 agitur,
1384 3330 1447 3376 ut
1491 3342 1592 3394 per
1622 3341 1821 3379 eorum
1856 3297 1897 3362 (ἶ

172 3405 573 3477 ignorantiam
597 3408 656 3462 hi
684 3411 857 3465 etiam
882 3413 979 3482 qui
999 3417 1327 3482 sequuntur
1357 3413 1824 3467 otl‘emlant.llinc

171 3512 429 3567 namque
463 3497 524 3550 in
561 3498 867 3570 Evangelio
889 3517 990 3570 per
1009 3501 1385 3572 semetipsam
1408 3501 1632 3555 Veritas
1659 3502 1821 3555 dicit:

170 3584 232 3639 Si
260 3602 435 3640 oecus
466 3600 612 3641 careo
659 3586 921 3642 ducatum
976 3591 1224 3657 praebeat
1281 3590 1444 3643 ambo
1506 3592 1560 3643 in
1615 3593 1827 3656 foveam

169 3674 369 3728 cadent
400 3676 620 3742 (Matth.
653 3678 856 3744 $7,171).
894 3677 1038 3731 llinc
1070 3677 1379 3732 Psalmista
1410 3695 1522 3732 non
1574 3679 1828 3748 optantis

172 3761 393 3830 animo,
429 3763 534 3818 sed
570 3765 974 3834 prophetantis
1006 3765 1330 3820 ministerio
1389 3765 1691 3820 denuntiat
1737 3766 1829 3820 di-

173 3865 310 3906 cens
347 3869 360 3906 :
399 3852 788 3908 Obscurentur
817 3853 968 3908 oculi
997 3871 1188 3909 eorum
1219 3872 1287 3910 ne
1341 3857 1570 3910 videant
1627 3864 1676 3909 et
1707 3855 1828 3909 dor-

173 3952 292 3992 sum
325 3956 532 3994 eorum
563 3955 775 4011 semper
805 3943 1038 3995 incurva
1064 3943 1237 4013 (Psal.
1272 3961 1458 4012 vam,
1493 3945 1604 4012 2-1).
1669 3942 1828 3996 Oculi

177 4027 395 4100 quippe
429 4030 706 4098 sunt,qui
735 4030 793 4082 in
825 4029 1204 4100 ipsahonoris
1237 4032 1453 4085 summi
1499 4033 1638 4086 facie
1660 4031 1830 4102 positi

177 4117 528 4186 providendi
552 4117 779 4174 itineris
794 4120 1048 4173 ofﬁcium
1075 4121 1632 4192 suscipiuntquibus
1667 4120 1833 4175 nimi-

176 4221 305 4258 rum
340 4207 445 4277 qui
481 4207 918 4277 subsequenter
947 4208 1429 4274 inhmrent,dorsa
1459 4209 1836 4263 nominantur

179 4292 579 4350 Obscuritatis
597 4312 733 4367 ergo
757 4295 938 4350 oculis
971 4298 1209 4352 dorsum
1233 4297 1486 4352 ﬂectitur
1510 4299 1672 4368 ;quia
1700 4314 1834 4351 cum

177 4381 377 4438 lumen
403 4385 670 4438 scientiae
693 4385 1058 4456 perduntqui
1092 4387 1621 4456 praeeuntprol‘ecto
1644 4385 1837 4439 cuncti

179 4472 246 4525 ad
282 4473 583 4543 portanda
596 4478 965 4543 peccatorum
989 4492 1164 4530 onera
1185 4480 1503 4528 curvantur
1516 4475 1612 4545 qui
1631 4492 1769 4544 sequ
1781 4493 1839 4528 n-

175 4563 288 4614 tur.
322 4584 349 4610 »
387 4563 540 4616 Item
573 4561 658 4631 (in
701 4562 912 4632 prolog.
969 4569 1119 4633 part.
1164 4565 1202 4632 1)
1237 4580 1247 4617 :
1285 4586 1312 4611 «
1367 4565 1526 4616 Sunt
1580 4562 1839 4634 plerique

1941 675 2070 712 rum
2099 658 2125 712 ‘?
2156 659 2220 713 Et
2255 664 2445 712 tamen
2476 676 2625 729 saepe
2676 659 2776 729 qui
2829 675 3198 731 nequaquam
3252 661 3584 734 spiritualia

1943 753 2226 820 praecepta
2249 753 2641 818 cognoverunt
2673 747 2864 803 cordis
2919 765 2981 804 se
3009 749 3262 804 medicos
3322 752 3584 823 proﬁteri

1943 854 2056 890 non
2091 840 2382 900 metuunt;
2407 837 2545 888 dum
2571 835 2670 905 qui
2699 835 3132 906 pigmentorum
3166 839 3282 892 vim
3316 839 3584 895 nesciunt

1939 907 2358 978 videri'medici
2391 923 2583 978 carnis
2614 925 2984 980 erubescunt.
3035 931 3181 980 Sunt
3233 927 3407 982 etiam
3441 945 3581 983 non-

1942 1013 2082 1067 nulli
2120 1014 2218 1083 qui
2251 1015 2402 1067 intra
2422 1018 2685 1067 sanctam
2710 1013 3028 1068 Ecclesiam
3045 1031 3146 1086 per
3165 1015 3418 1086 speciem
3439 1017 3584 1089 regi-

1940 1103 2117 1156 minis
2147 1102 2390 1172 gloriam
2410 1103 2683 1156 affectant
2699 1102 2935 1156 honoris
2955 1121 2966 1168 ;
2989 1103 3169 1158 videri
3194 1104 3457 1162 doctores
3479 1122 3581 1178 ap-

1939 1198 2162 1262 petunt,
2199 1192 2605 1245 transcendere
2639 1195 2876 1246 caeteros
2930 1192 3375 1263 concupiscunt,
3435 1200 3580 1250 atte-

1937 1286 2125 1335 stantc
2145 1282 2385 1334 veritate
2401 1281 2618 1350 primas
2635 1280 3262 1352 salutationes,primos
3286 1283 3580 1339 recubitus

1936 1370 1992 1423 in
2025 1370 2456 1438 cu:nis,primas
2491 1370 2546 1422 in
2580 1370 2958 1424 conventibus
2981 1370 3290 1426 cathedras
3311 1377 3580 1442 quaerunt

1939 1459 2153 1526 (Matth.
2189 1459 2411 1527 xxm,2)
2449 1476 2459 1522 ;
2493 1459 2593 1528 qui
2626 1464 2907 1529 susceptae
2939 1476 3088 1513 curas
3123 1459 3429 1530 pastoralis
3452 1462 3579 1515 olli-

1938 1548 2007 1601 cii
2044 1547 2380 1601 ministrare
2411 1547 2585 1616 digne
2619 1551 2777 1601 tanto
2810 1547 2998 1618 magis
3023 1553 3577 1620 nequeunt,quanto

1937 1637 2006 1691 ad
2037 1635 2388 1690 humilitatis
2421 1634 2826 1706 magisterium
2857 1653 2925 1691 ex
2954 1636 3078 1691 sola
3103 1636 3350 1692 elatione
3383 1654 3577 1709 perve-

1936 1730 2166 1778 nerunt.
2199 1724 2329 1794 Ipsa
2361 1724 2578 1794 quippe
2610 1723 2666 1777 in
2701 1724 3039 1794 magisterio
3067 1722 3268 1795 lingua
3327 1725 3577 1780 confun-

1935 1813 2113 1879 ditur,
2144 1815 2379 1884 quando
2410 1812 2566 1867 aliud
2601 1813 2816 1868 dicitur
2844 1818 2902 1868 et
2935 1813 3091 1868 aliud
3126 1815 3578 1869 docetur.»Hinc

1858 1934 1904 1998 B
1933 1903 2182 1958 Jacobus
2216 1918 2227 1956 :
2265 1904 2439 1956 Nolite
2465 1904 2649 1972 plures
2708 1903 2961 1972 magistri
3013 1902 3146 1972 ﬁeri
3190 1905 3392 1972 fratres
3446 1904 3574 1973 mei,

1934 1994 2164 2048 scientes
2223 1992 2483 2060 quoniam
2559 1994 2744 2061 majus
2803 1990 3078 2060 judicium
3143 1992 3363 2046 sumitis
3439 1994 3574 2061 (Jac.

1936 2099 2018 2142 ιιι,
2059 2081 2127 2150 1).

2009 2170 2149 2223 Item
2179 2167 2492 2237 Gregorius
2523 2185 2540 2220 :
2580 2190 2599 2214 ι
2634 2165 2740 2228 Qui
2775 2165 2954 2221 sacris
2987 2165 3169 2221 nescit
3222 2166 3457 2220 obedire
3487 2181 3579 2220 ca-

1941 2258 2236 2324 monibus,
2274 2273 2377 2310 nec
2410 2255 2590 2309 sacris
2622 2255 2697 2308 sit
2727 2255 2942 2324 dignus
2993 2254 3402 2309 administrare
3434 2253 3576 2309 alta-

1936 2348 2122 2402 ribus.
2156 2346 2279 2399 Non
2315 2346 2485 2398 debet
2518 2343 2754 2398 honoris
2790 2344 3066 2397 ducatum
3127 2346 3442 2414 suscipere,
3475 2343 3575 2414 qui

1937 2437 2122 2490 nescit.
2153 2435 2446 2503 subjectos
2474 2433 2709 2486 tramite
2739 2432 2862 2484 vitae
2897 2431 3152 2486 melioris
3185 2431 3410 2502 praeire.
3443 2454 3469 2480 »
3509 2435 3577 2485 Et

1940 2543 2146 2578 rursus
2183 2542 2194 2578 :
2233 2547 2256 2572 ‹‹
2294 2522 2454 2577 Sicut
2487 2520 2673 2592 iniqui
2707 2525 2763 2575 et
2793 2525 3123 2591 peccatores
3183 2519 3576 2574 ministerium

1938 2613 2303 2668 sacerdotale
2335 2609 2567 2681 assequi
2602 2609 2942 2680 prohibetur
2973 2610 3052 2664 ita
3108 2609 3322 2664 indocti
3383 2613 3440 2663 et
3468 2608 3583 2663 im-

1936 2701 2105 2772 periti
2138 2700 2240 2754 tali
2276 2699 2468 2753 ofﬁcio
2501 2697 2897 2763 retrahuntur,
2939 2697 3026 2752 Illi
3084 2698 3240 2752 enim
3299 2696 3582 2768 exemplis

1936 2792 2024 2847 sui
2058 2791 2233 2844 vitam
2267 2790 2556 2842 bonorum
2589 2791 2974 2857 corrumpunt
3029 2785 3125 2840 isti
3184 2802 3293 2839 sua
3347 2785 3580 2856 ignavia

1936 2881 2139 2951 iniquo
2173 2878 2469 2946 corrigere
2503 2875 2791 2930 nesciunt.
2828 2874 2973 2940 Quid
3011 2875 3166 2928 enim
3195 2875 3400 2929 docere
3426 2877 3586 2944 pote-

1937 2975 2073 3024 runt
2105 2969 2259 3039 quod
2294 2983 2407 3020 non
2441 2966 2812 3019 didicerunt?
2842 2963 3082 3019 Desinat
3113 2963 3306 3018 locum
3339 2962 3585 3018 docendi

1935 3059 2230 3129 suscipere
2263 3055 2362 3126 qui
2397 3054 2581 3110 nescit
2605 3052 3173 3124 docerngnorantia
3194 3053 3410 3124 quippe
3436 3069 3586 3123 pra:-

1935 3147 2130 3202 sulum
2164 3146 2290 3199 vitae
2321 3161 2432 3198 non
2487 3141 2756 3212 congruit
2784 3142 3180 3211 subjectorum
3225 3159 3238 3196 :
3277 3164 3304 3188 ››
3335 3140 3402 3194 Et
3432 3139 3570 3194 alibi

1934 3240 2104 3306 (part.
2143 3253 2180 3288 ιι
2215 3235 2314 3288 .‘ib.
2365 3235 2509 3302 past.
2557 3247 2682 3300 cap.
2718 3232 2771 3299 3)
2807 3248 2822 3282 :
2856 3253 2880 3277 α
2909 3229 2995 3283 Sit
3049 3233 3236 3284 rector
3292 3227 3584 3282 discretus

1938 3320 2442 3386 silentio,humilis
2475 3321 2533 3373 in
2565 3319 2759 3386 verbo,
2795 3335 2865 3371 ne
2896 3325 2998 3371 aut
3022 3317 3266 3370 tacenda
3297 3316 3582 3387 proferat:

1937 3417 2037 3467 aut
2071 3410 2412 3482 proferenda
2447 3410 2652 3460 taceat.
2671 3406 2816 3458 Nam
2849 3405 3000 3457 sicut
3032 3403 3268 3456 incauta
3298 3400 3586 3456 locutioin

1936 3517 2190 3556 errorem
2219 3496 2525 3568 pcrtrahit,
2545 3496 2623 3547 ita
2642 3493 3022 3546 indiscretum
3052 3491 3349 3546 silentium
3365 3489 3588 3562 hosqui

1937 3589 2154 3644 erudiri
2186 3590 2451 3652 poterant
2479 3583 2534 3637 in
2560 3599 2750 3637 errore
2768 3579 3307 3651 derelinquit.Saepe
3333 3595 3590 3649 namque

1940 3682 2190 3732 rectores
2251 3673 2558 3744 improvidi
2629 3671 2949 3726 humanam
3008 3669 3275 3723 amittere
3333 3667 3589 3740 gratiam

2780 3757 3590 3828 .......Caecuspastor

1940 3858 2050 3919 est,
2078 3852 2176 3923 qui
2206 3867 2472 3922 supernae
2509 3851 2704 3904 lumen
2739 3864 2878 3902 cons
2920 3890 2931 3900 .
2982 3890 2993 3900 .
3041 3888 3053 3900 .
3101 3889 3113 3901 .
3160 3890 3172 3902 .
3219 3888 3230 3900 .
3276 3889 3289 3901 .
3336 3887 3349 3900 .
3396 3889 3409 3901 .
3457 3888 3468 3898 .
3514 3886 3526 3899 .
3574 3890 3588 3902 .

1947 3985 1957 3995 .
2005 3984 2017 3994 .
2065 3985 2076 3994 .
2125 3983 2135 3994 .
2184 3983 2195 3993 .
2244 3982 2256 3994 .
2305 3982 2315 3992 .
2364 3981 2375 3992 .
2427 3983 2438 3992 .
2484 3981 2494 3992 .
2546 3935 3036 4006 .praesentisvitae
3064 3934 3322 3990 tenebris
3350 3951 3590 4005 pressus

1942 4033 2081 4084 dum
2114 4032 2417 4084 venturam
2453 4026 2641 4080 lucem
2678 4041 3049 4094 nequaquam
3098 4022 3418 4093 dilligendo
3451 4039 3589 4076 con-

1944 4110 3590 4190 spicit...................ait:Parvo

1945 4212 2137 4261 autem
2173 4222 2313 4258 naso
2346 4207 2435 4256 est
2467 4201 2565 4272 qui
2601 4201 2671 4254 ad
2707 4199 3017 4253 tenendam
3069 4213 3408 4252 mensuram
3467 4197 3590 4250 dis-

1945 4294 2219 4350 cretionis
2251 4293 2496 4346 idoneus
2529 4306 2640 4343 non
2667 4291 2774 4342 est.
2824 4286 3059 4355 Nosque
3117 4286 3336 4356 quippe
3383 4284 3592 4339 odores

1948 4385 2274 4452 fetoresque
2305 4377 2714 4433 discernimus.
2738 4375 2909 4428 Recte
2938 4389 3074 4445 ergo
3107 4389 3209 4443 per
3239 4386 3449 4425 nasum
3473 4371 3593 4424 dis-

1948 4474 2123 4529 cretio
2157 4469 2522 4540 exprimitur,
2556 4484 2657 4538 per
2688 4482 2864 4537 quam
2886 4465 3128 4518 virtutes
3158 4460 3456 4532 eligimus,
3489 4459 3588 4512 de-

1949 4563 2085 4617 licta
2120 4559 2524 4629 reprobamus.
2560 4580 2581 4607 ι
2621 4557 2684 4609 Et
2720 4570 2926 4609 rursus
2956 4570 2967 4606 :
3003 4575 3030 4600 ‹‹
3090 4551 3314 4606 Durum
3373 4547 3594 4618 quippe

182 4663 489 4716 pascorum
528 4649 630 4718 qui
662 4650 804 4703 dum
832 4651 1061 4705 mentiri
1113 4667 1172 4705 se
1206 4652 1502 4714 nesciunt,
1538 4669 1665 4721 quae
1725 4668 1838 4704 non
1873 4659 1917 4723 Ι)
1949 4656 2037 4706 est
2068 4654 2133 4704 ut
2165 4647 2264 4719 qui
2317 4645 2500 4700 nescit
2556 4650 2752 4698 tenere
2813 4639 3216 4696 moderamina
3269 4636 3397 4692 vitae
3454 4653 3596 4705 suae,

178 4733 524 4791 didicerunt
555 4737 766 4790 docere
789 4739 1241 4809 concupiscunt:
1271 4739 1368 4808 qui
1395 4740 1623 4809 pondus
1650 4738 1834 4808 magi-

177 4824 334 4878 sterii
359 4829 534 4879 tanto
561 4823 748 4878 levius
770 4826 1061 4880 aestimant
1084 4828 1318 4896 quando
1341 4827 1455 4881 vim
1482 4827 1833 4896 magnitudi-

178 4911 265 4966 nis
298 4911 465 4967 illius
505 4912 881 4983 ignorant.Ut
911 4915 1006 4984 qui
1032 4914 1246 4969 indocti
1279 4933 1343 4969 ac
1378 4915 1703 4986 praecipites
1736 4916 1834 4969 do-

178 4998 373 5053 ctrinae
403 5016 610 5055 arcem
636 5005 831 5054 tenere
853 5006 1194 5072 appetunt,a
1217 5003 1693 5074 praecipitationis
1720 5021 1836 5057 suae

178 5089 424 5144 ausibus
457 5088 522 5142 in
557 5088 691 5159 ipsa
713 5087 1021 5145 locutionis
1045 5092 1231 5162 janua
1262 5091 1643 5163 repelluntur.
1667 5091 1840 5148 Nulla

179 5190 270 5231 ars
301 5178 506 5233 doceri
540 5178 946 5249 praesumitur,
982 5179 1093 5234 nisi
1125 5185 1288 5236 tanta
1318 5182 1427 5251 (48)
1462 5181 1624 5251 prius
1663 5180 1840 5234 medi-

180 5267 400 5322 tatione
433 5255 838 5323 discatur.Ab
867 5268 1152 5340 imperitis
1183 5286 1321 5341 ergo
1355 5269 1644 5340 pastorale
1669 5268 1844 5340 magi-

180 5356 429 5412 sterium
466 5374 588 5427 qua
614 5355 938 5411 temeritate
966 5359 1607 5430 suscipiturPQuoniam
1640 5363 1727 5412 est
1749 5375 1843 5412 ars

182 5446 426 5512 artium,
462 5443 738 5516 regimen
771 5445 1279 5514 animarum.Quis
1320 5452 1512 5502 autem
1544 5447 1844 5517 cogitatio-

259 5571 374 5641 (4³7)
408 5565 786 5641 Pasti-illata.
848 5568 946 5641 llic
990 5573 1162 5625 etiam
1226 5571 1415 5636 nobis,
1452 5589 1552 5625 nec
1605 5573 1846 5624 fortasse.

183 5636 1015 5768 iligmiumjndulsimusﬁam
1051 5643 1157 5698 hoc
1190 5644 1316 5699 loco
1343 5643 1845 5714 legebaturpostu—

241 5721 317 5768 ta.

1941 4740 2124 4810 judex
2156 4739 2282 4790 vitae
2316 4736 2417 4788 ﬁat
2447 4733 2670 4788 alienae.
2716 4731 2878 4786 Unde
2908 4733 3061 4784 recte
3118 4743 3220 4798 per
3249 4725 3596 4798 prophetam

1948 4828 2165 4883 dicitur
2200 4844 2211 4880 :
2246 4822 2654 4892 Mortiﬁcabant
2693 4821 2910 4874 animas
2967 4832 3092 4887 quae
3125 4833 3233 4871 non
3282 4815 3598 4870 moriuntur

1947 4923 1996 4971 et
2036 4914 2393 4983 m'vi/irabant
2424 4914 2642 4966 animas
2655 4925 2780 4980 quae
2797 4925 2901 4962 non
2921 4909 3110 4962 vivunt
3133 4904 3592 4976 (Ez-ech.xm,19).

1951 5007 2076 5060 Non
2111 5002 2424 5056 morientes
2456 5000 2669 5070 quippe
2704 4997 3039 5060 mortiﬁcat,
3063 4995 3162 5066 qui
3189 4995 3415 5065 justum
3435 4992 3596 5045 dam-

1949 5097 2066 5156 nat,
2112 5095 2170 5145 et
2199 5107 2313 5144 non
2347 5087 2637 5142 victurum
2694 5085 2984 5139 viviﬁcare
3038 5083 3263 5147 nititur,
3297 5080 3396 5150 qui
3429 5093 3593 5132 reum

1950 5199 1980 5234 a
2014 5178 2304 5250 supplicio
2365 5175 2584 5230 solvere
2642 5177 2903 5228 conatur.
2967 5192 2994 5220 ››
3058 5169 3316 5225 Isidorus
3369 5165 3495 5237 (lib.
3533 5181 3595 5219 ιιι

1950 5271 2102 5325 Sent.
2136 5283 2184 5320 c.
2217 5265 2332 5332 36.)
2365 5285 2392 5311 «
2449 5264 2592 5315 Tam
2654 5261 2918 5316 doctrina
2973 5274 3147 5330 quam
3206 5255 3327 5310 vita
3384 5252 3600 5308 clarere

1951 5358 2120 5411 debet
2153 5349 2584 5409 ecclesiasticus
2615 5350 2819 5403 doctor
2846 5366 2858 5402 :
2881 5363 3016 5402 nam
3049 5344 3312 5399 doctrina
3329 5341 3456 5397 sine
3484 5341 3604 5395 vita

1956 5448 2322 5512 arrogantem
2361 5438 2571 5502 reddit,
2603 5438 2723 5490 vita
2750 5438 2876 5490 sine
2907 5433 3169 5491 doctrina
3218 5430 3489 5485 inutilem
3522 5429 3604 5482 fa-

2028 5567 2137 5628 (43)
2171 5567 2406 5619 lntcnta.
2451 5560 2622 5620 Editi,
2658 5562 2716 5611 in.
2746 5567 2889 5612 tenta
2925 5556 3077 5628 quod
3103 5570 3235 5608 cum
3264 5569 3379 5607 non
3413 5549 3601 5622 place-

1960 5643 2062 5707 ret,
2097 5636 2177 5690 sic
2207 5632 2672 5699 ememlavinius,
2707 5634 2770 5682 ut
2801 5629 2979 5682 vides.
