3956 6230
336 431 412 498 83
1356 441 1692 504 ATTONIS
1736 435 2319 502 VERCELLENSIS
2366 438 2721 501 EPISCOPI
3664 439 3757 500 84

338 570 437 627 cit.
478 591 499 623 ι
537 574 683 630 Item
714 571 898 646 (Idem
930 572 1095 645 ibid.,
1131 591 1255 649 cap.
1285 573 1374 646 46)
1410 590 1424 630 :
1459 598 1487 627 ‹‹
1510 576 1850 632 Sacerdotes
1872 589 1974 645 po-
2003 571 2060 639 Α
2088 570 2383 641 cogitatum
2416 573 2570 627 tuum
2615 571 2676 627 in
2732 569 2961 628 Domino
2988 577 3041 627 et
3096 568 3211 642 ipse
3267 569 3509 627 enutriet
3562 567 3757 639 (Psal.

339 658 612 732 pulcrum
641 661 951 735 iniquitate
1008 664 1381 735 damnantur,
1433 665 1481 720 si
1540 682 1639 720 eos
1693 667 1795 719 aut
1822 663 1980 735 igno-

340 754 537 806 rantes
568 769 682 807 non
712 753 1003 818 erudiant,
1036 758 1138 808 aut
1193 758 1499 825 peccantes
1532 770 1647 809 non
1708 754 1979 823 arguant.

346 840 620 896 Testante
649 842 895 897 Domino
947 843 1017 897 ad
1075 842 1419 914 prophetam
1455 860 1468 897 :
1502 843 1905 913 Speculatorem
1934 847 1983 894 te

344 927 470 983 dedi
498 930 691 985 domus
720 931 906 985 Israel.
933 931 1001 985 Si
1021 946 1127 985 non
1155 932 1335 1002 fueris
1395 931 1605 986 locutus
1672 938 1727 984 ut
1783 943 1839 983 se
1884 945 1983 983 cu-

344 1018 549 1073 stodiat
579 1019 787 1090 impius
814 1036 844 1073 a
870 1020 955 1073 via
984 1035 1106 1088 sua,
1141 1021 1236 1074 ille
1294 1022 1352 1075 in
1408 1021 1698 1090 iniquitate
1747 1034 1849 1073 sua
1877 1033 1986 1072 mo-

346 1107 524 1162 rietur
554 1129 573 1173 ,-
602 1109 926 1178 sanguinem
957 1124 1082 1164 vero
1112 1110 1230 1179 ejus
1260 1110 1328 1165 de
1355 1125 1525 1164 manu
1579 1116 1673 1164 tua
1701 1108 1986 1178 requiram

345 1195 564 1263 (Ezech.
599 1213 798 1262 χχχιιι,
830 1197 907 1268 7).
947 1220 974 1247 ››
1031 1201 1282 1270 Prosper
1311 1198 1451 1266 (sive
1504 1196 1723 1253 Julian.
1784 1196 1985 1251 Pome-

346 1283 487 1351 rius,
519 1283 557 1338 l.
592 1303 608 1339 ι
638 1286 702 1341 de
752 1287 1093 1358 Contemplat
1126 1290 1240 1343 vita
1297 1304 1347 1343 c.
1406 1288 1497 1357 20)
1532 1305 1545 1342 :
1583 1309 1609 1336 ‹‹
1641 1285 1804 1351 Quod
1858 1300 1989 1339 vero

344 1372 485 1428 dicit
514 1374 853 1445 Apostolus,
886 1380 952 1431 ut
981 1393 1088 1431 nos
1141 1376 1392 1431 formam
1452 1376 1769 1431 debeamus
1830 1371 1989 1428 exhi-

346 1461 482 1517 bere
515 1462 787 1518 fidelibus
821 1464 961 1535 quid
1005 1464 1221 1519 valebit
1278 1466 1325 1519 si
1383 1464 1432 1519 is
1486 1464 1579 1520 cui
1638 1463 1722 1519 vel
1779 1460 1990 1517 exhor-

349 1550 510 1605 tandi
543 1551 749 1617 bonos,
782 1552 869 1607 vel
902 1553 1227 1625 castigandi
1261 1553 1445 1609 malos
1477 1570 1619 1609 cura
1676 1551 1995 1608 commissa

350 1642 459 1707 est,
491 1639 638 1695 bene
666 1639 910 1695 vivendo
969 1657 1030 1695 se
1086 1641 1437 1697 imitandum
1496 1641 1666 1696 bonis
1724 1658 1836 1696 non
1899 1656 1993 1694 ex-

351 1726 569 1795 hibeat,
628 1734 685 1783 et
742 1728 929 1785 malos
985 1731 1225 1786 tacendo
1286 1747 1399 1786 non
1457 1734 1664 1802 arguat
1703 1730 1730 1784 ?
1762 1752 1789 1779 »
1821 1729 1997 1785 Miror

351 1832 490 1888 ergo
521 1833 639 1888 qua
668 1817 828 1873 inani
858 1818 1213 1875 deludantur
1243 1819 1588 1885 intentione,
1646 1819 1745 1889 qui
1803 1817 1996 1873 Domi-

354 1903 549 1959 nicam
583 1906 1067 1979 parvipendentes
1097 1924 1427 1977 censuram,
1454 1907 1893 1978 qualescunque
1924 1905 1995 1962 ad

362 1992 751 2064 episcopalem
784 1995 1122 2067 dignitatem
1155 1995 1366 2068 eligere
1410 2000 1861 2067 queerunt,quos
1878 1994 1994 2050 sibi

353 2080 542 2151 magis
573 2082 764 2150 utiles,
796 2100 973 2153 quam
1008 2084 1271 2140 Ecclesia:
1305 2085 1641 2155 profuturos
1690 2083 1994 2155 suspican-

351 2171 466 2222 tur.
504 2168 663 2225 Uude
722 2187 871 2242 saepe
926 2171 1154 2228 evenire
1212 2171 1380 2238 solet,
1439 2176 1504 2226 ut
1566 2188 1668 2227 nec
1727 2171 1994 2227 Ecclesiae

351 2272 660 2329 congruos,
692 2274 796 2314 nec
827 2258 939 2314 sibi
968 2260 1259 2331 proﬁcuos
1289 2259 1547 2314 sentiant
1579 2276 1591 2313 :
1625 2264 1684 2314 et
1721 2260 1862 2312 dum
1893 2274 1996 2329 pro

352 2361 554 2401 amore
612 2344 873 2401 hominis
932 2352 1116 2402 Deum
1189 2348 1480 2402 offendere
1535 2363 1650 2402 non
1703 2350 1994 2420 metuunt,

361 2431 434 2487 ab
466 2432 617 2504 ipsis
646 2433 837 2489 solent
861 2434 1039 2490 etiam
1080 2435 1301 2507 perpeti
1332 2435 1632 2506 injuriam,
1690 2452 1804 2506 quo
1860 2451 1996 2489 con-

358 2523 451 2575 tra
475 2521 574 2577 Dei
608 2513 821 2577 nutu‘m
848 2524 1175 2595 provehunt
1205 2524 1275 2579 ad
1305 2524 1638 2579 cathedram
1667 2542 1680 2590 ;
1706 2528 1769 2579 ut
1791 2523 1997 2578 merito

356 2623 419 2664 se
449 2625 644 2665 errare
675 2610 925 2675 doleant,
961 2612 1059 2683 qui
1090 2611 1189 2666 Dei
1231 2611 1508 2667 honorem
1568 2628 1674 2667 suo
1705 2629 1819 2667 non
1852 2628 1996 2684 pras-

354 2704 694 2769 posuerant.
755 2701 919 2755 Unde
976 2701 1184 2756 beatus
1216 2701 1556 2757 Ambrosius
1614 2701 1694 2757 ait
1748 2700 1872 2772 (lib.
1935 2719 1997 2756 ιιι

357 2786 519 2859 Offic.
549 2804 598 2843 c.
638 2788 722 2860 16)
758 2806 770 2844 :
805 2812 832 2839 ‹‹
868 2789 994 2846 Non
1035 2793 1225 2861 potest
1278 2789 1498 2845 homini
1562 2790 1788 2845 amicus
1845 2806 1994 2857 esse,

355 2876 456 2948 qui
489 2876 606 2933 Deo
638 2877 814 2933 fuerit
840 2877 1079 2933 infidus.
1113 2901 1142 2927 »
1173 2878 1229 2933 Si
1268 2879 1424 2934 enim
1482 2879 1806 2935 secundum
1868 2878 2000 2933 bea-

356 2968 487 3020 tum
515 2964 884 3037 Apostolum,
918 2967 1058 3036 Quid
1083 2982 1316 3038 oremus,
1351 2972 1409 3022 ut
1462 2971 1671 3037 oportet
1724 2969 2000 3023 nescimus

359 3054 535 3125 (Rom.
569 3071 693 3123 VIII,
722 3056 812 3128 26)
844 3056 1135 3128 quomodo
1167 3056 1315 3112 scire
1344 3072 1664 3128 possumus
1699 3099 1713 3112 .
1794 3098 1807 3111 .
1889 3096 1901 3110 .
1983 3097 1996 3109 .

360 3248 490 3305 quae
519 3233 1178 3301 evideant,ita1‘uerunt
1253 3276 1265 3289 .
1345 3275 1361 3291 .
1442 3274 1454 3288 .
1536 3276 1549 3288 .
1631 3276 1644 3288 .
1726 3274 1739 3288 .
1819 3274 1834 3289 .
1915 3274 1928 3287 .
1984 3274 1997 3287 .

360 3363 375 3380 .
458 3365 472 3378 .
554 3365 566 3377 .
648 3364 660 3378 .
744 3365 757 3377 .
838 3365 850 3379 .
932 3364 945 3377 .
1026 3364 1039 3377 .
1122 3364 1135 3377 .
1214 3364 1227 3377 .
1309 3364 1321 3377 .
1403 3364 1415 3377 .
1495 3319 1999 3378 sinostrassolius

355 3428 506 3468 curae
536 3410 1145 3468 committamus.Hinc
1178 3428 1306 3467 raro
1336 3411 1575 3467 omnino
1596 3409 1999 3481 eveniet,quod

352 3517 458 3574 pro
536 3543 550 3556 .
631 3542 645 3556 .
727 3542 740 3554 .
820 3542 833 3555 .
915 3543 928 3555 .
1009 3542 1022 3555 .
1105 3542 1119 3555 .
1200 3543 1213 3555 .
1288 3542 1308 3554 .
1390 3542 1402 3555 .
1479 3500 2001 3570 Primumquarite

352 3605 591 3658 regnum
618 3590 723 3645 Dei
751 3597 801 3644 et
818 3590 1099 3661 justitiam
1128 3590 1247 3661 ejus
1276 3592 1326 3643 et
1358 3588 1475 3645 hac
1512 3590 1700 3645 omnia
1728 3588 1997 3658 adjicien-

350 3681 444 3734 tur
473 3678 625 3733 vobis
655 3677 859 3743 (Matth.
892 3694 968 3745 νι,
999 3678 1109 3748 33).
1142 3676 1366 3749 Siquis
1410 3720 1424 3732 .
1508 3718 1520 3730 .
1602 3719 1615 3731 .
1701 3716 1714 3728 .
1795 3715 1808 3729 .
1887 3716 1900 3729 .
1983 3714 1997 3729 .

355 3766 472 3823 sari
500 3764 826 3834 tentaverit,
859 3769 923 3820 ut
968 3766 1080 3822 sibi
1138 3766 1447 3838 profutura
1490 3765 1715 3836 absque
1770 3762 2001 3834 justitia

357 3854 931 3926 quaerant,seipsum
962 3855 1263 3910 destruere
1318 3894 1331 3908 .
1415 3895 1427 3908 .
1507 3894 1521 3908 .
1605 3894 1617 3905 .
1700 3894 1713 3907 .
1794 3894 1807 3908 .
1888 3896 1901 3907 .
1983 3895 1997 3907 .

358 3928 622 3999 stabilire
651 3941 880 3998 valebit.
912 3943 1006 3998 Ait
1034 3943 1191 3998 enim
1226 3943 1350 4013 ipse
1382 3942 1452 3996 de
1510 3939 1688 3995 divite
1747 3940 2002 4012 plurima

358 4031 469 4088 sibi
500 4030 559 4086 in
584 4031 779 4087 futuro
834 4032 1207 4103 promittente
1240 4047 1253 4085 :
1286 4030 1482 4095 Stulte,
1540 4030 1643 4084 hac
1697 4034 1858 4084 nocte
1913 4045 1999 4085 re-

351 4125 538 4193 petent
561 4123 805 4176 animam
836 4129 1008 4185 tuam,
1039 4136 1159 4190 qum
1190 4127 1379 4174 autem
1403 4120 1633 4190 parasti
1661 4119 1816 4188 cujus
1841 4122 2002 4173 erunt

358 4211 505 4283 (Luc.
537 4227 639 4277 x11,
670 4210 782 4281 20.)
815 4194 883 4264 Et
916 4208 1054 4265 alibi
1089 4227 1101 4265 :
1140 4209 1330 4263 Omnis
1353 4207 1632 4278 plantatio
1679 4223 1844 4277 quam
1890 4223 2002 4263 non

354 4299 634 4371 plantavit
662 4301 832 4354 Pater
860 4314 1011 4353 meus
1040 4298 1291 4362 caelestis,
1340 4295 1722 4352 eradicabitur
1772 4295 1997 4365 (Matth.

354 4407 451 4459 xv,
483 4389 592 4460 13).
626 4388 697 4442 Et
726 4403 933 4443 rursus
969 4402 983 4442 :
1017 4388 1128 4455 Qui
1154 4402 1371 4440 mecum
1398 4399 1507 4438 non
1539 4391 1637 4451 est,
1696 4391 1886 4438 contra
1913 4401 2003 4441 me

352 4488 431 4535 est
460 4498 481 4545 ;
511 4486 563 4533 et
594 4478 696 4548 qui
723 4492 837 4531 non
866 4475 1077 4545 colligit
1106 4489 1337 4539 mecum,
1373 4473 1591 4543 spargit
1621 4472 1840 4543 (Matth.
1895 4490 1996 4542 xu,

353 4568 465 4639 30).
499 4567 569 4622 Et
597 4565 858 4621 Joannes
888 4563 1151 4635 Baptista
1184 4579 1197 4617 :
1230 4562 1398 4616 Nemo
1428 4564 1601 4631 potest
1628 4560 1856 4627 habere,
1887 4563 2001 4617 nisi

2090 676 2199 727 LIV,
2249 661 2364 732 23-)
2412 660 2481 716 Et
2532 660 2670 716 item
2704 678 2717 716 :
2751 661 3013 715 Dominus
3064 660 3166 715 scit
3218 661 3571 731 cogitationes
3635 659 3760 715 h0-

2100 750 2318 803 minum
2346 752 2607 819 quoniam
2654 764 2814 806 vana:
2867 756 2995 803 sunt
3050 748 3221 820 (Psal.
3286 765 3442 816 xum,
3507 749 3617 816 11).
3678 748 3765 803 Et

2095 836 2233 893 alibi
2270 854 2283 892 :
2315 839 2440 894 Nisi
2468 840 2727 893 Dominus
2757 838 3114 909 aediﬁcaverit
3135 838 3384 904 domum,
3417 839 3475 892 in
3534 854 3763 892 vanum

2104 926 2485 982 laboraverunt
2514 929 2611 997 qui
2637 927 2917 998 aediﬁcant
2945 944 3065 983 eam
3122 927 3290 998 (Psal.
3351 942 3536 992 cxxvx,
3574 928 3648 993 1).
3680 929 3767 981 Et

2094 1015 2273 1071 Isaias
2305 1014 2431 1071 ait:
2471 1017 2553 1071 νω
2600 1017 2709 1085 ﬁlii
2762 1016 3082 1081 desertores,
3135 1016 3272 1072 dicit
3325 1016 3616 1071 Dominus.
3681 1020 3756 1071 ut

2094 1106 2345 1175 [aceritis
2374 1106 2688 1177 consilium,
2719 1115 2770 1160 et
2799 1122 2906 1161 non
2933 1122 3004 1159 ea:
3031 1121 3137 1170 me,
3198 1112 3255 1159 ut
3301 1109 3351 1160 et
3405 1104 3765 1161 ardiremini

2096 1194 2289 1258 telam,
2323 1199 2373 1248 et
2401 1209 2507 1249 non
2534 1210 2634 1265 per
2661 1197 2921 1266 spiritum
2952 1210 3135 1249 meum
3190 1194 3346 1263 (Isai.
3406 1210 3539 1261 xxx,
3570 1196 3646 1261 1).
3677 1193 3762 1248 Et

2100 1283 2312 1338 iterum
2345 1298 2358 1338 :
2391 1284 2594 1338 Fecisti
2624 1284 2833 1338 malum
2863 1285 2921 1337 in
2949 1283 3120 1337 oculis
3149 1284 3303 1349 meis,
3337 1291 3387 1337 et
3417 1296 3541 1355 qua?
3588 1281 3767 1337 nolui

2100 1372 2339 1442 elegistis
2370 1374 2523 1440 (Isai.
2555 1389 2679 1437 va,
2710 1373 2816 1441 12).
2851 1372 2918 1427 Et
2940 1388 3146 1426 rursus
3181 1388 3192 1427 :
3228 1372 3344 1427 Non
3383 1372 3538 1426 enim
3594 1371 3761 1439 cogi-

2100 1462 2333 1516 tationes
2357 1462 2865 1530 meze,cogitationes
2879 1463 3091 1525 vestrae,
3116 1476 3291 1531 neque
3326 1462 3435 1516 vim
3463 1474 3624 1528 meae,
3647 1460 3766 1513 vise

2101 1553 2318 1613 vestrae,
2349 1549 2481 1603 dicit
2511 1550 2769 1603 Dominus
2821 1550 2971 1618 (Isai.
3027 1566 3115 1614 1.x,
3174 1550 3250 1619 8).
3284 1549 3353 1603 Et
3407 1547 3544 1603 alibi
3583 1564 3595 1603 :
3630 1547 3765 1605 Non

2103 1638 2383 1693 mittebam
2411 1637 2718 1708 prophetas,
2752 1644 2806 1692 et
2836 1638 2946 1709 ipsi
2982 1637 3278 1692 currebant
3334 1637 3548 1706 (Jercm.
3581 1652 3761 1704 XXIII,

2102 1727 2215 1797 21).
2248 1726 2566 1781 Hieremias
2637 1742 2870 1797 quoque
2928 1727 3010 1781 ait
3040 1742 3053 1780 :
3086 1725 3404 1781 Maledictus
3457 1724 3614 1779 homo
3645 1725 3762 1796 qui

2105 1815 2326 1884 conﬁdit
2354 1816 2415 1869 in
2444 1815 2682 1881 homine,
2716 1819 2765 1870 et
2791 1817 2948 1887 ponit
2975 1830 3203 1871 carnem
3260 1814 3545 1871 brachium
3575 1832 3757 1870 suum

2026 1938 2073 2002 Β
2108 1904 2321 1974 (Jerem.
2349 1920 2483 1970 xvu,
2514 1905 2594 1975 5).
2628 1905 2695 1959 Et
2726 1920 2739 1959 :
2784 1904 3109 1959 Benedictus
3167 1906 3251 1959 vir
3293 1904 3389 1975 qui
3433 1903 3659 1974 conﬁdit
3689 1906 3766 1959 in

2107 1994 2361 2059 Domino,
2393 1997 2444 2047 et
2472 1995 2579 2048 erit
2607 1995 2869 2048 Dominus
2918 1993 3121 2063 ﬁducia
3178 1994 3293 2065 ejus
3349 1993 3537 2064 (lbid.,
3570 1994 3649 2065 7).
3684 1995 3771 2050 Et

2102 2081 2243 2137 item
2276 2098 2289 2136 :
2323 2081 2464 2149 Scio,
2496 2083 2742 2149 Domine,
2771 2084 2902 2154 quia
2929 2098 3039 2137 non
3066 2086 3191 2138 sunt
3222 2083 3462 2139 hominis
3492 2085 3601 2140 vise
3622 2084 3753 2153 ejus

2104 2186 2200 2225 nec
2228 2172 2338 2225 viri
2366 2176 2444 2225 est
2460 2175 2523 2225 ut
2540 2170 2869 2237 ambulet,et
2898 2170 3115 2242 dirigat
3134 2187 3352 2243 gressus
3370 2188 3498 2228 suos
3529 2174 3759 2243 (Jerem.

2103 2275 2159 2325 x,
2191 2260 2304 2327 23).
2338 2259 2404 2313 Et
2436 2276 2642 2315 rursus
2675 2275 2687 2313 :
2720 2256 2876 2315 State
2902 2275 3068 2323 super
3122 2260 3239 2315 vias
3268 2270 3323 2316 et
3378 2261 3553 2317 videte
3582 2269 3634 2317 et
3662 2264 3761 2317 in-

2106 2354 2379 2417 terrogate
2409 2347 2475 2402 de
2501 2349 2713 2403 semitis
2749 2349 2994 2419 antiquis
3051 2364 3167 2420 quae
3195 2350 3269 2404 sit
3324 2350 3412 2405 via
3473 2350 3619 2405 bona
3649 2370 3670 2417 ,-
3701 2354 3762 2406 et

2106 2435 2387 2491 ambulate
2416 2437 2476 2490 in
2506 2452 2571 2491 ea
2592 2440 2643 2491 et
2671 2437 2963 2492 invenietis
2994 2438 3346 2507 refrigerium
3398 2440 3622 2509 (Jerem,
3667 2456 3757 2505 v1,

2110 2524 2216 2592 16).
2237 2524 2486 2579 Maxime
2518 2524 2755 2595 quidem
2778 2524 3125 2581 temeritatis
3156 2530 3245 2581 est
3274 2526 3527 2599 gratiam
3560 2527 3758 2583 sancti

2105 2611 2360 2682 Spiritus
2389 2611 2609 2683 injuste
2640 2615 2862 2681 olferre,
2904 2630 3081 2685 quam
3142 2615 3411 2670 novimus
3468 2616 3754 2671 eumdem

2107 2700 2379 2771 spiritum
2415 2700 2655 2756 minime
2685 2702 3051 2772 [conﬁrmare
3086 2728 3101 2769 ;
3137 2719 3240 2759 nec
3271 2720 3512 2760 securus
3557 2708 3761 2776 potest

2107 2805 2236 2845 esse
2264 2789 2336 2844 de
2367 2805 2627 2857 munere,
2660 2789 2761 2861 qui
2793 2790 3134 2862 hujusmodi
3182 2792 3442 2848 officium
3500 2794 3760 2867 suscipit

2105 2876 3755 2950 indlgne]...............

2583 2970 2862 3038 tanquam
2886 2968 3215 3024 Aaron.Sed
3248 2985 3320 3025 ne
3345 2968 3561 3041 aliquis
3642 3012 3655 3024 .
3742 3012 3758 3027 .

2113 3096 2221 3110 ..
2304 3096 2316 3109 .
2398 3096 2412 3110 .
2493 3097 2507 3111 .
2587 3097 2599 3109 .
2681 3094 2696 3109 .
2776 3093 2787 3105 .
2870 3098 2883 3111 .
2964 3096 2977 3110 .
3060 3097 3072 3110 .
3150 3055 3764 3134 odisDominussua

2110 3143 2280 3200 nobis
2310 3144 2599 3199 concessit
2627 3143 2964 3215 perquirere
2994 3146 3289 3202 mandata.
3314 3146 3758 3219 Interrogemus

2115 3238 3755 3310 .............testamentum,

2031 3299 2074 3367 C
2112 3337 2291 3393 quam
2320 3320 2494 3377 etiam
2525 3325 2581 3376 et
2609 3337 2710 3393 per
2742 3321 3580 3397 Evangelium,interrogemus
3610 3299 3747 3398 pro;

2110 3409 2337 3482 phetas,
2369 3408 2796 3483 interrogemus
2841 3410 3157 3484 apostolos,
3196 3411 3629 3485 interrogemus
3661 3431 3759 3471 sa-

2110 3515 2342 3554 crorum
2372 3515 2663 3554 canonum
2694 3498 2903 3571 edicta,
2938 3504 3114 3571 atque
3144 3505 3486 3557 caeterorum
3520 3508 3758 3559 sancto-

2108 3604 2241 3644 rum
2270 3592 2508 3644 Patrum
2540 3592 2780 3655 statuta,
2814 3593 2871 3643 et
2898 3590 3053 3660 quod
3104 3590 3176 3645 ab
3232 3590 3317 3647 eis
3368 3591 3754 3650 didicerimus

2107 3713 2123 3731 .
2207 3716 2220 3730 .
2301 3718 2314 3730 .
2397 3718 2407 3728 .
2490 3718 2503 3731 .
2585 3717 2597 3730 .
2679 3717 2691 3731 .
2773 3718 2786 3731 .
2869 3718 2882 3732 .
2963 3718 2975 3731 .
3053 3678 3380 3734 certissime
3418 3683 3750 3739 teneamus.

2107 3764 2297 3821 Nullis
2327 3765 2489 3821 novis
2520 3764 2780 3821 consiliis
2810 3766 3194 3837 decipiamur,
3228 3771 3294 3823 ut
3325 3783 3394 3823 ea
3449 3785 3578 3839 quae
3638 3770 3753 3843 ipsi

2109 3859 2445 3920 sanxerunt,
2474 3852 2675 3909 violari
2706 3854 2902 3925 aliquo
2926 3856 3096 3910 modo
3127 3872 3408 3911 conemur
3439 3858 3752 3928 :quoniam

2114 3942 2214 4013 qui
2244 3941 2479 3997 illorum
2514 3942 2811 3997 contendit
2840 3941 3058 4015 regulis
3079 3943 3445 4016 impugnare,
3475 3951 3661 4002 restat
3692 3954 3757 4004 ut

2110 4047 2313 4087 eorum
2346 4047 2462 4085 non
2483 4034 2775 4086 mereatur
2803 4030 3162 4087 consortium
3185 4032 3569 4089 obtinere.Ait
3591 4036 3751 4093 enim

2109 4119 2235 4191 ipse
2267 4119 2570 4185 Dominus,
2605 4123 2670 4173 ut
2700 4119 2925 4173 dictum
2958 4122 3046 4175 est
3078 4136 3090 4173 :
3126 4122 3242 4193 Qui
3267 4138 3482 4177 mecum
3507 4139 3622 4179 non
3650 4134 3748 4196 est,

2108 4212 2297 4263 contra
2325 4224 2413 4262 me
2441 4211 2539 4274 est,
2570 4210 2620 4262 et
2648 4210 2746 4279 qui
2800 4224 2910 4263 non
2952 4207 3169 4281 colligit
3220 4213 3433 4282 spargit
3481 4213 3637 4281 (Luc.
3668 4230 3746 4284 xx,

2108 4297 2219 4367 23).
2254 4297 2320 4351 Et
2349 4295 2562 4351 iterum
2596 4312 2610 4351 :
2636 4298 2741 4364 Qui
2768 4312 2879 4353 non
2909 4299 3086 4353 intrat
3110 4314 3213 4370 per
3242 4302 3440 4355 ostium
3485 4302 3546 4356 in
3608 4304 3749 4358 ovile

2107 4384 2198 4440 sed
2229 4384 2453 4439 aliunde
2477 4384 2719 4440 ascendit
2748 4386 2845 4441 ille
2875 4387 2974 4456 fur
3001 4390 3079 4441 est
3106 4395 3157 4442 et
3187 4388 3325 4443 latro
3356 4389 3534 4456 (Joan.
3581 4407 3641 4461 x,
3676 4392 3747 4459 1).

2113 4473 2271 4530 Unde
2300 4478 2355 4527 et
2386 4489 2518 4527 mox
2546 4474 2814 4544 sequitur
2842 4490 2857 4528 :
2887 4476 2997 4544 Ego
3024 4491 3146 4530 sum
3175 4477 3394 4545 ostium,
3423 4492 3528 4548 per
3578 4494 3665 4536 me
3701 4482 3751 4536 si

2110 4564 2233 4634 quis
2264 4562 2556 4617 intraverit
2581 4563 2883 4617 salvabitur
2911 4562 3093 4634 (lbid.,
3124 4564 3200 4635 9).
3248 4567 3317 4619 Et
3372 4572 3574 4621 contra
3604 4567 3751 4623 indi-

360 4654 508 4727 quod
535 4654 588 4709 ei
616 4653 793 4726 fuerit
849 4652 1038 4707 datum
1093 4650 1322 4717 desuper
1380 4650 1556 4718 (Joan.
1610 4666 1723 4717 χιιι,
1785 4650 1891 4722 11).
1937 4654 2004 4705 Et
2033 4663 2081 4727 D
2112 4667 2260 4722 gnos
2285 4654 2547 4720 pastores
2578 4651 2702 4721 ipse
2733 4667 2835 4722 per
2864 4651 3207 4723 prophetam
3231 4653 3743 4725 queritur,dicens:

356 4744 566 4800 beatus
600 4746 809 4798 Petrus
840 4738 1179 4811 apostolus:
1213 4737 1603 4790 Humiliamini
1658 4738 1755 4791 sub
1794 4742 2003 4810 potenti

353 4849 530 4888 manu
562 4832 664 4887 Dei
690 4833 867 4885 utvos
922 4827 1125 4881 exultet
1182 4826 1244 4879 in
1300 4828 1542 4895 tempore
1598 4826 1995 4885 tribulationis.

355 4922 589 4979 Omnem
620 4914 1057 4974 sollicitudinem
1086 4921 1326 4967 vestram
1352 4914 1699 4984 projicientes
1753 4917 1814 4970 in
1852 4932 1997 4984 eum,

353 5011 620 5082 quoniam
649 5007 759 5077 ipsi
787 5018 920 5057 cura
948 5005 1029 5056 est
1056 5000 1122 5055 de
1154 4999 1298 5053 vobis
1328 4998 1374 5070 (ι
1400 5001 1609 5070 Petr.v,
1640 5002 1716 5074 6).
1743 5003 1999 5061 Joannes

354 5112 595 5170 quoque
610 5089 967 5161 evangelista
980 5087 1255 5144 ait:0mne
1267 5089 1461 5144 datum
1486 5090 1827 5161 oplimum,et
1841 5108 2000 5148 omne

352 5185 563 5240 donum
591 5181 887 5249 perfectum
919 5175 1201 5231 desursum
1228 5180 1330 5247 est,
1394 5177 1720 5233 descendens
1778 5198 1807 5233 ιι
1834 5184 2000 5250 patre

357 5272 646 5327 luminum
675 5266 810 5334 (Jac.
848 5280 889 5329 1,
920 5263 1026 5334 17).
1059 5263 1129 5318 Et
1183 5263 1436 5320 Jacobus
1484 5266 1787 5337 apostolus
1820 5284 1833 5321 :
1869 5268 2000 5322 Ecce

349 5373 507 5415 nunc
548 5354 644 5423 qui
672 5352 863 5406 dicitis
892 5367 911 5404 :
945 5351 1106 5407 hodie
1134 5361 1227 5407 aut
1255 5357 1495 5409 crastina
1523 5355 1729 5410 ibimus
1754 5356 1812 5409 in
1844 5355 2003 5409 illam

350 5448 635 5503 civitatem
674 5448 724 5493 et
769 5440 1037 5512 faciemus
1094 5442 1171 5496 ibi
1224 5460 1454 5513 annum,
1516 5448 1570 5499 et
1628 5442 2000 5498 mercabimur

350 5540 402 5590 et
435 5534 653 5585 lucrum
683 5530 963 5597 faciemus.
998 5535 1139 5605 Quae
1172 5534 1319 5587 enim
1376 5535 1490 5588 vita
1546 5538 1725 5585 vestra
1754 5530 1781 5584 ‘l
1828 5532 1999 5601 Vapor

355 5624 434 5675 est
493 5614 569 5669 ad
637 5617 899 5672 modicum
952 5636 1238 5691 apparens,
1295 5622 1546 5690 deinceps
1604 5620 1996 5673 exterminabi-

353 5718 451 5764 tur
501 5705 634 5773 (Jac.
692 5723 764 5777 ιν,
839 5709 943 5779 13),
1014 5708 1325 5765 Psalmista
1390 5724 1622 5780 quoque
1689 5707 1999 5765 aitzlacta

2108 4741 2227 4811 Ipsi
2253 4744 2633 4809 regmaverunt
2656 4740 2705 4792 et
2736 4754 2847 4792 non
2873 4754 2943 4794 ex
2969 4755 3085 4801 me;
3112 4742 3391 4812 principes
3410 4745 3741 4801 exstiterunt

2107 4831 2159 4883 et
2187 4842 2298 4883 non
2329 4828 2558 4895 cognovi
2585 4826 2735 4897 (Osee
2765 4842 2885 4896 vnn,
2920 4828 2993 4898 4).
3048 4827 3209 4883 Unde
3240 4827 3321 4883 ait
3377 4828 3585 4886 beatus
3615 4833 3749 4890 Gre-

2107 4916 2307 4989 gorius
2338 4916 2523 4986 (parte
2552 4931 2571 4968 1
2604 4913 2766 4970 Curae
2790 4920 2955 4986 past.,
2989 4931 3039 4972 c.
3080 4917 3131 4988 1)
3160 4933 3180 4978 ;
3214 4938 3242 4967 «
3274 4916 3352 4971 Ex
3381 4933 3442 4973 se
3474 4936 3746 4993 namque,

2107 5009 2161 5059 et
2196 5020 2311 5058 non
2343 5018 2410 5057 ex
2443 5000 2682 5056 arbitrio
2712 5002 2931 5057 summi
2961 5004 3200 5060 rectoris
3231 5009 3606 5079 regnant,qui
3630 5010 3751 5066 nul-

2107 5091 2182 5147 lis
2213 5090 2343 5146 fulti
2377 5089 3096 5162 virtutibus,nequaquam
3126 5092 3405 5149 divinitus
3435 5097 3748 5167 vocati,sed

2108 5196 2217 5236 sua
2246 5178 2472 5234 accensi
2504 5178 3036 5249 cupidine,culmen
3060 5180 3363 5251 regiminis
3392 5184 3632 5252 rapiunt
3651 5205 3751 5260 po-

2107 5267 2248 5336 tius,
2282 5283 2460 5338 quam
2492 5271 2907 5338 assequuntur.
2944 5288 2972 5317 ››
3006 5267 3248 5323 Inutiles
3278 5285 3534 5342 namque
3560 5290 3749 5332 sacer-

2107 5356 2273 5411 dotes
2303 5356 2568 5411 internus
2596 5356 2778 5411 Judex
2808 5359 2865 5410 et
2894 5353 3254 5426 provehit,et
3283 5373 3397 5412 non
3428 5365 3747 5433 cognoscit,

2108 5444 2247 5516 quia
2273 5461 2420 5515 quos
2451 5442 2839 5515 permittendo
2868 5441 3358 5510 tolerat,profecto
3390 5446 3449 5500 in
3480 5448 3566 5503 eis
3588 5450 3747 5520 judi.

2107 5530 2265 5588 cium
2298 5530 2735 5603 approbationis
2764 5528 3184 5600 ignorat.Unde
3208 5532 3279 5585 ad
3309 5549 3370 5587 se
3391 5535 3747 5605 quibusdam

2108 5636 2211 5691 per
2241 5617 2521 5673 miracula
2548 5616 2912 5673 venientibus
2943 5614 3083 5671 dicit
3116 5632 3128 5670 ε
3162 5620 3407 5676 Recedite
3427 5624 3483 5677 at
3515 5641 3749 5700 me,0pe-

2107 5709 2249 5763 νανίί
2279 5706 2611 5775 iniquitatis,
2645 5705 2820 5760 nescio
2881 5706 2975 5775 qui
3029 5707 3162 5759 estis
3219 5707 3442 5777 (Matth.
3502 5729 3604 5783 vn,
3635 5718 3744 5790 33).
