3956 6230
142 367 213 431 85
1004 371 1106 434 DE
1150 369 1588 435 PRESSURIS
1639 366 2281 432 ECCLESIASTICIS.
2316 399 2388 411 —
2423 365 2624 427 PARS
2667 361 2744 425 Ῑῐ.
3505 356 3584 422 86

139 502 287 561 Sane
339 499 707 573 sciendum,
739 501 877 577 quia
909 508 1049 560 tunc
1103 503 1311 576 poterit
1360 501 1707 576 episcOpalis
1737 518 1823 557 re-
1855 504 1910 570 Α
1941 502 2052 558 mei
2080 503 2139 557 in
2168 502 2375 557 cunctis
2406 497 2678 557 montibus
2706 501 2759 556 et
2789 496 2844 553 in
2876 493 3128 554 universo
3156 489 3299 554 colle
3324 495 3535 553 excelso
3562 511 3582 552 .-

137 594 398 651 verentia
433 610 695 650 manere
725 593 952 650 sincera
997 598 1052 648 et
1083 592 1325 659 illibata,
1360 593 1406 648 si
1440 591 1824 647 ordinationis

139 683 357 738 fuerint
392 683 812 756 competentia
843 685 898 738 in
931 683 1204 739 omnibus
1229 683 1366 751 jura
1399 685 1640 737 servata.
1677 681 1820 735 Nam

141 774 233 844 qui
260 773 556 844 diligenti
579 773 1011 828 examinatione
1030 771 1373 843 regulariter
1390 771 1560 824 fuerit
1582 770 1820 836 electus,

138 878 237 933 pro
269 861 504 917 Christi
562 861 966 917 misericordia
1015 860 1328 927 credimus,
1363 859 1502 929 quia
1551 859 1675 912 suis
1703 857 1820 911 exi-

138 951 440 1006 stentibus
474 949 679 1021 culpis
705 951 799 1004 vix
831 965 1088 1018 unquam
1118 947 1226 1002 erit
1248 948 1525 1017 dejectus.
1551 945 1658 1000 Sed
1685 946 1821 1016 quia

135 1037 475 1110 irreligioso
537 1038 862 1110 eliguntur,
895 1038 1147 1093 inaniter
1195 1037 1562 1099 ordinantur,
1593 1035 1818 1088 inditl'e-

138 1133 332 1182 renter
392 1133 787 1194 accusantur,
844 1127 1062 1196 injuste
1115 1125 1549 1196 opprimuntur,
1602 1123 1818 1194 perfide

135 1215 534 1284 dejiciuntur,
560 1215 874 1270 crudeliter
890 1215 1062 1268 etiam
1083 1213 1398 1285 aliquando
1431 1218 1488 1265 et
1511 1217 1813 1266 necantur.

137 1301 356 1358 Omnia
380 1308 593 1359 tamen
627 1321 754 1374 quae
778 1320 880 1374 pro
913 1301 1014 1357 tali
1046 1301 1246 1357 illicita
1276 1301 1642 1357 ordinatione
1667 1299 1816 1354 mala

138 1392 442 1458 eveniunt,
479 1391 557 1446 ad
590 1391 917 1446 ordinantis
949 1389 1237 1462 pertinere
1271 1389 1592 1462 periculum
1626 1387 1813 1441 mani-

139 1479 364 1535 testum
392 1486 507 1535 est.
539 1481 804 1551 Denique
830 1480 1031 1536 tandiu
1056 1479 1462 1550 inquirendus,
1487 1479 1572 1531 vel
1596 1476 1810 1531 exami-

140 1569 377 1624 nandus
410 1570 532 1640 (49)
550 1573 638 1626 est
669 1569 768 1640 qui
789 1570 858 1623 ad
893 1567 1281 1640 pontiﬁcalem
1308 1567 1660 1638 provehatur
1680 1582 1811 1636 gra-

137 1657 307 1725 tiam,
344 1657 622 1728 quandiu
644 1658 777 1713 talis
813 1658 1141 1712 inveniatur
1169 1657 1267 1728 qui
1301 1673 1402 1728 pro
1433 1655 1555 1709 suis
1588 1654 1810 1708 meritis

139 1746 323 1816 digne
355 1747 433 1801 ab
468 1747 744 1801 omnibus
790 1753 1115 1814 veneretur,
1149 1751 1207 1800 et
1257 1764 1290 1799 a
1338 1746 1570 1800 nemine
1593 1745 1716 1814 jam
1755 1743 1807 1796 in

135 1839 462 1905 posterum
516 1841 816 1890 accusetur
843 1856 856 1903 ς
887 1834 1228 1905 nullamque
1279 1837 1406 1904 ejus
1438 1838 1639 1888 sancta
1669 1850 1806 1887 con-

137 1923 406 1977 versatio
443 1927 680 1994 turpem
715 1923 862 1978 ultra
909 1923 1044 1977 oriri
1077 1923 1376 1994 permittat
1404 1921 1490 1977 vel
1524 1922 1809 1992 suspicio-

137 2025 295 2065 nem.
325 2011 420 2066 Ait
439 2011 604 2066 enim
623 2012 826 2067 beatus
851 2012 1212 2084 Augustinus
1238 2028 1250 2065 :
1277 2035 1302 2059 ‹‹
1325 2011 1430 2076 Qui
1457 2011 1758 2066 Pastorum
1784 2033 1802 2058 υ

142 2116 360 2155 nomen
419 2101 633 2154 audire
683 2100 880 2155 volunt
924 2144 935 2154 .
989 2143 1001 2156 .
1043 2143 1053 2154 .
1107 2143 1118 2153 .
1165 2141 1174 2152 .
1223 2141 1232 2152 .
1282 2142 1292 2153 .
1341 2143 1351 2154 .
1399 2142 1410 2153 .
1456 2100 1601 2167 [Non
1643 2099 1811 2153 debet

143 2187 406 2243 ordinari
444 2189 551 2260 qui
584 2189 842 2260 legitime
872 2189 1056 2258 possit
1086 2189 1367 2243 accusari.
1393 2189 1450 2242 Si
1481 2205 1634 2258 vero,
1659 2193 1719 2241 ut
1750 2188 1808 2241 in

145 2275 364 2332 talibus
399 2278 561 2347 quod
596 2279 767 2348 pejus
789 2277 1015 2332 evenire
1045 2277 1214 2343 solet,
1239 2276 1382 2332 lalsa
1412 2278 1482 2331 ab
1514 2276 1808 2347 aliquibus

141 2365 471 2435 vaniloquii
536 2367 911 2438 postmodum
964 2367 1233 2437 opinione
1283 2365 1614 2432 ventiletur,
1674 2365 1808 2436 ipsi]

147 2495 158 2507 .
207 2495 220 2507 .
267 2495 281 2507 .
333 2497 345 2509 .
395 2497 408 2508 .
457 2497 469 2509 .
518 2496 530 2508 .
579 2496 592 2507 .
638 2496 650 2508 .
698 2497 709 2508 .
757 2497 768 2508 .
816 2497 826 2506 .
872 2455 1107 2526 dignam
1160 2455 1492 2526 iniquitatis
1535 2471 1652 2508 suae
1685 2471 1806 2525 pa:-

144 2559 280 2597 nam
317 2542 641 2614 patiantur.
679 2544 758 2601 De
789 2543 888 2598 illo
919 2547 1113 2599 tamen
1148 2543 1228 2598 nil
1259 2543 1596 2598 indecorum
1633 2547 1807 2613 atque

146 2630 487 2702 [sinistrum
540 2631 661 2687 ullo
707 2633 879 2688 modo
921 2635 1042 2702 jam
1091 2632 1244 2687 ultra
1295 2633 1607 2702 credatur.]
1655 2632 1804 2696 Quo-

146 2721 314 2775 modo
347 2720 510 2775 euim
537 2720 721 2777 libere
753 2721 960 2792 poterit
981 2721 1289 2793 episcopus
1321 2721 1631 2776 stultorum
1654 2737 1805 2775 erro-

140 2823 227 2863 res
281 2810 668 2882 redarguero,
702 2810 748 2863 si
802 2826 862 2866 se
893 2809 1099 2865 timeat
1141 2853 1150 2864 .
1200 2854 1210 2864 .
1260 2851 1271 2864 .
1319 2854 1330 2865 .
1375 2853 1386 2864 .
1437 2853 1448 2864 .
1497 2854 1507 2864 .
1556 2852 1567 2863 .
1613 2854 1624 2865 .
1670 2851 1683 2865 .
1729 2853 1739 2863 .
1788 2853 1799 2864 .

141 2937 152 2948 .
197 2939 208 2950 .
255 2939 266 2951 .
314 2939 325 2952 .
373 2938 385 2951 .
437 2940 450 2953 .
498 2898 798 2969 impediri.
832 2898 1056 2953 Saniori
1101 2904 1454 2970 quapropter
1483 2899 1562 2952 uti
1598 2915 1802 2953 conve-

138 2985 221 3040 nit
251 2987 531 3055 consilio,
569 2992 626 3041 et
655 2987 741 3041 sic
763 2987 1178 3058 omnipotentis
1202 2992 1398 3042 secuta
1435 3005 1545 3042 non
1579 2992 1666 3042 est
1690 2989 1800 3058 (50)

133 3074 428 3143 voluntas,
464 3080 531 3130 ut
578 3076 628 3130 ei
682 3077 772 3146 pia
803 3076 1078 3147 Majestas
1110 3080 1128 3098 ‘
1162 3081 1289 3130 acta
1339 3081 1540 3131 nostra
1588 3078 1804 3147 dirigat

139 3163 434 3218 universa.
472 3165 624 3235 Ejus
656 3165 702 3218 si
736 3166 843 3220 rite
876 3181 1262 3236 assequamur
1309 3165 1630 3230 servitium,
1665 3182 1799 3219 nos-

139 3255 234 3306 tra:
266 3269 507 3324 quoque
528 3253 746 3309 salutis
776 3253 900 3326 ipse
924 3253 1178 3326 perﬁciet
1208 3259 1449 3309 statum.
1479 3258 1642 3308 Decet
1664 3270 1798 3325 ergo
1830 3239 1872 3303 Ο
1912 3260 1962 3310 et
2020 3257 2158 3328 quod
2199 3260 2405 3327 pingue
2456 3265 2505 3312 et
2551 3257 2768 3326 fortius,
2819 3255 3113 3309 custodiam
3171 3271 3190 3308 :

138 3345 334 3397 utnec
376 3343 614 3414 indigni
670 3343 1032 3412 ordinentur,
1068 3361 1171 3398 nec
1220 3343 1467 3398 ordinati
1501 3348 1797 3398 vexentur.

139 3429 416 3502 Talisque
437 3432 556 3503 (51)
575 3432 1207 3504 ordinandus,quijam
1232 3432 1290 3486 in
1317 3436 1659 3503 perpetuum
1685 3448 1798 3485 non

137 3517 211 3572 sit
259 3521 599 3584 vexandus,
633 3520 730 3574 sed
772 3537 902 3575 cum
953 3520 1173 3592 ingenti
1207 3520 1422 3575 honore
1471 3520 1796 3590 habendus,

136 3609 191 3660 et
223 3622 465 3662 summa
489 3607 797 3679 diligentia
827 3609 1244 3663 observandas.
1270 3609 1469 3664 Gratia
1485 3609 1798 3674 absit,cau-

134 3710 258 3748 sam
289 3696 505 3751 merita
551 3697 885 3751 decernant.
921 3696 1027 3760 Qui
1076 3697 1230 3752 enim
1263 3714 1438 3769 quem
1490 3697 1682 3769 diligit
1708 3697 1796 3750 in-

128 3783 283 3851 juste
311 3785 552 3855 Lviderit
602 3785 934 3856 prtelatum,
965 3791 1106 3841 tunc
1143 3788 1266 3858 jam
1315 3785 1512 3858 lugeat
1562 3801 1799 3842 necesse

133 3875 218 3925 est
246 3877 310 3927 ut
337 3874 663 3944 dejectum.
698 3874 789 3928 Sic
821 3879 909 3930 est
952 3876 1106 3930 enim
1142 3875 1239 3946 qui
1272 3874 1510 3948 indigne
1543 3875 1795 3946 aliquem

139 3959 455 4017 sublimare
481 3962 913 4034 laborat,quasi
938 3963 1032 4034 qui
1059 3964 1127 4018 ad
1153 3962 1326 4018 altius
1342 3964 1629 4036 protrahit
1651 3982 1795 4036 pras-

137 4047 424 4118 cipitium,
483 4055 557 4106 ut
607 4051 742 4105 inde
797 4053 1052 4107 deterius
1101 4053 1494 4125 demergatur.
1530 4053 1694 4107 Unde
1741 4058 1797 4108 et

137 4139 414 4195 Dominus
466 4140 549 4195 ad
599 4140 952 4196 Ezechielem
1004 4141 1283 4212 loquitur,
1331 4142 1530 4198 dicens
1583 4143 1792 4209 (Ezech.

135 4242 322 4295 xxxrv,
351 4231 407 4301 2)
438 4247 451 4283 :
491 4230 610 4284 Fili
638 4230 871 4284 hominis
897 4231 1160 4302 propheta
1189 4231 1253 4285 de
1280 4232 1588 4302 pastoribus
1604 4233 1791 4298 Israel,

129 4316 391 4388 propheta
441 4328 496 4374 et
549 4321 696 4373 dices
738 4322 1053 4389 pastoribus
1104 4340 1121 4374 :
1181 4323 1305 4375 Ilaec
1350 4322 1484 4375 dicit
1534 4322 1795 4376 Dominus

135 4405 269 4460 Deus
301 4425 320 4461 :
359 4413 448 4463 Vas
479 4407 805 4480 pastoribus
834 4410 1004 4463 Israel
1024 4411 1121 4481 qui
1145 4409 1438 4480 pascebant
1462 4412 1791 4479 semetipsos.

133 4493 312 4551 Nonne
338 4513 539 4568 greges
582 4502 883 4567 pascuntur
928 4515 961 4551 a
985 4497 1338 4568 pastoribus?
1369 4498 1460 4551 lac
1487 4497 1794 4552 comedeba-

1936 597 1982 647 et
2010 608 2173 663 super
2222 607 2437 648 onmem
2481 593 2680 660 faciem
2737 599 2900 645 terrae
2946 588 3178 660 dispersi
3221 595 3351 643 sunt
3397 602 3582 642 omnes

1931 698 2115 752 greges
2162 684 2288 750 mei,
2331 689 2381 736 et
2428 696 2536 735 non
2582 684 2700 735 erat
2749 683 2847 752 qui
2899 681 3218 749 requireret,
3275 693 3384 732 non
3436 681 3576 746 erat,

1933 774 2176 842 inquam,
2209 771 2303 841 qui
2351 773 2672 840 requireret.
2725 771 3034 839 Propterea,
3079 771 3343 838 pastores,
3392 767 3580 824 audite

1932 860 2152 914 verbum
2185 861 2422 914 Domini.
2459 862 2595 913 Vivo
2624 875 2736 929 ego,
2760 858 2891 912 dicit
2913 858 3194 921 Dominus,
3219 859 3356 927 quia
3385 873 3484 927 pro
3517 871 3576 911 eo

1931 950 2070 1018 quod
2099 951 2234 1018 facti
2260 953 2390 1002 sunt
2416 964 2605 1018 greges
2650 949 2759 1001 mei
2788 949 2845 1001 in
2877 947 3160 1017 rapinam,
3196 949 3246 1000 et
3289 961 3410 999 oves
3438 960 3578 1002 mea

1932 1041 1990 1091 in
2020 1039 2423 1093 cievorationem
2446 1041 2692 1092 omnium
2716 1038 3015 1091 bestiarum
3042 1037 3186 1105 agri,
3217 1051 3279 1089 eo
3307 1034 3448 1105 quod
3466 1050 3577 1090 non

1929 1130 2062 1180 esset
2091 1136 2276 1197 pastor
2305 1144 2322 1179 :
2353 1141 2524 1195 neque
2548 1127 2697 1179 enim
2724 1125 3058 1195 quaesierunt
3084 1126 3329 1192 pastores
3355 1136 3572 1192 gregem

1927 1230 2107 1268 meum
2127 1232 2147 1275 ;
2176 1214 2266 1269 sed
2307 1213 2596 1285 pascebant
2643 1221 2884 1284 pastores
2925 1211 3254 1280 semetipsos,
3287 1213 3337 1263 et
3386 1225 3574 1278 greges

1924 1319 2070 1358 meos
2101 1319 2208 1356 non
2234 1304 2550 1374 pascebant.
2584 1303 2900 1373 Propterea,
2937 1307 3196 1371 pastores,
3227 1297 3416 1352 audite
3442 1313 3569 1354 ver-

1926 1391 2051 1445 bum
2083 1393 2308 1448 Domini
2355 1411 2372 1446 :
2422 1394 2546 1447 Haec
2592 1391 2722 1445 dicit
2771 1391 3031 1444 Dominus
3082 1389 3262 1443 Deus:
3295 1389 3424 1442 Ecce
3475 1403 3569 1458 ego

1926 1482 2040 1551 ipse
2067 1498 2232 1552 super
2258 1489 2504 1552 pastores
2535 1482 2812 1550 requiram
2842 1493 3064 1551 gregem
3090 1493 3272 1532 meum
3300 1476 3364 1530 de
3395 1492 3568 1530 manu

1921 1585 2132 1638 eorum,
2166 1578 2215 1624 et
2250 1586 2459 1624 cessare
2509 1586 2595 1624 eos
2641 1571 2866 1639 faciam,
2897 1575 2958 1622 ut
3002 1568 3145 1621 ultra
3191 1582 3300 1621 non
3343 1573 3568 1636 pascant

1920 1675 2158 1727 gregem,
2191 1675 2287 1712 nec
2313 1669 2544 1729 pascant
2569 1659 2806 1728 amplius
2852 1664 3092 1727 pastores
3120 1657 3433 1725 semetipsos
3463 1672 3484 1707 ,ο
3513 1658 3567 1708 et

1922 1747 2159 1800 liberabo
2189 1763 2405 1816 gregem
2434 1762 2615 1800 meum
2655 1747 2721 1799 de
2749 1763 2844 1800 ore
2871 1761 3080 1808 eorum,
3112 1749 3163 1798 et
3209 1760 3318 1797 non
3346 1745 3459 1799 erit
3488 1745 3568 1797 eis

1919 1836 2068 1889 ultra-
2099 1838 2154 1888 in
2186 1852 2379 1890 escam.
2413 1837 2559 1903 Quia
2598 1836 2713 1890 haec
2741 1835 2877 1888 dicit
2926 1835 3183 1889 Dominus
3212 1835 3352 1888 Deus
3381 1851 3402 1886 .°
3433 1834 3566 1887 Ecce

1920 1941 2012 1995 ego
2044 1927 2158 1994 ipse
2203 1926 2480 1993 requiram
2529 1939 2646 1977 oves
2692 1939 2861 1989 meas,
2895 1926 2944 1976 et
2986 1924 3218 1977 visitabo
3265 1938 3376 1976 eas.
3411 1921 3562 1976 Sicut

1923 2015 2104 2067 risitat
2129 2018 2314 2083 pastor
2357 2027 2573 2082 gregem
2600 2027 2760 2064 suum
2791 2011 2850 2064 in
2895 2009 3002 2076 die,
3037 2010 3252 2080 quando
3294 2011 3466 2079 fuerit
3507 2011 3568 2065 in

1918 2103 2099 2156 medio
2128 2103 2314 2156 crium
2346 2116 2574 2154 suarum
2605 2099 2995 2169 dissipatarum
3025 2115 3043 2150 :
3073 2100 3153 2151 sic
3182 2098 3410 2151 visitabo
3445 2113 3566 2152 oves

1919 2207 2090 2256 meas,
2122 2195 2173 2244 et
2205 2189 2444 2244 liberabo
2475 2205 2564 2242 eas
2593 2187 2658 2241 de
2704 2186 2958 2241 omnibus
3007 2187 3137 2240 locis
3167 2187 3226 2239 in
3258 2185 3452 2255 quibus
3481 2186 3566 2239 di-

1917 2295 2120 2350 spersie
2147 2281 2373 2348 fuerant
2415 2281 2474 2332 in
2504 2277 2591 2331 die
2636 2278 2796 2331 nubis
2823 2284 2875 2330 et
2917 2276 3192 2344 caliginis.
3229 2275 3290 2328 Et
3339 2273 3566 2329 educam

1919 2385 2009 2423 eas
2038 2368 2102 2422 de
2130 2370 2368 2439 populis,
2385 2373 2436 2422 et
2456 2366 2791 2436 congregabo
2813 2380 2902 2419 eas
2923 2364 2988 2418 de
3007 2365 3193 2429 terris,
3218 2372 3271 2418 et
3299 2363 3561 2417 inducam

1916 2473 2006 2511 eas
2039 2460 2092 2512 in
2148 2465 2352 2511 terram
2399 2472 2554 2510 suam
2600 2475 2618 2509 :
2667 2463 2716 2509 et
2763 2469 2985 2524 pascam
3030 2468 3128 2507 eas
3176 2453 3235 2506 in
3283 2452 3561 2506 montibus

1917 2547 2104 2611 Israel,
2141 2548 2199 2600 in
2229 2546 2382 2611 rivis,
2414 2553 2464 2600 et
2493 2546 2552 2598 in
2581 2545 2796 2600 cunctis
2823 2541 3035 2598 sedibus
3064 2542 3317 2596 terrain
3339 2541 3562 2612 pascuis

1916 2636 2207 2690 uberrimis
2233 2651 2458 2707 pascam
2486 2650 2596 2697 eas,
2627 2636 2676 2688 et
2727 2635 2786 2686 in
2816 2631 3094 2687 montibus
3135 2631 3364 2686 excelsis
3394 2630 3562 2684 Israel

1914 2727 2036 2777 sunt
2067 2740 2270 2795 pascua
2298 2740 2488 2778 earum
2519 2741 2537 2777 :
2568 2723 2647 2776 ibi
2675 2724 3015 2791 requ-iescent
3056 2721 3115 2774 in
3165 2719 3344 2774 herbis
3377 2721 3558 2774 viven-

1913 2813 2076 2882 tibus,
2107 2821 2156 2868 et
2189 2815 2243 2866 in
2272 2814 2490 2884 pascuis
2516 2812 2816 2883 pinguibus
2841 2817 3135 2882 pascentur
3161 2824 3324 2880 super
3353 2817 3562 2864 montes

1914 2903 2106 2956 Israel.
2140 2903 2249 2973 Ego
2293 2918 2512 2972 pascam
2559 2915 2682 2956 oves
2727 2914 2896 2966 meas,
2928 2908 2980 2954 et
3007 2914 3107 2968 ego
3155 2914 3245 2953 eas
3295 2896 3563 2952 accubare

1909 2993 2146 3060 faciam,
2177 2990 2311 3045 dicit
2343 2991 2603 3045 Dominus
2632 2994 2791 3044 Deus.
2810 2987 2963 3056 Quod
2978 2988 3239 3059 perierat,
3254 2987 3556 3058 requiram,

1913 3083 1961 3133 et
1992 3079 2133 3150 quod
2162 3080 2430 3150 abjectum
2462 3088 2601 3144 erat,
2625 3077 2882 3133 reducam
2912 3096 2930 3131 :
2961 3080 3014 3130 et
3043 3074 3187 3148 quod
3215 3078 3557 3146 confractum

1910 3169 2110 3237 fuerat,
2143 3170 2383 3235 alligabo
2404 3185 2422 3220 :
2453 3177 2504 3222 et
2529 3166 2669 3239 quod
2699 3168 2984 3236 inﬁrmum
3017 3163 3512 3233 erat,consolidabo
3539 3184 3559 3219 :

3247 3261 3298 3310 et
3335 3268 3561 3324 pascam

1911 3346 2038 3400 illas
2071 3349 2129 3400 in
2150 3347 2382 3417 judicio.
2415 3345 2560 3408 Quid
2615 3360 2774 3415 rogo,
2807 3347 2894 3398 est
2925 3343 3097 3408 Deus,
3123 3346 3187 3396 ut
3232 3358 3300 3396 ea
3329 3358 3453 3412 quae
3485 3342 3557 3396 ad

1908 3434 2104 3504 ipsum
2125 3434 2450 3505 specialiter
2468 3433 2758 3504 pertinent
2777 3431 2993 3486 nostris
3010 3431 3332 3485 audeamus
3349 3429 3560 3484 usibus

1911 3528 2261 3594 retorquere,
2295 3527 2351 3576 et
2381 3538 2510 3592 qua:
2544 3519 2668 3575 suis
2692 3520 2861 3589 jubet
2909 3518 3272 3573 committere
3305 3515 3558 3590 dilectis,

1909 3611 2126 3666 nostris
2146 3629 2214 3665 ne
2235 3610 2549 3665 timeamus
2571 3608 2827 3664 tribuere
2841 3606 3080 3662 asseclis
3101 3607 3128 3660 ?
3150 3607 3424 3678 Nunquid
3450 3623 3558 3662 nos

1908 3700 2125 3773 pariter
2155 3704 2210 3754 et
2243 3699 2401 3770 ipsos
2432 3715 2565 3752 cum
2599 3696 2844 3752 voluerit
2883 3695 3176 3768 perpetuis
3209 3695 3420 3767 poterit
3449 3695 3559 3752 im-

1908 3790 2124 3861 plicare
2155 3787 2391 3842 ruinis?
2421 3788 2544 3842 Non
2577 3786 2730 3842 enim
2755 3803 2880 3858 qum
2914 3786 3082 3842 nobis
3113 3785 3403 3841 delectant
3431 3785 3556 3842 hac

1907 3894 2096 3949 agere,
2132 3878 2231 3932 sed
2263 3894 2389 3949 quae
2433 3894 2465 3932 a
2495 3877 2610 3932 Deo
2650 3877 2938 3946 jubentur
2984 3875 3275 3930 custodire
3306 3878 3553 3943 oportet.

1904 3966 2017 4021 Nec
2048 3967 2488 4022 consideremus
2521 3966 2674 4036 quod
2709 3964 2827 4019 sint
2847 3981 3072 4036 aspera,
3107 3964 3207 4019 sed
3241 3963 3434 4036 potius
3466 3963 3556 4020 in—

1905 4055 2216 4110 tendamus
2248 4055 2400 4125 quod
2425 4054 2661 4109 omnino
2693 4053 2812 4107 sint
2839 4052 3218 4108 observanda.
3249 4051 3393 4110 Nam
3418 4067 3555 4108 cum

1904 4144 2121 4199 diceret
2155 4143 2433 4198 Dominus
2472 4143 2542 4195 ad
2577 4141 2869 4196 Abraham
2906 4157 2918 4194 :
2955 4143 3062 4196 Exi
3087 4141 3158 4196 de
3189 4144 3340 4195 terra
3366 4144 3482 4211 tua,
3504 4150 3562 4199 et

1902 4232 1966 4286 de
1993 4233 2312 4300 cognatione
2343 4240 2435 4286 tua
2456 4247 2477 4290 ,'
2507 4233 2557 4284 et
2589 4228 2718 4282 vade
2765 4230 2825 4281 in
2853 4232 3059 4283 terram
3088 4245 3253 4299 quam
3283 4231 3556 4283 monstra-

1901 4337 2025 4375 vero
2055 4321 2160 4374 tibi
2190 4321 2400 4389 (Cenes.
2435 4335 2532 4388 xu,
2568 4318 2638 4374 tl.
2671 4314 2958 4370 Mulcebat
2989 4315 3281 4370 Abraham
3308 4332 3553 4372 suorum

1903 4409 2181 4475 suavitas,
2217 4409 2314 4463 sed
2379 4406 2609 4478 imperii
2663 4403 2932 4468 caelestis,
2966 4407 3024 4458 et
3066 4403 3558 4462 remunerationis

1901 4502 2126 4552 aeternae
2158 4496 2548 4551 consideratio
2565 4510 2698 4549 eum
2731 4491 2985 4565 amplius
3007 4491 3275 4546 movebat
3299 4508 3312 4547 :
3337 4491 3555 4548 immu-

132 4584 217 4644 tis,
246 4594 296 4639 et
329 4588 482 4642 lanis
517 4585 940 4655 operiebamini,
974 4595 1026 4641 et
1056 4590 1197 4656 quod
1219 4602 1470 4639 crassum
1500 4590 1621 4639 erat
1651 4590 1792 4640 occi-
1827 4607 1872 4670 υ
1903 4587 2014 4641 tari
2047 4590 2400 4657 quapropter
2420 4584 2478 4638 in
2511 4583 2721 4638 melius
2739 4581 2924 4636 malas
2955 4579 3225 4636 convenit
3244 4584 3556 4637 consuetu-

136 4671 340 4728 debatis
358 4692 381 4737 ;
399 4690 629 4746 gregem
658 4682 838 4729 autem
859 4690 968 4730 non
986 4675 1311 4747 pascebatis.
1336 4674 1494 4744 Quod
1515 4675 1798 4743 inﬁrmum

137 4762 331 4830 fuerat,
362 4781 481 4818 non
531 4763 931 4831 consolidastis,
963 4769 1013 4818 et
1059 4763 1200 4834 quod
1250 4773 1535 4836 aegrotum,
1569 4780 1678 4818 non
1707 4780 1794 4818 sa-

142 4852 350 4913 nastis;
399 4853 545 4924 quod
597 4853 835 4921 fractum
882 4857 982 4918 est,
1031 4869 1140 4908 non
1189 4837 1500 4920 alligastis;
1552 4857 1602 4906 et
1659 4852 1795 4923 quod

145 4937 409 5005 abiectum
468 4949 572 5008 est,
623 4956 737 4995 non
801 4941 1099 4996 reduxistis
1145 4959 1162 4995 :
1213 4942 1349 5013 quod
1391 4943 1635 5013 perierat
1686 4957 1794 4995 non

141 5031 431 5098 quaesistis,
465 5031 562 5086 sed
593 5045 721 5084 cum
751 5033 1070 5086 austeritate
1099 5030 1453 5102 imperabatis
1476 5033 1572 5094 eis,
1594 5036 1643 5084 et
1669 5046 1794 5084 cum

137 5121 418 5185 potentia;
449 5125 505 5176 et
554 5119 822 5190 dispersa
866 5125 994 5173 sunt
1044 5135 1162 5175 oves
1213 5135 1370 5186 meae,
1405 5135 1467 5174 eo
1498 5119 1636 5189 quod
1684 5135 1792 5174 non

140 5211 263 5260 esset
289 5214 506 5278 pastor,
541 5211 598 5263 et
636 5210 796 5277 facta
824 5215 953 5262 sunt
1001 5210 1061 5262 in.
1108 5208 1516 5264 devorationem
1547 5209 1792 5261 omnium

148 5294 437 5354 bestiarum
466 5296 626 5367 agri,
657 5301 710 5351 et
753 5296 1013 5368 dispersa?
1040 5307 1186 5354 sunt.
1217 5300 1560 5352 Erraverunt
1608 5312 1792 5366 greges

212 5437 318 5517 99)
357 5437 802 5517 Epaminondas.
858 5439 950 5517 Sic
999 5440 1178 5517 codex
1227 5439 1398 5517 Resb.
1448 5439 1785 5495 emendate:

149 5511 526 5581 prioreditio,
562 5511 1133 5581 excommu-nicandus,
1166 5515 1458 5581 corrupte.

218 5579 326 5649 (50)
358 5582 731 5653 Secutagno-n
781 5584 876 5634 est.
914 5580 1094 5634 Locus
1144 5581 1237 5634 hic
1291 5579 1429 5653 sane
1478 5586 1789 5653 corruptus

149 5655 233 5705 est
263 5668 276 5707 :
305 5653 553 5724 conjicio
593 5651 710 5722 legi
765 5653 1044 5720 oportere,
1079 5652 1352 5725 sequenda
1400 5655 1555 5710 nobis
1602 5651 1699 5724 est,
1733 5657 1790 5708 et

1908 4676 2096 4742 dines,
2125 4680 2181 4730 et
2213 4674 2622 4745 unusquisque
2653 4687 2827 4727 suum
2857 4668 3251 4725 ministerium
3304 4667 3555 4729 sollicite

1907 4765 2217 4830 custodiat,
2254 4780 2357 4817 nec
2406 4762 2661 4818 alienum
2709 4777 2992 4832 usurpare
3038 4759 3326 4818 intendat.
3346 4759 3554 4818 Clerici

1906 4853 2173 4907 militiam
2200 4869 2312 4907 non
2351 4855 2674 4920 exerceant,
2715 4866 2816 4906 nec
2847 4848 3081 4922 publica
3107 4849 3411 4923 vectigalia
3431 4852 3554 4906 exi-

1905 4947 2064 5013 gant,
2097 4947 2155 4997 et
2187 4942 2354 4996 fenus
2388 4941 2550 4996 nullo
2585 4941 2754 4996 modo
2777 4943 3186 5010 exsequantur.
3222 4939 3374 4995 Laici
3407 4955 3552 5010 quo-

1905 5046 2018 5102 que
2045 5031 2452 5101 cujuscunque
2483 5029 2603 5084 sint
2632 5028 2856 5083 ordinis
2897 5027 2984 5082 vel
3017 5027 3339 5100 dignitatis,
3371 5027 3555 5084 eccle-

1904 5119 2277 5174 siasticarum
2297 5117 2951 5173 rerumdominationem
2965 5115 3553 5188 veldispensationem

1903 5207 2158 5278 arripere
2180 5223 2292 5260 non
2317 5209 2700 5276 praesumant:
2720 5221 2822 5259 nec
2844 5204 3098 5276 aliquem
3125 5205 3182 5259 in
3205 5204 3547 5263 clericorum

1900 5296 2081 5367 gradu
2128 5293 2510 5350 constitutum
2554 5293 2818 5364 judicare
2868 5296 2969 5346 aut
2995 5308 3198 5347 vexare
3245 5297 3549 5363 conentur,

1898 5456 2001 5510 pro
2033 5441 2123 5508 pia
2153 5434 2588 5510 majestas,_,lego
2613 5438 2806 5510 pietas.

1971 5503 2084 5576 (5i)
2119 5503 2386 5576 Talisque.
2420 5503 2716 5560 Sic’codex
2758 5503 2930 5559 Resb.
2964 5503 3125 5574 editi,
3156 5505 3290 5561 talis
3321 5519 3546 5577 quaera-

1897 5589 2007 5634 tur.
