3956 6230
293 373 373 434 87
1322 379 1665 440 ATTONIS
1712 378 2303 441 VEBGELLENSIS
2351 379 2703 442 EPISCOPI

3681 369 3790 432 88

296 504 415 567 nisi
445 506 846 581 abepiscopis,
870 508 944 564 ad
965 523 1134 581 quos,
1163 512 1228 565 ut
1247 508 1369 580 iam
1391 527 1571 582 supra
1592 510 1817 567 dictum
1840 517 1951 583 est,
1982 511 2038 581 Α
2066 512 2364 584 glutientes
2407 512 2594 584 (Ibid.,
2639 512 2752 583 24).
2803 512 3065 583 Denique
3118 509 3170 566 si
3226 519 3473 564 necesse
3532 501 3783 570 fuerit,

297 596 614 668 pertinent,
649 613 754 668 pro
793 596 994 668 aliqua
1042 596 1293 653 utilitate
1325 598 1667 655 invitantur.
1701 600 1795 655 Ait
1822 616 1956 656 vero

298 686 507 742 beatus
539 702 692 757 papa
719 684 1024 741 Cornelius
1055 703 1068 739 :
1104 708 1132 735 (ι
1170 685 1356 740 Laicis
1399 688 1670 757 quamvis
1702 688 1959 760 religiosi

298 773 438 841 sint,
471 773 637 829 nulla
666 778 863 829 tamen
896 774 967 828 de
995 771 1412 829 ecclesiasticis
1445 775 1822 832 facultatibus
1852 777 1957 831 ali-

300 861 444 933 quid
462 862 810 933 disponendi
828 861 1045 932 legitur
1066 878 1331 931 unquam
1345 864 1632 918 attributa
1654 864 1959 921 facultas.»

300 950 517 1005 Beatus
548 967 781 1021 quoque
805 949 1064 1004 Joannes
1106 949 1371 1021 Baptista
1401 951 1733 1022 publicanis
1766 958 1822 1007 et
1853 953 1961 1008 mi-

300 1038 506 1094 litibus
537 1040 609 1093 ad
641 1055 813 1093 suum
846 1037 1147 1109 baptisma
1178 1039 1573 1107 venientibus,
1598 1046 1655 1094 et
1686 1043 1842 1111 quod
1878 1042 1960 1097 fa-

300 1132 500 1182 cerent
543 1126 1045 1197 interrogantibus
1095 1127 1244 1182 dixit
1278 1144 1290 1182 :
1324 1129 1481 1184 Nihil
1510 1130 1751 1199 amplius
1799 1147 1965 1202 quam

296 1215 442 1286 quod
466 1218 823 1269 constitutum
849 1221 930 1270 est
962 1216 1139 1282 vobis,
1162 1218 1384 1273 faciatis
1408 1236 1425 1281 ;
1457 1222 1509 1271 et
1538 1221 1817 1273 neminem
1835 1234 1964 1273 con-

292 1304 544 1369 cutiatis,
572 1318 749 1374 neque
776 1304 1122 1357 calumniam
1150 1304 1397 1373 faciatis,
1434 1313 1487 1359 et
1530 1307 1772 1359 contenti
1801 1308 1968 1360 estote

294 1391 592 1461 stipendiis
641 1392 840 1445 vestris
889 1391 1043 1458 (Luc.
1078 1408 1163 1456 ιιι,
1200 1393 1308 1461 13).
1356 1392 1677 1463 Stipendiis
1727 1394 1967 1463 quidem

298 1478 427 1535 suis
458 1478 721 1534 contenti
772 1483 939 1543 sunt,
967 1479 1069 1549 qui
1103 1478 1308 1533 illicita
1356 1496 1474 1534 non
1508 1485 1830 1551 apponunt,
1865 1496 1969 1535 nec

300 1567 497 1623 aliena
525 1567 977 1637 concupiscunt.
1014 1568 1076 1621 In
1126 1565 1409 1622 electione
1457 1584 1590 1623 vero
1624 1569 1968 1638 pontificum

301 1656 673 1727 [sanctorum
723 1654 784 1709 in
833 1655 1110 1710 omnibus
1151 1670 1444 1710 canonum
1493 1656 1634 1711 ordo
1686 1660 1967 1726 servetur,

304 1742 511 1799 nullus
527 1743 722 1800 clerus
736 1742 824 1799 vel
840 1743 1096 1815 populus
1117 1744 1250 1814 praj
1262 1743 1415 1798 udici
1427 1760 1525 1798 um
1549 1744 1839 1814 patiatur;
1865 1745 1966 1798 sed

306 1832 497 1888 libera
633 1831 719 1888 eis
749 1832 977 1931 absque
991 1831 1677 1931 alicujus-controversia
1722 1831 1981 1931 facultas
2003 1867 2051 1931 Β

307 1919 632 1992 tranquille
664 1936 842 1992 quem
863 1919 1079 1975 melius
1100 1920 1489 1990 praviderint,
1511 1919 1785 1992 eligendi.
1810 1916 1981 1975 Eleo?

307 2012 407 2065 tus
437 2022 673 2078 quoque
714 2011 834 2061 tam
871 2023 905 2060 a
949 2004 1423 2075 metropolitano,
1457 2022 1636 2075 quam
1684 2023 1718 2060 a
1748 2008 1972 2062 cateris

306 2094 896 2166 comprovincialibus
923 2092 1215 2165 episcopis
1269 2092 1727 2165 diligentissime
1758 2095 1974 2150 exami-

305 2183 541 2239 nandus
568 2182 699 2238 erit.
724 2182 890 2247 Quod
922 2181 972 2237 si
1005 2181 1140 2251 quis
1161 2184 1367 2235 contra
1391 2185 1552 2251 eum]
1577 2183 1741 2251 juste
1770 2182 1970 2254 aliqua

307 2272 522 2345 poterit
536 2270 815 2341 objicere,
846 2269 1143 2326 licentiam
1169 2269 1425 2325 habeant
1446 2269 1504 2325 in
1532 2271 1814 2327 omnibus
1833 2277 1974 2327 tunc

310 2359 639 2433 [ventilare,
672 2375 848 2430 quem
881 2358 930 2412 si
964 2356 1305 2412 convincere
1336 2358 1553 2427 poterit
1592 2359 1664 2413 de
1694 2359 1909 2431 culpa,]
1941 2378 1977 2415 a

308 2446 738 2505 benedictionis
787 2449 1196 2500 removeantur
1236 2446 1441 2516 gratia.
1474 2446 1529 2499 Si
1574 2463 1710 2501 vero
1758 2448 1974 2518 dignus

308 2537 584 2593 inventus
612 2533 810 2604 fuerit,
830 2538 972 2589 tunc
1002 2535 1470 2604 cum[consensu
1502 2538 1559 2589 et
1590 2535 1798 2589 notitia
1812 2535 1975 2606 prin-

309 2624 481 2697 cipis]
513 2623 587 2679 ad
616 2623 791 2693 cujus
821 2621 1105 2678 ditionem
1139 2622 1342 2677 eadem
1374 2622 1656 2693 parochia
1686 2624 1976 2694 pertinere

306 2712 558 2779 videtur,
619 2708 960 2766 solemniter
1015 2713 1073 2764 et
1121 2708 1496 2766 devotissime
1552 2712 1973 2781 [consecretur.

307 2802 450 2858 Post
478 2800 650 2870 cujus
682 2798 1130 2865 ordinationem]
1182 2799 1451 2854 omnium
1498 2799 1975 2856 adversariorum

309 2889 527 2961 lingua
554 2887 942 2957 refrenentur,
967 2903 1072 2942 nec
1101 2886 1213 2942 sibi
1230 2888 1354 2957 jam
1389 2886 1566 2943 licere
1598 2893 1808 2959 putent
1838 2906 1974 2945 con-

306 2982 400 3033 tra
428 2976 740 3050 pralatum
770 2976 926 3047 quod
961 2976 1186 3031 dudum
1217 2974 1382 3030 licuit
1404 2976 1487 3045 [in
1511 2976 1763 3048 collega]
1798 2993 1811 3031 :
1846 2976 1975 3032 nul-

306 3064 524 3137 lusque
551 3082 687 3122 eum
719 3078 994 3120 accusare
1034 3063 1124 3119 vel
1164 3064 1438 3135 judicare
1469 3063 1721 3120 ulterius
1753 3081 1975 3136 prasu-

309 3158 453 3223 mat,
487 3153 601 3209 nisi
636 3152 1134 3224 quemadmodum
1184 3168 1483 3209 canonum
1516 3153 1728 3207 decent
1757 3153 1972 3208 edicta.

307 3242 391 3298 De
421 3242 659 3314 quibus,
693 3257 765 3297 ne
808 3258 843 3296 a
872 3241 1040 3296 nobis
1071 3240 1313 3296 omnino
1361 3240 1708 3294 viderentur
1731 3240 1971 3311 omissa,
2005 3221 2048 3286 Ο

308 3330 578 3403 quadam
610 3328 878 3401 quamvis
909 3345 1099 3400 pauca
1130 3328 1189 3383 in
1221 3328 1517 3400 principio
1550 3328 1802 3397 hujusce
1839 3345 1976 3385 nos-

306 3427 408 3475 tra
438 3418 838 3474 adnotationis
886 3432 1353 3472 commemorare
1383 3416 1748 3471 curavimus.
1779 3417 1889 3471 Sed
1921 3421 1978 3472 et

304 3507 355 3562 si
390 3506 486 3562 cui
536 3507 786 3561 fortasse
816 3510 874 3560 et
924 3504 1026 3560 illa
1077 3522 1194 3560 non
1245 3502 1577 3572 sufﬁciunt,
1634 3508 1976 3558 sanctorum

306 3594 557 3650 Patrum
590 3598 814 3650 statuta
833 3592 1291 3665 diligentissime
1320 3591 1720 3664 perquirat,ut
1748 3591 1981 3661 plenius

304 3682 443 3738 inde
473 3682 687 3737 instrui
717 3680 929 3737 valeat.

514 3788 764 3859 Ezplicit
789 3802 931 3859 pars
958 3785 1199 3871 secunda
1229 3784 1297 3838 de
1323 3783 1775 3839 ordinationibus

932 3872 1333 3929 episcoporum.

879 3998 1067 4053 PARS
1106 3996 1405 4051 TERTIA.

698 4090 775 4143 De
803 4086 1167 4159 facultatibus
1199 4083 1592 4137 Ecclesiarum.

375 4213 676 4269 Praterire
706 4228 823 4268 non
854 4224 1206 4283 possumus,
1240 4205 1400 4275 quod
1448 4219 1542 4257 res
1573 4200 1979 4257 ecclesiastica

303 4306 437 4374 post
463 4306 715 4358 mortem
743 4299 832 4355 vel
864 4296 1284 4370 expulsionem
1318 4289 1579 4360 episcopi
1612 4290 1672 4344 in
1703 4290 1980 4359 direptio-

304 4407 437 4448 nem
452 4396 510 4447 et
532 4389 800 4462 rapinam
820 4382 1213 4443 sacularibus
1228 4378 1541 4433 tradantur
1556 4393 1569 4430 :
1586 4393 1721 4430 cum
1735 4377 1978 4448 dignum

305 4479 554 4551 sitquod
580 4496 648 4535 ea
667 4477 728 4533 in
752 4472 1055 4548 episcopio
1087 4469 1455 4551 remapeant,
1473 4480 1578 4535 per
1608 4480 1980 4521 aconomum

2070 602 2263 658 omnis
2294 601 2558 657 Ecclesia
2589 602 2901 657 thesaurus
2930 597 3305 655 laudabiliter
3336 595 3397 650 in
3431 590 3785 667 pradictis

2070 691 2493 761 expenderetur
2514 708 2527 757 ;
2547 689 2899 745 nihiltamen
2917 688 3125 743 horum
3150 682 3559 757 prclthesauro
3586 696 3787 735 com-

2072 778 2420 833 mutandum
2452 782 2568 833 est:
2586 794 2784 832 verum
2807 776 3002 831 omnia
3023 792 3148 846 qua
3180 775 3252 829 ad
3287 788 3436 826 usus
3458 767 3785 824 Ecclesiae

2074 865 2386 937 pertinent,
2422 870 2766 921 ornamenta
2804 864 3066 919 Ecclesia
3116 865 3274 928 sunt,
3309 859 3620 931 pracipue
3655 873 3785 912 ss.—

2073 954 2359 1022 eerdotes,
2390 953 2581 1008 clerus
2610 958 2667 1007 et
2699 943 2935 1018 familia,
2961 967 3063 1006 nec
3096 953 3345 1022 possunt
3370 949 3616 1017 absque
3652 960 3787 1016 pe-

2073 1040 2259 1095 riculo
2281 1040 2463 1094 abuti.
2485 1040 2894 1109 Hujuscemodi
2922 1056 3056 1109 ergo
3081 1042 3425 1093 sanctarum
3452 1032 3787 1091 ecclesia.-

2076 1144 2207 1184 rum
2242 1132 2638 1199 persecutores
2682 1129 2886 1183 beatus
2922 1126 3057 1182 Pius
3108 1128 3414 1182 Romanus
3470 1120 3789 1194 pontifex

2078 1216 2238 1287 (Pius
2269 1233 2418 1287 papa
2453 1218 2496 1283 l)
2528 1216 2852 1286 increpans,
2884 1215 2963 1269 ait
2993 1216 3170 1285 (epist.
3202 1215 3259 1281 2)
3295 1231 3308 1267 :
3342 1235 3371 1262 «
3408 1212 3497 1267 Ad
3534 1210 3781 1265 sedem

2079 1304 2463 1375 apostolicam
2496 1303 2783 1375 perlatum
2814 1308 2903 1358 est
2929 1304 3081 1374 quod
3113 1301 3233 1356 sint
3280 1300 3439 1355 inter
3466 1315 3579 1355 vos
3616 1314 3789 1353 con-

2079 1392 2372 1447 tentiones
2401 1397 2458 1447 et
2487 1391 2905 1461 amulationes,
2937 1396 2993 1446 et
3021 1389 3238 1461 pradia
3268 1388 3493 1443 divinis
3527 1387 3784 1443 usibus

2079 1480 2295 1535 tradita
2324 1466 2556 1549 quidam
2606 1478 2883 1534 humanis
2925 1478 3215 1550 applicant
3262 1475 3499 1544 usibus,
3535 1480 3599 1531 et
3648 1475 3784 1530 Do-

2082 1567 2240 1622 mino
2271 1568 2408 1634 Deo,
2435 1568 2527 1622 cui
2558 1568 2773 1622 tradita
2801 1573 2960 1632 sunt,
2992 1583 3059 1621 ea
3096 1567 3480 1632 subtrahunt,
3518 1568 3590 1619 ut
3623 1563 3783 1619 suis

2081 1656 2289 1711 usibus
2338 1655 2676 1712 inserviant.
2710 1656 3068 1726 Quapropter
3114 1654 3188 1709 ab
3240 1653 3529 1710 omnibus
3581 1651 3785 1706 illius

2082 1743 2481 1813 usurpationis
2516 1742 2870 1799 contumelia
2898 1742 3240 1815 depellenda
3268 1746 3378 1807 est,
3413 1758 3490 1797 ne
3523 1740 3788 1812 pradia

2084 1831 2294 1887 usibus
2325 1835 2682 1887 secretorum
2710 1829 3029 1886 calestium
3063 1830 3273 1897 dicata,
3306 1846 3341 1885 a
3370 1828 3782 1900 quibusdam

2086 1918 2447 1975 irruentibus
2475 1922 2771 1974 vexentur.
2803 1919 2964 1982 Quod
2994 1918 3045 1973 si
3093 1918 3413 1990 quisquam
3446 1933 3783 1989 praeum-

2084 2008 2287 2078 pserit,
2311 2006 2630 2079 sacrilegus
2651 2007 2952 2073 habeatur,
2976 2011 3033 2062 et
3053 2007 3204 2063 sicut
3232 2005 3571 2077 sacrilegus
3589 2004 3785 2075 judi-

2083 2099 2269 2150 celur.
2306 2095 2467 2164 Ipsos
2498 2099 2692 2151 autem
2724 2094 2823 2164 qui
2847 2094 2953 2150 hoc
2982 2093 3437 2165 agunt,clericos
3462 2097 3524 2148 et
3546 2092 3782 2148 Domi-

2084 2182 2145 2237 ni
2195 2182 2525 2238 sacerdotes
2573 2182 2865 2253 persequi,
2910 2199 3124 2253 eosque
3168 2182 3460 2237 infamem
3515 2180 3782 2237 audivi-

2085 2286 2241 2335 mus,
2277 2274 2341 2325 ut
2366 2269 2586 2325 malum
2616 2287 2794 2342 supra
2814 2270 3034 2326 malum
3061 2271 3301 2337 addant,
3326 2274 3386 2325 et
3416 2270 3782 2326 deteriores

2086 2359 2273 2423 ﬁant;
2307 2374 2421 2413 non
2471 2357 2859 2429 intelligentes
2901 2360 3053 2429 quod
3104 2358 3362 2414 Ecclesia
3414 2358 3667 2415 Domini
3707 2359 3781 2413 in

2085 2445 2491 2501 sacerdotibus
2522 2446 2806 2511 consistit,
2838 2451 2894 2502 et
2947 2447 3155 2502 crescit
3186 2447 3243 2501 in
3288 2446 3597 2518 templum
3638 2447 3777 2503 Dei.

2087 2538 2153 2589 Et
2189 2534 2342 2588 sicut
2371 2534 2472 2604 qui
2518 2533 2833 2589 Ecclesiam
2881 2534 2979 2589 Dei
3012 2539 3217 2601 vastat,
3252 2538 3308 2590 et
3356 2536 3493 2604 ejus
3528 2535 3783 2607 pradia

2087 2626 2145 2675 et
2173 2621 2416 2677 donaria
2443 2621 2745 2693 exspoliat,
2776 2626 2832 2678 et
2869 2622 3107 2689 invadit,
3142 2614 3229 2677 fit.
3250 2621 3591 2695 sacrilegus
3623 2641 3639 2679 :
3677 2624 3779 2680 sic

2086 2710 2183 2765 ille
2214 2709 2313 2781 qui
2345 2711 2474 2779 ejus
2510 2711 2839 2766 sacerdotes
2886 2710 3233 2781 insequitur,
3269 2710 3577 2783 sacrilegii
3615 2729 3776 2769 reus

2086 2797 2305 2867 existit,
2340 2801 2396 2852 et
2425 2798 2742 2869 sacrilegus
2763 2797 3081 2867 judicatur.
3114 2798 3395 2870 Nunquid
3440 2800 3495 2855 si
3530 2800 3777 2871 aliquis

2088 2884 2330 2941 monilia
2359 2901 2711 2954 sponsarum
2734 2890 3057 2941 vestrarum
3076 2887 3775 2958 detraxisset,injuriam

2087 2975 2195 3044 eis,
2227 2979 2286 3028 et
2333 2974 2528 3044 potius
2574 2974 2737 3029 vobis
2787 2974 2996 3029 tactam
3043 2975 3619 3045 conquereremini?
3666 2978 3780 3033 Ait

2086 3061 2243 3117 enim
2284 3062 2491 3117 beatus
2521 3062 2868 3133 Gregorius:
2895 3063 3149 3119 «Omnis
3194 3063 3296 3135 qui
3349 3069 3568 3120 nostra
3603 3064 3779 3121 tollit

2086 3149 2365 3204 inimicus
2396 3154 2501 3204 est.
2527 3155 2669 3204 Cum
2700 3149 2854 3205 enim
2881 3150 3077 3206 omnia
3107 3167 3237 3221 qua
3269 3167 3500 3222 sponsa
3531 3152 3776 3210 habere

2085 3237 2336 3302 videtur,
2351 3237 2423 3291 ad
2456 3237 2581 3304 ejus
2598 3238 2796 3307 sponsi
2814 3242 3039 3293 constet
3058 3236 3349 3309 respicere
3378 3240 3773 3310 dominium,

2086 3329 2144 3379 et
2174 3328 2439 3379 sanctam
2471 3322 2783 3379 Ecclesiam
2817 3324 3027 3380 Christi
3057 3342 3339 3396 sponsam
3370 3343 3511 3384 esse
3543 3328 3775 3386 nullus

2087 3413 2337 3481 abneget
2365 3410 2708 3480 catholicus,
2732 3412 2927 3467 omnia
2946 3428 3074 3483 qua
3106 3413 3374 3469 Ecclesia
3406 3421 3560 3472 sunt
3591 3417 3775 3474 Chri-

2087 3499 2162 3555 sti
2194 3514 2323 3553 esse
2361 3499 2718 3569 probantur;
2751 3504 2809 3554 et
2837 3516 2963 3570 qua
2995 3501 3066 3555 ab
3118 3518 3188 3556 ea
3214 3502 3605 3574 auferuntur,
3641 3505 3773 3578 ipsi

2088 3586 2289 3661 procul
2320 3586 2497 3641 dubio
2526 3585 2829 3641 tolluntur.
2866 3610 2893 3636 »

2158 3675 2379 3728 Revera
2405 3689 2540 3744 ergo
2572 3673 2845 3729 inimicus
2893 3673 3104 3730 Christi
3133 3676 3390 3732 efﬁcitur
3420 3680 3534 3750 qui
3565 3680 3769 3740 eccle-

2087 3761 2357 3816 siasticas
2384 3776 2477 3815 res
2499 3777 2778 3832 usurpare
2795 3766 3055 3832 conatur,
3079 3779 3184 3819 nec
3210 3765 3519 3822 immerito
3541 3770 3771 3827 eadem

2088 3847 2316 3903 decidet
2347 3848 2651 3911 sententia,
2685 3864 2860 3918 quam
2915 3849 3116 3905 beatus
3145 3850 3330 3907 David
3363 3855 3772 3924 proclamans

2087 3936 2217 3990 ait:
2251 3937 2475 3990 Inimici
2524 3951 2645 3990 vero
2692 3937 2907 3992 Domini
2952 3954 3084 3992 mox
3134 3944 3195 3993 ut
3239 3939 3613 4013 honoriﬁcati
3643 3948 3776 4016 fue-

2087 4025 2209 4078 rint
2253 4027 2309 4077 et
2363 4023 2622 4091 exaltati,
2669 4022 2975 4090 deﬁcientes
3021 4029 3499 4096 quemadmodum
3561 4035 3774 4103 fumus

2088 4111 2344 4180 deﬁcient
2390 4110 2559 4179 (Psal.
2608 4126 2798 4177 XXXVI,
2831 4112 2942 4181 20).
2975 4113 3080 4176 Qui
3132 4115 3292 4170 enim
3342 4120 3463 4176 Deo
3496 4124 3773 4178 creatori

2091 4215 2221 4267 suo,
2282 4201 2342 4252 et
2394 4196 2655 4251 omnium
2716 4198 3130 4256 beneﬁciorum
3208 4204 3405 4260 datori
3466 4206 3773 4268 inimicus

2090 4301 2220 4341 esse
2269 4284 2579 4355 probatur;
2628 4284 2871 4353 homini,
2924 4304 3026 4358 per
3067 4305 3243 4359 quem
3294 4291 3423 4349 hac
3477 4299 3774 4356 tantum-

2092 4372 2267 4427 modo
2299 4370 2621 4426 ministrari
2651 4372 2848 4443 aliquo
2881 4375 3052 4430 modo
3100 4384 3381 4447 possunt,
3412 4382 3675 4442 ﬁdelem
3707 4403 3774 4443 se

2091 4476 2221 4515 esse
2271 4475 2467 4513 revera
2522 4460 2824 4513 mentitur.
2857 4460 3003 4524 Quid
3055 4478 3192 4536 ergo
3243 4467 3421 4537 juvat
3469 4486 3583 4529 eos
3635 4490 3775 4532 esse

304 4570 361 4622 et
388 4546 630 4623 céteros
660 4546 1107 4635 disp'ensatores
1135 4550 1395 4609 ecclesia
1427 4566 1615 4621 usque
1642 4551 1715 4605 ad
1746 4552 1978 4607 ordina-
2012 4574 2059 4635 Β
2089 4547 2472 4635 Christianos,
2496 4550 2553 4601 et
2581 4546 2795 4635 Christi
2817 4548 3135 4619 depradari
3171 4554 3499 4614 Ecclesiam
3528 4561 3560 4615 ?
3586 4562 3772 4627 Quod

302 4654 522 4710 tionem
557 4652 741 4709 futuri
764 4644 1029 4721 episcopi
1064 4642 1417 4696 intemerato
1446 4642 1774 4705 serventur,
1801 4656 1873 4694 ne
1904 4641 1976 4695 ab

306 4741 437 4798 aliis
470 4758 573 4814 per
593 4739 844 4813 quodvis
877 4730 1188 4803 ingenium
1214 4725 1336 4780 ullo
1361 4726 1535 4814 modo
1558 4726 1981 4797 subripiantur.

305 4830 453 4893 Quid
474 4813 647 4885 enim
701 4825 953 4880 interest
1000 4818 1048 4871 si
1099 4816 1332 4869 vivente
1381 4813 1675 4884 episcopo,
1707 4819 1811 4869 aut
1854 4820 1986 4886 post

306 4924 556 4974 mortem
591 4916 745 4986 ejus,
777 4926 873 4965 res
895 4900 1312 4962 ecclesiastica
1344 4900 1417 4954 ab
1450 4901 1660 4955 exteris
1702 4902 1984 4973 diripian-

305 5006 559 5061 tur?aut
584 5001 726 5073 quid
752 4996 998 5069 prodest
1020 4991 1070 5046 si
1091 4988 1314 5045 similia
1335 4989 1987 5058 conserventur,horrea

307 5100 503 5149 autem
532 5093 591 5146 et
619 5083 880 5147 cellaria,
913 5079 1108 5134 clerus
1142 5081 1201 5132 et
1255 5075 1502 5143 familia,
1536 5080 1593 5130 et
1622 5081 1829 5133 catera
1858 5094 1986 5149 qua

308 5182 380 5236 ad
400 5175 725 5235 Ecclesiam
753 5169 1052 5242 pertinent
1075 5164 1490 5236 depradentur
1511 5164 1539 5217 ?
1568 5164 1809 5221 Talibus
1829 5164 1984 5218 enim

309 5268 391 5322 ait
419 5262 709 5321 Dominus
739 5259 799 5313 in
829 5254 1143 5325 Evangelia
1169 5269 1181 5308 ε
1226 5253 1321 5308 Vos
1351 5251 1542 5306 dicitis
1569 5269 1588 5305 :
1620 5254 1720 5321 qui
1738 5253 1899 5322 jurat
1930 5254 1990 5305 in

310 5352 483 5407 altari
534 5364 647 5403 non
694 5346 853 5401 debet
885 5362 907 5406 ;
968 5345 1068 5415 qui
1122 5349 1312 5396 autem
1346 5340 1509 5409 jurat
1559 5339 1619 5391 in
1666 5354 1804 5391 auro
1853 5338 1992 5407 quod

311 5453 476 5508 super
506 5436 692 5490 alfare
737 5436 834 5502 est,
882 5433 1055 5487 debet.
1092 5428 1271 5485 Stulti
1318 5433 1371 5480 et
1418 5426 1570 5489 caci,
1603 5424 1735 5491 quid
1763 5433 1841 5477 est
1867 5425 1990 5494 plus

312 5541 536 5589 aurum,
584 5542 657 5575 un
702 5524 878 5577 (ll/are
924 5519 1067 5592 quod
1114 5513 1436 5581 sanctiﬁcat
1483 5514 1735 5563 aurum?
1785 5510 1987 5579 (Matth.

313 5628 475 5681 xxm,
513 5611 619 5681 17.)
651 5611 716 5665 Et
737 5610 949 5666 iterum
978 5625 991 5663 :
1025 5605 1280 5660 Culicem
1317 5599 1620 5666 liquentes,
1652 5604 1700 5651 et
1721 5598 1988 5652 camelum

2088 4637 2295 4691 beatus
2328 4633 2541 4688 Paulus
2560 4634 2859 4703 apostolus
2891 4636 3201 4709 increpans
3222 4642 3307 4697 ait
3338 4661 3353 4699 :
3394 4645 3509 4713 Qui
3542 4651 3773 4708 abomi-

2090 4724 2254 4779 naris
2285 4721 2452 4789 idola,
2492 4721 2845 4788 sacrilegium
2888 4725 3030 4790 facis
3075 4725 3252 4797 (Rom.
3283 4748 3345 4797 ιι,
3379 4735 3499 4805 22).
3536 4737 3774 4798 Divina

2093 4812 2254 4867 enim
2312 4825 2406 4863 res
2457 4824 2573 4863 non
2621 4807 2921 4863 hominum
2972 4816 3383 4882 possessiones
3431 4838 3577 4880 esse
3635 4846 3776 4887 nos.

2095 4904 2331 4960 cuntur,
2364 4912 2469 4949 nec
2496 4894 2631 4950 licet
2658 4897 3017 4953 sacularium
3055 4902 3424 4973 dignitatum
3457 4910 3612 4970 inde
3644 4918 3777 4974 fieri

2095 4983 2888 5054 additamentumzquoniam
2922 4987 3465 5052 ecclesiasticorum
3499 5001 3600 5057 vel
3629 5022 3780 5077 pau-

2095 5089 2304 5145 perum
2333 5075 2484 5163 sunt
2511 5075 2828 5163 praparata
2855 5074 2924 5126 ad
2960 5091 3154 5132 usum.
3189 5078 3369 5138 Decet
3397 5074 3682 5163 namque
3711 5101 3782 5152 ut

2096 5165 2302 5216 sancta
2332 5158 2589 5214 Ecclesia
2614 5158 2955 5215 inconcussa
2984 5167 3161 5233 atque
3192 5167 3495 5231 inoffensa
3524 5158 3610 5236 ab
3644 5199 3775 5241 om-

2097 5249 2274 5303 nibus
2314 5247 2650 5334 observetur
2678 5246 3053 5316 Christicolis,
3079 5267 3187 5310 nec
3219 5254 3279 5312 in
3326 5258 3540 5334 aliquo
3585 5269 3779 5328 deho-

2097 5338 2364 5390 nestetur
2380 5333 2451 5387 ab
2465 5332 2856 5422 ipsis.Spon_sa
2872 5335 3251 5409 enim,utjam
3266 5332 3782 5422 diximus,chri3-

2096 5423 2138 5475 ti
2160 5425 2271 5487 est,
2299 5418 2624 5473 etomnium
2645 5420 3007 5491 domina,qui
3024 5440 3087 5478 se
3103 5427 3175 5481 de
3203 5434 3445 5492 Domini
3470 5418 3779 5505 conﬁten-

2100 5514 2336 5563 turesse
2361 5506 2595 5594 familia.
2619 5507 2756 5569 Quis
2778 5524 2910 5579 ergo
2931 5513 3049 5566 tam
3072 5512 3363 5588 insipiens
3376 5524 3779 5594 Christianus

2099 5596 2229 5665 ejus
2262 5610 2327 5650 se
2367 5592 2665 5649 dominum
2696 5595 2904 5651 audeat
2934 5599 3246 5674 nominari,
3279 5610 3372 5667 vel
3408 5616 3555 5687 ejus
3590 5592 3779 5683 rebus
