3956 6230
174 363 248 422 89
1013 363 1112 422 DE
1157 362 1578 425 PRESSUIU?
1628 363 2278 425 ECCLESIASTICIS.
2314 399 2391 410 —
2420 367 2622 428 PARS
2669 367 2771 427 ΙΙΙ.
3518 369 3597 430 90

177 493 608 570 prasumptive
628 494 895 569 perfrui?
914 495 1209 568 Scriptum
1229 496 1447 570 quippe
1467 504 1589 554 est:
1623 498 1739 555 Non
1758 501 1834 555 est
1864 498 1917 566 Α
1947 499 2119 570 (Psal.
2145 516 2350 567 Lxxxn,
2385 502 2493 570 15).
2531 501 2597 558 Et
2624 501 2948 559 Jeremias:
2981 503 3109 559 Haec
3136 502 3270 559 dicit
3302 505 3595 562 Dominus:

177 602 364 642 servus
393 602 566 657 super
593 587 891 642 dominum
919 603 1084 643 suum
1115 587 1297 658 (Matii.
1331 605 1386 657 x,
1419 589 1531 654 24).
1590 589 1835 659 Dignum

177 676 331 732 enim
368 679 814 747 procuratorem
847 677 898 731 ei
943 676 1094 732 inter
1142 677 1408 732 homines
1455 677 1710 733 invenire
1748 677 1841 734 vix

182 781 530 837 possumus,
554 764 875 820 Dominum
895 770 1089 820 autem
1107 767 1234 836 ejus
1255 766 1839 838 penitusignoramus

181 858 390 925 prater
407 853 605 921 illum,
631 854 704 909 de
725 871 842 924 quo
863 855 1117 910 Joannes
1142 856 1404 926 Baptista
1422 857 1532 910 ait:
1559 858 1666 924 Qui
1684 856 1837 910 habet

177 957 460 1012 sponsam,
493 959 725 1013 sponsus
776 952 857 997 est
898 945 1074 1012 (Joan.
1106 959 1190 1008 In,
1221 945 1333 1013 20).
1375 947 1454 998 An
1505 951 1708 999 sancta
1733 945 1836 999 Ec-

183 1029 613 1102 clesiasponsa
653 1030 891 1087 Christi.
939 1073 950 1085 .
997 1073 1008 1084 .
1055 1073 1068 1085 .
1114 1074 1126 1087 .
1175 1074 1186 1085 .
1233 1073 1246 1086 .
1293 1074 1304 1087 .
1355 1074 1366 1086 .
1415 1074 1426 1085 .
1475 1075 1486 1086 .
1534 1074 1545 1085 .
1592 1075 1602 1086 .
1651 1074 1663 1087 .
1707 1074 1718 1086 .
1766 1076 1778 1089 .
1824 1075 1837 1089 .

188 1161 202 1175 .
247 1160 260 1172 .
305 1161 318 1174 .
365 1161 379 1174 .
431 1162 443 1174 .
489 1137 729 1175 summa
763 1121 962 1191 itaque
993 1119 1302 1176 Salomone
1332 1122 1542 1192 ipsam.
1589 1165 1600 1176 .
1647 1163 1659 1175 .
1706 1164 1719 1176 .
1766 1162 1778 1176 .
1823 1162 1837 1176 .

186 1225 389 1264 rursus
413 1209 798 1264 devotissime
818 1209 1222 1281 imploremus,
1246 1216 1308 1264 ut
1332 1210 1519 1281 ipsam
1546 1226 1648 1281 pro
1672 1211 1838 1265 nobis

187 1298 259 1352 ad
312 1313 449 1352 eum
499 1298 758 1353 intereed
803 1340 815 1352 .
861 1340 874 1352 .
922 1339 934 1351 .
983 1338 996 1350 .
1043 1340 1054 1353 .
1103 1338 1114 1352 .
1163 1341 1175 1352 .
1216 1300 1462 1367 auferre,
1519 1301 1618 1354 sed
1677 1300 1841 1353 devoo

187 1385 436 1452 tissime,
471 1403 598 1457 quae
623 1386 956 1441 necessaria
983 1392 1121 1441 sunt
1144 1387 1284 1441 inibi
1311 1387 1606 1459 postulare
1647 1430 1659 1441 .
1707 1430 1719 1442 .
1766 1428 1777 1440 .
1824 1429 1836 1442 .

194 1514 207 1527 .
253 1515 264 1526 .
312 1515 324 1527 .
370 1515 384 1528 .
429 1517 442 1528 .
490 1516 502 1528 .
548 1492 629 1541 re,
665 1491 801 1530 nam
833 1480 890 1530 et
912 1475 1087 1530 David
1121 1476 1386 1531 esuriens
1418 1476 1838 1548 propositionis

191 1578 372 1634 panes
402 1563 475 1618 de
505 1563 724 1634 templo
756 1564 1012 1634 arripere
1045 1563 1099 1617 vi
1132 1581 1243 1620 non
1269 1566 1659 1636 prmsumpsit.
1707 1606 1720 1619 .
1764 1605 1777 1618 .
1824 1607 1835 1618 .

193 1691 206 1704 .
252 1691 264 1704 .
312 1693 324 1706 .
373 1693 385 1706 .
421 1651 596 1707 donis
614 1669 771 1716 vero,
804 1653 1074 1722 quamvis
1102 1670 1137 1708 a
1163 1669 1297 1724 rege
1329 1654 1568 1719 missus,
1602 1654 1740 1725 quia
1768 1656 1838 1709 de

191 1740 414 1811 templo
434 1741 534 1794 Dei
566 1740 781 1812 aliquid
803 1742 1034 1798 auferre
1056 1741 1251 1808 voluit,
1276 1743 1349 1797 ab
1371 1741 1574 1816 angelo
1597 1759 1839 1814 percus-

191 1845 298 1884 sus
330 1833 445 1885 est.
473 1828 584 1884 Sed
615 1829 750 1900 quid
782 1830 1022 1897 mirum,
1072 1830 1122 1886 si
1156 1830 1342 1886 ﬁdelis
1393 1832 1663 1904 princeps
1714 1848 1837 1887 rem

193 1921 311 1972 Deo
338 1917 597 1972 dicatam
628 1917 686 1971 in
709 1918 958 1974 maxima
980 1918 1246 1990 quamvis
1271 1920 1625 1975 constitutus
1648 1937 1840 1977 neces-

193 2007 368 2062 sitate
398 2007 658 2078 arripere
688 2006 902 2067 timuit.
932 2024 1067 2062 eum
1099 2009 1274 2064 etiam
1307 2010 1378 2063 ab
1408 2009 1555 2081 ipsis
1589 2011 1834 2081 paganis

193 2099 250 2151 et
276 2095 549 2152 barbaris
601 2099 721 2150 tam
755 2097 814 2150 in
879 2097 1064 2152 Veteri
1124 2099 1495 2153 Testamento
1554 2116 1729 2169 quam
1779 2099 1838 2154 in

194 2183 346 2239 Novo
375 2184 486 2239 hoc
519 2184 718 2255 ipsum
747 2185 1121 2240 observatum
1171 2185 1434 2256 legamus
1485 2188 1630 2242 Nam
1663 2192 1840 2242 Pom-

193 2273 356 2345 peius
387 2273 474 2326 vir
502 2273 742 2344 gentilis
790 2278 848 2329 et
878 2273 1214 2341 bellicosus,
1264 2291 1397 2330 cum
1457 2276 1834 2332 rebellantem

191 2361 516 2417 Jerusalem
532 2367 946 2434 expugnasset,
963 2363 1251 2418 infinitam
1267 2364 1522 2419 thesauri
1539 2365 1764 2436 copiam
1779 2365 1837 2420 in

193 2450 411 2522 templo
436 2450 662 2506 Domini
685 2451 949 2506 audierat
962 2454 1480 2523 eongregatam,ad
1505 2471 1681 2525 quam
1703 2470 1838 2509 cum

199 2540 368 2594 modo
388 2538 621 2594 videndi
641 2538 834 2595 solum
856 2556 1035 2595 causa
1067 2542 1428 2608 accessisset,
1470 2547 1679 2597 cuncta
1709 2559 1840 2613 quae

196 2628 429 2684 aderant
450 2628 568 2683 sibi
589 2627 898 2700 sigillatim
917 2629 1098 2699 jussit
1117 2629 1344 2701 exponi.
1365 2631 1622 2694 Quarum
1645 2631 1840 2688 multi-

195 2718 450 2773 tudinem
481 2717 812 2784 admirans,
846 2718 991 2773 nihil
1016 2718 1248 2790 penitus
1277 2719 1481 2775 exinde
1503 2721 1838 2791 contingere

195 2807 582 2879 praesumpsit.
614 2807 758 2862 Item
780 2806 1041 2862 Alericus
1061 2808 1150 2863 vir
1171 2808 1423 2864 infidelis
1447 2814 1504 2864 et
1526 2810 1832 2877 barbarus,

196 2912 320 2951 cum
344 2895 494 2951 bello
519 2897 850 2951 Romanam
874 2896 1123 2968 cepisset
1141 2898 1368 2962 urbem,
1394 2899 1588 2952 omnia
1614 2915 1742 2969 quae
1762 2900 1833 2954 ad

195 2983 500 3040 Ecclesiam
532 2983 925 3054 confugerant
953 2984 1112 3039 salva
1142 3002 1269 3040 esse
1309 2986 1593 3056 permisit.
1629 2987 1696 3040 Et
1727 2987 1834 3042 hoc

195 3073 272 3128 illi
301 3073 494 3129 divina
513 3073 801 3144 mysteria
831 3072 1186 3143 ignorantes.
1210 3075 1488 3129 Catholici
1519 3091 1654 3130 vero
1680 3077 1835 3147 prin-

195 3161 342 3234 cipes
356 3161 741 3217 manifestum
757 3165 844 3216 est
859 3161 1373 3232 quiaEcclesiaaDei
1388 3180 1500 3218 non
1516 3181 1832 3236 praesump-

1948 591 2239 645 Adversum
2271 607 2454 647 omnes
2484 596 2690 648 vicinos
2734 609 2879 648 meos
2907 597 3185 664 pessimos,
3238 597 3336 666 qui
3362 600 3597 666 tangunt

1948 680 2344 747 Ita’reditatem,
2404 698 2568 752 quam
2615 683 2784 737 tribui
2827 684 3028 754 populo
3078 699 3196 738 meo
3228 685 3411 739 Israel.
3464 687 3594 740 Ecce

1947 784 2040 838 ego
2069 769 2302 824 evellam
2343 786 2432 824 eos
2473 770 2539 824 de
2585 780 2731 825 terra
2789 787 2889 824 sua
2941 774 3154 839 (Jerem.
3189 789 3289 838 xu,
3324 773 3430 842 14).
3490 775 3593 829 Di-

1949 873 2128 928 gnum
2161 860 2268 928 [est
2312 861 2395 927 ut]
2429 860 2526 930 qui
2560 859 2986 914 ecclesiasticas
3019 877 3134 926 res,
3170 861 3264 914 Dei
3298 862 3590 931 siquidem

1949 947 2346 1003 hereditatem
2388 951 2786 1004 contaminare
2839 956 3221 1021 praesumunt,
3274 968 3307 1005 a
3359 953 3592 1024 propria

1950 1051 2063 1105 qua
2085 1037 2246 1105 juste
2267 1038 2482 1107 perfrui
2516 1043 2787 1109 poterunt
2819 1039 3224 1094 excludantur.

2021 1126 2136 1179 Hoc
2155 1142 2286 1179 vero
2305 1126 2754 1198 diligentissime
2775 1127 3126 1182 intuendum
3150 1133 3259 1196 est,
3279 1130 3415 1200 quia
3443 1133 3590 1184 Deus

1949 1215 2340 1285 omnipotens,
2374 1215 2639 1286 quamvis
2664 1217 2879 1272 nostris
2896 1217 3262 1287 exigentibus
3285 1217 3474 1288 culpis
3497 1219 3590 1272 Ec-

1950 1301 2187 1357 clesium
2207 1321 2372 1358 suam
2401 1305 2687 1375 flagellare
2700 1305 2944 1360 voluerit
2961 1323 3062 1376 per
3078 1307 3588 1378 depraedationem,

1947 1391 2032 1446 vel
2066 1392 2324 1462 aliquam
2343 1394 2775 1462 contritionem,
2796 1412 2909 1449 non
2933 1395 3058 1450 suis
3077 1395 3320 1464 dilectis,
3347 1397 3445 1451 sed
3472 1395 3589 1451 illis

1949 1481 2058 1536 hoc
2091 1499 2257 1552 agere
2279 1483 2582 1553 permittit,
2617 1484 2834 1554 quibus
2857 1485 3043 1539 diram
3077 1485 3281 1540 exinde
3311 1485 3371 1540 in
3402 1490 3591 1556 poste-

1950 1587 2079 1624 rum
2113 1572 2318 1626 reddat
2338 1572 2820 1626 vicissitudinem.
2857 1574 2922 1628 Ut
2946 1575 3003 1628 in
3037 1574 3187 1628 Isaia
3215 1573 3486 1646 legimus,
3520 1575 3591 1629 de

1947 1659 2273 1713 Jerusalem
2302 1660 2530 1714 dicente
2581 1661 2826 1716 Domino
2872 1663 2942 1716 ad
2995 1661 3409 1733 Babyloniam:
3461 1663 3592 1718 Sede

1951 1749 2132 1800 tare-ns
2163 1749 2308 1801 intra
2354 1748 2627 1817 tenebras,
2677 1749 2798 1817 ﬁlia
2842 1750 3252 1812 Chaldzrorum;
3300 1753 3434 1822 quia
3482 1767 3591 1806 non

1949 1836 2226 1890 vocaberis
2259 1835 2413 1890 ultra
2441 1836 2665 1891 domina
2707 1855 3026 1906 regnorum.
3077 1841 3254 1894 Iratus
3282 1856 3403 1894 sum
3432 1856 3593 1912 super

1947 1926 2210 1996 pupulum
2237 1941 2444 1992 meum,
2478 1929 2528 1979 et
2557 1929 2936 1981 contaminari
2963 1927 3338 1984 heereditatem
3386 1945 3587 1997 meam,

1948 2017 1998 2068 et
2026 2012 2154 2066 dedi
2179 2028 2266 2066 eos
2302 2014 2360 2065 in
2389 2029 2561 2066 manu
2589 2017 2702 2078 tua,
2735 2029 2842 2066 non
2894 2017 3124 2083 posuisti
3152 2015 3228 2068 eis
3275 2014 3590 2069 misericor-

1949 2102 2068 2156 dias
2098 2102 2260 2169 (Isai.
2285 2117 2452 2164 XLVII,
2485 2102 2559 2169 5).
2595 2101 2868 2164 Quamvis
2899 2103 3052 2156 enim
3077 2101 3374 2155 Chaldaeos
3398 2102 3590 2156 Domi-

1950 2207 2061 2245 nus
2092 2189 2162 2245 ad
2196 2189 2542 2261 capiendum
2571 2188 2746 2244 Israel
2772 2189 3017 2255 miserit,
3052 2190 3150 2243 sed
3183 2189 3321 2259 quia
3350 2190 3592 2244 crudeli-

1950 2285 2070 2334 tate
2100 2279 2158 2333 in
2192 2279 2275 2333 eis
2308 2278 2540 2349 propria
2570 2278 2735 2331 abusi
2771 2283 2928 2343 sunt,
2961 2282 3017 2331 et
3047 2279 3297 2346 majores
3330 2276 3444 2331 illis
3476 2278 3590 2332 im-

1949 2366 2486 2439 posueruntplagas
2505 2382 2680 2436 quam
2705 2366 2798 2419 Dei
2825 2364 3588 2435 ultioefﬂagitabat,iratum

1949 2473 2010 2511 se
2035 2457 2315 2511 adversus
2346 2471 2444 2509 eos
2490 2454 2968 2508 manifestissime
3017 2452 3249 2507 clamat.
3304 2454 3369 2507 Et
3417 2453 3589 2524 paulo

1949 2549 2080 2616 post
2111 2561 2318 2599 rursus
2351 2545 2420 2599 ad
2455 2543 2817 2598 Hierusalem
2844 2560 2856 2597 :
2890 2547 2993 2598 Eos
3021 2558 3144 2597 vero
3171 2544 3267 2613 qui
3297 2543 3587 2613 judicare-

1948 2642 2081 2688 runt
2122 2638 2195 2702 te,
2250 2648 2346 2700 ego
2394 2632 2655 2703 judicabo
2710 2633 2860 2702 (Isai.
2921 2648 3068 2696 xux,
3099 2631 3212 2700 25),
3271 2636 3320 2685 et
3376 2647 3589 2686 omnem

1947 2722 2201 2789 linguam
2229 2722 2562 2776 resistentem
2591 2722 2713 2786 tibi,
2746 2719 2962 2790 judicio
2981 2719 3256 2790 judicabis
3285 2719 3439 2791 (Isai.
3475 2737 3584 2789 Liv,

1949 2811 2056 2879 17);
2090 2815 2146 2865 et
2177 2809 2347 2864 item:
2404 2809 2520 2863 Non
2569 2810 2628 2863 in
2657 2810 3048 2879 sempiternum
3096 2808 3381 2878 litigabor,
3414 2825 3588 2878 neque

1944 2914 2114 2969 usque
2143 2897 2212 2952 ad
2242 2898 2404 2965 ﬁnem
2453 2900 2664 2952 irascar
2711 2899 2860 2966 (Isai.
2896 2914 3026 2961 Lvu,
3071 2898 3196 2967 16);
3247 2901 3302 2950 et
3332 2896 3542 2950 iterum
3571 2913 3582 2948 :

1944 2989 2007 3042 In
2038 2987 2413 3055 indignatione
2439 3002 2558 3040 mea
2593 2988 2836 3056 percussi
2867 2990 2934 3056 te,
2971 2995 3020 3040 et
3052 2987 3113 3040 in
3143 2986 3592 3041 reconciliatione

1943 3091 2064 3130 mea
2094 3077 2344 3130 misertus
2373 3092 2494 3128 sum
2545 3078 2630 3130 tui
2681 3076 2831 3144 (Isai.
2866 3092 2953 3141 1.x,
2990 3076 3098 3144 10).
3152 3079 3218 3128 Et
3262 3073 3586 3128 Jeremias:

1945 3164 2176 3219 Sanctus
2206 3164 2377 3218 Israel
2406 3164 2634 3217 Domino
2662 3164 2928 3233 primitiae
2957 3165 3182 3233 frugum
3223 3164 3366 3232 ejus,
3407 3178 3592 3216 omnes

194 3232 379 3306 serant
398 3249 722 3316 dominari,
743 3251 843 3305 sed
865 3249 1155 3322 elegerant
1177 3251 1376 3306 sedule
1399 3232 1688 3309 famulari.
1713 3232 1833 3309 Ido-
1867 3232 1908 3299 (ἶ
1947 3255 2042 3322 qui
2070 3252 2327 3306 devorant
2355 3268 2480 3306 eum
2506 3232 2842 3322 delinquent,
2873 3232 3022 3304 mala
3052 3252 3266 3305 venient
3294 3266 3461 3321 super
3479 3267 3589 3316 eos,

195 3337 260 3394 lis
284 3355 513 3410 quoque
545 3339 874 3394 servientes
901 3343 1112 3395 terram
1147 3341 1536 3407 sacerdotum,
1568 3341 1656 3396 vel
1688 3347 1833 3397 tem-

197 3425 420 3498 plorum
460 3443 711 3482 suorum
744 3445 778 3481 a
825 3428 1058 3498 publica
1106 3430 1400 3485 iunctione
1443 3431 1834 3487 removebant.

193 3513 351 3576 Quod
381 3515 542 3570 etde
573 3515 872 3571 Pharaone
929 3533 1061 3588 rege
1115 3518 1343 3589 :Egypti
1403 3517 1676 3589 legimus,
1737 3519 1836 3591 qui

199 3617 332 3658 cum
362 3619 598 3658 omnem
630 3607 846 3660 terram
876 3605 1103 3676 zEgypti
1151 3623 1268 3662 sua:
1300 3606 1619 3677 redegisset
1661 3607 1838 3662 ditio-

200 3690 277 3756 ni,
311 3695 520 3748 terram
553 3693 981 3748 sacerdotalem
1011 3695 1256 3766 excepit,
1282 3699 1337 3750 et
1359 3695 1692 3750 indemnem
1716 3713 1840 3767 per-

199 3778 372 3836 misit.

265 3871 408 3934 Quid
439 3886 580 3943 ergo
613 3871 688 3926 de
717 3869 856 3938 illis,
890 3871 991 3942 qui
1020 3888 1090 3926 ea
1114 3888 1242 3943 quae
1273 3873 1344 3927 ad
1396 3889 1651 3944 praesens
1681 3874 1836 3930 inve-

203 3957 361 4014 niunt
400 3961 839 4032 deprmdantur,
887 3964 946 4015 et
991 3977 1117 4031 quae
1168 3961 1227 4016 in
1270 3962 1463 4018 futuro
1502 3965 1838 4036 congregari

201 4061 360 4116 posse
389 4050 660 4115 credunt,
695 4049 947 4104 exactori
980 4049 1148 4121 quasi
1171 4051 1280 4106 sub
1312 4053 1562 4123 pastoris
1603 4054 1838 4110 nomine

201 4137 471 4206 vendunt,
501 4143 561 4194 et
609 4141 836 4209 quanto
894 4139 1117 4208 majora
1175 4140 1410 4194 fuerunt
1467 4143 1837 4212 patrimonia,

205 4228 358 4281 tanto
379 4226 665 4298 prolixius
696 4226 1044 4298 episcopalis
1062 4228 1350 4283 ordinatio
1379 4230 1716 4301 propalatur
1738 4248 1751 4297 ;
1777 4236 1840 4287 ut

203 4312 339 4368 nihil
370 4319 676 4372 remaneat
698 4315 1118 4383 indiscussum,
1143 4318 1296 4387 quod
1320 4317 1460 4373 utile
1479 4318 1746 4374 videatur
1765 4322 1837 4375 ad

203 4403 412 4458 usum?
440 4403 513 4459 Ut
542 4405 629 4460 sic
664 4403 886 4474 pariter
916 4404 1035 4458 luat
1066 4403 1324 4461 Ecclesia
1353 4407 1684 4462 animarum
1719 4409 1837 4463 dis-

203 4490 489 4558 pendium,
527 4490 914 4546 amissionem
946 4495 1003 4546 et
1034 4508 1248 4547 rerum.
1298 4494 1366 4547 Et
1409 4498 1550 4548 tunc
1600 4495 1836 4552 tandem

1945 3341 2081 3396 dicit
2105 3341 2361 3394 Dominus
2392 3340 2608 3409 (Jerem.
2661 3356 2721 3404 ιι,
2752 3340 2826 3406 3).
2884 3339 2950 3392 Et
2981 3337 3159 3392 David
3193 3337 3252 3391 in
3301 3337 3586 3408 psalmis:

1949 3430 2061 3499 Ipsi
2089 3429 2316 3494 obligati
2343 3435 2487 3491 sunt,
2519 3431 2573 3480 et
2595 3426 2940 3485 ceciderunt;
2997 3441 3093 3480 nos
3124 3428 3308 3479 autem
3338 3426 3590 3479 surrexi-

1947 3533 2071 3570 mus
2101 3519 2149 3569 et
2208 3517 2375 3569 erecti
2428 3530 2615 3567 sumus
2672 3514 2840 3579 (Psal.
2875 3530 2990 3580 xix,
3019 3515 3095 3584 9);
3157 3519 3214 3568 et
3250 3513 3430 3568 item:
3489 3515 3593 3581 Qui

1949 3604 2219 3660 tribulant
2245 3618 2330 3657 me
2351 3604 2566 3656 inimici
2603 3604 2730 3670 mei,
2765 3604 2873 3673 ipsi
2901 3604 3174 3672 inﬁrmati
3201 3610 3346 3672 sunt,
3378 3606 3426 3658 et
3454 3604 3592 3657 ceci-

1948 3692 2146 3747 derunt
2176 3692 2348 3762 (Psal.
2381 3708 2533 3758 xxvx,
2556 3693 2633 3761 2).
2667 3695 2736 3746 Et
2767 3691 3048 3746 Dominus
3070 3692 3140 3748 de
3163 3691 3340 3746 Israel
3362 3708 3589 3746 rursus:

1953 3781 2188 3836 Visitabo
2221 3782 2282 3836 in
2313 3783 2470 3853 virga
2499 3783 2824 3852 iniquitates
2852 3797 3056 3848 eorum,
3100 3785 3150 3837 et
3189 3783 3248 3836 in
3277 3780 3593 3837 verberibus

1944 3875 2164 3941 peccata
2202 3887 2410 3926 eorum.
2441 3869 2868 3926 Misericordiam
2898 3880 3082 3926 autem
3125 3886 3299 3924 meam
3347 3885 3456 3924 non
3486 3869 3593 3922 dis-

1944 3975 2172 4030 pergam
2200 3961 2267 4014 ab
2298 3963 2377 4014 eis
2396 3978 2415 4021 ,°
2449 3976 2622 4030 neque
2661 3961 2858 4016 nocebo
2890 3961 2948 4014 in
2981 3961 3208 4015 veritate
3234 3974 3357 4013 mea
3413 3958 3588 4028 (Psal.

1952 4065 2218 4118 Lxxxvm,
2278 4050 2388 4119 33).
2452 4050 2519 4102 Et
2577 4049 2712 4102 item
2761 4048 3047 4102 Jeremias
3095 4049 3165 4102 ad
3237 4047 3586 4102 Dominum:

1952 4138 2245 4192 Traditlisti
2273 4139 2422 4191 enim
2481 4153 2595 4202 nos,
2657 4146 2714 4190 ut
2764 4138 3219 4200 emendaremur;
3265 4137 3356 4191 illi
3402 4140 3592 4190 autem

1949 4229 2389 4295 aggravaverunt
2413 4225 2611 4296 jugum
2639 4241 2797 4278 suum
2829 4240 2996 4291 super
3020 4241 3138 4280 nos.
3193 4227 3258 4279 Et
3313 4223 3590 4278 Dominus

1948 4315 2007 4368 in
2031 4313 2336 4384 Evangelio
2369 4330 2381 4368 :
2415 4315 2475 4368 Si
2503 4315 2625 4383 quis
2655 4312 3114 4366 scandalizaverit
3137 4329 3306 4366 unum
3328 4311 3392 4364 de
3417 4310 3592 4380 pusil-

1949 4403 2019 4456 lis
2041 4403 2160 4457 istis
2189 4404 2281 4473 qui
2305 4404 2366 4456 in
2399 4419 2482 4457 me
2504 4403 2756 4472 credunt,
2788 4400 3008 4472 expedit
3037 4403 3108 4466 ei,
3141 4409 3199 4455 ut
3226 4399 3593 4470 suspendatur

1946 4492 2091 4546 mola
2114 4493 2362 4545 asinaria
2393 4493 2451 4545 in
2479 4492 2618 4546 collo
2649 4492 2786 4560 ejus,
2821 4494 2871 4545 et
2890 4490 3249 4558 demergatur
3277 4491 3336 4542 in
3362 4489 3590 4558 profun-

205 4577 510 4633 novissime
530 4577 806 4649 sequitur
825 4578 1172 4651 episcOpalis
1192 4581 1691 4654 ordinatio,quam
1717 4601 1844 4654 par-
1873 4595 1919 4658 D
1951 4580 2082 4634 dum
2137 4582 2318 4634 maris
2365 4580 2580 4648 (Matth.
2632 4597 2792 4645 xvm,
2841 4581 2918 4647 6).
2977 4579 3086 4634 Sed
3136 4578 3286 4632 dicet
3332 4575 3585 4646 aliquis:

203 4679 391 4720 corum
418 4666 700 4737 praecedit
719 4665 925 4722 electio
951 4684 963 4733 ;
989 4683 1175 4739 neque
1198 4669 1578 4740 inquiruntur
1615 4672 1840 4741 merita,

205 4752 294 4807 sed
319 4754 513 4825 potius
531 4754 837 4826 eliguntur
858 4771 1119 4812 munera.
1143 4759 1322 4829 Cujus
1344 4776 1603 4830 unquam
1629 4762 1843 4831 praedia

198 4839 359 4897 toties
382 4843 722 4914 depraedata
737 4847 794 4898 et
808 4846 1183 4913 postmodum
1201 4849 1550 4919 venundata,
1567 4851 1844 4919 quemad-

201 4931 429 4986 modum
463 4936 687 4988 sanctaa
718 4931 985 4989 Ecclesiae
1016 4934 1439 4992 inveniuntur?
1487 4940 1595 4992 Aut
1625 4939 1842 5008 quibus

201 5019 498 5075 sacrificiis
520 5021 677 5077 tales
699 5024 971 5092 poterunt
989 5025 1207 5096 expiari
1221 5026 1562 5098 praedones?
1586 5028 1842 5098 Denique

207 5107 483 5180 scriptum
517 5113 651 5164 est:
686 5109 746 5164 Si
771 5115 1082 5180 peccaverit
1107 5116 1194 5169 vir
1220 5117 1276 5169 in
1307 5118 1509 5185 virum,
1539 5117 1762 5186 placare
1789 5119 1843 5171 ei

197 5201 357 5262 potest
385 5202 572 5254 Deus:
604 5201 657 5253 si
683 5207 869 5255 autem
901 5201 960 5254 in
1006 5203 1177 5258 Deum
1219 5207 1520 5275 peccaverit
1564 5206 1672 5271 vir,
1719 5207 1840 5276 quis

202 5284 364 5371 orabit
401 5302 501 5357 pro
554 5302 616 5342 eo
640 5291 666 5340 ν
724 5287 770 5358 (I
799 5292 926 5356 Reg.
961 5307 1022 5357 ιι,
1053 5292 1166 5360 25.)
1201 5293 1458 5371 Quidam
1478 5297 1535 5348 et
1590 5293 1661 5348 ab
1692 5293 1839 5365 ipsis

201 5369 476 5444 episcopis
523 5375 744 5430 fuerint
791 5377 1061 5435 cautione
1111 5381 1302 5436 ﬁrma.
1349 5422 1360 5435 .
1524 5425 1537 5436 .
1585 5423 1597 5435 .
1643 5423 1656 5436 .
1702 5422 1715 5436 .
1761 5425 1774 5436 .
1822 5424 1834 5437 .

205 5457 384 5515 Omnes
409 5465 697 5533 principes
753 5479 949 5520 eorum
993 5470 1091 5539 qui
1145 5469 1447 5525 dixerunt:
1507 5471 1838 5528 Haeredilate

200 5548 561 5614 possideamus
594 5555 977 5610 sanctuari-um
1006 5558 1119 5613 Dei.
1181 5561 1320 5614 Deus
1375 5578 1546 5629 meus,
1589 5577 1727 5632 pone
1758 5559 1835 5613 il-

207 5633 277 5689 los
303 5641 360 5691 ut
387 5649 640 5701 rotam;-
669 5644 719 5696 et
761 5643 900 5697 sicut
953 5647 1212 5718 stipulam
1269 5654 1394 5706 ante
1435 5652 1638 5722 [aciem
1683 5649 1833 5703 venti

1954 4668 2227 4733 Quamvis
2259 4669 2415 4723 enim
2449 4685 2540 4723 res
2569 4667 2971 4724 ecclesiasticae
3011 4685 3045 4722 a
3074 4683 3167 4722 me
3197 4666 3587 4735 detineantur,

1951 4757 2134 4829 liquet
2167 4757 2305 4829 quia
2335 4757 2504 4828 plura
2534 4757 2813 4812 beneﬁcia
2842 4759 2933 4826 [ex
2959 4756 3104 4828 ipsis
3136 4772 3238 4828 per
3267 4771 3359 4809 me
3388 4755 3589 4808 adver-

1952 4865 2054 4903 sus
2087 4849 2351 4902 eamdem
2383 4847 2688 4903 ecclesiam
2723 4846 3156 4912 ministrentur,
3209 4862 3384 4915 quam
3417 4843 3466 4897 si
3515 4845 3588 4896 ab

1952 4936 2158 4992 iisdem
2217 4936 2628 4991 ecclesiasticis
2686 4936 3118 4990 detinerentur:
3180 4934 3281 4989 sed
3348 4934 3588 5000 errant]

1951 5027 2084 5092 Quae
2097 5042 2232 5096 ergo
2247 5042 2420 5097 opera
2434 5025 2864 5094 [misericordia
2883 5025 2954 5079 de
2966 5022 3305 5094 hujusmodi
3322 5020 3590 5091 frugibus

1950 5131 1983 5168 a
2013 5114 2232 5170 talibus
2274 5118 2545 5184 poterunt
2593 5113 2847 5183 legitime
2900 5112 3256 5184 praeparari?
3313 5107 3588 5178 Nunquid

1949 5203 2371 5274 eleemosynas]
2404 5201 2652 5272 largiri?
2685 5203 2771 5255 vel
2825 5203 3070 5256 fortasse
3126 5201 3319 5271 potius
3377 5196 3589 5268 [ipsius

1947 5293 2203 5348 ecclesia:
2228 5291 2398 5360 cujus
2420 5289 2715 5344 beneﬁciis
2741 5289 2793 5342 vi
2817 5290 3139 5360 potiuntur,
3162 5285 3368 5342 altaria
3389 5299 3590 5354 coope-

1949 5381 2070 5447 riri,
2103 5378 2192 5433 vel
2223 5377 2555 5448 luminaria]
2588 5378 2883 5441 succendi,
2933 5376 3250 5430 architecte
3279 5372 3585 5444 reparari?

1947 5469 2169 5523 Clamat
2197 5465 2481 5521 Dominus
2514 5482 2614 5534 per
2643 5467 2822 5520 Osee:
2877 5463 3299 5519 Misericordiam
3343 5462 3499 5515 volui
3535 5468 3587 5516 et

1947 5573 2058 5612 non
2089 5556 2440 5625 sacriﬁcium,
2466 5557 2514 5606 et
2536 5554 2817 5606 scientiam.
2841 5555 2938 5606 Du“
2972 5554 3255 5622 plusquam
3278 5549 3588 5604 holocausta

1945 5644 2095 5716 (Osee
2141 5662 2217 5713 v1,
2262 5644 2336 5714 6).
2398 5643 2467 5697 Et
2496 5641 2666 5696 item:
2701 5641 2805 5709 Ego
2835 5641 3094 5695 Dominus
3138 5638 3372 5706 diligens
3414 5634 3572 5703 judi-
