  <div class='ocr_page' id='page_1' title='image "/cluster/home/n/w/nwhite01/storage/ocr_20150623/134-135/uva.x000829784/061.png"; bbox 0 0 3956 6230; ppageno 0'>
   <div class='ocr_carea' id='block_1_1' title="bbox 329 347 3743 416">
    <p class='ocr_par' dir='ltr' id='par_1_1' title="bbox 329 347 3743 416">
     <span class='ocr_line' id='line_1_1' title="bbox 329 347 3743 416; baseline 0.002 -8"><span class='ocrx_word' id='word_1_1' title='bbox 329 347 399 409; x_wconf 80' lang='grc'>91</span> <span class='ocrx_word' id='word_1_2' title='bbox 1341 353 1672 414; x_wconf 84' lang='lat' dir='ltr'>ATTONIS</span> <span class='ocrx_word' id='word_1_3' title='bbox 1721 351 2304 414; x_wconf 80' lang='lat' dir='ltr'>VERCELLENSIS</span> <span class='ocrx_word' id='word_1_4' title='bbox 2353 353 2699 416; x_wconf 79' lang='lat' dir='ltr'>EPISCOPI</span> <span class='ocrx_word' id='word_1_5' title='bbox 3650 352 3743 415; x_wconf 76' lang='grc'>92</span> 
     </span>
    </p>
   </div>
   <div class='ocr_carea' id='block_1_2' title="bbox 329 483 3747 562">
    <p class='ocr_par' dir='ltr' id='par_1_2' title="bbox 329 483 3747 562">
     <span class='ocr_line' id='line_1_2' title="bbox 329 483 3747 562; baseline 0.001 -22"><span class='ocrx_word' id='word_1_6' title='bbox 329 483 500 556; x_wconf 89' lang='lat' dir='ltr'>cium,</span> <span class='ocrx_word' id='word_1_7' title='bbox 532 484 587 541; x_wconf 89' lang='lat' dir='ltr'>et</span> <span class='ocrx_word' id='word_1_8' title='bbox 616 483 736 542; x_wconf 87' lang='lat' dir='ltr'>odio</span> <span class='ocrx_word' id='word_1_9' title='bbox 766 483 968 544; x_wconf 79' lang='lat' dir='ltr'><strong><em>habens</em></strong></span> <span class='ocrx_word' id='word_1_10' title='bbox 989 489 1246 562; x_wconf 76' lang='lat' dir='ltr'>rapinam</span> <span class='ocrx_word' id='word_1_11' title='bbox 1265 489 1323 544; x_wconf 87' lang='lat' dir='ltr'>in</span> <span class='ocrx_word' id='word_1_12' title='bbox 1345 486 1651 547; x_wconf 82' lang='lat' dir='ltr'>holocausta</span> <span class='ocrx_word' id='word_1_13' title='bbox 1673 488 1832 562; x_wconf 85' lang='lat' dir='ltr'>(Isai.</span> <span class='ocrx_word' id='word_1_14' title='bbox 1857 506 1967 562; x_wconf 62' lang='grc' dir='ltr'>ιιι,</span> <span class='ocrx_word' id='word_1_15' title='bbox 2000 485 2055 553; x_wconf 80' lang='grc' dir='ltr'><strong>Α</strong></span> <span class='ocrx_word' id='word_1_16' title='bbox 2086 502 2282 543; x_wconf 89' lang='lat' dir='ltr'>remur</span> <span class='ocrx_word' id='word_1_17' title='bbox 2296 486 2450 544; x_wconf 85' lang='lat' dir='ltr'>bona</span> <span class='ocrx_word' id='word_1_18' title='bbox 2471 488 2542 543; x_wconf 87' lang='lat' dir='ltr'>ad</span> <span class='ocrx_word' id='word_1_19' title='bbox 2564 501 2787 556; x_wconf 91' lang='lat' dir='ltr'>omnes,</span> <span class='ocrx_word' id='word_1_20' title='bbox 2803 485 3055 545; x_wconf 82' lang='lat' dir='ltr'>maxime</span> <span class='ocrx_word' id='word_1_21' title='bbox 3070 489 3263 543; x_wconf 87' lang='lat' dir='ltr'>autem</span> <span class='ocrx_word' id='word_1_22' title='bbox 3285 483 3356 542; x_wconf 85' lang='lat' dir='ltr'>ad</span> <span class='ocrx_word' id='word_1_23' title='bbox 3371 485 3747 543; x_wconf 87' lang='lat' dir='ltr'>domesticos</span> 
     </span>
    </p>
   </div>
   <div class='ocr_carea' id='block_1_3' title="bbox 331 573 1969 651">
    <p class='ocr_par' dir='ltr' id='par_1_3' title="bbox 331 573 1969 651">
     <span class='ocr_line' id='line_1_3' title="bbox 331 573 1969 651; baseline 0.002 -22"><span class='ocrx_word' id='word_1_24' title='bbox 331 573 408 645; x_wconf 90' lang='lat'>8).</span> <span class='ocrx_word' id='word_1_25' title='bbox 443 573 597 630; x_wconf 90' lang='lat' dir='ltr'>Deus</span> <span class='ocrx_word' id='word_1_26' title='bbox 619 575 917 646; x_wconf 88' lang='lat' dir='ltr'>justorum</span> <span class='ocrx_word' id='word_1_27' title='bbox 949 577 1140 651; x_wconf 82' lang='lat' dir='ltr'>diligit</span> <span class='ocrx_word' id='word_1_28' title='bbox 1167 583 1591 649; x_wconf 82' lang='lat' dir='ltr'>paupertatem,</span> <span class='ocrx_word' id='word_1_29' title='bbox 1617 596 1792 651; x_wconf 91' lang='lat' dir='ltr'>quam</span> <span class='ocrx_word' id='word_1_30' title='bbox 1826 580 1969 634; x_wconf 90' lang='lat' dir='ltr'>divi-</span> 
     </span>
    </p>
   </div>
   <div class='ocr_carea' id='block_1_4' title="bbox 332 666 1406 739">
    <p class='ocr_par' dir='ltr' id='par_1_4' title="bbox 332 666 1406 739">
     <span class='ocr_line' id='line_1_4' title="bbox 332 666 1406 739; baseline 0.005 -22"><span class='ocrx_word' id='word_1_31' title='bbox 332 666 460 718; x_wconf 90' lang='lat' dir='ltr'>tum</span> <span class='ocrx_word' id='word_1_32' title='bbox 494 681 759 736; x_wconf 89' lang='lat' dir='ltr'>munera,</span> <span class='ocrx_word' id='word_1_33' title='bbox 783 682 909 737; x_wconf 72' lang='lat' dir='ltr'>quae</span> <span class='ocrx_word' id='word_1_34' title='bbox 933 668 1003 722; x_wconf 90' lang='lat' dir='ltr'>de</span> <span class='ocrx_word' id='word_1_35' title='bbox 1025 666 1244 739; x_wconf 85' lang='lat' dir='ltr'>rapinis</span> <span class='ocrx_word' id='word_1_36' title='bbox 1266 671 1406 723; x_wconf 89' lang='lat' dir='ltr'>sunt</span> 
     </span>
    </p>
   </div>
   <div class='ocr_carea' id='block_1_5' title="bbox 333 751 1969 827">
    <p class='ocr_par' dir='ltr' id='par_1_5' title="bbox 333 751 1969 827">
     <span class='ocr_line' id='line_1_5' title="bbox 333 751 1969 827; baseline 0.004 -22"><span class='ocrx_word' id='word_1_37' title='bbox 333 751 488 807; x_wconf 89' lang='lat' dir='ltr'>Deus</span> <span class='ocrx_word' id='word_1_38' title='bbox 519 753 590 806; x_wconf 91' lang='lat' dir='ltr'>ad</span> <span class='ocrx_word' id='word_1_39' title='bbox 625 771 869 810; x_wconf 89' lang='lat' dir='ltr'>munera</span> <span class='ocrx_word' id='word_1_40' title='bbox 898 756 1036 810; x_wconf 90' lang='lat' dir='ltr'>Cain</span> <span class='ocrx_word' id='word_1_41' title='bbox 1064 774 1075 823; x_wconf 89' lang='lat'>;</span> <span class='ocrx_word' id='word_1_42' title='bbox 1103 756 1238 827; x_wconf 90' lang='lat' dir='ltr'>quia</span> <span class='ocrx_word' id='word_1_43' title='bbox 1258 757 1526 826; x_wconf 82' lang='lat' dir='ltr'>quamvis</span> <span class='ocrx_word' id='word_1_44' title='bbox 1544 763 1698 813; x_wconf 90' lang='lat' dir='ltr'>recte</span> <span class='ocrx_word' id='word_1_45' title='bbox 1721 757 1969 827; x_wconf 79' lang='lat' dir='ltr'>offerret,</span> 
     </span>
    </p>
   </div>
   <div class='ocr_carea' id='block_1_6' title="bbox 334 843 1971 901">
    <p class='ocr_par' dir='ltr' id='par_1_6' title="bbox 334 843 1971 901">
     <span class='ocr_line' id='line_1_6' title="bbox 334 843 1971 901; baseline 0.004 -8"><span class='ocrx_word' id='word_1_46' title='bbox 334 843 529 895; x_wconf 89' lang='lat' dir='ltr'>tamen</span> <span class='ocrx_word' id='word_1_47' title='bbox 566 859 678 897; x_wconf 91' lang='lat' dir='ltr'>non</span> <span class='ocrx_word' id='word_1_48' title='bbox 713 847 863 900; x_wconf 91' lang='lat' dir='ltr'>recte</span> <span class='ocrx_word' id='word_1_49' title='bbox 905 844 1197 899; x_wconf 81' lang='lat' dir='ltr'>dividebat</span> <span class='ocrx_word' id='word_1_50' title='bbox 1246 861 1377 900; x_wconf 88' lang='lat' dir='ltr'>cum</span> <span class='ocrx_word' id='word_1_51' title='bbox 1414 847 1608 900; x_wconf 78' lang='lat' dir='ltr'>fratre.</span> <span class='ocrx_word' id='word_1_52' title='bbox 1667 847 1760 901; x_wconf 84' lang='lat' dir='ltr'>Ait</span> <span class='ocrx_word' id='word_1_53' title='bbox 1815 845 1971 900; x_wconf 90' lang='lat' dir='ltr'>enim</span> 
     </span>
    </p>
   </div>
   <div class='ocr_carea' id='block_1_7' title="bbox 334 927 1970 1004">
    <p class='ocr_par' dir='ltr' id='par_1_7' title="bbox 334 927 1970 1004">
     <span class='ocr_line' id='line_1_7' title="bbox 334 927 1970 1004; baseline 0.002 -22"><span class='ocrx_word' id='word_1_54' title='bbox 334 927 543 984; x_wconf 89' lang='lat' dir='ltr'>beatus</span> <span class='ocrx_word' id='word_1_55' title='bbox 593 932 931 987; x_wconf 79' lang='lat' dir='ltr'>Ambrosius</span> <span class='ocrx_word' id='word_1_56' title='bbox 991 932 1113 997; x_wconf 90' lang='lat' dir='ltr'>(lib.</span> <span class='ocrx_word' id='word_1_57' title='bbox 1169 951 1184 987; x_wconf 91' lang='lat'>1</span> <span class='ocrx_word' id='word_1_58' title='bbox 1244 933 1422 1004; x_wconf 81' lang='lat' dir='ltr'>0fﬁc.,</span> <span class='ocrx_word' id='word_1_59' title='bbox 1484 951 1533 988; x_wconf 92' lang='lat' dir='ltr'>c.</span> <span class='ocrx_word' id='word_1_60' title='bbox 1593 935 1719 1003; x_wconf 89' lang='lat'>30):</span> <span class='ocrx_word' id='word_1_61' title='bbox 1785 934 1970 990; x_wconf 83' lang='lat' dir='ltr'>«Non</span> 
     </span>
    </p>
   </div>
   <div class='ocr_carea' id='block_1_8' title="bbox 335 1017 1972 1092">
    <p class='ocr_par' dir='ltr' id='par_1_8' title="bbox 335 1017 1972 1092">
     <span class='ocr_line' id='line_1_8' title="bbox 335 1017 1972 1092; baseline 0.004 -22"><span class='ocrx_word' id='word_1_62' title='bbox 335 1017 617 1086; x_wconf 83' lang='lat' dir='ltr'>probatur</span> <span class='ocrx_word' id='word_1_63' title='bbox 644 1019 902 1090; x_wconf 87' lang='lat' dir='ltr'>largitas,</span> <span class='ocrx_word' id='word_1_64' title='bbox 925 1020 975 1074; x_wconf 89' lang='lat' dir='ltr'>si</span> <span class='ocrx_word' id='word_1_65' title='bbox 997 1021 1151 1091; x_wconf 91' lang='lat' dir='ltr'>quod</span> <span class='ocrx_word' id='word_1_66' title='bbox 1177 1021 1342 1076; x_wconf 83' lang='lat' dir='ltr'>alteri</span> <span class='ocrx_word' id='word_1_67' title='bbox 1366 1021 1629 1092; x_wconf 84' lang='lat' dir='ltr'>largitur,</span> <span class='ocrx_word' id='word_1_68' title='bbox 1655 1021 1816 1076; x_wconf 85' lang='lat' dir='ltr'>alteri</span> <span class='ocrx_word' id='word_1_69' title='bbox 1839 1020 1972 1092; x_wconf 89' lang='lat' dir='ltr'>quis</span> 
     </span>
    </p>
   </div>
   <div class='ocr_carea' id='block_1_9' title="bbox 336 1108 1972 1182">
    <p class='ocr_par' dir='ltr' id='par_1_9' title="bbox 336 1108 1972 1182">
     <span class='ocr_line' id='line_1_9' title="bbox 336 1108 1972 1182; baseline 0.005 -24"><span class='ocrx_word' id='word_1_70' title='bbox 336 1109 693 1176; x_wconf 81' lang='lat' dir='ltr'>extorqueat,</span> <span class='ocrx_word' id='word_1_71' title='bbox 727 1108 773 1162; x_wconf 92' lang='lat' dir='ltr'>si</span> <span class='ocrx_word' id='word_1_72' title='bbox 808 1109 1023 1178; x_wconf 84' lang='lat' dir='ltr'>injuste</span> <span class='ocrx_word' id='word_1_73' title='bbox 1075 1111 1360 1181; x_wconf 88' lang='lat' dir='ltr'>acquirat,</span> <span class='ocrx_word' id='word_1_74' title='bbox 1410 1126 1476 1166; x_wconf 89' lang='lat' dir='ltr'>ac</span> <span class='ocrx_word' id='word_1_75' title='bbox 1517 1113 1678 1182; x_wconf 81' lang='lat' dir='ltr'>juste</span> <span class='ocrx_word' id='word_1_76' title='bbox 1732 1111 1972 1182; x_wconf 90' lang='lat' dir='ltr'>dispen-</span> 
     </span>
    </p>
   </div>
   <div class='ocr_carea' id='block_1_10' title="bbox 336 1193 1976 1271">
    <p class='ocr_par' dir='ltr' id='par_1_10' title="bbox 336 1193 1976 1271">
     <span class='ocr_line' id='line_1_10' title="bbox 336 1193 1976 1271; baseline 0.005 -25"><span class='ocrx_word' id='word_1_77' title='bbox 336 1193 590 1248; x_wconf 91' lang='lat' dir='ltr'>dendum</span> <span class='ocrx_word' id='word_1_78' title='bbox 624 1200 807 1266; x_wconf 90' lang='lat' dir='ltr'>putet.</span> <span class='ocrx_word' id='word_1_79' title='bbox 840 1220 866 1247; x_wconf 87' lang='grc'>››</span> <span class='ocrx_word' id='word_1_80' title='bbox 902 1198 968 1252; x_wconf 90' lang='lat' dir='ltr'>Et</span> <span class='ocrx_word' id='word_1_81' title='bbox 998 1199 1138 1254; x_wconf 90' lang='lat' dir='ltr'>item</span> <span class='ocrx_word' id='word_1_82' title='bbox 1165 1216 1178 1254; x_wconf 89' lang='lat'>:</span> <span class='ocrx_word' id='word_1_83' title='bbox 1236 1219 1263 1249; x_wconf 82' lang='lat'><strong>«</strong></span> <span class='ocrx_word' id='word_1_84' title='bbox 1295 1200 1763 1255; x_wconf 87' lang='lat' dir='ltr'>Fundamentum</span> <span class='ocrx_word' id='word_1_85' title='bbox 1796 1199 1976 1271; x_wconf 87' lang='lat' dir='ltr'>igitur</span> 
     </span>
    </p>
   </div>
   <div class='ocr_carea' id='block_1_11' title="bbox 335 1280 1975 1360">
    <p class='ocr_par' dir='ltr' id='par_1_11' title="bbox 335 1280 1975 1360">
     <span class='ocr_line' id='line_1_11' title="bbox 335 1280 1975 1360; baseline 0.006 -25"><span class='ocrx_word' id='word_1_86' title='bbox 335 1280 543 1336; x_wconf 84' lang='lat' dir='ltr'>habeat</span> <span class='ocrx_word' id='word_1_87' title='bbox 561 1281 879 1341; x_wconf 86' lang='lat' dir='ltr'>liberalitas</span> <span class='ocrx_word' id='word_1_88' title='bbox 897 1290 1017 1342; x_wconf 89' lang='lat' dir='ltr'>tua.</span> <span class='ocrx_word' id='word_1_89' title='bbox 1037 1291 1156 1342; x_wconf 89' lang='lat' dir='ltr'>Hoc</span> <span class='ocrx_word' id='word_1_90' title='bbox 1178 1288 1434 1360; x_wconf 91' lang='lat' dir='ltr'>primum</span> <span class='ocrx_word' id='word_1_91' title='bbox 1457 1288 1737 1360; x_wconf 65' lang='lat' dir='ltr'>quaeritur</span> <span class='ocrx_word' id='word_1_92' title='bbox 1756 1292 1823 1344; x_wconf 87' lang='lat' dir='ltr'>ut</span> <span class='ocrx_word' id='word_1_93' title='bbox 1841 1304 1975 1344; x_wconf 89' lang='lat' dir='ltr'>cum</span> 
     </span>
    </p>
   </div>
   <div class='ocr_carea' id='block_1_12' title="bbox 335 1368 1978 1440">
    <p class='ocr_par' dir='ltr' id='par_1_12' title="bbox 335 1368 1978 1440">
     <span class='ocr_line' id='line_1_12' title="bbox 335 1368 1978 1440; baseline 0.005 -18"><span class='ocrx_word' id='word_1_94' title='bbox 335 1368 450 1424; x_wconf 79' lang='lat' dir='ltr'>{ide</span> <span class='ocrx_word' id='word_1_95' title='bbox 482 1371 805 1440; x_wconf 79' lang='lat' dir='ltr'>conferens,</span> <span class='ocrx_word' id='word_1_96' title='bbox 841 1375 1109 1430; x_wconf 87' lang='lat' dir='ltr'>fraudem</span> <span class='ocrx_word' id='word_1_97' title='bbox 1172 1393 1286 1431; x_wconf 90' lang='lat' dir='ltr'>non</span> <span class='ocrx_word' id='word_1_98' title='bbox 1339 1377 1517 1433; x_wconf 82' lang='lat' dir='ltr'>facias</span> <span class='ocrx_word' id='word_1_99' title='bbox 1565 1378 1860 1434; x_wconf 82' lang='lat' dir='ltr'>oblatis.»</span> <span class='ocrx_word' id='word_1_100' title='bbox 1908 1379 1978 1432; x_wconf 88' lang='lat' dir='ltr'>Et</span> 
     </span>
    </p>
   </div>
   <div class='ocr_carea' id='block_1_13' title="bbox 333 1457 1975 1535">
    <p class='ocr_par' dir='ltr' id='par_1_13' title="bbox 333 1457 1975 1535">
     <span class='ocr_line' id='line_1_13' title="bbox 333 1457 1975 1535; baseline 0.005 -24"><span class='ocrx_word' id='word_1_101' title='bbox 333 1457 506 1528; x_wconf 91' lang='lat' dir='ltr'>paulo</span> <span class='ocrx_word' id='word_1_102' title='bbox 534 1464 704 1530; x_wconf 90' lang='lat' dir='ltr'>post:</span> <span class='ocrx_word' id='word_1_103' title='bbox 760 1482 788 1511; x_wconf 82' lang='lat'>«</span> <span class='ocrx_word' id='word_1_104' title='bbox 819 1463 879 1517; x_wconf 88' lang='lat' dir='ltr'>Si</span> <span class='ocrx_word' id='word_1_105' title='bbox 912 1481 1028 1518; x_wconf 91' lang='lat' dir='ltr'>non</span> <span class='ocrx_word' id='word_1_106' title='bbox 1061 1468 1250 1535; x_wconf 89' lang='lat' dir='ltr'>potest</span> <span class='ocrx_word' id='word_1_107' title='bbox 1282 1464 1447 1521; x_wconf 88' lang='lat' dir='ltr'>alteri</span> <span class='ocrx_word' id='word_1_108' title='bbox 1498 1467 1814 1533; x_wconf 87' lang='lat' dir='ltr'>subveniri,</span> <span class='ocrx_word' id='word_1_109' title='bbox 1865 1465 1975 1521; x_wconf 90' lang='lat' dir='ltr'>nisi</span> 
     </span>
    </p>
   </div>
   <div class='ocr_carea' id='block_1_14' title="bbox 335 1545 1974 1625">
    <p class='ocr_par' dir='ltr' id='par_1_14' title="bbox 335 1545 1974 1625">
     <span class='ocr_line' id='line_1_14' title="bbox 335 1545 1974 1625; baseline 0.004 -23"><span class='ocrx_word' id='word_1_110' title='bbox 335 1545 758 1617; x_wconf 66' lang='lat' dir='ltr'>alterlaadatur,</span> <span class='ocrx_word' id='word_1_111' title='bbox 784 1552 1149 1608; x_wconf 87' lang='lat' dir='ltr'>commodius</span> <span class='ocrx_word' id='word_1_112' title='bbox 1171 1559 1259 1608; x_wconf 91' lang='lat' dir='ltr'>est</span> <span class='ocrx_word' id='word_1_113' title='bbox 1279 1555 1772 1625; x_wconf 86' lang='lat' dir='ltr'>neutrumjuvari,</span> <span class='ocrx_word' id='word_1_114' title='bbox 1799 1570 1974 1624; x_wconf 88' lang='lat' dir='ltr'>quam</span> 
     </span>
    </p>
   </div>
   <div class='ocr_carea' id='block_1_15' title="bbox 337 1636 1972 1714">
    <p class='ocr_par' dir='ltr' id='par_1_15' title="bbox 337 1636 1972 1714">
     <span class='ocr_line' id='line_1_15' title="bbox 337 1636 1972 1714; baseline 0.004 -25"><span class='ocrx_word' id='word_1_115' title='bbox 337 1637 564 1706; x_wconf 82' lang='lat' dir='ltr'>gravari</span> <span class='ocrx_word' id='word_1_116' title='bbox 599 1636 868 1694; x_wconf 88' lang='lat' dir='ltr'>alterum.</span> <span class='ocrx_word' id='word_1_117' title='bbox 897 1642 1171 1704; x_wconf 87' lang='lat' dir='ltr'>Quamvis</span> <span class='ocrx_word' id='word_1_118' title='bbox 1202 1643 1439 1713; x_wconf 89' lang='lat' dir='ltr'>quidam</span> <span class='ocrx_word' id='word_1_119' title='bbox 1465 1659 1730 1714; x_wconf 85' lang='lat' dir='ltr'>perverse</span> <span class='ocrx_word' id='word_1_120' title='bbox 1763 1641 1972 1696; x_wconf 87' lang='lat' dir='ltr'>intelli-</span> 
     </span>
    </p>
   </div>
   <div class='ocr_carea' id='block_1_16' title="bbox 337 1728 1974 1801">
    <p class='ocr_par' dir='ltr' id='par_1_16' title="bbox 337 1728 1974 1801">
     <span class='ocr_line' id='line_1_16' title="bbox 337 1728 1974 1801; baseline 0.003 -23"><span class='ocrx_word' id='word_1_121' title='bbox 337 1728 541 1794; x_wconf 83' lang='lat' dir='ltr'>gentes</span> <span class='ocrx_word' id='word_1_122' title='bbox 564 1728 1507 1800; x_wconf 88' lang='lat' dir='ltr'>assumantsibiintestimonium,</span> <span class='ocrx_word' id='word_1_123' title='bbox 1523 1731 1676 1801; x_wconf 91' lang='lat' dir='ltr'>quod</span> <span class='ocrx_word' id='word_1_124' title='bbox 1698 1731 1974 1785; x_wconf 87' lang='lat' dir='ltr'>Dominus</span> 
     </span>
    </p>
   </div>
   <div class='ocr_carea' id='block_1_17' title="bbox 338 1811 2052 1916">
    <p class='ocr_par' dir='ltr' id='par_1_17' title="bbox 338 1811 2052 1916">
     <span class='ocr_line' id='line_1_17' title="bbox 338 1811 2052 1916; baseline 0.004 -49"><span class='ocrx_word' id='word_1_125' title='bbox 338 1811 420 1867; x_wconf 86' lang='lat' dir='ltr'>ait</span> <span class='ocrx_word' id='word_1_126' title='bbox 443 1812 504 1866; x_wconf 90' lang='lat' dir='ltr'>in</span> <span class='ocrx_word' id='word_1_127' title='bbox 528 1813 835 1886; x_wconf 84' lang='lat' dir='ltr'>Evangelia</span> <span class='ocrx_word' id='word_1_128' title='bbox 861 1835 872 1872; x_wconf 93' lang='lat'>:</span> <span class='ocrx_word' id='word_1_129' title='bbox 897 1821 1080 1874; x_wconf 79' lang='lat' dir='ltr'>Facite</span> <span class='ocrx_word' id='word_1_130' title='bbox 1107 1820 1254 1874; x_wconf 82' lang='lat' dir='ltr'>vobis</span> <span class='ocrx_word' id='word_1_131' title='bbox 1297 1822 1498 1874; x_wconf 86' lang='lat' dir='ltr'>amicos</span> <span class='ocrx_word' id='word_1_132' title='bbox 1545 1820 1612 1874; x_wconf 85' lang='lat' dir='ltr'>de</span> <span class='ocrx_word' id='word_1_133' title='bbox 1661 1834 1975 1873; x_wconf 83' lang='lat' dir='ltr'>mammona</span> <span class='ocrx_word' id='word_1_134' title='bbox 2005 1853 2052 1916; x_wconf 83' lang='lat' dir='ltr'><strong>B</strong></span> 
     </span>
    </p>
   </div>
   <div class='ocr_carea' id='block_1_18' title="bbox 339 1900 1978 1977">
    <p class='ocr_par' dir='ltr' id='par_1_18' title="bbox 339 1900 1978 1977">
     <span class='ocr_line' id='line_1_18' title="bbox 339 1900 1978 1977; baseline 0.005 -24"><span class='ocrx_word' id='word_1_135' title='bbox 339 1900 680 1971; x_wconf 76' lang='lat' dir='ltr'>iniquitatis,</span> <span class='ocrx_word' id='word_1_136' title='bbox 714 1913 774 1960; x_wconf 87' lang='lat' dir='ltr'>ut</span> <span class='ocrx_word' id='word_1_137' title='bbox 795 1922 916 1960; x_wconf 89' lang='lat' dir='ltr'>cum</span> <span class='ocrx_word' id='word_1_138' title='bbox 937 1907 1262 1976; x_wconf 83' lang='lat' dir='ltr'>defeceritis,</span> <span class='ocrx_word' id='word_1_139' title='bbox 1284 1909 1563 1977; x_wconf 86' lang='lat' dir='ltr'>recipiant</span> <span class='ocrx_word' id='word_1_140' title='bbox 1579 1924 1669 1963; x_wconf 89' lang='lat' dir='ltr'>vos</span> <span class='ocrx_word' id='word_1_141' title='bbox 1690 1908 1749 1962; x_wconf 86' lang='lat' dir='ltr'>in</span> <span class='ocrx_word' id='word_1_142' title='bbox 1768 1909 1978 1963; x_wconf 73' lang='lat' dir='ltr'>aeterna</span> 
     </span>
    </p>
   </div>
   <div class='ocr_carea' id='block_1_19' title="bbox 338 1989 1974 2063">
    <p class='ocr_par' dir='ltr' id='par_1_19' title="bbox 338 1989 1974 2063">
     <span class='ocr_line' id='line_1_19' title="bbox 338 1989 1974 2063; baseline 0.004 -21"><span class='ocrx_word' id='word_1_143' title='bbox 338 1989 699 2047; x_wconf 86' lang='lat' dir='ltr'>tabernacula</span> <span class='ocrx_word' id='word_1_144' title='bbox 747 1997 897 2060; x_wconf 86' lang='lat' dir='ltr'>(Luc.</span> <span class='ocrx_word' id='word_1_145' title='bbox 934 2012 1049 2057; x_wconf 75' lang='lat' dir='ltr'>xvr,</span> <span class='ocrx_word' id='word_1_146' title='bbox 1081 1997 1156 2063; x_wconf 84' lang='lat'>9).</span> <span class='ocrx_word' id='word_1_147' title='bbox 1211 1997 1546 2051; x_wconf 89' lang='lat' dir='ltr'>Mammona</span> <span class='ocrx_word' id='word_1_148' title='bbox 1576 1997 1730 2051; x_wconf 89' lang='lat' dir='ltr'>enim</span> <span class='ocrx_word' id='word_1_149' title='bbox 1764 1995 1974 2050; x_wconf 67' lang='lat' dir='ltr'>divitiae</span> 
     </span>
    </p>
   </div>
   <div class='ocr_carea' id='block_1_20' title="bbox 339 2081 1978 2156">
    <p class='ocr_par' dir='ltr' id='par_1_20' title="bbox 339 2081 1978 2156">
     <span class='ocr_line' id='line_1_20' title="bbox 339 2081 1978 2156; baseline 0.005 -25"><span class='ocrx_word' id='word_1_150' title='bbox 339 2083 499 2144; x_wconf 88' lang='lat' dir='ltr'>sunt,</span> <span class='ocrx_word' id='word_1_151' title='bbox 522 2097 644 2147; x_wconf 64' lang='lat' dir='ltr'>quae</span> <span class='ocrx_word' id='word_1_152' title='bbox 666 2081 810 2137; x_wconf 88' lang='lat' dir='ltr'>bene</span> <span class='ocrx_word' id='word_1_153' title='bbox 832 2083 1167 2154; x_wconf 88' lang='lat' dir='ltr'>iniquitates</span> <span class='ocrx_word' id='word_1_154' title='bbox 1179 2085 1474 2151; x_wconf 91' lang='lat' dir='ltr'>dicuntur,</span> <span class='ocrx_word' id='word_1_155' title='bbox 1497 2085 1648 2156; x_wconf 93' lang='lat' dir='ltr'>quod</span> <span class='ocrx_word' id='word_1_156' title='bbox 1671 2084 1978 2139; x_wconf 69' lang='lat' dir='ltr'>saeculares</span> 
     </span>
    </p>
   </div>
   <div class='ocr_carea' id='block_1_21' title="bbox 338 2166 1976 2244">
    <p class='ocr_par' dir='ltr' id='par_1_21' title="bbox 338 2166 1976 2244">
     <span class='ocr_line' id='line_1_21' title="bbox 338 2166 1976 2244; baseline 0.005 -25"><span class='ocrx_word' id='word_1_157' title='bbox 338 2166 548 2221; x_wconf 61' lang='lat' dir='ltr'>divitias</span> <span class='ocrx_word' id='word_1_158' title='bbox 571 2168 663 2223; x_wconf 85' lang='lat' dir='ltr'>vix</span> <span class='ocrx_word' id='word_1_159' title='bbox 688 2177 953 2226; x_wconf 89' lang='lat' dir='ltr'>crescunt</span> <span class='ocrx_word' id='word_1_160' title='bbox 973 2172 1084 2226; x_wconf 87' lang='lat' dir='ltr'>nisi</span> <span class='ocrx_word' id='word_1_161' title='bbox 1109 2173 1330 2244; x_wconf 86' lang='lat' dir='ltr'>absque</span> <span class='ocrx_word' id='word_1_162' title='bbox 1350 2173 1572 2244; x_wconf 87' lang='lat' dir='ltr'>rapina.</span> <span class='ocrx_word' id='word_1_163' title='bbox 1597 2172 1799 2228; x_wconf 85' lang='lat' dir='ltr'>Omnis</span> <span class='ocrx_word' id='word_1_164' title='bbox 1820 2173 1976 2228; x_wconf 90' lang='lat' dir='ltr'>enim</span> 
     </span>
    </p>
   </div>
   <div class='ocr_carea' id='block_1_22' title="bbox 337 2255 1974 2333">
    <p class='ocr_par' dir='ltr' id='par_1_22' title="bbox 337 2255 1974 2333">
     <span class='ocr_line' id='line_1_22' title="bbox 337 2255 1974 2333; baseline 0.005 -26"><span class='ocrx_word' id='word_1_165' title='bbox 337 2255 541 2326; x_wconf 88' lang='lat' dir='ltr'>rapina</span> <span class='ocrx_word' id='word_1_166' title='bbox 562 2255 842 2328; x_wconf 89' lang='lat' dir='ltr'>iniquitas</span> <span class='ocrx_word' id='word_1_167' title='bbox 864 2263 971 2326; x_wconf 87' lang='lat' dir='ltr'>est,</span> <span class='ocrx_word' id='word_1_168' title='bbox 996 2261 1097 2315; x_wconf 90' lang='lat' dir='ltr'>sed</span> <span class='ocrx_word' id='word_1_169' title='bbox 1122 2277 1236 2315; x_wconf 90' lang='lat' dir='ltr'>non</span> <span class='ocrx_word' id='word_1_170' title='bbox 1251 2261 1737 2332; x_wconf 88' lang='lat' dir='ltr'>omnisiniquitas</span> <span class='ocrx_word' id='word_1_171' title='bbox 1751 2262 1974 2333; x_wconf 87' lang='lat' dir='ltr'>rapina:</span> 
     </span>
    </p>
   </div>
   <div class='ocr_carea' id='block_1_23' title="bbox 335 2342 1977 2420">
    <p class='ocr_par' dir='ltr' id='par_1_23' title="bbox 335 2342 1977 2420">
     <span class='ocr_line' id='line_1_23' title="bbox 335 2342 1977 2420; baseline 0.005 -24"><span class='ocrx_word' id='word_1_172' title='bbox 335 2342 617 2415; x_wconf 88' lang='lat' dir='ltr'>iniquitas</span> <span class='ocrx_word' id='word_1_173' title='bbox 629 2346 785 2400; x_wconf 88' lang='lat' dir='ltr'>enim</span> <span class='ocrx_word' id='word_1_174' title='bbox 801 2347 1016 2402; x_wconf 89' lang='lat' dir='ltr'>dicitur</span> <span class='ocrx_word' id='word_1_175' title='bbox 1037 2347 1321 2420; x_wconf 91' lang='lat' dir='ltr'>quidquid</span> <span class='ocrx_word' id='word_1_176' title='bbox 1337 2349 1468 2420; x_wconf 87' lang='lat' dir='ltr'>plus</span> <span class='ocrx_word' id='word_1_177' title='bbox 1487 2357 1574 2404; x_wconf 86' lang='lat' dir='ltr'>vel</span> <span class='ocrx_word' id='word_1_178' title='bbox 1594 2351 1794 2405; x_wconf 87' lang='lat' dir='ltr'>minus</span> <span class='ocrx_word' id='word_1_179' title='bbox 1815 2365 1977 2420; x_wconf 67' lang='lat' dir='ltr'>aequo</span> 
     </span>
    </p>
   </div>
   <div class='ocr_carea' id='block_1_24' title="bbox 337 2431 1978 2509">
    <p class='ocr_par' dir='ltr' id='par_1_24' title="bbox 337 2431 1978 2509">
     <span class='ocr_line' id='line_1_24' title="bbox 337 2431 1978 2509; baseline 0.005 -25"><span class='ocrx_word' id='word_1_180' title='bbox 337 2431 402 2485; x_wconf 82' lang='lat' dir='ltr'>ﬁt</span> <span class='ocrx_word' id='word_1_181' title='bbox 426 2448 438 2496; x_wconf 88' lang='lat'>;</span> <span class='ocrx_word' id='word_1_182' title='bbox 466 2432 673 2503; x_wconf 89' lang='lat' dir='ltr'>rapina</span> <span class='ocrx_word' id='word_1_183' title='bbox 691 2438 887 2489; x_wconf 89' lang='lat' dir='ltr'>autem</span> <span class='ocrx_word' id='word_1_184' title='bbox 915 2440 1005 2492; x_wconf 89' lang='lat' dir='ltr'>est</span> <span class='ocrx_word' id='word_1_185' title='bbox 1025 2437 1239 2508; x_wconf 61' lang='lat' dir='ltr'>prasda,</span> <span class='ocrx_word' id='word_1_186' title='bbox 1263 2437 1418 2491; x_wconf 84' lang='lat' dir='ltr'>dicta</span> <span class='ocrx_word' id='word_1_187' title='bbox 1438 2454 1470 2491; x_wconf 90' lang='lat' dir='ltr'>a</span> <span class='ocrx_word' id='word_1_188' title='bbox 1487 2439 1785 2509; x_wconf 89' lang='lat' dir='ltr'>rapiendo,</span> <span class='ocrx_word' id='word_1_189' title='bbox 1810 2437 1865 2492; x_wconf 93' lang='lat' dir='ltr'>id</span> <span class='ocrx_word' id='word_1_190' title='bbox 1891 2441 1978 2492; x_wconf 90' lang='lat' dir='ltr'>est</span> 
     </span>
    </p>
   </div>
   <div class='ocr_carea' id='block_1_25' title="bbox 337 2519 1978 2596">
    <p class='ocr_par' dir='ltr' id='par_1_25' title="bbox 337 2519 1978 2596">
     <span class='ocr_line' id='line_1_25' title="bbox 337 2519 1978 2596; baseline 0.005 -24"><span class='ocrx_word' id='word_1_191' title='bbox 337 2535 370 2572; x_wconf 91' lang='lat' dir='ltr'>a</span> <span class='ocrx_word' id='word_1_192' title='bbox 397 2519 679 2574; x_wconf 88' lang='lat' dir='ltr'>violenter</span> <span class='ocrx_word' id='word_1_193' title='bbox 708 2523 1007 2594; x_wconf 88' lang='lat' dir='ltr'>capiendo.</span> <span class='ocrx_word' id='word_1_194' title='bbox 1041 2524 1165 2579; x_wconf 91' lang='lat' dir='ltr'>Non</span> <span class='ocrx_word' id='word_1_195' title='bbox 1195 2541 1330 2596; x_wconf 89' lang='lat' dir='ltr'>ergo</span> <span class='ocrx_word' id='word_1_196' title='bbox 1353 2526 1634 2595; x_wconf 89' lang='lat' dir='ltr'>jubemur</span> <span class='ocrx_word' id='word_1_197' title='bbox 1657 2526 1877 2582; x_wconf 90' lang='lat' dir='ltr'>amicos</span> <span class='ocrx_word' id='word_1_198' title='bbox 1907 2527 1978 2581; x_wconf 91' lang='lat' dir='ltr'>de</span> 
     </span>
    </p>
   </div>
   <div class='ocr_carea' id='block_1_26' title="bbox 340 2607 1978 2685">
    <p class='ocr_par' dir='ltr' id='par_1_26' title="bbox 340 2607 1978 2685">
     <span class='ocr_line' id='line_1_26' title="bbox 340 2607 1978 2685; baseline 0.007 -26"><span class='ocrx_word' id='word_1_199' title='bbox 340 2607 546 2678; x_wconf 89' lang='lat' dir='ltr'>rapina</span> <span class='ocrx_word' id='word_1_200' title='bbox 580 2609 784 2679; x_wconf 87' lang='lat' dir='ltr'>facere,</span> <span class='ocrx_word' id='word_1_201' title='bbox 819 2612 918 2666; x_wconf 89' lang='lat' dir='ltr'>sed</span> <span class='ocrx_word' id='word_1_202' title='bbox 952 2613 1022 2668; x_wconf 92' lang='lat' dir='ltr'>de</span> <span class='ocrx_word' id='word_1_203' title='bbox 1055 2629 1391 2669; x_wconf 89' lang='lat' dir='ltr'>mammona</span> <span class='ocrx_word' id='word_1_204' title='bbox 1419 2614 1766 2685; x_wconf 84' lang='lat' dir='ltr'>iniquitatis.</span> <span class='ocrx_word' id='word_1_205' title='bbox 1790 2615 1870 2670; x_wconf 90' lang='lat' dir='ltr'>De</span> <span class='ocrx_word' id='word_1_206' title='bbox 1892 2632 1978 2670; x_wconf 86' lang='lat' dir='ltr'>ra-</span> 
     </span>
    </p>
   </div>
   <div class='ocr_carea' id='block_1_27' title="bbox 339 2694 1975 2774">
    <p class='ocr_par' dir='ltr' id='par_1_27' title="bbox 339 2694 1975 2774">
     <span class='ocr_line' id='line_1_27' title="bbox 339 2694 1975 2774; baseline 0.007 -26"><span class='ocrx_word' id='word_1_207' title='bbox 339 2694 480 2766; x_wconf 91' lang='lat' dir='ltr'>pina</span> <span class='ocrx_word' id='word_1_208' title='bbox 493 2701 687 2752; x_wconf 90' lang='lat' dir='ltr'>autem</span> <span class='ocrx_word' id='word_1_209' title='bbox 703 2698 1026 2773; x_wconf 80' lang='lat' dir='ltr'>eleemosyn</span> <span class='ocrx_word' id='word_1_210' title='bbox 1037 2719 1130 2756; x_wconf 89' lang='lat' dir='ltr'>am</span> <span class='ocrx_word' id='word_1_211' title='bbox 1146 2702 1284 2757; x_wconf 86' lang='lat' dir='ltr'>dare</span> <span class='ocrx_word' id='word_1_212' title='bbox 1298 2702 1629 2758; x_wconf 89' lang='lat' dir='ltr'>nullatenus</span> <span class='ocrx_word' id='word_1_213' title='bbox 1642 2720 1975 2774; x_wconf 90' lang='lat' dir='ltr'>possumus.</span> 
     </span>
    </p>
   </div>
   <div class='ocr_carea' id='block_1_28' title="bbox 340 2785 1977 2864">
    <p class='ocr_par' dir='ltr' id='par_1_28' title="bbox 340 2785 1977 2864">
     <span class='ocr_line' id='line_1_28' title="bbox 340 2785 1977 2864; baseline 0.006 -26"><span class='ocrx_word' id='word_1_214' title='bbox 340 2785 502 2849; x_wconf 89' lang='lat' dir='ltr'>Quod</span> <span class='ocrx_word' id='word_1_215' title='bbox 535 2786 809 2844; x_wconf 68' lang='lat' dir='ltr'>Zacbmus</span> <span class='ocrx_word' id='word_1_216' title='bbox 858 2789 953 2844; x_wconf 90' lang='lat' dir='ltr'>ille</span> <span class='ocrx_word' id='word_1_217' title='bbox 985 2790 1332 2861; x_wconf 88' lang='lat' dir='ltr'>publicanus</span> <span class='ocrx_word' id='word_1_218' title='bbox 1369 2792 1686 2864; x_wconf 90' lang='lat' dir='ltr'>prudenter</span> <span class='ocrx_word' id='word_1_219' title='bbox 1715 2792 1977 2848; x_wconf 88' lang='lat' dir='ltr'>conside-</span> 
     </span>
    </p>
   </div>
   <div class='ocr_carea' id='block_1_29' title="bbox 342 2875 1982 2941">
    <p class='ocr_par' dir='ltr' id='par_1_29' title="bbox 342 2875 1982 2941">
     <span class='ocr_line' id='line_1_29' title="bbox 342 2875 1982 2941; baseline 0.005 -15"><span class='ocrx_word' id='word_1_220' title='bbox 342 2889 501 2941; x_wconf 88' lang='lat' dir='ltr'>rans,</span> <span class='ocrx_word' id='word_1_221' title='bbox 537 2875 620 2930; x_wconf 90' lang='lat' dir='ltr'>ait</span> <span class='ocrx_word' id='word_1_222' title='bbox 669 2878 738 2931; x_wconf 90' lang='lat' dir='ltr'>ad</span> <span class='ocrx_word' id='word_1_223' title='bbox 773 2877 1125 2936; x_wconf 91' lang='lat' dir='ltr'>Dominum:</span> <span class='ocrx_word' id='word_1_224' title='bbox 1181 2881 1311 2937; x_wconf 87' lang='lat' dir='ltr'>Ecce</span> <span class='ocrx_word' id='word_1_225' title='bbox 1367 2882 1657 2937; x_wconf 87' lang='lat' dir='ltr'>dimidium</span> <span class='ocrx_word' id='word_1_226' title='bbox 1716 2881 1982 2936; x_wconf 87' lang='lat' dir='ltr'>bonorum</span> 
     </span>
    </p>
   </div>
   <div class='ocr_carea' id='block_1_30' title="bbox 343 2966 1982 3042">
    <p class='ocr_par' dir='ltr' id='par_1_30' title="bbox 343 2966 1982 3042">
     <span class='ocr_line' id='line_1_30' title="bbox 343 2966 1982 3042; baseline 0.005 -27"><span class='ocrx_word' id='word_1_227' title='bbox 343 2978 614 3031; x_wconf 89' lang='lat' dir='ltr'>meorum,</span> <span class='ocrx_word' id='word_1_228' title='bbox 637 2966 887 3033; x_wconf 83' lang='lat' dir='ltr'>Domine,</span> <span class='ocrx_word' id='word_1_229' title='bbox 912 2968 977 3023; x_wconf 92' lang='lat' dir='ltr'>do</span> <span class='ocrx_word' id='word_1_230' title='bbox 1000 2972 1374 3039; x_wconf 83' lang='lat' dir='ltr'>pauperibus;</span> <span class='ocrx_word' id='word_1_231' title='bbox 1420 2979 1471 3026; x_wconf 91' lang='lat' dir='ltr'>et</span> <span class='ocrx_word' id='word_1_232' title='bbox 1498 2973 1548 3026; x_wconf 88' lang='lat' dir='ltr'>si</span> <span class='ocrx_word' id='word_1_233' title='bbox 1575 2970 1707 3042; x_wconf 89' lang='lat' dir='ltr'>quid</span> <span class='ocrx_word' id='word_1_234' title='bbox 1746 2971 1982 3042; x_wconf 80' lang='lat' dir='ltr'>aliquem</span> 
     </span>
    </p>
   </div>
   <div class='ocr_carea' id='block_1_31' title="bbox 343 3050 1980 3132">
    <p class='ocr_par' dir='ltr' id='par_1_31' title="bbox 343 3050 1980 3132">
     <span class='ocr_line' id='line_1_31' title="bbox 343 3050 1980 3132; baseline 0.004 -26"><span class='ocrx_word' id='word_1_235' title='bbox 343 3050 688 3126; x_wconf 82' lang='lat' dir='ltr'>defraudavi,</span> <span class='ocrx_word' id='word_1_236' title='bbox 721 3056 884 3112; x_wconf 84' lang='lat' dir='ltr'>reddo</span> <span class='ocrx_word' id='word_1_237' title='bbox 912 3058 1288 3131; x_wconf 82' lang='lat' dir='ltr'>quadruplum</span> <span class='ocrx_word' id='word_1_238' title='bbox 1318 3062 1462 3132; x_wconf 91' lang='lat' dir='ltr'>(Luc.</span> <span class='ocrx_word' id='word_1_239' title='bbox 1497 3077 1611 3126; x_wconf 87' lang='lat' dir='ltr'>x1x,</span> <span class='ocrx_word' id='word_1_240' title='bbox 1645 3060 1720 3131; x_wconf 94' lang='lat'>8).</span> <span class='ocrx_word' id='word_1_241' title='bbox 1771 3060 1980 3114; x_wconf 90' lang='lat' dir='ltr'>Totum</span> 
     </span>
    </p>
   </div>
   <div class='ocr_carea' id='block_1_32' title="bbox 345 3142 1982 3218">
    <p class='ocr_par' dir='ltr' id='par_1_32' title="bbox 345 3142 1982 3218">
     <span class='ocr_line' id='line_1_32' title="bbox 345 3142 1982 3218; baseline 0.004 -22"><span class='ocrx_word' id='word_1_242' title='bbox 345 3142 501 3197; x_wconf 91' lang='lat' dir='ltr'>enim</span> <span class='ocrx_word' id='word_1_243' title='bbox 535 3143 698 3200; x_wconf 89' lang='lat' dir='ltr'>daret</span> <span class='ocrx_word' id='word_1_244' title='bbox 727 3147 1102 3218; x_wconf 88' lang='lat' dir='ltr'>pauperibus,</span> <span class='ocrx_word' id='word_1_245' title='bbox 1135 3148 1183 3203; x_wconf 90' lang='lat' dir='ltr'>si</span> <span class='ocrx_word' id='word_1_246' title='bbox 1216 3165 1276 3204; x_wconf 91' lang='lat' dir='ltr'>se</span> <span class='ocrx_word' id='word_1_247' title='bbox 1316 3149 1654 3205; x_wconf 87' lang='lat' dir='ltr'>innocenter</span> <span class='ocrx_word' id='word_1_248' title='bbox 1683 3152 1815 3203; x_wconf 89' lang='lat' dir='ltr'>ante</span> <span class='ocrx_word' id='word_1_249' title='bbox 1846 3164 1982 3202; x_wconf 90' lang='lat' dir='ltr'>con-</span> 
     </span>
    </p>
   </div>
   <div class='ocr_carea' id='block_1_33' title="bbox 341 3215 2055 3311">
    <p class='ocr_par' dir='ltr' id='par_1_33' title="bbox 341 3215 2055 3311">
     <span class='ocr_line' id='line_1_33' title="bbox 341 3215 2055 3311; baseline 0.004 -26"><span class='ocrx_word' id='word_1_250' title='bbox 341 3232 662 3288; x_wconf 89' lang='lat' dir='ltr'>versionem</span> <span class='ocrx_word' id='word_1_251' title='bbox 685 3234 898 3292; x_wconf 87' lang='lat' dir='ltr'>vixisse</span> <span class='ocrx_word' id='word_1_252' title='bbox 919 3243 1318 3309; x_wconf 86' lang='lat' dir='ltr'>cognosceret;</span> <span class='ocrx_word' id='word_1_253' title='bbox 1352 3239 1452 3294; x_wconf 92' lang='lat' dir='ltr'>sed</span> <span class='ocrx_word' id='word_1_254' title='bbox 1479 3240 1615 3311; x_wconf 90' lang='lat' dir='ltr'>quia</span> <span class='ocrx_word' id='word_1_255' title='bbox 1636 3237 1857 3310; x_wconf 89' lang='lat' dir='ltr'>aliquid</span> <span class='ocrx_word' id='word_1_256' title='bbox 1882 3255 1984 3310; x_wconf 91' lang='lat' dir='ltr'>per</span> <span class='ocrx_word' id='word_1_257' title='bbox 2013 3215 2055 3282; x_wconf 80' lang='lat' dir='ltr'>C</span> 
     </span>
    </p>
   </div>
   <div class='ocr_carea' id='block_1_34' title="bbox 343 3320 1986 3400">
    <p class='ocr_par' dir='ltr' id='par_1_34' title="bbox 343 3320 1986 3400">
     <span class='ocr_line' id='line_1_34' title="bbox 343 3320 1986 3400; baseline 0.004 -25"><span class='ocrx_word' id='word_1_258' title='bbox 343 3320 608 3377; x_wconf 77' lang='lat' dir='ltr'>fraudem</span> <span class='ocrx_word' id='word_1_259' title='bbox 641 3340 702 3379; x_wconf 90' lang='lat' dir='ltr'>se</span> <span class='ocrx_word' id='word_1_260' title='bbox 734 3325 1045 3382; x_wconf 87' lang='lat' dir='ltr'>abstulisse</span> <span class='ocrx_word' id='word_1_261' title='bbox 1066 3328 1550 3395; x_wconf 85' lang='lat' dir='ltr'>consideraverat,</span> <span class='ocrx_word' id='word_1_262' title='bbox 1585 3327 1828 3400; x_wconf 88' lang='lat' dir='ltr'>dignum</span> <span class='ocrx_word' id='word_1_263' title='bbox 1852 3343 1986 3382; x_wconf 90' lang='lat' dir='ltr'>cen-</span> 
     </span>
    </p>
   </div>
   <div class='ocr_carea' id='block_1_35' title="bbox 343 3410 1985 3489">
    <p class='ocr_par' dir='ltr' id='par_1_35' title="bbox 343 3410 1985 3489">
     <span class='ocr_line' id='line_1_35' title="bbox 343 3410 1985 3489; baseline 0.005 -25"><span class='ocrx_word' id='word_1_264' title='bbox 343 3410 466 3465; x_wconf 88' lang='lat' dir='ltr'>suit</span> <span class='ocrx_word' id='word_1_265' title='bbox 483 3411 645 3483; x_wconf 91' lang='lat' dir='ltr'>prius</span> <span class='ocrx_word' id='word_1_266' title='bbox 665 3412 1049 3486; x_wconf 86' lang='lat' dir='ltr'>ablatajuxta</span> <span class='ocrx_word' id='word_1_267' title='bbox 1070 3415 1254 3488; x_wconf 87' lang='lat' dir='ltr'>legem</span> <span class='ocrx_word' id='word_1_268' title='bbox 1272 3417 1530 3482; x_wconf 90' lang='lat' dir='ltr'>reddere,</span> <span class='ocrx_word' id='word_1_269' title='bbox 1555 3423 1608 3472; x_wconf 85' lang='lat' dir='ltr'>et</span> <span class='ocrx_word' id='word_1_270' title='bbox 1627 3417 1710 3472; x_wconf 91' lang='lat' dir='ltr'>sic</span> <span class='ocrx_word' id='word_1_271' title='bbox 1724 3421 1985 3489; x_wconf 84' lang='lat' dir='ltr'>postmo-</span> 
     </span>
    </p>
   </div>
   <div class='ocr_carea' id='block_1_36' title="bbox 347 3499 1988 3577">
    <p class='ocr_par' dir='ltr' id='par_1_36' title="bbox 347 3499 1988 3577">
     <span class='ocr_line' id='line_1_36' title="bbox 347 3499 1988 3577; baseline 0.004 -24"><span class='ocrx_word' id='word_1_272' title='bbox 347 3499 486 3555; x_wconf 83' lang='lat' dir='ltr'>dum</span> <span class='ocrx_word' id='word_1_273' title='bbox 510 3517 634 3572; x_wconf 67' lang='lat' dir='ltr'>quae</span> <span class='ocrx_word' id='word_1_274' title='bbox 657 3509 1063 3559; x_wconf 87' lang='lat' dir='ltr'>remanserant</span> <span class='ocrx_word' id='word_1_275' title='bbox 1082 3505 1437 3576; x_wconf 87' lang='lat' dir='ltr'>pauperibus</span> <span class='ocrx_word' id='word_1_276' title='bbox 1460 3521 1716 3576; x_wconf 88' lang='lat' dir='ltr'>erogare.</span> <span class='ocrx_word' id='word_1_277' title='bbox 1735 3505 1988 3577; x_wconf 88' lang='lat' dir='ltr'>Antiqua</span> 
     </span>
    </p>
   </div>
   <div class='ocr_carea' id='block_1_37' title="bbox 346 3589 1988 3665">
    <p class='ocr_par' dir='ltr' id='par_1_37' title="bbox 346 3589 1988 3665">
     <span class='ocr_line' id='line_1_37' title="bbox 346 3589 1988 3665; baseline 0.004 -21"><span class='ocrx_word' id='word_1_278' title='bbox 346 3589 502 3644; x_wconf 89' lang='lat' dir='ltr'>enim</span> <span class='ocrx_word' id='word_1_279' title='bbox 534 3589 626 3645; x_wconf 87' lang='lat' dir='ltr'>lex</span> <span class='ocrx_word' id='word_1_280' title='bbox 654 3591 713 3646; x_wconf 88' lang='lat' dir='ltr'>in</span> <span class='ocrx_word' id='word_1_281' title='bbox 747 3593 1144 3665; x_wconf 88' lang='lat' dir='ltr'>quadruplum</span> <span class='ocrx_word' id='word_1_282' title='bbox 1166 3595 1393 3650; x_wconf 88' lang='lat' dir='ltr'>restitui</span> <span class='ocrx_word' id='word_1_283' title='bbox 1414 3595 1658 3665; x_wconf 85' lang='lat' dir='ltr'>jubebat</span> <span class='ocrx_word' id='word_1_284' title='bbox 1683 3595 1894 3650; x_wconf 86' lang='lat' dir='ltr'>ablata.</span> <span class='ocrx_word' id='word_1_285' title='bbox 1921 3595 1988 3650; x_wconf 86' lang='lat' dir='ltr'>Et</span> 
     </span>
    </p>
   </div>
   <div class='ocr_carea' id='block_1_38' title="bbox 347 3678 1988 3756">
    <p class='ocr_par' dir='ltr' id='par_1_38' title="bbox 347 3678 1988 3756">
     <span class='ocr_line' id='line_1_38' title="bbox 347 3678 1988 3756; baseline 0.005 -25"><span class='ocrx_word' id='word_1_286' title='bbox 347 3678 487 3750; x_wconf 89' lang='lat' dir='ltr'>quia</span> <span class='ocrx_word' id='word_1_287' title='bbox 517 3678 821 3736; x_wconf 87' lang='lat' dir='ltr'>dimidiam</span> <span class='ocrx_word' id='word_1_288' title='bbox 855 3681 1142 3738; x_wconf 92' lang='lat' dir='ltr'>bonorum</span> <span class='ocrx_word' id='word_1_289' title='bbox 1187 3701 1426 3739; x_wconf 89' lang='lat' dir='ltr'>suorum</span> <span class='ocrx_word' id='word_1_290' title='bbox 1459 3689 1708 3756; x_wconf 84' lang='lat' dir='ltr'>partem,</span> <span class='ocrx_word' id='word_1_291' title='bbox 1757 3685 1826 3738; x_wconf 92' lang='lat' dir='ltr'>ad</span> <span class='ocrx_word' id='word_1_292' title='bbox 1879 3684 1988 3739; x_wconf 89' lang='lat' dir='ltr'>hoc</span> 
     </span>
    </p>
   </div>
   <div class='ocr_carea' id='block_1_39' title="bbox 348 3767 1988 3845">
    <p class='ocr_par' dir='ltr' id='par_1_39' title="bbox 348 3767 1988 3845">
     <span class='ocr_line' id='line_1_39' title="bbox 348 3767 1988 3845; baseline 0.002 -21"><span class='ocrx_word' id='word_1_293' title='bbox 348 3767 618 3824; x_wconf 79' lang='lat' dir='ltr'>sufficere</span> <span class='ocrx_word' id='word_1_294' title='bbox 646 3769 913 3836; x_wconf 89' lang='lat' dir='ltr'>credidit,</span> <span class='ocrx_word' id='word_1_295' title='bbox 946 3777 1340 3844; x_wconf 87' lang='lat' dir='ltr'>competenter</span> <span class='ocrx_word' id='word_1_296' title='bbox 1368 3777 1424 3829; x_wconf 92' lang='lat' dir='ltr'>et</span> <span class='ocrx_word' id='word_1_297' title='bbox 1453 3773 1758 3828; x_wconf 89' lang='lat' dir='ltr'>dimidiam</span> <span class='ocrx_word' id='word_1_298' title='bbox 1790 3773 1988 3845; x_wconf 87' lang='lat' dir='ltr'>egenis</span> 
     </span>
    </p>
   </div>
   <div class='ocr_carea' id='block_1_40' title="bbox 351 3857 1986 3934">
    <p class='ocr_par' dir='ltr' id='par_1_40' title="bbox 351 3857 1986 3934">
     <span class='ocr_line' id='line_1_40' title="bbox 351 3857 1986 3934; baseline 0.002 -22"><span class='ocrx_word' id='word_1_299' title='bbox 351 3857 674 3929; x_wconf 88' lang='lat' dir='ltr'>distribuit,</span> <span class='ocrx_word' id='word_1_300' title='bbox 720 3859 948 3932; x_wconf 90' lang='lat' dir='ltr'>sibique</span> <span class='ocrx_word' id='word_1_301' title='bbox 999 3861 1145 3916; x_wconf 89' lang='lat' dir='ltr'>nihil</span> <span class='ocrx_word' id='word_1_302' title='bbox 1198 3863 1256 3916; x_wconf 94' lang='lat' dir='ltr'>in</span> <span class='ocrx_word' id='word_1_303' title='bbox 1307 3866 1605 3934; x_wconf 86' lang='lat' dir='ltr'>posterum</span> <span class='ocrx_word' id='word_1_304' title='bbox 1657 3863 1986 3917; x_wconf 86' lang='lat' dir='ltr'>reservavit.</span> 
     </span>
    </p>
   </div>
   <div class='ocr_carea' id='block_1_41' title="bbox 350 3947 1991 4023">
    <p class='ocr_par' dir='ltr' id='par_1_41' title="bbox 350 3947 1991 4023">
     <span class='ocr_line' id='line_1_41' title="bbox 350 3947 1991 4023; baseline 0.003 -22"><span class='ocrx_word' id='word_1_305' title='bbox 350 3947 536 4018; x_wconf 89' lang='lat' dir='ltr'>Igitur</span> <span class='ocrx_word' id='word_1_306' title='bbox 556 3948 605 4002; x_wconf 92' lang='lat' dir='ltr'>si</span> <span class='ocrx_word' id='word_1_307' title='bbox 627 3948 881 4004; x_wconf 90' lang='lat' dir='ltr'>evenerit</span> <span class='ocrx_word' id='word_1_308' title='bbox 911 3955 974 4006; x_wconf 93' lang='lat' dir='ltr'>ut</span> <span class='ocrx_word' id='word_1_309' title='bbox 1005 3950 1221 4023; x_wconf 89' lang='lat' dir='ltr'>quibus</span> <span class='ocrx_word' id='word_1_310' title='bbox 1252 3951 1592 4019; x_wconf 89' lang='lat' dir='ltr'>reddantur,</span> <span class='ocrx_word' id='word_1_311' title='bbox 1625 3969 1751 4023; x_wconf 71' lang='lat' dir='ltr'>qua:</span> <span class='ocrx_word' id='word_1_312' title='bbox 1773 3951 1991 4021; x_wconf 89' lang='lat' dir='ltr'>injuste</span> 
     </span>
    </p>
   </div>
   <div class='ocr_carea' id='block_1_42' title="bbox 350 4034 1988 4112">
    <p class='ocr_par' dir='ltr' id='par_1_42' title="bbox 350 4034 1988 4112">
     <span class='ocr_line' id='line_1_42' title="bbox 350 4034 1988 4112; baseline 0.002 -22"><span class='ocrx_word' id='word_1_313' title='bbox 350 4034 546 4091; x_wconf 83' lang='lat' dir='ltr'>ablata</span> <span class='ocrx_word' id='word_1_314' title='bbox 584 4043 741 4101; x_wconf 86' lang='lat' dir='ltr'>sunt,</span> <span class='ocrx_word' id='word_1_315' title='bbox 805 4038 888 4094; x_wconf 90' lang='lat' dir='ltr'>vel</span> <span class='ocrx_word' id='word_1_316' title='bbox 933 4039 1192 4096; x_wconf 72' lang='lat' dir='ltr'>basredes</span> <span class='ocrx_word' id='word_1_317' title='bbox 1249 4039 1511 4112; x_wconf 90' lang='lat' dir='ltr'>ipsorum</span> <span class='ocrx_word' id='word_1_318' title='bbox 1576 4039 1820 4095; x_wconf 90' lang='lat' dir='ltr'>inveniri</span> <span class='ocrx_word' id='word_1_319' title='bbox 1874 4057 1988 4095; x_wconf 90' lang='lat' dir='ltr'>non</span> 
     </span>
    </p>
   </div>
   <div class='ocr_carea' id='block_1_43' title="bbox 349 4125 1992 4202">
    <p class='ocr_par' dir='ltr' id='par_1_43' title="bbox 349 4125 1992 4202">
     <span class='ocr_line' id='line_1_43' title="bbox 349 4125 1992 4202; baseline 0.002 -22"><span class='ocrx_word' id='word_1_320' title='bbox 349 4125 815 4197; x_wconf 90' lang='lat' dir='ltr'>possint,melius</span> <span class='ocrx_word' id='word_1_321' title='bbox 827 4132 918 4184; x_wconf 91' lang='lat' dir='ltr'>est</span> <span class='ocrx_word' id='word_1_322' title='bbox 934 4128 1293 4201; x_wconf 86' lang='lat' dir='ltr'>utipsorum,</span> <span class='ocrx_word' id='word_1_323' title='bbox 1309 4128 1992 4202; x_wconf 85' lang='lat' dir='ltr'>cujus[fuerantnomine</span> 
     </span>
    </p>
   </div>
   <div class='ocr_carea' id='block_1_44' title="bbox 349 4214 1991 4290">
    <p class='ocr_par' dir='ltr' id='par_1_44' title="bbox 349 4214 1991 4290">
     <span class='ocr_line' id='line_1_44' title="bbox 349 4214 1991 4290; baseline 0.002 -21"><span class='ocrx_word' id='word_1_324' title='bbox 349 4214 408 4270; x_wconf 89' lang='lat' dir='ltr'>in</span> <span class='ocrx_word' id='word_1_325' title='bbox 442 4215 828 4289; x_wconf 83' lang='lat' dir='ltr'>eleemosynis</span> <span class='ocrx_word' id='word_1_326' title='bbox 859 4217 1314 4284; x_wconf 86' lang='lat' dir='ltr'>distribuantur,</span> <span class='ocrx_word' id='word_1_327' title='bbox 1365 4235 1540 4290; x_wconf 90' lang='lat' dir='ltr'>quam</span> <span class='ocrx_word' id='word_1_328' title='bbox 1582 4235 1616 4273; x_wconf 89' lang='lat' dir='ltr'>a</span> <span class='ocrx_word' id='word_1_329' title='bbox 1655 4216 1991 4288; x_wconf 86' lang='lat' dir='ltr'>raptoribus</span> 
     </span>
    </p>
   </div>
   <div class='ocr_carea' id='block_1_45' title="bbox 349 4305 1990 4380">
    <p class='ocr_par' dir='ltr' id='par_1_45' title="bbox 349 4305 1990 4380">
     <span class='ocr_line' id='line_1_45' title="bbox 349 4305 1990 4380; baseline 0.001 -21"><span class='ocrx_word' id='word_1_330' title='bbox 349 4305 677 4377; x_wconf 89' lang='lat' dir='ltr'>capiantur.</span> <span class='ocrx_word' id='word_1_331' title='bbox 712 4306 824 4362; x_wconf 92' lang='lat' dir='ltr'>Sed</span> <span class='ocrx_word' id='word_1_332' title='bbox 859 4306 906 4362; x_wconf 92' lang='lat' dir='ltr'>si</span> <span class='ocrx_word' id='word_1_333' title='bbox 929 4307 1049 4364; x_wconf 83' lang='lat' dir='ltr'>ﬁeri</span> <span class='ocrx_word' id='word_1_334' title='bbox 1069 4312 1279 4380; x_wconf 88' lang='lat' dir='ltr'>potest,</span> <span class='ocrx_word' id='word_1_335' title='bbox 1310 4307 1498 4379; x_wconf 89' lang='lat' dir='ltr'>magis</span> <span class='ocrx_word' id='word_1_336' title='bbox 1516 4307 1812 4363; x_wconf 90' lang='lat' dir='ltr'>reddenda</span> <span class='ocrx_word' id='word_1_337' title='bbox 1831 4310 1990 4376; x_wconf 89' lang='lat' dir='ltr'>sunt,</span> 
     </span>
    </p>
   </div>
   <div class='ocr_carea' id='block_1_46' title="bbox 353 4395 1988 4468">
    <p class='ocr_par' dir='ltr' id='par_1_46' title="bbox 353 4395 1988 4468">
     <span class='ocr_line' id='line_1_46' title="bbox 353 4395 1988 4468; baseline 0.001 -19"><span class='ocrx_word' id='word_1_338' title='bbox 353 4395 1144 4468; x_wconf 88' lang='lat' dir='ltr'>quamaliterquoquomodo</span> <span class='ocrx_word' id='word_1_339' title='bbox 1166 4396 1650 4468; x_wconf 80' lang='lat' dir='ltr'>dispensanda.»]</span> <span class='ocrx_word' id='word_1_340' title='bbox 1695 4437 1706 4450; x_wconf 92' lang='lat'>.</span> <span class='ocrx_word' id='word_1_341' title='bbox 1789 4437 1801 4448; x_wconf 95' lang='lat'>.</span> <span class='ocrx_word' id='word_1_342' title='bbox 1883 4436 1896 4448; x_wconf 93' lang='lat'>.</span> <span class='ocrx_word' id='word_1_343' title='bbox 1977 4437 1988 4450; x_wconf 95' lang='lat'>.</span> 
     </span>
    </p>
   </div>
   <div class='ocr_carea' id='block_1_47' title="bbox 351 4484 1988 4542">
    <p class='ocr_par' dir='ltr' id='par_1_47' title="bbox 351 4484 1988 4542">
     <span class='ocr_line' id='line_1_47' title="bbox 351 4484 1988 4542; baseline -0.001 -3"><span class='ocrx_word' id='word_1_344' title='bbox 351 4484 851 4541; x_wconf 89' lang='lat' dir='ltr'>feceritDomino.</span> <span class='ocrx_word' id='word_1_345' title='bbox 932 4528 945 4540; x_wconf 93' lang='lat'>.</span> <span class='ocrx_word' id='word_1_346' title='bbox 1027 4529 1040 4542; x_wconf 93' lang='lat'>.</span> <span class='ocrx_word' id='word_1_347' title='bbox 1125 4527 1136 4539; x_wconf 93' lang='lat'>.</span> <span class='ocrx_word' id='word_1_348' title='bbox 1218 4527 1230 4540; x_wconf 93' lang='lat'>.</span> <span class='ocrx_word' id='word_1_349' title='bbox 1313 4526 1325 4539; x_wconf 93' lang='lat'>.</span> <span class='ocrx_word' id='word_1_350' title='bbox 1408 4526 1420 4539; x_wconf 95' lang='lat'>.</span> <span class='ocrx_word' id='word_1_351' title='bbox 1503 4526 1515 4539; x_wconf 93' lang='lat'>.</span> <span class='ocrx_word' id='word_1_352' title='bbox 1598 4525 1610 4539; x_wconf 93' lang='lat'>.</span> <span class='ocrx_word' id='word_1_353' title='bbox 1692 4525 1702 4537; x_wconf 93' lang='lat'>.</span> <span class='ocrx_word' id='word_1_354' title='bbox 1787 4525 1799 4538; x_wconf 93' lang='lat'>.</span> <span class='ocrx_word' id='word_1_355' title='bbox 1881 4525 1988 4537; x_wconf 92' lang='lat'>..</span> 
     </span>
    </p>
   </div>
   <div class='ocr_carea' id='block_1_48' title="bbox 2083 575 3748 648">
    <p class='ocr_par' dir='ltr' id='par_1_48' title="bbox 2083 575 3748 648">
     <span class='ocr_line' id='line_1_48' title="bbox 2083 575 3748 648; baseline 0.001 -18"><span class='ocrx_word' id='word_1_356' title='bbox 2083 576 2235 632; x_wconf 84' lang='lat' dir='ltr'>ﬁdei.</span> <span class='ocrx_word' id='word_1_357' title='bbox 2271 578 2554 642; x_wconf 88' lang='lat' dir='ltr'>Quoniam</span> <span class='ocrx_word' id='word_1_358' title='bbox 2588 577 2738 632; x_wconf 92' lang='lat' dir='ltr'>sicut</span> <span class='ocrx_word' id='word_1_359' title='bbox 2787 578 2868 632; x_wconf 88' lang='lat' dir='ltr'>ait</span> <span class='ocrx_word' id='word_1_360' title='bbox 2918 578 3123 632; x_wconf 86' lang='lat' dir='ltr'>beatus</span> <span class='ocrx_word' id='word_1_361' title='bbox 3171 575 3517 632; x_wconf 87' lang='lat' dir='ltr'>Ambrosius</span> <span class='ocrx_word' id='word_1_362' title='bbox 3551 575 3681 648; x_wconf 92' lang='lat' dir='ltr'>(lib.</span> <span class='ocrx_word' id='word_1_363' title='bbox 3726 593 3748 631; x_wconf 79' lang='grc' dir='ltr'><strong>Ι</strong></span> 
     </span>
    </p>
   </div>
   <div class='ocr_carea' id='block_1_49' title="bbox 2085 665 3748 737">
    <p class='ocr_par' dir='ltr' id='par_1_49' title="bbox 2085 665 3748 737">
     <span class='ocr_line' id='line_1_49' title="bbox 2085 665 3748 737; baseline -0.001 -15"><span class='ocrx_word' id='word_1_364' title='bbox 2085 667 2249 735; x_wconf 78' lang='lat' dir='ltr'>Ofﬁc.</span> <span class='ocrx_word' id='word_1_365' title='bbox 2285 682 2335 720; x_wconf 93' lang='lat' dir='ltr'>c.</span> <span class='ocrx_word' id='word_1_366' title='bbox 2360 668 2449 736; x_wconf 90' lang='lat'>30,</span> <span class='ocrx_word' id='word_1_367' title='bbox 2483 671 2613 722; x_wconf 91' lang='lat' dir='ltr'>ante</span> <span class='ocrx_word' id='word_1_368' title='bbox 2649 667 2844 737; x_wconf 82' lang='lat' dir='ltr'>med):</span> <span class='ocrx_word' id='word_1_369' title='bbox 2879 690 2905 714; x_wconf 86' lang='lat'><strong>«</strong></span> <span class='ocrx_word' id='word_1_370' title='bbox 2933 666 3220 720; x_wconf 91' lang='lat' dir='ltr'>Omnibus</span> <span class='ocrx_word' id='word_1_371' title='bbox 3247 665 3527 719; x_wconf 84' lang='lat' dir='ltr'>debemus</span> <span class='ocrx_word' id='word_1_372' title='bbox 3552 665 3748 720; x_wconf 88' lang='lat' dir='ltr'>mise-</span> 
     </span>
    </p>
   </div>
   <div class='ocr_carea' id='block_1_50' title="bbox 2083 754 3743 826">
    <p class='ocr_par' dir='ltr' id='par_1_50' title="bbox 2083 754 3743 826">
     <span class='ocr_line' id='line_1_50' title="bbox 2083 754 3743 826; baseline -0.001 -18"><span class='ocrx_word' id='word_1_373' title='bbox 2083 754 2394 809; x_wconf 90' lang='lat' dir='ltr'>ricordiam</span> <span class='ocrx_word' id='word_1_374' title='bbox 2422 773 2434 820; x_wconf 90' lang='lat'>;</span> <span class='ocrx_word' id='word_1_375' title='bbox 2461 756 2559 810; x_wconf 91' lang='lat' dir='ltr'>sed</span> <span class='ocrx_word' id='word_1_376' title='bbox 2585 756 2737 826; x_wconf 91' lang='lat' dir='ltr'>quod</span> <span class='ocrx_word' id='word_1_377' title='bbox 2767 754 3024 826; x_wconf 89' lang='lat' dir='ltr'>plerique</span> <span class='ocrx_word' id='word_1_378' title='bbox 3046 771 3172 810; x_wconf 89' lang='lat' dir='ltr'>eam</span> <span class='ocrx_word' id='word_1_379' title='bbox 3198 754 3400 808; x_wconf 89' lang='lat' dir='ltr'>fraude</span> <span class='ocrx_word' id='word_1_380' title='bbox 3433 757 3743 824; x_wconf 66' lang='lat' dir='ltr'>quaerunt,</span> 
     </span>
    </p>
   </div>
   <div class='ocr_carea' id='block_1_51' title="bbox 2083 842 3744 914">
    <p class='ocr_par' dir='ltr' id='par_1_51' title="bbox 2083 842 3744 914">
     <span class='ocr_line' id='line_1_51' title="bbox 2083 842 3744 914; baseline -0.001 -18"><span class='ocrx_word' id='word_1_381' title='bbox 2083 847 2139 896; x_wconf 91' lang='lat' dir='ltr'>et</span> <span class='ocrx_word' id='word_1_382' title='bbox 2157 843 2446 914; x_wconf 77' lang='lat' dir='ltr'>effingunt</span> <span class='ocrx_word' id='word_1_383' title='bbox 2464 861 2813 909; x_wconf 62' lang='lat' dir='ltr'>aerumnam;</span> <span class='ocrx_word' id='word_1_384' title='bbox 2839 843 2965 898; x_wconf 89' lang='lat' dir='ltr'>ideo</span> <span class='ocrx_word' id='word_1_385' title='bbox 2984 843 3079 898; x_wconf 92' lang='lat' dir='ltr'>ubi</span> <span class='ocrx_word' id='word_1_386' title='bbox 3101 859 3278 898; x_wconf 89' lang='lat' dir='ltr'>causa</span> <span class='ocrx_word' id='word_1_387' title='bbox 3296 842 3744 907; x_wconf 81' lang='lat' dir='ltr'>manifestatur,</span> 
     </span>
    </p>
   </div>
   <div class='ocr_carea' id='block_1_52' title="bbox 2083 930 3747 1003">
    <p class='ocr_par' dir='ltr' id='par_1_52' title="bbox 2083 930 3747 1003">
     <span class='ocr_line' id='line_1_52' title="bbox 2083 930 3747 1003; baseline -0.002 -18"><span class='ocrx_word' id='word_1_388' title='bbox 2083 946 2329 1000; x_wconf 86' lang='lat' dir='ltr'>persona</span> <span class='ocrx_word' id='word_1_389' title='bbox 2352 931 2745 1002; x_wconf 85' lang='lat' dir='ltr'>cognoscitur,</span> <span class='ocrx_word' id='word_1_390' title='bbox 2764 935 2996 1003; x_wconf 85' lang='lat' dir='ltr'>tempus</span> <span class='ocrx_word' id='word_1_391' title='bbox 3019 935 3204 1002; x_wconf 92' lang='lat' dir='ltr'>urget,</span> <span class='ocrx_word' id='word_1_392' title='bbox 3229 930 3450 1002; x_wconf 90' lang='lat' dir='ltr'>largius</span> <span class='ocrx_word' id='word_1_393' title='bbox 3474 947 3535 985; x_wconf 90' lang='lat' dir='ltr'>se</span> <span class='ocrx_word' id='word_1_394' title='bbox 3556 931 3747 984; x_wconf 84' lang='lat' dir='ltr'>debet</span> 
     </span>
    </p>
   </div>
   <div class='ocr_carea' id='block_1_53' title="bbox 2085 1018 3746 1090">
    <p class='ocr_par' dir='ltr' id='par_1_53' title="bbox 2085 1018 3746 1090">
     <span class='ocr_line' id='line_1_53' title="bbox 2085 1018 3746 1090; baseline 0.001 -17"><span class='ocrx_word' id='word_1_395' title='bbox 2085 1019 2435 1090; x_wconf 82' lang='lat' dir='ltr'>profundere</span> <span class='ocrx_word' id='word_1_396' title='bbox 2463 1018 2880 1074; x_wconf 86' lang='lat' dir='ltr'>misericordia.</span> <span class='ocrx_word' id='word_1_397' title='bbox 2926 1044 2946 1071; x_wconf 74' lang='grc' dir='ltr'><strong><em>ι</em></strong></span> <span class='ocrx_word' id='word_1_398' title='bbox 3008 1019 3170 1076; x_wconf 89' lang='lat' dir='ltr'>Unde</span> <span class='ocrx_word' id='word_1_399' title='bbox 3210 1019 3414 1074; x_wconf 87' lang='lat' dir='ltr'>beatus</span> <span class='ocrx_word' id='word_1_400' title='bbox 3469 1019 3746 1074; x_wconf 87' lang='lat' dir='ltr'>Joannes</span> 
     </span>
    </p>
   </div>
   <div class='ocr_carea' id='block_1_54' title="bbox 2083 1106 3747 1179">
    <p class='ocr_par' dir='ltr' id='par_1_54' title="bbox 2083 1106 3747 1179">
     <span class='ocr_line' id='line_1_54' title="bbox 2083 1106 3747 1179; baseline -0.001 -16"><span class='ocrx_word' id='word_1_401' title='bbox 2083 1106 2380 1179; x_wconf 88' lang='lat' dir='ltr'>apostolus</span> <span class='ocrx_word' id='word_1_402' title='bbox 2413 1108 2531 1162; x_wconf 85' lang='lat' dir='ltr'>ait:</span> <span class='ocrx_word' id='word_1_403' title='bbox 2559 1108 2739 1165; x_wconf 83' lang='lat' dir='ltr'>Nolite</span> <span class='ocrx_word' id='word_1_404' title='bbox 2765 1109 2986 1163; x_wconf 84' lang='lat' dir='ltr'>credere</span> <span class='ocrx_word' id='word_1_405' title='bbox 3031 1110 3184 1163; x_wconf 85' lang='lat' dir='ltr'>omni</span> <span class='ocrx_word' id='word_1_406' title='bbox 3211 1108 3458 1179; x_wconf 80' lang='lat' dir='ltr'>spiritui,</span> <span class='ocrx_word' id='word_1_407' title='bbox 3487 1107 3578 1161; x_wconf 88' lang='lat' dir='ltr'>sed</span> <span class='ocrx_word' id='word_1_408' title='bbox 3607 1123 3747 1178; x_wconf 82' lang='lat' dir='ltr'>pro-</span> 
     </span>
    </p>
   </div>
   <div class='ocr_carea' id='block_1_55' title="bbox 2088 1197 3744 1267">
    <p class='ocr_par' dir='ltr' id='par_1_55' title="bbox 2088 1197 3744 1267">
     <span class='ocr_line' id='line_1_55' title="bbox 2088 1197 3744 1267; baseline -0.001 -15"><span class='ocrx_word' id='word_1_409' title='bbox 2088 1199 2209 1252; x_wconf 90' lang='lat' dir='ltr'>bate</span> <span class='ocrx_word' id='word_1_410' title='bbox 2239 1204 2424 1252; x_wconf 92' lang='lat' dir='ltr'>utrum</span> <span class='ocrx_word' id='word_1_411' title='bbox 2457 1213 2527 1252; x_wconf 75' lang='lat' dir='ltr'>ex</span> <span class='ocrx_word' id='word_1_412' title='bbox 2554 1198 2658 1252; x_wconf 91' lang='lat' dir='ltr'>Deo</span> <span class='ocrx_word' id='word_1_413' title='bbox 2688 1199 2758 1252; x_wconf 88' lang='lat' dir='ltr'>sit</span> <span class='ocrx_word' id='word_1_414' title='bbox 2805 1198 2851 1266; x_wconf 91' lang='lat' dir='ltr'>(I</span> <span class='ocrx_word' id='word_1_415' title='bbox 2877 1200 3030 1253; x_wconf 88' lang='lat' dir='ltr'>Joan.</span> <span class='ocrx_word' id='word_1_416' title='bbox 3067 1215 3139 1262; x_wconf 90' lang='lat' dir='ltr'>1v,</span> <span class='ocrx_word' id='word_1_417' title='bbox 3176 1198 3247 1267; x_wconf 94' lang='grc'>1).</span> <span class='ocrx_word' id='word_1_418' title='bbox 3299 1197 3540 1252; x_wconf 90' lang='lat' dir='ltr'>Talibus</span> <span class='ocrx_word' id='word_1_419' title='bbox 3593 1211 3744 1267; x_wconf 89' lang='lat' dir='ltr'>ergo</span> 
     </span>
    </p>
   </div>
   <div class='ocr_carea' id='block_1_56' title="bbox 2087 1285 3746 1358">
    <p class='ocr_par' dir='ltr' id='par_1_56' title="bbox 2087 1285 3746 1358">
     <span class='ocr_line' id='line_1_56' title="bbox 2087 1285 3746 1358; baseline -0.001 -18"><span class='ocrx_word' id='word_1_420' title='bbox 2087 1301 2254 1358; x_wconf 89' lang='lat' dir='ltr'>opem</span> <span class='ocrx_word' id='word_1_421' title='bbox 2283 1285 2497 1341; x_wconf 84' lang='lat' dir='ltr'>inferre</span> <span class='ocrx_word' id='word_1_422' title='bbox 2518 1303 2632 1341; x_wconf 90' lang='lat' dir='ltr'>non</span> <span class='ocrx_word' id='word_1_423' title='bbox 2654 1285 3027 1353; x_wconf 87' lang='lat' dir='ltr'>desistamus,</span> <span class='ocrx_word' id='word_1_424' title='bbox 3054 1290 3118 1340; x_wconf 91' lang='lat' dir='ltr'>ut</span> <span class='ocrx_word' id='word_1_425' title='bbox 3140 1285 3400 1357; x_wconf 91' lang='lat' dir='ltr'>ipsorum</span> <span class='ocrx_word' id='word_1_426' title='bbox 3424 1285 3652 1339; x_wconf 88' lang='lat' dir='ltr'>meritis</span> <span class='ocrx_word' id='word_1_427' title='bbox 3678 1288 3746 1339; x_wconf 87' lang='lat' dir='ltr'>et</span> 
     </span>
    </p>
   </div>
   <div class='ocr_carea' id='block_1_57' title="bbox 2087 1373 3737 1436">
    <p class='ocr_par' dir='ltr' id='par_1_57' title="bbox 2087 1373 3737 1436">
     <span class='ocr_line' id='line_1_57' title="bbox 2087 1373 3737 1436; baseline -0.001 -7"><span class='ocrx_word' id='word_1_428' title='bbox 2087 1373 2604 1431; x_wconf 87' lang='lat' dir='ltr'>intercessionibus</span> <span class='ocrx_word' id='word_1_429' title='bbox 2637 1375 2926 1436; x_wconf 89' lang='lat' dir='ltr'>introduci</span> <span class='ocrx_word' id='word_1_430' title='bbox 2957 1391 3288 1430; x_wconf 89' lang='lat' dir='ltr'>mereamur</span> <span class='ocrx_word' id='word_1_431' title='bbox 3318 1375 3375 1429; x_wconf 92' lang='lat' dir='ltr'>in</span> <span class='ocrx_word' id='word_1_432' title='bbox 3408 1378 3625 1429; x_wconf 71' lang='lat' dir='ltr'>aeterna</span> <span class='ocrx_word' id='word_1_433' title='bbox 3647 1378 3737 1428; x_wconf 85' lang='lat' dir='ltr'>ta-</span> 
     </span>
    </p>
   </div>
   <div class='ocr_carea' id='block_1_58' title="bbox 2088 1464 2419 1521">
    <p class='ocr_par' dir='ltr' id='par_1_58' title="bbox 2088 1464 2419 1521">
     <span class='ocr_line' id='line_1_58' title="bbox 2088 1464 2419 1521; baseline 0 -3"><span class='ocrx_word' id='word_1_434' title='bbox 2088 1464 2419 1521; x_wconf 90' lang='lat' dir='ltr'>bernacula.</span> 
     </span>
    </p>
   </div>
   <div class='ocr_carea' id='block_1_59' title="bbox 2159 1550 3740 1624">
    <p class='ocr_par' dir='ltr' id='par_1_59' title="bbox 2159 1550 3740 1624">
     <span class='ocr_line' id='line_1_59' title="bbox 2159 1550 3740 1624; baseline -0.002 -17"><span class='ocrx_word' id='word_1_435' title='bbox 2159 1553 2266 1608; x_wconf 90' lang='lat' dir='ltr'>Sed</span> <span class='ocrx_word' id='word_1_436' title='bbox 2304 1553 2440 1624; x_wconf 88' lang='lat' dir='ltr'>quia</span> <span class='ocrx_word' id='word_1_437' title='bbox 2471 1569 2742 1624; x_wconf 88' lang='lat' dir='ltr'>asperum</span> <span class='ocrx_word' id='word_1_438' title='bbox 2783 1553 2939 1622; x_wconf 92' lang='lat' dir='ltr'>quod</span> <span class='ocrx_word' id='word_1_439' title='bbox 2970 1551 3391 1607; x_wconf 91' lang='lat' dir='ltr'>denuntiamus</span> <span class='ocrx_word' id='word_1_440' title='bbox 3417 1550 3740 1606; x_wconf 87' lang='lat' dir='ltr'>observare</span> 
     </span>
    </p>
   </div>
   <div class='ocr_carea' id='block_1_60' title="bbox 2087 1638 3740 1712">
    <p class='ocr_par' dir='ltr' id='par_1_60' title="bbox 2087 1638 3740 1712">
     <span class='ocr_line' id='line_1_60' title="bbox 2087 1638 3740 1712; baseline -0.001 -16"><span class='ocrx_word' id='word_1_441' title='bbox 2087 1642 2412 1697; x_wconf 89' lang='lat' dir='ltr'>volentibus</span> <span class='ocrx_word' id='word_1_442' title='bbox 2443 1643 2681 1697; x_wconf 90' lang='lat' dir='ltr'>omnino</span> <span class='ocrx_word' id='word_1_443' title='bbox 2713 1642 2962 1704; x_wconf 90' lang='lat' dir='ltr'>videtur,</span> <span class='ocrx_word' id='word_1_444' title='bbox 2997 1643 3139 1695; x_wconf 91' lang='lat' dir='ltr'>dum</span> <span class='ocrx_word' id='word_1_445' title='bbox 3184 1640 3417 1712; x_wconf 91' lang='lat' dir='ltr'>penitus</span> <span class='ocrx_word' id='word_1_446' title='bbox 3457 1638 3740 1710; x_wconf 87' lang='lat' dir='ltr'>blasphe-</span> 
     </span>
    </p>
   </div>
   <div class='ocr_carea' id='block_1_61' title="bbox 2087 1728 3736 1801">
    <p class='ocr_par' dir='ltr' id='par_1_61' title="bbox 2087 1728 3736 1801">
     <span class='ocr_line' id='line_1_61' title="bbox 2087 1728 3736 1801; baseline -0.002 -17"><span class='ocrx_word' id='word_1_447' title='bbox 2087 1746 2244 1786; x_wconf 90' lang='lat' dir='ltr'>mare</span> <span class='ocrx_word' id='word_1_448' title='bbox 2265 1735 2599 1786; x_wconf 89' lang='lat' dir='ltr'>sanctarum</span> <span class='ocrx_word' id='word_1_449' title='bbox 2621 1729 3051 1801; x_wconf 86' lang='lat' dir='ltr'>Scripturarum</span> <span class='ocrx_word' id='word_1_450' title='bbox 3076 1746 3189 1783; x_wconf 90' lang='lat' dir='ltr'>non</span> <span class='ocrx_word' id='word_1_451' title='bbox 3202 1728 3419 1783; x_wconf 89' lang='lat' dir='ltr'>audent</span> <span class='ocrx_word' id='word_1_452' title='bbox 3435 1732 3736 1793; x_wconf 88' lang='lat' dir='ltr'>auctores,</span> 
     </span>
    </p>
   </div>
   <div class='ocr_carea' id='block_1_62' title="bbox 2087 1815 3740 1891">
    <p class='ocr_par' dir='ltr' id='par_1_62' title="bbox 2087 1815 3740 1891">
     <span class='ocr_line' id='line_1_62' title="bbox 2087 1815 3740 1891; baseline -0.002 -19"><span class='ocrx_word' id='word_1_453' title='bbox 2087 1819 2243 1890; x_wconf 89' lang='lat' dir='ltr'>ipsos</span> <span class='ocrx_word' id='word_1_454' title='bbox 2273 1818 2668 1891; x_wconf 89' lang='lat' dir='ltr'>persequinon</span> <span class='ocrx_word' id='word_1_455' title='bbox 2692 1817 3284 1884; x_wconf 87' lang='lat' dir='ltr'>omittuntrelatores,</span> <span class='ocrx_word' id='word_1_456' title='bbox 3302 1820 3366 1870; x_wconf 92' lang='lat' dir='ltr'>ut</span> <span class='ocrx_word' id='word_1_457' title='bbox 3387 1815 3550 1887; x_wconf 88' lang='lat' dir='ltr'>quasi</span> <span class='ocrx_word' id='word_1_458' title='bbox 3569 1831 3740 1870; x_wconf 87' lang='lat' dir='ltr'>secu-</span> 
     </span>
    </p>
   </div>
   <div class='ocr_carea' id='block_1_63' title="bbox 2087 1903 3739 1979">
    <p class='ocr_par' dir='ltr' id='par_1_63' title="bbox 2087 1903 3739 1979">
     <span class='ocr_line' id='line_1_63' title="bbox 2087 1903 3739 1979; baseline -0.001 -19"><span class='ocrx_word' id='word_1_459' title='bbox 2087 1908 2210 1962; x_wconf 88' lang='lat' dir='ltr'>rius</span> <span class='ocrx_word' id='word_1_460' title='bbox 2235 1907 2304 1961; x_wconf 89' lang='lat' dir='ltr'>de</span> <span class='ocrx_word' id='word_1_461' title='bbox 2327 1907 2656 1979; x_wconf 88' lang='lat' dir='ltr'>ignorantia</span> <span class='ocrx_word' id='word_1_462' title='bbox 2669 1922 2729 1960; x_wconf 90' lang='lat' dir='ltr'>se</span> <span class='ocrx_word' id='word_1_463' title='bbox 2742 1905 3004 1961; x_wconf 85' lang='lat' dir='ltr'>excusari</span> <span class='ocrx_word' id='word_1_464' title='bbox 3023 1905 3268 1976; x_wconf 88' lang='lat' dir='ltr'>possint,</span> <span class='ocrx_word' id='word_1_465' title='bbox 3284 1905 3332 1958; x_wconf 88' lang='lat' dir='ltr'>si</span> <span class='ocrx_word' id='word_1_466' title='bbox 3346 1903 3467 1958; x_wconf 60' lang='lat' dir='ltr'>haec</span> <span class='ocrx_word' id='word_1_467' title='bbox 3485 1903 3739 1958; x_wconf 88' lang='lat' dir='ltr'>minime</span> 
     </span>
    </p>
   </div>
   <div class='ocr_carea' id='block_1_64' title="bbox 2087 1991 3740 2052">
    <p class='ocr_par' dir='ltr' id='par_1_64' title="bbox 2087 1991 3740 2052">
     <span class='ocr_line' id='line_1_64' title="bbox 2087 1991 3740 2052; baseline -0.004 0"><span class='ocrx_word' id='word_1_468' title='bbox 2087 1995 2397 2052; x_wconf 87' lang='lat' dir='ltr'>audierint.</span> <span class='ocrx_word' id='word_1_469' title='bbox 2433 1999 2675 2050; x_wconf 83' lang='lat' dir='ltr'>Econtra</span> <span class='ocrx_word' id='word_1_470' title='bbox 2696 2011 2802 2050; x_wconf 92' lang='lat' dir='ltr'>nos</span> <span class='ocrx_word' id='word_1_471' title='bbox 2837 1994 3115 2049; x_wconf 90' lang='lat' dir='ltr'>Dominus</span> <span class='ocrx_word' id='word_1_472' title='bbox 3146 1994 3419 2049; x_wconf 89' lang='lat' dir='ltr'>admonet</span> <span class='ocrx_word' id='word_1_473' title='bbox 3451 1991 3740 2047; x_wconf 87' lang='lat' dir='ltr'>Ezechieli</span> 
     </span>
    </p>
   </div>
   <div class='ocr_carea' id='block_1_65' title="bbox 2088 2082 3743 2156">
    <p class='ocr_par' dir='ltr' id='par_1_65' title="bbox 2088 2082 3743 2156">
     <span class='ocr_line' id='line_1_65' title="bbox 2088 2082 3743 2156; baseline -0.001 -18"><span class='ocrx_word' id='word_1_474' title='bbox 2088 2084 2380 2156; x_wconf 64' lang='lat' dir='ltr'>prophetae</span> <span class='ocrx_word' id='word_1_475' title='bbox 2411 2083 2645 2138; x_wconf 88' lang='lat' dir='ltr'>dicens:</span> <span class='ocrx_word' id='word_1_476' title='bbox 2686 2086 2779 2149; x_wconf 86' lang='lat' dir='ltr'>Tu,</span> <span class='ocrx_word' id='word_1_477' title='bbox 2813 2082 2905 2153; x_wconf 81' lang='lat' dir='ltr'>ﬁli</span> <span class='ocrx_word' id='word_1_478' title='bbox 2951 2084 3208 2150; x_wconf 81' lang='lat' dir='ltr'>hominis,</span> <span class='ocrx_word' id='word_1_479' title='bbox 3261 2082 3652 2152; x_wconf 78' lang='lat' dir='ltr'>speculatorem</span> <span class='ocrx_word' id='word_1_480' title='bbox 3684 2089 3743 2136; x_wconf 86' lang='lat' dir='ltr'>te</span> 
     </span>
    </p>
   </div>
   <div class='ocr_carea' id='block_1_66' title="bbox 2082 2170 3737 2244">
    <p class='ocr_par' dir='ltr' id='par_1_66' title="bbox 2082 2170 3737 2244">
     <span class='ocr_line' id='line_1_66' title="bbox 2082 2170 3737 2244; baseline -0.003 -16"><span class='ocrx_word' id='word_1_481' title='bbox 2082 2175 2242 2244; x_wconf 84' lang='lat' dir='ltr'>posui</span> <span class='ocrx_word' id='word_1_482' title='bbox 2294 2173 2480 2228; x_wconf 87' lang='lat' dir='ltr'>domui</span> <span class='ocrx_word' id='word_1_483' title='bbox 2536 2172 2733 2241; x_wconf 80' lang='lat' dir='ltr'>Israel,</span> <span class='ocrx_word' id='word_1_484' title='bbox 2792 2170 3020 2226; x_wconf 86' lang='lat' dir='ltr'>audiens</span> <span class='ocrx_word' id='word_1_485' title='bbox 3077 2171 3142 2225; x_wconf 89' lang='lat' dir='ltr'>de</span> <span class='ocrx_word' id='word_1_486' title='bbox 3169 2186 3266 2226; x_wconf 90' lang='lat' dir='ltr'>ore</span> <span class='ocrx_word' id='word_1_487' title='bbox 3319 2186 3438 2225; x_wconf 90' lang='lat' dir='ltr'>meo</span> <span class='ocrx_word' id='word_1_488' title='bbox 3487 2170 3737 2239; x_wconf 83' lang='lat' dir='ltr'>verbum,</span> 
     </span>
    </p>
   </div>
   <div class='ocr_carea' id='block_1_67' title="bbox 2088 2258 3739 2329">
    <p class='ocr_par' dir='ltr' id='par_1_67' title="bbox 2088 2258 3739 2329">
     <span class='ocr_line' id='line_1_67' title="bbox 2088 2258 3739 2329; baseline -0.003 -13"><span class='ocrx_word' id='word_1_489' title='bbox 2088 2261 2444 2316; x_wconf 85' lang='lat' dir='ltr'>annuntiabis</span> <span class='ocrx_word' id='word_1_490' title='bbox 2473 2261 2551 2315; x_wconf 88' lang='lat' dir='ltr'>eis</span> <span class='ocrx_word' id='word_1_491' title='bbox 2580 2277 2649 2316; x_wconf 73' lang='lat' dir='ltr'>ex</span> <span class='ocrx_word' id='word_1_492' title='bbox 2690 2275 2794 2314; x_wconf 89' lang='lat' dir='ltr'>me.</span> <span class='ocrx_word' id='word_1_493' title='bbox 2859 2260 2918 2313; x_wconf 90' lang='lat' dir='ltr'>Si</span> <span class='ocrx_word' id='word_1_494' title='bbox 2963 2259 3174 2314; x_wconf 83' lang='lat' dir='ltr'>dicente</span> <span class='ocrx_word' id='word_1_495' title='bbox 3225 2275 3311 2313; x_wconf 90' lang='lat' dir='ltr'>me</span> <span class='ocrx_word' id='word_1_496' title='bbox 3365 2258 3434 2312; x_wconf 87' lang='lat' dir='ltr'>ad</span> <span class='ocrx_word' id='word_1_497' title='bbox 3472 2260 3739 2329; x_wconf 88' lang='lat' dir='ltr'>impium,</span> 
     </span>
    </p>
   </div>
   <div class='ocr_carea' id='block_1_68' title="bbox 2087 2346 3741 2418">
    <p class='ocr_par' dir='ltr' id='par_1_68' title="bbox 2087 2346 3741 2418">
     <span class='ocr_line' id='line_1_68' title="bbox 2087 2346 3741 2418; baseline -0.002 -15"><span class='ocrx_word' id='word_1_498' title='bbox 2087 2358 2263 2405; x_wconf 89' lang='lat' dir='ltr'>morte</span> <span class='ocrx_word' id='word_1_499' title='bbox 2286 2352 2558 2418; x_wconf 86' lang='lat' dir='ltr'>morieris,</span> <span class='ocrx_word' id='word_1_500' title='bbox 2599 2364 2709 2402; x_wconf 91' lang='lat' dir='ltr'>non</span> <span class='ocrx_word' id='word_1_501' title='bbox 2733 2350 3162 2402; x_wconf 67' lang='lat' dir='ltr'>annuntiat-eris</span> <span class='ocrx_word' id='word_1_502' title='bbox 3193 2349 3264 2412; x_wconf 89' lang='lat' dir='ltr'>ei,</span> <span class='ocrx_word' id='word_1_503' title='bbox 3294 2363 3468 2418; x_wconf 85' lang='lat' dir='ltr'>neque</span> <span class='ocrx_word' id='word_1_504' title='bbox 3519 2346 3741 2401; x_wconf 86' lang='lat' dir='ltr'>locutus</span> 
     </span>
    </p>
   </div>
   <div class='ocr_carea' id='block_1_69' title="bbox 2084 2436 3734 2510">
    <p class='ocr_par' dir='ltr' id='par_1_69' title="bbox 2084 2436 3734 2510">
     <span class='ocr_line' id='line_1_69' title="bbox 2084 2436 3734 2510; baseline -0.004 -16"><span class='ocrx_word' id='word_1_505' title='bbox 2084 2440 2280 2510; x_wconf 80' lang='lat' dir='ltr'>fueris,</span> <span class='ocrx_word' id='word_1_506' title='bbox 2341 2442 2402 2492; x_wconf 92' lang='lat' dir='ltr'>ut</span> <span class='ocrx_word' id='word_1_507' title='bbox 2455 2441 2739 2493; x_wconf 86' lang='lat' dir='ltr'>avertatur</span> <span class='ocrx_word' id='word_1_508' title='bbox 2794 2453 2827 2490; x_wconf 91' lang='lat' dir='ltr'>a</span> <span class='ocrx_word' id='word_1_509' title='bbox 2874 2439 2968 2492; x_wconf 87' lang='lat' dir='ltr'>via</span> <span class='ocrx_word' id='word_1_510' title='bbox 3022 2452 3122 2490; x_wconf 90' lang='lat' dir='ltr'>sua</span> <span class='ocrx_word' id='word_1_511' title='bbox 3175 2436 3368 2507; x_wconf 84' lang='lat' dir='ltr'>impia,</span> <span class='ocrx_word' id='word_1_512' title='bbox 3429 2438 3481 2489; x_wconf 91' lang='lat' dir='ltr'>et</span> <span class='ocrx_word' id='word_1_513' title='bbox 3537 2437 3734 2489; x_wconf 80' lang='lat' dir='ltr'>vivat:</span> 
     </span>
    </p>
   </div>
   <div class='ocr_carea' id='block_1_70' title="bbox 2087 2525 3741 2598">
    <p class='ocr_par' dir='ltr' id='par_1_70' title="bbox 2087 2525 3741 2598">
     <span class='ocr_line' id='line_1_70' title="bbox 2087 2525 3741 2598; baseline -0.002 -17"><span class='ocrx_word' id='word_1_514' title='bbox 2087 2529 2202 2598; x_wconf 90' lang='lat' dir='ltr'>ipse</span> <span class='ocrx_word' id='word_1_515' title='bbox 2232 2529 2432 2598; x_wconf 90' lang='lat' dir='ltr'>impius</span> <span class='ocrx_word' id='word_1_516' title='bbox 2457 2528 2514 2581; x_wconf 88' lang='lat' dir='ltr'>in</span> <span class='ocrx_word' id='word_1_517' title='bbox 2549 2527 2844 2597; x_wconf 84' lang='lat' dir='ltr'>iniquitate</span> <span class='ocrx_word' id='word_1_518' title='bbox 2893 2541 2994 2581; x_wconf 89' lang='lat' dir='ltr'>sua</span> <span class='ocrx_word' id='word_1_519' title='bbox 3052 2527 3350 2580; x_wconf 83' lang='lat' dir='ltr'>morietur:</span> <span class='ocrx_word' id='word_1_520' title='bbox 3399 2525 3741 2596; x_wconf 87' lang='lat' dir='ltr'>sanguinem</span> 
     </span>
    </p>
   </div>
   <div class='ocr_carea' id='block_1_71' title="bbox 2088 2613 3737 2686">
    <p class='ocr_par' dir='ltr' id='par_1_71' title="bbox 2088 2613 3737 2686">
     <span class='ocr_line' id='line_1_71' title="bbox 2088 2613 3737 2686; baseline -0.002 -15"><span class='ocrx_word' id='word_1_521' title='bbox 2088 2619 2272 2672; x_wconf 90' lang='lat' dir='ltr'>autem</span> <span class='ocrx_word' id='word_1_522' title='bbox 2325 2617 2446 2686; x_wconf 89' lang='lat' dir='ltr'>ejus</span> <span class='ocrx_word' id='word_1_523' title='bbox 2473 2617 2540 2670; x_wconf 88' lang='lat' dir='ltr'>de</span> <span class='ocrx_word' id='word_1_524' title='bbox 2595 2632 2766 2670; x_wconf 89' lang='lat' dir='ltr'>manu</span> <span class='ocrx_word' id='word_1_525' title='bbox 2831 2618 2933 2670; x_wconf 88' lang='lat' dir='ltr'>tua</span> <span class='ocrx_word' id='word_1_526' title='bbox 2990 2615 3291 2684; x_wconf 85' lang='lat' dir='ltr'>requiram.</span> <span class='ocrx_word' id='word_1_527' title='bbox 3353 2613 3415 2668; x_wconf 89' lang='lat' dir='ltr'>Si</span> <span class='ocrx_word' id='word_1_528' title='bbox 3458 2617 3639 2669; x_wconf 85' lang='lat' dir='ltr'>autem</span> <span class='ocrx_word' id='word_1_529' title='bbox 3673 2618 3737 2667; x_wconf 87' lang='lat' dir='ltr'>tu</span> 
     </span>
    </p>
   </div>
   <div class='ocr_carea' id='block_1_72' title="bbox 2087 2704 3740 2776">
    <p class='ocr_par' dir='ltr' id='par_1_72' title="bbox 2087 2704 3740 2776">
     <span class='ocr_line' id='line_1_72' title="bbox 2087 2704 3740 2776; baseline -0.002 -16"><span class='ocrx_word' id='word_1_530' title='bbox 2087 2707 2504 2760; x_wconf 88' lang='lat' dir='ltr'>annuntiaveris</span> <span class='ocrx_word' id='word_1_531' title='bbox 2561 2706 2752 2776; x_wconf 90' lang='lat' dir='ltr'>impio,</span> <span class='ocrx_word' id='word_1_532' title='bbox 2809 2711 2859 2759; x_wconf 85' lang='lat' dir='ltr'>et</span> <span class='ocrx_word' id='word_1_533' title='bbox 2918 2704 3013 2757; x_wconf 87' lang='lat' dir='ltr'>ille</span> <span class='ocrx_word' id='word_1_534' title='bbox 3061 2719 3168 2758; x_wconf 86' lang='lat' dir='ltr'>non</span> <span class='ocrx_word' id='word_1_535' title='bbox 3225 2704 3393 2772; x_wconf 79' lang='lat' dir='ltr'>luerit</span> <span class='ocrx_word' id='word_1_536' title='bbox 3439 2718 3740 2757; x_wconf 87' lang='lat' dir='ltr'>conversus</span> 
     </span>
    </p>
   </div>
   <div class='ocr_carea' id='block_1_73' title="bbox 2086 2791 3739 2866">
    <p class='ocr_par' dir='ltr' id='par_1_73' title="bbox 2086 2791 3739 2866">
     <span class='ocr_line' id='line_1_73' title="bbox 2086 2791 3739 2866; baseline -0.002 -16"><span class='ocrx_word' id='word_1_537' title='bbox 2086 2797 2157 2852; x_wconf 88' lang='lat' dir='ltr'>ab</span> <span class='ocrx_word' id='word_1_538' title='bbox 2191 2796 2474 2866; x_wconf 86' lang='lat' dir='ltr'>impietate</span> <span class='ocrx_word' id='word_1_539' title='bbox 2523 2799 2578 2849; x_wconf 87' lang='lat' dir='ltr'>et</span> <span class='ocrx_word' id='word_1_540' title='bbox 2607 2796 2697 2848; x_wconf 89' lang='lat' dir='ltr'>via</span> <span class='ocrx_word' id='word_1_541' title='bbox 2724 2809 2826 2847; x_wconf 84' lang='lat' dir='ltr'>sua</span> <span class='ocrx_word' id='word_1_542' title='bbox 2861 2793 3053 2858; x_wconf 88' lang='lat' dir='ltr'>mala;</span> <span class='ocrx_word' id='word_1_543' title='bbox 3102 2794 3216 2862; x_wconf 88' lang='lat' dir='ltr'>ipse</span> <span class='ocrx_word' id='word_1_544' title='bbox 3261 2791 3475 2861; x_wconf 86' lang='lat' dir='ltr'>quidem</span> <span class='ocrx_word' id='word_1_545' title='bbox 3526 2793 3586 2845; x_wconf 88' lang='lat' dir='ltr'>in</span> <span class='ocrx_word' id='word_1_546' title='bbox 3619 2793 3739 2846; x_wconf 84' lang='lat' dir='ltr'>ini-</span> 
     </span>
    </p>
   </div>
   <div class='ocr_carea' id='block_1_74' title="bbox 2090 2880 3744 2955">
    <p class='ocr_par' dir='ltr' id='par_1_74' title="bbox 2090 2880 3744 2955">
     <span class='ocr_line' id='line_1_74' title="bbox 2090 2880 3744 2955; baseline -0.002 -17"><span class='ocrx_word' id='word_1_547' title='bbox 2090 2885 2298 2955; x_wconf 87' lang='lat' dir='ltr'>quitate</span> <span class='ocrx_word' id='word_1_548' title='bbox 2325 2899 2427 2937; x_wconf 46' lang='lat' dir='ltr'>sua.</span> <span class='ocrx_word' id='word_1_549' title='bbox 2456 2885 2741 2951; x_wconf 86' lang='lat' dir='ltr'>morietur,</span> <span class='ocrx_word' id='word_1_550' title='bbox 2784 2890 2844 2936; x_wconf 89' lang='lat' dir='ltr'>tu</span> <span class='ocrx_word' id='word_1_551' title='bbox 2890 2886 3072 2936; x_wconf 88' lang='lat' dir='ltr'>autem</span> <span class='ocrx_word' id='word_1_552' title='bbox 3101 2882 3348 2935; x_wconf 88' lang='lat' dir='ltr'>animam</span> <span class='ocrx_word' id='word_1_553' title='bbox 3403 2885 3556 2935; x_wconf 86' lang='lat' dir='ltr'>tuam</span> <span class='ocrx_word' id='word_1_554' title='bbox 3605 2880 3744 2935; x_wconf 87' lang='lat' dir='ltr'>Iibe-</span> 
     </span>
    </p>
   </div>
   <div class='ocr_carea' id='block_1_75' title="bbox 2091 2968 3744 3042">
    <p class='ocr_par' dir='ltr' id='par_1_75' title="bbox 2091 2968 3744 3042">
     <span class='ocr_line' id='line_1_75' title="bbox 2091 2968 3744 3042; baseline -0.002 -15"><span class='ocrx_word' id='word_1_555' title='bbox 2091 2972 2466 3042; x_wconf 70' lang='lat' dir='ltr'>rasti(Ezech.</span> <span class='ocrx_word' id='word_1_556' title='bbox 2521 2989 2604 3037; x_wconf 86' lang='lat'>111,</span> <span class='ocrx_word' id='word_1_557' title='bbox 2656 2971 2761 3040; x_wconf 90' lang='grc'>17).</span> <span class='ocrx_word' id='word_1_558' title='bbox 2807 2971 2874 3024; x_wconf 91' lang='lat' dir='ltr'>Et</span> <span class='ocrx_word' id='word_1_559' title='bbox 2920 2970 3176 3024; x_wconf 90' lang='lat' dir='ltr'>Jacobus</span> <span class='ocrx_word' id='word_1_560' title='bbox 3229 2968 3568 3040; x_wconf 88' lang='lat' dir='ltr'>apostolus:</span> <span class='ocrx_word' id='word_1_561' title='bbox 3631 2970 3744 3037; x_wconf 83' lang='lat' dir='ltr'>Qui</span> 
     </span>
    </p>
   </div>
   <div class='ocr_carea' id='block_1_76' title="bbox 2090 3059 3743 3132">
    <p class='ocr_par' dir='ltr' id='par_1_76' title="bbox 2090 3059 3743 3132">
     <span class='ocr_line' id='line_1_76' title="bbox 2090 3059 3743 3132; baseline -0.001 -16"><span class='ocrx_word' id='word_1_562' title='bbox 2090 3063 2331 3118; x_wconf 86' lang='lat' dir='ltr'>converti</span> <span class='ocrx_word' id='word_1_563' title='bbox 2348 3062 2540 3132; x_wconf 79' lang='lat' dir='ltr'>fecerit</span> <span class='ocrx_word' id='word_1_564' title='bbox 2555 3063 2886 3132; x_wconf 85' lang='lat' dir='ltr'>peccatorem</span> <span class='ocrx_word' id='word_1_565' title='bbox 2918 3059 2986 3113; x_wconf 87' lang='lat' dir='ltr'>ab</span> <span class='ocrx_word' id='word_1_566' title='bbox 3007 3073 3193 3114; x_wconf 88' lang='lat' dir='ltr'>errore</span> <span class='ocrx_word' id='word_1_567' title='bbox 3217 3060 3324 3114; x_wconf 68' lang='lat' dir='ltr'>viae</span> <span class='ocrx_word' id='word_1_568' title='bbox 3340 3073 3478 3124; x_wconf 65' lang='lat' dir='ltr'>suae,</span> <span class='ocrx_word' id='word_1_569' title='bbox 3501 3059 3743 3114; x_wconf 89' lang='lat' dir='ltr'>salvabit</span> 
     </span>
    </p>
   </div>
   <div class='ocr_carea' id='block_1_77' title="bbox 2093 3147 3741 3219">
    <p class='ocr_par' dir='ltr' id='par_1_77' title="bbox 2093 3147 3741 3219">
     <span class='ocr_line' id='line_1_77' title="bbox 2093 3147 3741 3219; baseline -0.001 -14"><span class='ocrx_word' id='word_1_570' title='bbox 2093 3153 2340 3205; x_wconf 90' lang='lat' dir='ltr'>animam</span> <span class='ocrx_word' id='word_1_571' title='bbox 2387 3165 2592 3210; x_wconf 84' lang='lat' dir='ltr'>suam;</span> <span class='ocrx_word' id='word_1_572' title='bbox 2651 3156 2701 3203; x_wconf 91' lang='lat' dir='ltr'>et</span> <span class='ocrx_word' id='word_1_573' title='bbox 2755 3149 2970 3219; x_wconf 81' lang='lat' dir='ltr'>aperiet</span> <span class='ocrx_word' id='word_1_574' title='bbox 3019 3147 3446 3202; x_wconf 82' lang='lat' dir='ltr'>multitudinem</span> <span class='ocrx_word' id='word_1_575' title='bbox 3490 3150 3741 3217; x_wconf 82' lang='lat' dir='ltr'>peccato-</span> 
     </span>
    </p>
   </div>
   <div class='ocr_carea' id='block_1_78' title="bbox 2092 3235 3740 3309">
    <p class='ocr_par' dir='ltr' id='par_1_78' title="bbox 2092 3235 3740 3309">
     <span class='ocr_line' id='line_1_78' title="bbox 2092 3235 3740 3309; baseline -0.001 -15"><span class='ocrx_word' id='word_1_576' title='bbox 2092 3256 2219 3294; x_wconf 89' lang='lat' dir='ltr'>rum</span> <span class='ocrx_word' id='word_1_577' title='bbox 2260 3239 2393 3309; x_wconf 88' lang='lat' dir='ltr'>(Jac.</span> <span class='ocrx_word' id='word_1_578' title='bbox 2429 3238 2624 3309; x_wconf 83' lang='lat' dir='ltr'>v,20).</span> <span class='ocrx_word' id='word_1_579' title='bbox 2686 3236 2867 3292; x_wconf 87' lang='lat' dir='ltr'>Isaias</span> <span class='ocrx_word' id='word_1_580' title='bbox 2925 3253 3157 3307; x_wconf 90' lang='lat' dir='ltr'>quoque</span> <span class='ocrx_word' id='word_1_581' title='bbox 3217 3237 3335 3292; x_wconf 85' lang='lat' dir='ltr'>ait:</span> <span class='ocrx_word' id='word_1_582' title='bbox 3399 3235 3608 3304; x_wconf 84' lang='lat' dir='ltr'>Clama,</span> <span class='ocrx_word' id='word_1_583' title='bbox 3669 3253 3740 3292; x_wconf 87' lang='lat' dir='ltr'>ne</span> 
     </span>
    </p>
   </div>
   <div class='ocr_carea' id='block_1_79' title="bbox 2093 3326 3742 3399">
    <p class='ocr_par' dir='ltr' id='par_1_79' title="bbox 2093 3326 3742 3399">
     <span class='ocr_line' id='line_1_79' title="bbox 2093 3326 3742 3399; baseline -0.002 -15"><span class='ocrx_word' id='word_1_584' title='bbox 2093 3344 2284 3396; x_wconf 85' lang='lat' dir='ltr'>cesses,</span> <span class='ocrx_word' id='word_1_585' title='bbox 2333 3328 2493 3399; x_wconf 85' lang='lat' dir='ltr'>quasi</span> <span class='ocrx_word' id='word_1_586' title='bbox 2548 3326 2676 3381; x_wconf 88' lang='lat' dir='ltr'>tuba</span> <span class='ocrx_word' id='word_1_587' title='bbox 2719 3326 2903 3381; x_wconf 67' lang='lat' dir='ltr'>exalia</span> <span class='ocrx_word' id='word_1_588' title='bbox 2933 3340 3113 3380; x_wconf 84' lang='lat' dir='ltr'>vocem</span> <span class='ocrx_word' id='word_1_589' title='bbox 3167 3328 3339 3394; x_wconf 85' lang='lat' dir='ltr'>tuam,</span> <span class='ocrx_word' id='word_1_590' title='bbox 3372 3328 3423 3379; x_wconf 86' lang='lat' dir='ltr'>et</span> <span class='ocrx_word' id='word_1_591' title='bbox 3463 3327 3742 3380; x_wconf 85' lang='lat' dir='ltr'>annuntia</span> 
     </span>
    </p>
   </div>
   <div class='ocr_carea' id='block_1_80' title="bbox 2090 3415 3741 3490">
    <p class='ocr_par' dir='ltr' id='par_1_80' title="bbox 2090 3415 3741 3490">
     <span class='ocr_line' id='line_1_80' title="bbox 2090 3415 3741 3490; baseline -0.002 -17"><span class='ocrx_word' id='word_1_592' title='bbox 2090 3418 2290 3490; x_wconf 91' lang='lat' dir='ltr'>populo</span> <span class='ocrx_word' id='word_1_593' title='bbox 2310 3431 2426 3471; x_wconf 88' lang='lat' dir='ltr'>meo</span> <span class='ocrx_word' id='word_1_594' title='bbox 2445 3416 2648 3470; x_wconf 87' lang='lat' dir='ltr'>scelera</span> <span class='ocrx_word' id='word_1_595' title='bbox 2669 3431 2877 3484; x_wconf 81' lang='lat' dir='ltr'>eorum,</span> <span class='ocrx_word' id='word_1_596' title='bbox 2901 3419 2953 3470; x_wconf 91' lang='lat' dir='ltr'>et</span> <span class='ocrx_word' id='word_1_597' title='bbox 2973 3415 3161 3468; x_wconf 88' lang='lat' dir='ltr'>domui</span> <span class='ocrx_word' id='word_1_598' title='bbox 3209 3415 3383 3470; x_wconf 87' lang='lat' dir='ltr'>Israel</span> <span class='ocrx_word' id='word_1_599' title='bbox 3400 3422 3622 3484; x_wconf 84' lang='lat' dir='ltr'>peccata</span> <span class='ocrx_word' id='word_1_600' title='bbox 3654 3429 3741 3470; x_wconf 89' lang='lat' dir='ltr'>eo-</span> 
     </span>
    </p>
   </div>
   <div class='ocr_carea' id='block_1_81' title="bbox 2094 3504 3742 3572">
    <p class='ocr_par' dir='ltr' id='par_1_81' title="bbox 2094 3504 3742 3572">
     <span class='ocr_line' id='line_1_81' title="bbox 2094 3504 3742 3572; baseline -0.001 -12"><span class='ocrx_word' id='word_1_601' title='bbox 2094 3523 2237 3561; x_wconf 88' lang='lat' dir='ltr'>rum.</span> <span class='ocrx_word' id='word_1_602' title='bbox 2274 3509 2364 3561; x_wconf 78' lang='lat' dir='ltr'>Me</span> <span class='ocrx_word' id='word_1_603' title='bbox 2388 3507 2587 3561; x_wconf 85' lang='lat' dir='ltr'>etenim</span> <span class='ocrx_word' id='word_1_604' title='bbox 2621 3504 2684 3559; x_wconf 79' lang='lat' dir='ltr'>de</span> <span class='ocrx_word' id='word_1_605' title='bbox 2703 3505 2794 3560; x_wconf 85' lang='lat' dir='ltr'>die</span> <span class='ocrx_word' id='word_1_606' title='bbox 2815 3505 2874 3558; x_wconf 89' lang='lat' dir='ltr'>in</span> <span class='ocrx_word' id='word_1_607' title='bbox 2895 3504 3036 3558; x_wconf 90' lang='lat' dir='ltr'>diem</span> <span class='ocrx_word' id='word_1_608' title='bbox 3061 3505 3338 3572; x_wconf 67' lang='lat' dir='ltr'>quaerunt,</span> <span class='ocrx_word' id='word_1_609' title='bbox 3373 3507 3423 3557; x_wconf 89' lang='lat' dir='ltr'>et</span> <span class='ocrx_word' id='word_1_610' title='bbox 3451 3504 3590 3557; x_wconf 90' lang='lat' dir='ltr'>scire</span> <span class='ocrx_word' id='word_1_611' title='bbox 3620 3505 3742 3558; x_wconf 89' lang='lat' dir='ltr'>vias</span> 
     </span>
    </p>
   </div>
   <div class='ocr_carea' id='block_1_82' title="bbox 2095 3593 3739 3664">
    <p class='ocr_par' dir='ltr' id='par_1_82' title="bbox 2095 3593 3739 3664">
     <span class='ocr_line' id='line_1_82' title="bbox 2095 3593 3739 3664; baseline -0.003 -13"><span class='ocrx_word' id='word_1_612' title='bbox 2095 3611 2240 3651; x_wconf 79' lang='lat' dir='ltr'>meas</span> <span class='ocrx_word' id='word_1_613' title='bbox 2268 3595 2458 3650; x_wconf 89' lang='lat' dir='ltr'>volunt</span> <span class='ocrx_word' id='word_1_614' title='bbox 2481 3612 2498 3648; x_wconf 90' lang='lat'>:</span> <span class='ocrx_word' id='word_1_615' title='bbox 2520 3594 2678 3664; x_wconf 88' lang='lat' dir='ltr'>quasi</span> <span class='ocrx_word' id='word_1_616' title='bbox 2705 3608 2832 3663; x_wconf 88' lang='lat' dir='ltr'>gens</span> <span class='ocrx_word' id='word_1_617' title='bbox 2863 3607 2988 3664; x_wconf 70' lang='lat' dir='ltr'>qua:</span> <span class='ocrx_word' id='word_1_618' title='bbox 3003 3593 3281 3664; x_wconf 86' lang='lat' dir='ltr'>justitiam</span> <span class='ocrx_word' id='word_1_619' title='bbox 3311 3593 3524 3661; x_wconf 83' lang='lat' dir='ltr'>fecerit,</span> <span class='ocrx_word' id='word_1_620' title='bbox 3565 3595 3619 3646; x_wconf 92' lang='lat' dir='ltr'>et</span> <span class='ocrx_word' id='word_1_621' title='bbox 3640 3594 3739 3663; x_wconf 84' lang='lat' dir='ltr'>ju-</span> 
     </span>
    </p>
   </div>
   <div class='ocr_carea' id='block_1_83' title="bbox 2096 3679 3738 3753">
    <p class='ocr_par' dir='ltr' id='par_1_83' title="bbox 2096 3679 3738 3753">
     <span class='ocr_line' id='line_1_83' title="bbox 2096 3679 3738 3753; baseline -0.001 -16"><span class='ocrx_word' id='word_1_622' title='bbox 2096 3684 2300 3739; x_wconf 86' lang='lat' dir='ltr'>dicium</span> <span class='ocrx_word' id='word_1_623' title='bbox 2329 3685 2425 3739; x_wconf 89' lang='lat' dir='ltr'>Dei</span> <span class='ocrx_word' id='word_1_624' title='bbox 2451 3683 2542 3738; x_wconf 84' lang='lat' dir='ltr'>sui</span> <span class='ocrx_word' id='word_1_625' title='bbox 2569 3697 2676 3737; x_wconf 89' lang='lat' dir='ltr'>non</span> <span class='ocrx_word' id='word_1_626' title='bbox 2706 3682 3033 3753; x_wconf 87' lang='lat' dir='ltr'>reliquerit:</span> <span class='ocrx_word' id='word_1_627' title='bbox 3056 3684 3248 3751; x_wconf 87' lang='lat' dir='ltr'>rogant</span> <span class='ocrx_word' id='word_1_628' title='bbox 3275 3695 3362 3734; x_wconf 90' lang='lat' dir='ltr'>me</span> <span class='ocrx_word' id='word_1_629' title='bbox 3367 3679 3595 3751; x_wconf 87' lang='lat' dir='ltr'>judicia</span> <span class='ocrx_word' id='word_1_630' title='bbox 3616 3681 3738 3750; x_wconf 86' lang='lat' dir='ltr'>jus-</span> 
     </span>
    </p>
   </div>
   <div class='ocr_carea' id='block_1_84' title="bbox 2097 3768 3735 3843">
    <p class='ocr_par' dir='ltr' id='par_1_84' title="bbox 2097 3768 3735 3843">
     <span class='ocr_line' id='line_1_84' title="bbox 2097 3768 3735 3843; baseline -0.004 -15"><span class='ocrx_word' id='word_1_631' title='bbox 2097 3773 2260 3841; x_wconf 74' lang='lat' dir='ltr'>titiee,</span> <span class='ocrx_word' id='word_1_632' title='bbox 2295 3773 2736 3843; x_wconf 85' lang='lat' dir='ltr'>appropinquare</span> <span class='ocrx_word' id='word_1_633' title='bbox 2762 3771 2870 3826; x_wconf 86' lang='lat' dir='ltr'>Deo</span> <span class='ocrx_word' id='word_1_634' title='bbox 2918 3771 3104 3825; x_wconf 89' lang='lat' dir='ltr'>volunt</span> <span class='ocrx_word' id='word_1_635' title='bbox 3137 3770 3286 3840; x_wconf 87' lang='lat' dir='ltr'>(Isai.</span> <span class='ocrx_word' id='word_1_636' title='bbox 3320 3785 3473 3838; x_wconf 85' lang='lat' dir='ltr'>Lvm,</span> <span class='ocrx_word' id='word_1_637' title='bbox 3509 3768 3559 3840; x_wconf 84' lang='lat'>1)</span> <span class='ocrx_word' id='word_1_638' title='bbox 3605 3809 3617 3821; x_wconf 94' lang='lat'>.</span> <span class='ocrx_word' id='word_1_639' title='bbox 3665 3811 3676 3822; x_wconf 94' lang='lat'>.</span> <span class='ocrx_word' id='word_1_640' title='bbox 3722 3808 3735 3822; x_wconf 93' lang='lat'>.</span> 
     </span>
    </p>
   </div>
   <div class='ocr_carea' id='block_1_85' title="bbox 2102 3857 3740 3928">
    <p class='ocr_par' dir='ltr' id='par_1_85' title="bbox 2102 3857 3740 3928">
     <span class='ocr_line' id='line_1_85' title="bbox 2102 3857 3740 3928; baseline -0.004 -12"><span class='ocrx_word' id='word_1_641' title='bbox 2102 3905 2114 3917; x_wconf 92' lang='lat'>.</span> <span class='ocrx_word' id='word_1_642' title='bbox 2161 3903 2174 3915; x_wconf 95' lang='lat'>.</span> <span class='ocrx_word' id='word_1_643' title='bbox 2221 3903 2233 3916; x_wconf 95' lang='lat'>.</span> <span class='ocrx_word' id='word_1_644' title='bbox 2279 3901 2292 3916; x_wconf 95' lang='lat'>.</span> <span class='ocrx_word' id='word_1_645' title='bbox 2337 3901 2351 3915; x_wconf 88' lang='lat'>.</span> <span class='ocrx_word' id='word_1_646' title='bbox 2384 3862 2453 3915; x_wconf 89' lang='lat' dir='ltr'>Et</span> <span class='ocrx_word' id='word_1_647' title='bbox 2483 3875 2726 3915; x_wconf 89' lang='lat' dir='ltr'>rursus:</span> <span class='ocrx_word' id='word_1_648' title='bbox 2753 3858 2859 3914; x_wconf 86' lang='lat' dir='ltr'>Sed</span> <span class='ocrx_word' id='word_1_649' title='bbox 2883 3866 2932 3914; x_wconf 90' lang='lat' dir='ltr'>et</span> <span class='ocrx_word' id='word_1_650' title='bbox 2973 3860 3024 3913; x_wconf 90' lang='lat' dir='ltr'>si</span> <span class='ocrx_word' id='word_1_651' title='bbox 3051 3857 3182 3928; x_wconf 90' lang='lat' dir='ltr'>quid</span> <span class='ocrx_word' id='word_1_652' title='bbox 3208 3858 3475 3928; x_wconf 87' lang='lat' dir='ltr'>patimini</span> <span class='ocrx_word' id='word_1_653' title='bbox 3514 3859 3740 3928; x_wconf 87' lang='lat' dir='ltr'>propter</span> 
     </span>
    </p>
   </div>
   <div class='ocr_carea' id='block_1_86' title="bbox 2089 3945 3734 4022">
    <p class='ocr_par' dir='ltr' id='par_1_86' title="bbox 2089 3945 3734 4022">
     <span class='ocr_line' id='line_1_86' title="bbox 2089 3945 3734 4022; baseline -0.002 -16"><span class='ocrx_word' id='word_1_654' title='bbox 2089 3951 2385 4022; x_wconf 89' lang='lat' dir='ltr'>justitiam,</span> <span class='ocrx_word' id='word_1_655' title='bbox 2448 3949 2589 4003; x_wconf 86' lang='lat' dir='ltr'>beati</span> <span class='ocrx_word' id='word_1_656' title='bbox 2634 3949 2789 4003; x_wconf 87' lang='lat' dir='ltr'>eritis</span> <span class='ocrx_word' id='word_1_657' title='bbox 2833 3949 2878 4018; x_wconf 90' lang='lat' dir='ltr'>(I</span> <span class='ocrx_word' id='word_1_658' title='bbox 2903 3949 3019 4002; x_wconf 89' lang='lat' dir='ltr'>Pet.</span> <span class='ocrx_word' id='word_1_659' title='bbox 3075 3947 3318 4016; x_wconf 67' lang='lat'>111,14);</span> <span class='ocrx_word' id='word_1_660' title='bbox 3376 3949 3432 4000; x_wconf 91' lang='lat' dir='ltr'>et</span> <span class='ocrx_word' id='word_1_661' title='bbox 3480 3945 3734 4002; x_wconf 89' lang='lat' dir='ltr'>iterum:</span> 
     </span>
    </p>
   </div>
   <div class='ocr_carea' id='block_1_87' title="bbox 2101 4035 3737 4106">
    <p class='ocr_par' dir='ltr' id='par_1_87' title="bbox 2101 4035 3737 4106">
     <span class='ocr_line' id='line_1_87' title="bbox 2101 4035 3737 4106; baseline -0.004 -11"><span class='ocrx_word' id='word_1_662' title='bbox 2101 4041 2365 4095; x_wconf 88' lang='lat' dir='ltr'>Timorem</span> <span class='ocrx_word' id='word_1_663' title='bbox 2393 4053 2502 4092; x_wconf 88' lang='lat' dir='ltr'>non</span> <span class='ocrx_word' id='word_1_664' title='bbox 2525 4037 2852 4104; x_wconf 87' lang='lat' dir='ltr'>timueritis,</span> <span class='ocrx_word' id='word_1_665' title='bbox 2883 4039 2933 4092; x_wconf 87' lang='lat' dir='ltr'>et</span> <span class='ocrx_word' id='word_1_666' title='bbox 2962 4051 3072 4091; x_wconf 85' lang='lat' dir='ltr'>non</span> <span class='ocrx_word' id='word_1_667' title='bbox 3099 4035 3499 4090; x_wconf 87' lang='lat' dir='ltr'>conturbemini</span> <span class='ocrx_word' id='word_1_668' title='bbox 3532 4035 3737 4106; x_wconf 74' lang='lat' dir='ltr'>(Ibid).</span> 
     </span>
    </p>
   </div>
   <div class='ocr_carea' id='block_1_88' title="bbox 2100 4123 3741 4196">
    <p class='ocr_par' dir='ltr' id='par_1_88' title="bbox 2100 4123 3741 4196">
     <span class='ocr_line' id='line_1_88' title="bbox 2100 4123 3741 4196; baseline -0.002 -12"><span class='ocrx_word' id='word_1_669' title='bbox 2100 4129 2244 4184; x_wconf 86' lang='lat' dir='ltr'>Cum</span> <span class='ocrx_word' id='word_1_670' title='bbox 2267 4126 2422 4182; x_wconf 90' lang='lat' dir='ltr'>enim</span> <span class='ocrx_word' id='word_1_671' title='bbox 2447 4126 2577 4196; x_wconf 87' lang='lat' dir='ltr'>subj</span> <span class='ocrx_word' id='word_1_672' title='bbox 2587 4124 2866 4180; x_wconf 77' lang='lat' dir='ltr'>actionem</span> <span class='ocrx_word' id='word_1_673' title='bbox 2881 4124 3050 4180; x_wconf 92' lang='lat' dir='ltr'>nobis</span> <span class='ocrx_word' id='word_1_674' title='bbox 3065 4125 3396 4196; x_wconf 89' lang='lat' dir='ltr'>imperaret,</span> <span class='ocrx_word' id='word_1_675' title='bbox 3411 4123 3491 4178; x_wconf 90' lang='lat' dir='ltr'>ait</span> <span class='ocrx_word' id='word_1_676' title='bbox 3505 4129 3741 4196; x_wconf 89' lang='lat' dir='ltr'>propter</span> 
     </span>
    </p>
   </div>
   <div class='ocr_carea' id='block_1_89' title="bbox 2100 4211 3735 4284">
    <p class='ocr_par' dir='ltr' id='par_1_89' title="bbox 2100 4211 3735 4284">
     <span class='ocr_line' id='line_1_89' title="bbox 2100 4211 3735 4284; baseline -0.002 -14"><span class='ocrx_word' id='word_1_677' title='bbox 2100 4217 2286 4272; x_wconf 89' lang='lat' dir='ltr'>Deum</span> <span class='ocrx_word' id='word_1_678' title='bbox 2315 4232 2328 4280; x_wconf 91' lang='lat'><strong>;</strong></span> <span class='ocrx_word' id='word_1_679' title='bbox 2363 4212 2500 4284; x_wconf 91' lang='lat' dir='ltr'>quia</span> <span class='ocrx_word' id='word_1_680' title='bbox 2529 4215 2733 4284; x_wconf 70' lang='lat' dir='ltr'>praeter</span> <span class='ocrx_word' id='word_1_681' title='bbox 2761 4228 2894 4268; x_wconf 90' lang='lat' dir='ltr'>eum</span> <span class='ocrx_word' id='word_1_682' title='bbox 2926 4211 3005 4266; x_wconf 92' lang='lat' dir='ltr'>nil</span> <span class='ocrx_word' id='word_1_683' title='bbox 3038 4211 3206 4266; x_wconf 90' lang='lat' dir='ltr'>nobis</span> <span class='ocrx_word' id='word_1_684' title='bbox 3235 4211 3438 4267; x_wconf 90' lang='lat' dir='ltr'>intend</span> <span class='ocrx_word' id='word_1_685' title='bbox 3483 4253 3496 4266; x_wconf 96' lang='lat'>.</span> <span class='ocrx_word' id='word_1_686' title='bbox 3543 4253 3556 4266; x_wconf 94' lang='lat'>.</span> <span class='ocrx_word' id='word_1_687' title='bbox 3603 4253 3616 4266; x_wconf 95' lang='lat'>.</span> <span class='ocrx_word' id='word_1_688' title='bbox 3665 4255 3677 4266; x_wconf 94' lang='lat'>.</span> <span class='ocrx_word' id='word_1_689' title='bbox 3723 4256 3735 4267; x_wconf 94' lang='lat'>.</span> 
     </span>
    </p>
   </div>
   <div class='ocr_carea' id='block_1_90' title="bbox 2101 4300 3741 4374">
    <p class='ocr_par' dir='ltr' id='par_1_90' title="bbox 2101 4300 3741 4374">
     <span class='ocr_line' id='line_1_90' title="bbox 2101 4300 3741 4374; baseline -0.002 -15"><span class='ocrx_word' id='word_1_690' title='bbox 2101 4308 2226 4360; x_wconf 88' lang='lat' dir='ltr'>arte</span> <span class='ocrx_word' id='word_1_691' title='bbox 2258 4300 2698 4374; x_wconf 91' lang='lat' dir='ltr'>compellamur.</span> <span class='ocrx_word' id='word_1_692' title='bbox 2737 4303 2803 4356; x_wconf 88' lang='lat' dir='ltr'>Et</span> <span class='ocrx_word' id='word_1_693' title='bbox 2832 4317 3073 4356; x_wconf 89' lang='lat' dir='ltr'>rursus:</span> <span class='ocrx_word' id='word_1_694' title='bbox 3106 4302 3276 4356; x_wconf 89' lang='lat' dir='ltr'>Deum</span> <span class='ocrx_word' id='word_1_695' title='bbox 3307 4303 3509 4367; x_wconf 89' lang='lat' dir='ltr'>timete,</span> <span class='ocrx_word' id='word_1_696' title='bbox 3560 4317 3741 4370; x_wconf 88' lang='lat' dir='ltr'>regem</span> 
     </span>
    </p>
   </div>
   <div class='ocr_carea' id='block_1_91' title="bbox 2100 4389 3740 4461">
    <p class='ocr_par' dir='ltr' id='par_1_91' title="bbox 2100 4389 3740 4461">
     <span class='ocr_line' id='line_1_91' title="bbox 2100 4389 3740 4461; baseline -0.003 -13"><span class='ocrx_word' id='word_1_697' title='bbox 2100 4391 2452 4461; x_wconf 83' lang='lat' dir='ltr'>honoriﬁcate</span> <span class='ocrx_word' id='word_1_698' title='bbox 2481 4392 2528 4461; x_wconf 89' lang='grc'>(1</span> <span class='ocrx_word' id='word_1_699' title='bbox 2553 4392 2699 4446; x_wconf 87' lang='lat' dir='ltr'>Petr.</span> <span class='ocrx_word' id='word_1_700' title='bbox 2734 4408 2796 4454; x_wconf 88' lang='lat'>11,</span> <span class='ocrx_word' id='word_1_701' title='bbox 2831 4390 2938 4461; x_wconf 82' lang='lat'>17).</span> <span class='ocrx_word' id='word_1_702' title='bbox 2986 4389 3134 4454; x_wconf 89' lang='lat' dir='ltr'>Quia</span> <span class='ocrx_word' id='word_1_703' title='bbox 3184 4389 3266 4443; x_wconf 91' lang='lat' dir='ltr'>sic</span> <span class='ocrx_word' id='word_1_704' title='bbox 3312 4405 3410 4444; x_wconf 89' lang='lat' dir='ltr'>rex</span> <span class='ocrx_word' id='word_1_705' title='bbox 3461 4389 3740 4445; x_wconf 81' lang='lat' dir='ltr'>honorifi-</span> 
     </span>
    </p>
   </div>
   <div class='ocr_carea' id='block_1_92' title="bbox 2102 4476 3743 4550">
    <p class='ocr_par' dir='ltr' id='par_1_92' title="bbox 2102 4476 3743 4550">
     <span class='ocr_line' id='line_1_92' title="bbox 2102 4476 3743 4550; baseline -0.002 -13"><span class='ocrx_word' id='word_1_706' title='bbox 2102 4481 2326 4537; x_wconf 90' lang='lat' dir='ltr'>candus</span> <span class='ocrx_word' id='word_1_707' title='bbox 2356 4484 2464 4548; x_wconf 90' lang='lat' dir='ltr'>est,</span> <span class='ocrx_word' id='word_1_708' title='bbox 2492 4483 2555 4534; x_wconf 89' lang='lat' dir='ltr'>ut</span> <span class='ocrx_word' id='word_1_709' title='bbox 2579 4479 2677 4534; x_wconf 90' lang='lat' dir='ltr'>Dei</span> <span class='ocrx_word' id='word_1_710' title='bbox 2702 4479 2878 4534; x_wconf 88' lang='lat' dir='ltr'>timor</span> <span class='ocrx_word' id='word_1_711' title='bbox 2911 4478 3232 4550; x_wconf 71' lang='lat' dir='ltr'>praecedere</span> <span class='ocrx_word' id='word_1_712' title='bbox 3260 4476 3545 4532; x_wconf 89' lang='lat' dir='ltr'>videatur.</span> <span class='ocrx_word' id='word_1_713' title='bbox 3579 4477 3743 4533; x_wconf 89' lang='lat' dir='ltr'>Unde</span> 
     </span>
    </p>
   </div>
   <div class='ocr_carea' id='block_1_93' title="bbox 546 4565 3741 4645">
    <p class='ocr_par' dir='ltr' id='par_1_93' title="bbox 546 4565 3741 4645">
     <span class='ocr_line' id='line_1_93' title="bbox 546 4565 3741 4645; baseline -0.002 -18"><span class='ocrx_word' id='word_1_714' title='bbox 546 4616 557 4627; x_wconf 91' lang='lat'>.</span> <span class='ocrx_word' id='word_1_715' title='bbox 641 4616 653 4628; x_wconf 95' lang='lat'>.</span> <span class='ocrx_word' id='word_1_716' title='bbox 677 4571 1036 4645; x_wconf 86' lang='lat' dir='ltr'>exemplum,</span> <span class='ocrx_word' id='word_1_717' title='bbox 1065 4577 1127 4628; x_wconf 92' lang='lat' dir='ltr'>ut</span> <span class='ocrx_word' id='word_1_718' title='bbox 1159 4589 1261 4644; x_wconf 92' lang='lat' dir='ltr'>spe</span> <span class='ocrx_word' id='word_1_719' title='bbox 1290 4572 1669 4644; x_wconf 71' lang='lat' dir='ltr'>eleemosynae</span> <span class='ocrx_word' id='word_1_720' title='bbox 1696 4570 1992 4641; x_wconf 73' lang='lat' dir='ltr'>faciendae,</span> <span class='ocrx_word' id='word_1_721' title='bbox 2025 4576 2072 4640; x_wconf 88' lang='lat' dir='ltr'>D</span> <span class='ocrx_word' id='word_1_722' title='bbox 2103 4574 2160 4627; x_wconf 88' lang='lat' dir='ltr'>et</span> <span class='ocrx_word' id='word_1_723' title='bbox 2189 4567 2716 4625; x_wconf 89' lang='lat' dir='ltr'>remunerationem</span> <span class='ocrx_word' id='word_1_724' title='bbox 2750 4566 3095 4638; x_wconf 89' lang='lat' dir='ltr'>promittens</span> <span class='ocrx_word' id='word_1_725' title='bbox 3125 4582 3260 4620; x_wconf 86' lang='lat' dir='ltr'>mox</span> <span class='ocrx_word' id='word_1_726' title='bbox 3287 4565 3500 4637; x_wconf 90' lang='lat' dir='ltr'>adjecit</span> <span class='ocrx_word' id='word_1_727' title='bbox 3525 4582 3539 4620; x_wconf 88' lang='lat'>:</span> <span class='ocrx_word' id='word_1_728' title='bbox 3575 4566 3676 4621; x_wconf 92' lang='lat' dir='ltr'>Sed</span> <span class='ocrx_word' id='word_1_729' title='bbox 3691 4575 3741 4622; x_wconf 91' lang='lat' dir='ltr'>et</span> 
     </span>
    </p>
   </div>
   <div class='ocr_carea' id='block_1_94' title="bbox 350 4659 1992 4732">
    <p class='ocr_par' dir='ltr' id='par_1_94' title="bbox 350 4659 1992 4732">
     <span class='ocr_line' id='line_1_94' title="bbox 350 4659 1992 4732; baseline -0.001 -17"><span class='ocrx_word' id='word_1_730' title='bbox 350 4660 391 4716; x_wconf 92' lang='lat'>1.</span> <span class='ocrx_word' id='word_1_731' title='bbox 473 4704 484 4717; x_wconf 95' lang='lat'>.</span> <span class='ocrx_word' id='word_1_732' title='bbox 567 4705 579 4717; x_wconf 94' lang='lat'>.</span> <span class='ocrx_word' id='word_1_733' title='bbox 663 4705 674 4718; x_wconf 96' lang='lat'>.</span> <span class='ocrx_word' id='word_1_734' title='bbox 760 4706 770 4718; x_wconf 93' lang='lat'>.</span> <span class='ocrx_word' id='word_1_735' title='bbox 855 4704 866 4716; x_wconf 95' lang='lat'>.</span> <span class='ocrx_word' id='word_1_736' title='bbox 949 4662 1259 4718; x_wconf 81' lang='lat' dir='ltr'>.laudatus</span> <span class='ocrx_word' id='word_1_737' title='bbox 1291 4664 1399 4727; x_wconf 89' lang='lat' dir='ltr'>est,</span> <span class='ocrx_word' id='word_1_738' title='bbox 1434 4662 1531 4716; x_wconf 89' lang='lat' dir='ltr'>sed</span> <span class='ocrx_word' id='word_1_739' title='bbox 1565 4662 1633 4716; x_wconf 90' lang='lat' dir='ltr'>de</span> <span class='ocrx_word' id='word_1_740' title='bbox 1664 4659 1992 4732; x_wconf 90' lang='lat' dir='ltr'>prudentia.</span> 
     </span>
    </p>
   </div>
   <div class='ocr_carea' id='block_1_95' title="bbox 349 4750 1984 4816">
    <p class='ocr_par' dir='ltr' id='par_1_95' title="bbox 349 4750 1984 4816">
     <span class='ocr_line' id='line_1_95' title="bbox 349 4750 1984 4816; baseline 0 -11"><span class='ocrx_word' id='word_1_741' title='bbox 349 4750 1040 4808; x_wconf 87' lang='lat' dir='ltr'>Namsidebonitate.</span> <span class='ocrx_word' id='word_1_742' title='bbox 1123 4792 1135 4805; x_wconf 90' lang='lat'>.</span> <span class='ocrx_word' id='word_1_743' title='bbox 1218 4791 1229 4803; x_wconf 94' lang='lat'>.</span> <span class='ocrx_word' id='word_1_744' title='bbox 1313 4792 1325 4804; x_wconf 95' lang='lat'>.</span> <span class='ocrx_word' id='word_1_745' title='bbox 1407 4792 1420 4804; x_wconf 93' lang='lat'>.</span> <span class='ocrx_word' id='word_1_746' title='bbox 1498 4789 1513 4806; x_wconf 93' lang='lat'>.</span> <span class='ocrx_word' id='word_1_747' title='bbox 1597 4792 1608 4804; x_wconf 95' lang='lat'>.</span> <span class='ocrx_word' id='word_1_748' title='bbox 1879 4790 1984 4805; x_wconf 92' lang='lat'>..</span> 
     </span>
    </p>
   </div>
   <div class='ocr_carea' id='block_1_96' title="bbox 355 4837 1988 4909">
    <p class='ocr_par' dir='ltr' id='par_1_96' title="bbox 355 4837 1988 4909">
     <span class='ocr_line' id='line_1_96' title="bbox 355 4837 1988 4909; baseline -0.001 -15"><span class='ocrx_word' id='word_1_749' title='bbox 355 4882 368 4894; x_wconf 94' lang='lat'>.</span> <span class='ocrx_word' id='word_1_750' title='bbox 451 4882 463 4894; x_wconf 93' lang='lat'>.</span> <span class='ocrx_word' id='word_1_751' title='bbox 547 4883 558 4895; x_wconf 96' lang='lat'>.</span> <span class='ocrx_word' id='word_1_752' title='bbox 639 4880 655 4894; x_wconf 91' lang='lat'>.</span> <span class='ocrx_word' id='word_1_753' title='bbox 737 4882 749 4896; x_wconf 95' lang='lat'>.</span> <span class='ocrx_word' id='word_1_754' title='bbox 833 4882 845 4894; x_wconf 96' lang='lat'>.</span> <span class='ocrx_word' id='word_1_755' title='bbox 928 4881 943 4895; x_wconf 93' lang='lat'>.</span> <span class='ocrx_word' id='word_1_756' title='bbox 1021 4855 1176 4896; x_wconf 89' lang='lat' dir='ltr'>.non</span> <span class='ocrx_word' id='word_1_757' title='bbox 1207 4841 1530 4904; x_wconf 89' lang='lat' dir='ltr'>vocaretur,</span> <span class='ocrx_word' id='word_1_758' title='bbox 1572 4837 1988 4909; x_wconf 89' lang='lat' dir='ltr'>sedineoejus</span> 
     </span>
    </p>
   </div>
   <div class='ocr_carea' id='block_1_97' title="bbox 347 4927 1985 5000">
    <p class='ocr_par' dir='ltr' id='par_1_97' title="bbox 347 4927 1985 5000">
     <span class='ocr_line' id='line_1_97' title="bbox 347 4927 1985 5000; baseline -0.001 -16"><span class='ocrx_word' id='word_1_759' title='bbox 347 4927 1430 5000; x_wconf 86' lang='lat' dir='ltr'>laudaturprudentia,quiaprospexit</span> <span class='ocrx_word' id='word_1_760' title='bbox 1504 4969 1516 4982; x_wconf 92' lang='lat'>.</span> <span class='ocrx_word' id='word_1_761' title='bbox 1597 4969 1609 4982; x_wconf 91' lang='lat'>.</span> <span class='ocrx_word' id='word_1_762' title='bbox 1691 4968 1704 4980; x_wconf 93' lang='lat'>.</span> <span class='ocrx_word' id='word_1_763' title='bbox 1787 4968 1798 4981; x_wconf 95' lang='lat'>.</span> <span class='ocrx_word' id='word_1_764' title='bbox 1879 4968 1891 4980; x_wconf 95' lang='lat'>.</span> <span class='ocrx_word' id='word_1_765' title='bbox 1972 4968 1985 4982; x_wconf 93' lang='lat'>.</span> 
     </span>
    </p>
   </div>
   <div class='ocr_carea' id='block_1_98' title="bbox 349 5014 1986 5086">
    <p class='ocr_par' dir='ltr' id='par_1_98' title="bbox 349 5014 1986 5086">
     <span class='ocr_line' id='line_1_98' title="bbox 349 5014 1986 5086; baseline -0.004 -11"><span class='ocrx_word' id='word_1_766' title='bbox 349 5036 382 5075; x_wconf 92' lang='lat' dir='ltr'>a</span> <span class='ocrx_word' id='word_1_767' title='bbox 414 5017 584 5074; x_wconf 91' lang='lat' dir='ltr'>nobis</span> <span class='ocrx_word' id='word_1_768' title='bbox 614 5015 968 5072; x_wconf 91' lang='lat' dir='ltr'>imitandum</span> <span class='ocrx_word' id='word_1_769' title='bbox 1002 5021 1110 5070; x_wconf 88' lang='lat' dir='ltr'>est.</span> <span class='ocrx_word' id='word_1_770' title='bbox 1147 5014 1336 5070; x_wconf 87' lang='lat' dir='ltr'>Villici</span> <span class='ocrx_word' id='word_1_771' title='bbox 1367 5032 1505 5072; x_wconf 85' lang='lat' dir='ltr'>sane</span> <span class='ocrx_word' id='word_1_772' title='bbox 1525 5033 1727 5071; x_wconf 91' lang='lat' dir='ltr'>omnes</span> <span class='ocrx_word' id='word_1_773' title='bbox 1759 5031 1986 5086; x_wconf 90' lang='lat' dir='ltr'>sumus,</span> 
     </span>
    </p>
   </div>
   <div class='ocr_carea' id='block_1_99' title="bbox 350 5103 1988 5179">
    <p class='ocr_par' dir='ltr' id='par_1_99' title="bbox 350 5103 1988 5179">
     <span class='ocr_line' id='line_1_99' title="bbox 350 5103 1988 5179; baseline -0.003 -16"><span class='ocrx_word' id='word_1_774' title='bbox 350 5108 490 5179; x_wconf 89' lang='lat' dir='ltr'>quia</span> <span class='ocrx_word' id='word_1_775' title='bbox 521 5103 1023 5177; x_wconf 83' lang='lat' dir='ltr'>dispensationem</span> <span class='ocrx_word' id='word_1_776' title='bbox 1072 5104 1507 5160; x_wconf 90' lang='lat' dir='ltr'>Dominicarum</span> <span class='ocrx_word' id='word_1_777' title='bbox 1557 5121 1752 5161; x_wconf 91' lang='lat' dir='ltr'>rerum</span> <span class='ocrx_word' id='word_1_778' title='bbox 1785 5119 1988 5159; x_wconf 90' lang='lat' dir='ltr'>omnes</span> 
     </span>
    </p>
   </div>
   <div class='ocr_carea' id='block_1_100' title="bbox 352 5193 1991 5266">
    <p class='ocr_par' dir='ltr' id='par_1_100' title="bbox 352 5193 1991 5266">
     <span class='ocr_line' id='line_1_100' title="bbox 352 5193 1991 5266; baseline -0.004 -14"><span class='ocrx_word' id='word_1_779' title='bbox 352 5194 711 5266; x_wconf 88' lang='lat' dir='ltr'>accepimus.</span> <span class='ocrx_word' id='word_1_780' title='bbox 736 5193 885 5248; x_wconf 88' lang='lat' dir='ltr'>Nam</span> <span class='ocrx_word' id='word_1_781' title='bbox 905 5194 1229 5249; x_wconf 90' lang='lat' dir='ltr'>secundum</span> <span class='ocrx_word' id='word_1_782' title='bbox 1247 5194 1478 5249; x_wconf 84' lang='lat' dir='ltr'>beatum</span> <span class='ocrx_word' id='word_1_783' title='bbox 1499 5195 1739 5250; x_wconf 91' lang='lat' dir='ltr'>Paulum</span> <span class='ocrx_word' id='word_1_784' title='bbox 1765 5199 1991 5265; x_wconf 89' lang='lat' dir='ltr'>aposto-</span> 
     </span>
    </p>
   </div>
   <div class='ocr_carea' id='block_1_101' title="bbox 352 5281 1990 5356">
    <p class='ocr_par' dir='ltr' id='par_1_101' title="bbox 352 5281 1990 5356">
     <span class='ocr_line' id='line_1_101' title="bbox 352 5281 1990 5356; baseline -0.003 -16"><span class='ocrx_word' id='word_1_785' title='bbox 352 5285 474 5340; x_wconf 91' lang='lat' dir='ltr'>lum</span> <span class='ocrx_word' id='word_1_786' title='bbox 503 5300 517 5337; x_wconf 88' lang='lat'>:</span> <span class='ocrx_word' id='word_1_787' title='bbox 550 5283 708 5339; x_wconf 82' lang='lat' dir='ltr'>Nihil</span> <span class='ocrx_word' id='word_1_788' title='bbox 740 5281 999 5337; x_wconf 85' lang='lat' dir='ltr'>habemus</span> <span class='ocrx_word' id='word_1_789' title='bbox 1028 5283 1170 5355; x_wconf 85' lang='lat' dir='ltr'>quod</span> <span class='ocrx_word' id='word_1_790' title='bbox 1215 5299 1322 5339; x_wconf 87' lang='lat' dir='ltr'>non</span> <span class='ocrx_word' id='word_1_791' title='bbox 1365 5286 1690 5356; x_wconf 87' lang='lat' dir='ltr'>accepimus,</span> <span class='ocrx_word' id='word_1_792' title='bbox 1740 5290 1791 5337; x_wconf 91' lang='lat' dir='ltr'>et</span> <span class='ocrx_word' id='word_1_793' title='bbox 1843 5281 1990 5336; x_wconf 87' lang='lat' dir='ltr'>nihil</span> 
     </span>
    </p>
   </div>
   <div class='ocr_carea' id='block_1_102' title="bbox 350 5371 1990 5446">
    <p class='ocr_par' dir='ltr' id='par_1_102' title="bbox 350 5371 1990 5446">
     <span class='ocr_line' id='line_1_102' title="bbox 350 5371 1990 5446; baseline -0.001 -19"><span class='ocrx_word' id='word_1_794' title='bbox 350 5371 654 5428; x_wconf 86' lang='lat' dir='ltr'>intulimus</span> <span class='ocrx_word' id='word_1_795' title='bbox 681 5373 738 5425; x_wconf 88' lang='lat' dir='ltr'>in</span> <span class='ocrx_word' id='word_1_796' title='bbox 771 5371 1078 5428; x_wconf 89' lang='lat' dir='ltr'>mundum:</span> <span class='ocrx_word' id='word_1_797' title='bbox 1107 5390 1207 5429; x_wconf 87' lang='lat' dir='ltr'>nec</span> <span class='ocrx_word' id='word_1_798' title='bbox 1235 5375 1428 5446; x_wconf 74' lang='lat' dir='ltr'>efferre</span> <span class='ocrx_word' id='word_1_799' title='bbox 1457 5375 1596 5446; x_wconf 88' lang='lat' dir='ltr'>quid</span> <span class='ocrx_word' id='word_1_800' title='bbox 1625 5387 1907 5444; x_wconf 88' lang='lat' dir='ltr'>possumus</span> <span class='ocrx_word' id='word_1_801' title='bbox 1939 5371 1990 5441; x_wconf 86' lang='grc' dir='ltr'>(Ι</span> 
     </span>
    </p>
   </div>
   <div class='ocr_carea' id='block_1_103' title="bbox 357 5457 1992 5529">
    <p class='ocr_par' dir='ltr' id='par_1_103' title="bbox 357 5457 1992 5529">
     <span class='ocr_line' id='line_1_103' title="bbox 357 5457 1992 5529; baseline -0.002 -15"><span class='ocrx_word' id='word_1_802' title='bbox 357 5461 496 5514; x_wconf 90' lang='lat' dir='ltr'>Tim.</span> <span class='ocrx_word' id='word_1_803' title='bbox 521 5472 598 5526; x_wconf 88' lang='lat' dir='ltr'>v1,</span> <span class='ocrx_word' id='word_1_804' title='bbox 618 5457 695 5527; x_wconf 92' lang='lat'>8).</span> <span class='ocrx_word' id='word_1_805' title='bbox 715 5459 971 5529; x_wconf 90' lang='lat' dir='ltr'>Tempus</span> <span class='ocrx_word' id='word_1_806' title='bbox 992 5459 1263 5516; x_wconf 71' lang='lat' dir='ltr'>facienda:</span> <span class='ocrx_word' id='word_1_807' title='bbox 1284 5459 1654 5516; x_wconf 91' lang='lat' dir='ltr'>villicationis</span> <span class='ocrx_word' id='word_1_808' title='bbox 1676 5461 1734 5513; x_wconf 90' lang='lat' dir='ltr'>et</span> <span class='ocrx_word' id='word_1_809' title='bbox 1754 5457 1992 5512; x_wconf 87' lang='lat' dir='ltr'>redden-</span> 
     </span>
    </p>
   </div>
   <div class='ocr_carea' id='block_1_104' title="bbox 356 5544 1989 5622">
    <p class='ocr_par' dir='ltr' id='par_1_104' title="bbox 356 5544 1989 5622">
     <span class='ocr_line' id='line_1_104' title="bbox 356 5544 1989 5622; baseline 0 -21"><span class='ocrx_word' id='word_1_810' title='bbox 356 5549 444 5601; x_wconf 67' lang='lat' dir='ltr'>dae</span> <span class='ocrx_word' id='word_1_811' title='bbox 468 5544 731 5618; x_wconf 82' lang='lat' dir='ltr'>rationis,</span> <span class='ocrx_word' id='word_1_812' title='bbox 763 5546 864 5602; x_wconf 80' lang='lat' dir='ltr'>fini</span> <span class='ocrx_word' id='word_1_813' title='bbox 898 5547 1127 5604; x_wconf 62' lang='lat' dir='ltr'>intentis</span> <span class='ocrx_word' id='word_1_814' title='bbox 1160 5567 1334 5622; x_wconf 90' lang='lat' dir='ltr'>prope</span> <span class='ocrx_word' id='word_1_815' title='bbox 1363 5556 1470 5605; x_wconf 89' lang='lat' dir='ltr'>est.</span> <span class='ocrx_word' id='word_1_816' title='bbox 1499 5553 1644 5618; x_wconf 89' lang='lat' dir='ltr'>Ergo</span> <span class='ocrx_word' id='word_1_817' title='bbox 1674 5545 1989 5617; x_wconf 88' lang='lat' dir='ltr'>prospicia-</span> 
     </span>
    </p>
   </div>
   <div class='ocr_carea' id='block_1_105' title="bbox 357 5635 1993 5711">
    <p class='ocr_par' dir='ltr' id='par_1_105' title="bbox 357 5635 1993 5711">
     <span class='ocr_line' id='line_1_105' title="bbox 357 5635 1993 5711; baseline 0.001 -21"><span class='ocrx_word' id='word_1_818' title='bbox 357 5649 495 5690; x_wconf 86' lang='lat' dir='ltr'>mus</span> <span class='ocrx_word' id='word_1_819' title='bbox 518 5635 750 5694; x_wconf 88' lang='lat' dir='ltr'>nobisin</span> <span class='ocrx_word' id='word_1_820' title='bbox 768 5637 1050 5705; x_wconf 87' lang='lat' dir='ltr'>futurum,</span> <span class='ocrx_word' id='word_1_821' title='bbox 1067 5642 1123 5695; x_wconf 90' lang='lat' dir='ltr'>et</span> <span class='ocrx_word' id='word_1_822' title='bbox 1136 5641 1276 5696; x_wconf 91' lang='lat' dir='ltr'>dum</span> <span class='ocrx_word' id='word_1_823' title='bbox 1293 5644 1526 5711; x_wconf 90' lang='lat' dir='ltr'>tempus</span> <span class='ocrx_word' id='word_1_824' title='bbox 1543 5636 1850 5706; x_wconf 88' lang='lat' dir='ltr'>habemus,</span> <span class='ocrx_word' id='word_1_825' title='bbox 1864 5651 1993 5707; x_wconf 89' lang='lat' dir='ltr'>ope-</span> 
     </span>
    </p>
   </div>
   <div class='ocr_carea' id='block_1_106' title="bbox 2104 4654 3739 4730">
    <p class='ocr_par' dir='ltr' id='par_1_106' title="bbox 2104 4654 3739 4730">
     <span class='ocr_line' id='line_1_106' title="bbox 2104 4654 3739 4730; baseline -0.005 -15"><span class='ocrx_word' id='word_1_826' title='bbox 2104 4661 2155 4716; x_wconf 80' lang='lat' dir='ltr'>si</span> <span class='ocrx_word' id='word_1_827' title='bbox 2183 4657 2315 4730; x_wconf 87' lang='lat' dir='ltr'>quid</span> <span class='ocrx_word' id='word_1_828' title='bbox 2338 4658 2606 4728; x_wconf 88' lang='lat' dir='ltr'>patimini</span> <span class='ocrx_word' id='word_1_829' title='bbox 2619 4660 2843 4727; x_wconf 86' lang='lat' dir='ltr'>propter</span> <span class='ocrx_word' id='word_1_830' title='bbox 2862 4655 3162 4726; x_wconf 84' lang='lat' dir='ltr'>justitiam,</span> <span class='ocrx_word' id='word_1_831' title='bbox 3187 4654 3332 4709; x_wconf 89' lang='lat' dir='ltr'>beati</span> <span class='ocrx_word' id='word_1_832' title='bbox 3359 4655 3514 4709; x_wconf 87' lang='lat' dir='ltr'>eritis</span> <span class='ocrx_word' id='word_1_833' title='bbox 3537 4654 3739 4725; x_wconf 69' lang='lat' dir='ltr'>(Ibid);</span> 
     </span>
    </p>
   </div>
   <div class='ocr_carea' id='block_1_107' title="bbox 2098 4744 3738 4810">
    <p class='ocr_par' dir='ltr' id='par_1_107' title="bbox 2098 4744 3738 4810">
     <span class='ocr_line' id='line_1_107' title="bbox 2098 4744 3738 4810; baseline -0.004 -6"><span class='ocrx_word' id='word_1_834' title='bbox 2098 4753 2159 4804; x_wconf 90' lang='lat' dir='ltr'>et</span> <span class='ocrx_word' id='word_1_835' title='bbox 2209 4747 2388 4801; x_wconf 86' lang='lat' dir='ltr'>item:</span> <span class='ocrx_word' id='word_1_836' title='bbox 2459 4745 2731 4801; x_wconf 87' lang='lat' dir='ltr'>Timorem</span> <span class='ocrx_word' id='word_1_837' title='bbox 2787 4747 2968 4799; x_wconf 88' lang='lat' dir='ltr'>autem</span> <span class='ocrx_word' id='word_1_838' title='bbox 3023 4760 3092 4799; x_wconf 89' lang='lat' dir='ltr'>ne</span> <span class='ocrx_word' id='word_1_839' title='bbox 3150 4744 3470 4810; x_wconf 88' lang='lat' dir='ltr'>timueritis,</span> <span class='ocrx_word' id='word_1_840' title='bbox 3529 4751 3580 4798; x_wconf 90' lang='lat' dir='ltr'>et</span> <span class='ocrx_word' id='word_1_841' title='bbox 3631 4759 3738 4800; x_wconf 89' lang='lat' dir='ltr'>non</span> 
     </span>
    </p>
   </div>
   <div class='ocr_carea' id='block_1_108' title="bbox 2097 4830 3738 4904">
    <p class='ocr_par' dir='ltr' id='par_1_108' title="bbox 2097 4830 3738 4904">
     <span class='ocr_line' id='line_1_108' title="bbox 2097 4830 3738 4904; baseline -0.002 -13"><span class='ocrx_word' id='word_1_842' title='bbox 2097 4835 2500 4891; x_wconf 87' lang='lat' dir='ltr'>conturbemini</span> <span class='ocrx_word' id='word_1_843' title='bbox 2530 4832 2742 4904; x_wconf 68' lang='lat' dir='ltr'>(Ibid)</span> <span class='ocrx_word' id='word_1_844' title='bbox 2766 4836 2833 4886; x_wconf 87' lang='lat' dir='ltr'>Et</span> <span class='ocrx_word' id='word_1_845' title='bbox 2862 4832 3070 4888; x_wconf 91' lang='lat' dir='ltr'>beatus</span> <span class='ocrx_word' id='word_1_846' title='bbox 3095 4830 3312 4886; x_wconf 90' lang='lat' dir='ltr'>Paulus</span> <span class='ocrx_word' id='word_1_847' title='bbox 3341 4830 3647 4902; x_wconf 88' lang='lat' dir='ltr'>apostolus</span> <span class='ocrx_word' id='word_1_848' title='bbox 3669 4833 3738 4887; x_wconf 84' lang='lat' dir='ltr'>ad</span> 
     </span>
    </p>
   </div>
   <div class='ocr_carea' id='block_1_109' title="bbox 2098 4921 3739 4992">
    <p class='ocr_par' dir='ltr' id='par_1_109' title="bbox 2098 4921 3739 4992">
     <span class='ocr_line' id='line_1_109' title="bbox 2098 4921 3739 4992; baseline -0.002 -14"><span class='ocrx_word' id='word_1_849' title='bbox 2098 4924 2299 4979; x_wconf 91' lang='lat' dir='ltr'>Titum</span> <span class='ocrx_word' id='word_1_850' title='bbox 2325 4940 2338 4978; x_wconf 89' lang='lat'>:</span> <span class='ocrx_word' id='word_1_851' title='bbox 2372 4921 2609 4977; x_wconf 82' lang='lat' dir='ltr'>Admone</span> <span class='ocrx_word' id='word_1_852' title='bbox 2627 4921 2750 4976; x_wconf 89' lang='lat' dir='ltr'>illos</span> <span class='ocrx_word' id='word_1_853' title='bbox 2775 4921 3128 4992; x_wconf 83' lang='lat' dir='ltr'>principibus</span> <span class='ocrx_word' id='word_1_854' title='bbox 3159 4923 3209 4974; x_wconf 88' lang='lat' dir='ltr'>et</span> <span class='ocrx_word' id='word_1_855' title='bbox 3234 4921 3595 4990; x_wconf 84' lang='lat' dir='ltr'>potestatibus</span> <span class='ocrx_word' id='word_1_856' title='bbox 3613 4921 3739 4975; x_wconf 88' lang='lat' dir='ltr'>sub-</span> 
     </span>
    </p>
   </div>
   <div class='ocr_carea' id='block_1_110' title="bbox 2090 5009 3738 5085">
    <p class='ocr_par' dir='ltr' id='par_1_110' title="bbox 2090 5009 3738 5085">
     <span class='ocr_line' id='line_1_110' title="bbox 2090 5009 3738 5085; baseline -0.002 -17"><span class='ocrx_word' id='word_1_857' title='bbox 2090 5015 2260 5085; x_wconf 88' lang='lat' dir='ltr'>jectos</span> <span class='ocrx_word' id='word_1_858' title='bbox 2291 5027 2419 5079; x_wconf 89' lang='lat' dir='ltr'>esse,</span> <span class='ocrx_word' id='word_1_859' title='bbox 2451 5009 2591 5066; x_wconf 90' lang='lat' dir='ltr'>dicto</span> <span class='ocrx_word' id='word_1_860' title='bbox 2641 5009 2874 5077; x_wconf 86' lang='lat' dir='ltr'>obedire,</span> <span class='ocrx_word' id='word_1_861' title='bbox 2920 5009 2990 5064; x_wconf 89' lang='lat' dir='ltr'>ad</span> <span class='ocrx_word' id='word_1_862' title='bbox 3032 5024 3191 5064; x_wconf 88' lang='lat' dir='ltr'>omne</span> <span class='ocrx_word' id='word_1_863' title='bbox 3230 5023 3363 5079; x_wconf 87' lang='lat' dir='ltr'>opus</span> <span class='ocrx_word' id='word_1_864' title='bbox 3414 5009 3615 5064; x_wconf 87' lang='lat' dir='ltr'>bonum</span> <span class='ocrx_word' id='word_1_865' title='bbox 3639 5027 3738 5081; x_wconf 86' lang='lat' dir='ltr'>pa-</span> 
     </span>
    </p>
   </div>
   <div class='ocr_carea' id='block_1_111' title="bbox 2098 5096 3734 5169">
    <p class='ocr_par' dir='ltr' id='par_1_111' title="bbox 2098 5096 3734 5169">
     <span class='ocr_line' id='line_1_111' title="bbox 2098 5096 3734 5169; baseline -0.002 -13"><span class='ocrx_word' id='word_1_866' title='bbox 2098 5111 2244 5158; x_wconf 87' lang='lat' dir='ltr'>ratos</span> <span class='ocrx_word' id='word_1_867' title='bbox 2271 5117 2381 5156; x_wconf 87' lang='lat' dir='ltr'>esse</span> <span class='ocrx_word' id='word_1_868' title='bbox 2412 5101 2534 5169; x_wconf 90' lang='lat' dir='ltr'>(Tit.</span> <span class='ocrx_word' id='word_1_869' title='bbox 2568 5117 2652 5165; x_wconf 87' lang='lat'>111,</span> <span class='ocrx_word' id='word_1_870' title='bbox 2687 5101 2760 5168; x_wconf 89' lang='grc'>1).</span> <span class='ocrx_word' id='word_1_871' title='bbox 2795 5098 2957 5154; x_wconf 86' lang='lat' dir='ltr'>Unde</span> <span class='ocrx_word' id='word_1_872' title='bbox 2982 5097 3062 5154; x_wconf 88' lang='lat' dir='ltr'>ait</span> <span class='ocrx_word' id='word_1_873' title='bbox 3084 5101 3290 5153; x_wconf 87' lang='lat' dir='ltr'>beatus</span> <span class='ocrx_word' id='word_1_874' title='bbox 3310 5096 3699 5169; x_wconf 81' lang='lat' dir='ltr'>Hieronymus</span> <span class='ocrx_word' id='word_1_875' title='bbox 3723 5116 3734 5152; x_wconf 91' lang='lat'>:</span> 
     </span>
    </p>
   </div>
   <div class='ocr_carea' id='block_1_112' title="bbox 2101 5186 3734 5259">
    <p class='ocr_par' dir='ltr' id='par_1_112' title="bbox 2101 5186 3734 5259">
     <span class='ocr_line' id='line_1_112' title="bbox 2101 5186 3734 5259; baseline 0.002 -18"><span class='ocrx_word' id='word_1_876' title='bbox 2101 5212 2130 5241; x_wconf 77' lang='grc' dir='ltr'>(ι</span> <span class='ocrx_word' id='word_1_877' title='bbox 2163 5189 2223 5247; x_wconf 91' lang='lat' dir='ltr'>Si</span> <span class='ocrx_word' id='word_1_878' title='bbox 2250 5191 2468 5246; x_wconf 89' lang='lat' dir='ltr'>bonum</span> <span class='ocrx_word' id='word_1_879' title='bbox 2495 5193 2583 5244; x_wconf 92' lang='lat' dir='ltr'>est</span> <span class='ocrx_word' id='word_1_880' title='bbox 2602 5188 2754 5259; x_wconf 91' lang='lat' dir='ltr'>quod</span> <span class='ocrx_word' id='word_1_881' title='bbox 2778 5187 3042 5259; x_wconf 70' lang='lat' dir='ltr'>praecipit</span> <span class='ocrx_word' id='word_1_882' title='bbox 3072 5186 3390 5258; x_wconf 90' lang='lat' dir='ltr'>imperator</span> <span class='ocrx_word' id='word_1_883' title='bbox 3419 5189 3474 5241; x_wconf 91' lang='lat' dir='ltr'>et</span> <span class='ocrx_word' id='word_1_884' title='bbox 3503 5202 3734 5258; x_wconf 84' lang='lat' dir='ltr'>praeses,</span> 
     </span>
    </p>
   </div>
   <div class='ocr_carea' id='block_1_113' title="bbox 2093 5273 3739 5350">
    <p class='ocr_par' dir='ltr' id='par_1_113' title="bbox 2093 5273 3739 5350">
     <span class='ocr_line' id='line_1_113' title="bbox 2093 5273 3739 5350; baseline -0.003 -16"><span class='ocrx_word' id='word_1_885' title='bbox 2093 5278 2359 5350; x_wconf 87' lang='lat' dir='ltr'>jubentis</span> <span class='ocrx_word' id='word_1_886' title='bbox 2391 5279 2711 5348; x_wconf 89' lang='lat' dir='ltr'>obsequere</span> <span class='ocrx_word' id='word_1_887' title='bbox 2737 5273 3060 5341; x_wconf 88' lang='lat' dir='ltr'>voluntati;</span> <span class='ocrx_word' id='word_1_888' title='bbox 3094 5273 3186 5328; x_wconf 91' lang='lat' dir='ltr'>sin</span> <span class='ocrx_word' id='word_1_889' title='bbox 3233 5289 3367 5328; x_wconf 91' lang='lat' dir='ltr'>vero</span> <span class='ocrx_word' id='word_1_890' title='bbox 3404 5273 3652 5341; x_wconf 89' lang='lat' dir='ltr'>malum,</span> <span class='ocrx_word' id='word_1_891' title='bbox 3684 5279 3739 5329; x_wconf 87' lang='lat' dir='ltr'>et</span> 
     </span>
    </p>
   </div>
   <div class='ocr_carea' id='block_1_114' title="bbox 2101 5361 3737 5437">
    <p class='ocr_par' dir='ltr' id='par_1_114' title="bbox 2101 5361 3737 5437">
     <span class='ocr_line' id='line_1_114' title="bbox 2101 5361 3737 5437; baseline -0.002 -14"><span class='ocrx_word' id='word_1_892' title='bbox 2101 5371 2304 5423; x_wconf 89' lang='lat' dir='ltr'>contra</span> <span class='ocrx_word' id='word_1_893' title='bbox 2335 5371 2512 5422; x_wconf 91' lang='lat' dir='ltr'>Deum</span> <span class='ocrx_word' id='word_1_894' title='bbox 2547 5364 2723 5437; x_wconf 89' lang='lat' dir='ltr'>sapit,</span> <span class='ocrx_word' id='word_1_895' title='bbox 2772 5363 3058 5436; x_wconf 88' lang='lat' dir='ltr'>responde</span> <span class='ocrx_word' id='word_1_896' title='bbox 3085 5361 3230 5416; x_wconf 87' lang='lat' dir='ltr'>illud</span> <span class='ocrx_word' id='word_1_897' title='bbox 3282 5361 3332 5416; x_wconf 89' lang='lat' dir='ltr'>ei</span> <span class='ocrx_word' id='word_1_898' title='bbox 3383 5362 3453 5416; x_wconf 90' lang='lat' dir='ltr'>de</span> <span class='ocrx_word' id='word_1_899' title='bbox 3501 5361 3737 5419; x_wconf 83' lang='lat' dir='ltr'>Actibus</span> 
     </span>
    </p>
   </div>
   <div class='ocr_carea' id='block_1_115' title="bbox 2099 5451 3739 5526">
    <p class='ocr_par' dir='ltr' id='par_1_115' title="bbox 2099 5451 3739 5526">
     <span class='ocr_line' id='line_1_115' title="bbox 2099 5451 3739 5526; baseline -0.002 -16"><span class='ocrx_word' id='word_1_900' title='bbox 2099 5453 2540 5526; x_wconf 88' lang='lat' dir='ltr'>apostolorum:</span> <span class='ocrx_word' id='word_1_901' title='bbox 2575 5453 2804 5510; x_wconf 89' lang='lat' dir='ltr'>Obedire</span> <span class='ocrx_word' id='word_1_902' title='bbox 2832 5458 3040 5523; x_wconf 88' lang='lat' dir='ltr'>oportet</span> <span class='ocrx_word' id='word_1_903' title='bbox 3078 5451 3182 5505; x_wconf 89' lang='lat' dir='ltr'>Deo</span> <span class='ocrx_word' id='word_1_904' title='bbox 3229 5452 3409 5520; x_wconf 83' lang='lat' dir='ltr'>magis</span> <span class='ocrx_word' id='word_1_905' title='bbox 3446 5466 3613 5522; x_wconf 84' lang='lat' dir='ltr'>quam</span> <span class='ocrx_word' id='word_1_906' title='bbox 3651 5451 3739 5507; x_wconf 85' lang='lat' dir='ltr'>ho-</span> 
     </span>
    </p>
   </div>
   <div class='ocr_carea' id='block_1_116' title="bbox 2101 5538 3739 5615">
    <p class='ocr_par' dir='ltr' id='par_1_116' title="bbox 2101 5538 3739 5615">
     <span class='ocr_line' id='line_1_116' title="bbox 2101 5538 3739 5615; baseline -0.002 -17"><span class='ocrx_word' id='word_1_907' title='bbox 2101 5543 2351 5605; x_wconf 86' lang='lat' dir='ltr'>minibus</span> <span class='ocrx_word' id='word_1_908' title='bbox 2382 5543 2516 5615; x_wconf 84' lang='lat' dir='ltr'>(Act.</span> <span class='ocrx_word' id='word_1_909' title='bbox 2548 5560 2601 5614; x_wconf 89' lang='lat' dir='ltr'>v,</span> <span class='ocrx_word' id='word_1_910' title='bbox 2633 5542 2743 5612; x_wconf 85' lang='lat'>29).</span> <span class='ocrx_word' id='word_1_911' title='bbox 2784 5563 2805 5589; x_wconf 74' lang='grc' dir='ltr'>ι»</span> <span class='ocrx_word' id='word_1_912' title='bbox 2865 5540 3072 5593; x_wconf 88' lang='lat' dir='ltr'>Beatus</span> <span class='ocrx_word' id='word_1_913' title='bbox 3121 5555 3354 5610; x_wconf 88' lang='lat' dir='ltr'>quoque</span> <span class='ocrx_word' id='word_1_914' title='bbox 3394 5538 3739 5595; x_wconf 81' lang='lat' dir='ltr'>Ambrosius</span> 
     </span>
    </p>
   </div>
   <div class='ocr_carea' id='block_1_117' title="bbox 2103 5627 3740 5700">
    <p class='ocr_par' dir='ltr' id='par_1_117' title="bbox 2103 5627 3740 5700">
     <span class='ocr_line' id='line_1_117' title="bbox 2103 5627 3740 5700; baseline -0.002 -11"><span class='ocrx_word' id='word_1_915' title='bbox 2103 5634 2222 5690; x_wconf 86' lang='lat' dir='ltr'>ait:</span> <span class='ocrx_word' id='word_1_916' title='bbox 2278 5655 2304 5684; x_wconf 91' lang='grc'>‹‹</span> <span class='ocrx_word' id='word_1_917' title='bbox 2341 5632 2496 5690; x_wconf 88' lang='lat' dir='ltr'>Licet</span> <span class='ocrx_word' id='word_1_918' title='bbox 2524 5631 2631 5688; x_wconf 90' lang='lat' dir='ltr'>tibi</span> <span class='ocrx_word' id='word_1_919' title='bbox 2665 5629 2836 5687; x_wconf 91' lang='lat' dir='ltr'>silere</span> <span class='ocrx_word' id='word_1_920' title='bbox 2865 5628 2925 5684; x_wconf 90' lang='lat' dir='ltr'>in</span> <span class='ocrx_word' id='word_1_921' title='bbox 2974 5627 3203 5700; x_wconf 89' lang='lat' dir='ltr'>negotio</span> <span class='ocrx_word' id='word_1_922' title='bbox 3252 5629 3535 5685; x_wconf 84' lang='lat' dir='ltr'>duntaxat</span> <span class='ocrx_word' id='word_1_923' title='bbox 3565 5645 3740 5700; x_wconf 86' lang='lat' dir='ltr'>pecu-</span> 
     </span>
    </p>
   </div>
  </div>
