3956 6230
137 345 207 405 93
1008 350 1108 410 DE
1158 351 1577 415 PRESSUIllS
1628 353 2272 417 ECCLESIAS'I‘ICIS.
2306 388 2384 399 —
2413 354 2610 416 PARS
2657 355 2761 417 IlI.
3502 360 3581 419 94

136 475 346 547 niario,
381 493 756 553 quanquam
806 481 882 538 sit
931 485 1272 541 constantiae
1303 487 1505 543 adesse
1537 486 1817 559 aequitati.
1850 489 1905 556 Α
1936 505 2065 544 rum
2084 487 2670 562 potentiagratiosius
2684 488 3155 546 conﬂdunt.Nam
3174 506 3406 563 semper
3423 506 3580 548 men-

137 567 196 623 In
227 584 420 624 causa
453 574 671 627 autem
715 571 812 629 Dei
863 573 961 628 ubi
1015 591 1326 632 commune
1360 578 1681 649 periculum
1712 583 1819 644 est,
1932 579 2102 634 daces
2134 595 2266 633 vera
2287 579 2616 635 dicentibus
2646 581 3049 648 adversantur,
3075 584 3130 634 et
3161 579 3345 653 iniqui
3376 579 3578 636 fideles

135 658 311 712 etiam
367 658 779 716 dissimulare
834 669 1135 734 peccatum
1196 670 1284 720 est
1333 684 1445 722 non
1498 667 1640 723 leve.
1680 691 1699 716 ι
1757 669 1822 722 Et
1932 668 2337 739 persequinon
2361 669 3168 740 omittunt:quiasecundum
3190 670 3579 726 beatumAm-

135 748 323 802 item:
391 772 422 796 α
469 751 806 822 Episcopus
860 769 1048 824 neque
1107 754 1446 810 adulantem
1497 774 1578 822 se,
1635 775 1821 829 neque
1931 757 2276 812 brosiumtu
2307 757 2651 828 Plerumque
2671 759 2845 813 etiam
2869 776 2936 813 ex
2957 758 3219 813 doctrina
3240 759 3575 830 arrogantia

133 835 523 893 adulandum
565 841 778 912 cuique
811 842 1093 898 exhibeat.
1120 844 1384 900 Alterum
1415 847 1569 901 enim
1603 847 1823 901 callidi-
1931 847 2207 901 nascitur.
2243 871 2267 894 υ
2301 848 2445 901 Hinc
2469 852 2525 902 et
2550 847 2797 918 legimus
2821 848 2878 902 in
2900 848 3171 916 Jeremia,
3197 849 3351 918 quod
3379 847 3570 903 Semel

133 925 271 980 tatis
301 930 421 997 est,
450 929 742 985 vanitatis
765 931 1016 986 alterum
1049 932 1109 1001 (l.
1139 950 1152 986 1
1183 935 1360 1003 0/ﬁc.,
1390 951 1439 988 c.
1465 936 1574 1004 47).
1604 959 1630 982 ››
1660 935 1819 990 Unde
1931 935 2437 1007 pseudoproplieta
2461 937 2644 991 iratus
2679 937 2754 992 sit
2775 943 2976 991 contra
3001 936 3369 991 mendacium
3394 953 3568 991 suum

128 1013 296 1068 valde
349 1018 762 1072 metuendum
814 1025 924 1084 est,
969 1036 1039 1075 ne
1088 1021 1408 1076 humanam
1459 1024 1818 1079 observando
1927 1040 2060 1078 vera
2093 1025 2396 1096 scripsisse
2423 1026 2759 1081 Jeremiam.
2797 1025 2957 1080 Unde
2989 1031 3043 1080 et
3073 1026 3400 1081 Dominus:
3443 1027 3573 1081 Ecce

131 1102 419 1174 gratiam,
454 1105 728 1162 divinam
763 1109 1039 1164 adversus
1071 1126 1177 1164 nos
1222 1111 1580 1168 concitemus
1630 1113 1774 1166 iram
1803 1137 1816 1178 ;
1925 1127 2017 1180 ego
2039 1114 2271 1168 visitabo
2288 1130 2453 1185 super
2473 1115 2745 1169 Semeiam
2769 1115 2897 1186 (Jer.
2923 1132 3074 1184 χχιι,
3108 1115 3216 1184 32).
3247 1114 3314 1168 Et
3345 1114 3562 1168 Isaias:

132 1194 189 1244 et
221 1191 373 1246 dum
411 1209 448 1247 a
496 1197 931 1252 momentaneis
964 1197 1428 1254 adversariorum
1466 1217 1570 1255 nos
1603 1217 1814 1272 praeca-
1929 1200 1986 1254 In
2019 1218 2120 1270 quo
2152 1206 2451 1272 percutiam
2483 1219 2572 1258 vos
2603 1204 2749 1257 ultra
2779 1202 3032 1258 addentes
3051 1204 3571 1273 przevaricationes?

134 1295 272 1334 vere
307 1283 647 1351 quaerimus
681 1283 936 1353 insidiis,
970 1287 1198 1342 aeternis
1230 1288 1636 1360 mancipeinur
1669 1291 1813 1361 peri-

135 1366 317 1436 culis,
353 1373 413 1423 et
445 1369 597 1425 illud
633 1373 861 1428 eveniat
892 1375 1044 1445 quod
1095 1376 1153 1430 in
1197 1376 1503 1432 Salomone
1553 1378 1766 1448 legitur
1797 1396 1809 1434 :

137 1457 257 1524 Qui
279 1458 442 1512 timet
461 1462 755 1529 pruinam,
787 1463 958 1517 irruet
977 1480 1134 1534 super
1157 1481 1281 1520 eum
1304 1470 1402 1519 nia:
1432 1467 1571 1535 (Job.
1602 1485 1676 1536 v1,
1703 1469 1808 1538 16).

134 1543 234 1597 Ait
266 1545 434 1601 enim
471 1547 766 1604 Dominus
799 1550 856 1604 in
892 1551 1196 1623 Evangelio
1232 1571 1243 1606 :
1293 1556 1399 1621 Qui
1429 1572 1512 1608 me
1541 1556 1814 1611 erubuerit

135 1641 186 1686 et
216 1649 371 1688 meos
406 1651 714 1703 sermones,
741 1638 886 1692 hunc
915 1641 1089 1694 Filius
1120 1642 1357 1697 hominis
1388 1644 1658 1698 erubescet
1689 1661 1813 1699 cum

133 1723 360 1776 venerit
393 1725 460 1776 in
506 1727 782 1797 majestate
807 1744 932 1795 sua,
963 1733 1014 1784 et
1045 1734 1246 1798 Patris,
1281 1740 1334 1786 et
1361 1738 1673 1788 sanctorum
1704 1752 1809 1788 an-

133 1810 408 1921 gelqrum
445 1812 602 1882 (Luc.
639 1832 713 1882 1x,
741 1817 847 1886 26).
881 1817 949 1872 Et
997 1818 1202 1874 beatus
1241 1821 1436 1876 Sixtus
1483 1839 1632 1893 papa
1683 1822 1762 1877 ait
1796 1840 1807 1877 :
1842 1857 1888 1921 B

143 1923 162 1945 ι
204 1898 431 1955 Merito
469 1919 725 1974 namque
757 1921 930 1962 causa
962 1924 1067 1963 nos
1099 1909 1355 1980 respicit,
1388 1910 1436 1965 si
1467 1910 1696 1966 silentio
1729 1913 1810 1967 fa-

135 2003 396 2044 veamus
431 1992 642 2046 errori.
681 2014 707 2039 »
757 1994 823 2048 Et
852 1995 1111 2052 Isidorus
1159 1997 1280 2067 (lib.
1322 2015 1381 2052 111
1432 2000 1557 2054 Sent
1595 2016 1644 2054 c.
1682 2001 1809 2070 «’1’1);

144 2098 170 2124 ‹‹
203 2078 315 2142 Qui
342 2079 646 2152 corrigere
672 2087 861 2152 potest
882 2089 938 2139 et
961 2085 1315 2151 dissimulat,
1341 2104 1538 2143 verum
1567 2093 1654 2143 est
1675 2090 1814 2160 quia

139 2179 514 2223 consensum
538 2171 751 2226 erroris
774 2171 946 2227 alieni
977 2174 1203 2229 habeat.
1237 2198 1264 2225 ››
1301 2177 1368 2230 Et
1390 2177 1592 2231 beatus
1614 2175 1810 2231 Hiero-

142 2270 363 2322 nymus
389 2270 402 2309 :
444 2279 473 2306 ‹‹
506 2257 712 2314 Omnis
736 2263 1013 2318 correctio
1038 2280 1163 2335 qua:
1192 2265 1421 2336 proﬁcit
1441 2266 1510 2320 ad
1536 2264 1808 2332 salutem,

143 2342 214 2396 ad
241 2360 516 2414 praesens
542 2347 772 2404 videtur
791 2367 918 2406 esse
943 2351 1213 2420 tristitiae,
1233 2355 1332 2408 sed
1364 2359 1565 2425 postea
1588 2354 1812 2409 fructus

144 2430 331 2487 habet
360 2434 662 2505 pacificos.
699 2461 727 2487 ››
773 2439 885 2494 Sed
919 2442 1072 2512 quod
1108 2442 1329 2513 absque
1358 2443 1515 2514 gravi
1551 2443 1660 2496 dici
1696 2457 1810 2496 non

147 2524 346 2590 potest
399 2525 652 2595 gemitu,
705 2529 967 2599 [quidam
1015 2546 1082 2585 ex
1133 2531 1350 2587 nostris
1391 2532 1449 2587 in
1489 2536 1719 2586 tantum
1749 2547 1812 2586 se

150 2609 347 2680 pravis
396 2614 731 2684 subjiciunt
787 2620 1204 2689 potestatibus,
1265 2626 1328 2676 ut
1385 2622 1558 2678 etiam
1616 2623 1812 2679 divina

148 2699 341 2767 verba,
373 2708 842 2778 sanctorumque
863 2712 1100 2764 Patrum
1134 2711 1323 2766 edicta
1351 2711 1422 2766 ad
1455 2713 1806 2784 redarguen-

149 2787 287 2843 dum
330 2790 474 2846 vitia
529 2793 772 2865 prolata,
806 2797 947 2852 adeo
997 2798 1159 2854 falsis
1209 2800 1474 2856 nitantur
1517 2803 1808 2874 vitupera-

149 2874 409 2934 tionibus
464 2883 848 2954 obumbrare,
904 2891 971 2941 ut
1023 2887 1200 2943 etiam
1261 2891 1443 2945 sacris
1502 2891 1808 2948 videantur

149 2967 506 3026 confirmare
541 2971 844 3041 doctrinis,
880 2991 1008 3046 quae
1037 2977 1389 3034 omnimodis
1435 2980 1656 3036 dudum
1707 2982 1804 3037 de-

147 3058 376 3113 structa
406 3065 560 3115 sunt
591 3061 648 3115 in
682 3062 843 3133 ipsis.
878 3064 945 3119 Hi
979 3082 1114 3137 ergo
1144 3067 1289 3124 tales
1320 3068 1523 3125 merito
1555 3072 1805 3141 pseudo-

147 3146 466 3217 prophetis,
505 3154 565 3206 et
614 3153 1042 3223 pseudochristi
1082 3155 1399 3225 dicuntur.)
1455 3200 1466 3214 .
1520 3201 1530 3214 .
1579 3201 1591 3215 .
1632 3161 1804 3216 modo

1927 1291 2057 1359 (Isa.
2096 1308 2132 1356 1,
2164 1292 2241 1360 5.)
2277 1291 2412 1346 Item
2468 1292 2521 1344 in
2581 1291 2822 1363 psalmis
2855 1310 2864 1344 :
2922 1293 3261 1346 Declinantes
3299 1296 3476 1346 autem
3509 1293 3568 1344 in

1923 1379 2344 1451 obligationem,
2369 1382 2595 1436 adducet
2629 1383 2887 1436 Dominus
2918 1399 3038 1435 cum
3068 1381 3415 1452 operantibus
3443 1383 3562 1434 ini-

1923 1470 2180 1538 quitatem
2204 1471 2371 1535 (Psal.
2399 1488 2583 1540 cxxw,
2606 1472 2680 1537 5).
2707 1471 2773 1524 Et
2793 1471 2994 1525 Petrus
3017 1470 3314 1541 apostolus
3337 1486 3347 1522 :
3376 1471 3565 1523 Omnis

1920 1558 2209 1626 praphetia
2239 1559 2317 1612 vel
2345 1561 2624 1629 scriptura
2641 1562 2867 1630 propria
2895 1561 3347 1628 interpretatione
3373 1574 3479 1612 non
3501 1558 3560 1625 ﬁt

1923 1645 1971 1714 (Ι
1997 1646 2142 1699 Petr.
2179 1665 2213 1711 1,
2249 1649 2359 1716 ‘20).
2407 1648 2473 1700 Et
2502 1648 2754 1703 Joannes
2790 1665 2801 1701 :
2862 1649 3049 1702 Omnis
3089 1652 3185 1718 qui
3211 1646 3486 1718 prteredit,
3518 1651 3566 1699 et

1919 1749 2027 1787 non
2059 1741 2243 1788 manet
2277 1739 2334 1790 in
2364 1737 2609 1790 doctrina
2643 1738 2864 1802 Christi,
2901 1740 3069 1792 Deum
3112 1754 3221 1791 non
3266 1737 3423 1790 habet
3472 1735 3562 1804 (ll

1918 1826 2086 1880 Joan.
2122 1823 2216 1892 Ix).
2253 1824 2321 1877 Et
2349 1825 2600 1878 Jacohus
2629 1843 2641 1879 :
2674 1827 2739 1879 Si
2769 1827 2944 1880 zelum
2973 1843 3225 1880 amarum
3255 1825 3478 1888 habetis,
3512 1830 3562 1878 et

1921 1913 2287 1965 contentiones
2332 1914 2389 1965 in
2419 1912 2673 1968 cordibus
2707 1916 2915 1978 vestris,
2949 1913 3123 1967 nolite
3153 1914 3390 1982 gloriari
3421 1913 3560 1981 (Jac.

1925 2015 2005 2068 111,
2043 2000 2147 2068 14).
2197 2000 2261 2054 Ili
2312 2000 2524 2054 etenim
2571 2001 2784 2070 injuste
2815 2002 3079 2055 damnari
3113 2001 3258 2054 nihil
3293 2006 3564 2055 metuunt

1923 2087 2272 2158 proximum,
2309 2090 2402 2142 ubi
2439 2089 2692 2143 favorem
2727 2095 2964 2159 sperant
2995 2090 3294 2160 acquirere
3341 2089 3560 2159 princi-

1924 2193 2086 2247 pum,
2121 2178 2192 2232 de
2233 2178 2449 2248 quibus
2491 2178 2666 2232 etiam
2715 2183 2771 2233 et
2815 2178 3016 2232 beatus
3066 2195 3214 2249 papa
3243 2176 3564 2231 Alexander

1929 2391 1942 2408 .
1975 2392 1986 2408 .
2018 2392 2030 2409 .
2074 2353 2380 2408 Personam
2415 2354 2665 2425 potentis
2697 2353 2955 2426 accipere
2988 2358 3051 2408 ut
3081 2352 3344 2424 requisiti
3378 2267 3464 2406 ὼ(
3493 2263 3559 2406 δὲ

1921 2456 2024 2511 pro
2047 2441 2239 2496 favore
2458 2459 2571 2498 non
2596 2442 2865 2497 dubitent
2896 2442 2952 2495 in
2980 2459 3152 2496 causa
3186 2441 3432 2512 proximi

1920 2529 2054 2600 quis
2076 2534 2163 2584 est
2194 2530 2426 2597 veritas,
2451 2530 2561 2586 nisi
2594 2530 2688 2586 ille
2712 2530 2811 2602 qui
2844 2530 3023 2585 dixit:
3053 2532 3158 2601 Ego
3188 2546 3309 2585 sum
3340 2531 3447 2596 via,
3473 2544 3560 2583 ve-

1919 2620 2055 2672 ritas
2075 2624 2127 2673 et
2159 2622 2270 2674 vita
2287 2624 2312 2672 ἵ
2341 2621 2516 2691 (Ιοαη.
2541 2638 2576 2675 x
2603 2638 2655 2687 v,
2679 2621 2756 2690 6.)
2781 2619 3199 2692 Augumentari
3221 2619 3397 2675 etiam
3430 2660 3440 2673 .
3465 2660 3476 2674 .
3499 2657 3512 2674 .
3535 2658 3547 2674 .

1917 2707 2131 2763 scelere
2153 2725 2328 2779 quam
2351 2713 2406 2764 et
2427 2710 2497 2764 de
2518 2726 2930 2780 oppressorum
2956 2707 3273 2764 miserabili
3294 2707 3557 2775 elisione,

1917 2813 2050 2852 cum
2078 2798 2153 2853 sit
2184 2799 2367 2854 nostri
2391 2799 2662 2871 opprimi,
2709 2841 2720 2853 .
2767 2841 2780 2856 .
2826 2842 2838 2854 .
2885 2841 2897 2854 .
2945 2841 2956 2853 .
3004 2842 3015 2854 .
3063 2798 3562 2854 .veroinstantis-

1917 2886 2064 2943 sime
2108 2889 2332 2960 juvare.
2371 2888 2530 2944 Unde
2579 2889 2785 2946 beatus
2825 2889 3212 2944 Ambrosius:
3269 2892 3558 2944 Errantem

1915 2980 2153 3032 amicum
2183 2979 2400 3048 corripe
2435 3020 2446 3032 .
2493 3019 2505 3032 .
2551 3020 2563 3032 .
2611 3019 2623 3032 .
2670 3021 2682 3032 .
2730 3019 2742 3031 .
2790 3019 2803 3032 .
2844 2994 2913 3033 ne
2941 2978 3201 3045 deseras,-
3233 2979 3293 3032 in
3323 2978 3560 3034 adversis

1914 3069 2065 3122 enim
2092 3069 2300 3124 amicus
2326 3066 2756 3140 probatur.Nam
2783 3069 2839 3122 in
2869 3070 3152 3140 prosperis
3181 3069 3352 3123 amici
3375 3084 3560 3124 omnes

1914 3157 2187 3211 videntur.
2239 3157 2308 3211 Et
2355 3157 2616 3212 iterum:
2671 3157 2786 3212 Non
2835 3156 3088 3227 defendas
3143 3157 3466 3228 improbum,
3505 3161 3559 3212 et

145 3232 229 3287 vel
249 3233 441 3305 gloria
464 3239 521 3292 vi
532 3243 600 3294 ιω
615 3221 964 3313 temporalis
987 3261 1087 3316 per
1112 3221 1463 3303 adulationis
1485 3247 1716 3320 lapsum
1740 3265 1800 3306 se
1834 3221 1876 3288 C
1913 3250 2112 3302 sancta
2137 3246 2360 3316 indigno
2380 3247 2768 3302 committenda
2794 3221 2906 3301 non
2921 3221 3242 3307 arbitreris
3264 3262 3438 3317 neque
3453 3221 3561 3300 im-

145 3324 391 3381 terrenis
423 3329 821 3399 potestatibus
901 3375 912 3386 .
961 3376 973 3388 .
1023 3375 1033 3386 .
1081 3375 1092 3386 .
1139 3372 1151 3384 .
1197 3375 1209 3388 .
1257 3375 1268 3387 .
1316 3377 1327 3389 .
1375 3377 1388 3389 .
1433 3379 1445 3390 .
1491 3378 1504 3392 .
1549 3380 1561 3392 .
1608 3380 1620 3392 .
1668 3381 1680 3392 .
1728 3381 1738 3392 .
1785 3382 1797 3393 .

146 3415 498 3485 subjiciunt.
535 3419 600 3472 Et
629 3418 735 3474 hoc
764 3425 917 3476 certe
949 3423 1188 3492 quidam
1219 3423 1348 3480 ideo
1388 3425 1573 3482 facere
1603 3427 1801 3484 viden-

143 3506 260 3573 tur,
284 3509 352 3558 ut
377 3505 652 3577 ipsorum
679 3507 884 3564 delicta
915 3513 1239 3582 potentium
1263 3515 1603 3571 auctoritate
1625 3515 1803 3574 indis-

144 3607 322 3648 cussa
352 3593 802 3666 relinquantur;
836 3599 1067 3670 sibique
1099 3602 1316 3656 conscii
1351 3603 1422 3658 de
1460 3605 1692 3676 preprio
1724 3607 1800 3661 ti-

143 3685 305 3736 ment
327 3683 595 3740 facinore
618 3687 804 3758 argui,
828 3687 876 3742 si
902 3686 1134 3744 illorum
1158 3691 1467 3748 defendere
1489 3694 1802 3764 pravitates

146 3787 256 3824 non
302 3773 754 3832 decertaverint.
788 3776 942 3840 Quos
989 3783 1045 3834 et
1091 3786 1476 3851 congruenter
1528 3783 1803 3840 admonet

143 3857 292 3914 idem
326 3861 575 3918 dicens:
612 3885 638 3911 ‹‹
667 3864 1004 3921 Consideret
1033 3884 1288 3940 namque
1319 3869 1492 3926 homo
1521 3888 1654 3926 cum
1686 3890 1800 3945 quo

144 3947 472 4005 adversario
515 3949 734 4006 bellum
767 3958 949 4024 gerat,
977 3953 1035 4008 in
1068 3972 1235 4010 suam
1269 3973 1329 4011 se
1362 3957 1522 4024 mali,
1557 3975 1669 4030 quo
1702 3961 1799 4016 de-

143 4033 385 4106 liquisse
418 4041 757 4110 perpendit,
790 4041 997 4097 saltem
1041 4045 1110 4098 ad
1158 4044 1385 4116 culpam
1421 4048 1702 4118 protrahi,
1734 4066 1802 4104 ex

147 4123 314 4196 culpa
345 4127 752 4199 pertimescat.
779 4130 1017 4187 Talibus
1048 4132 1283 4204 quidem
1307 4134 1590 4191 Dominus
1621 4136 1798 4193 etiam

144 4227 246 4282 per
269 4217 480 4273 Isaiam
518 4218 933 4290 comminatur,
957 4221 1158 4276 dicens
1183 4239 1196 4277 :
1237 4224 1324 4279 Va?
1351 4226 1448 4293 qui
1476 4224 1659 4280 dicitis
1687 4243 1801 4283 ma-

147 4301 259 4356 lum
309 4304 534 4372 bonum,
595 4311 644 4362 et
695 4309 895 4364 bonum
951 4308 1188 4378 malum,
1235 4319 1494 4381 ponentes
1551 4316 1798 4370 tenebras

147 4389 337 4458 lucem,
371 4399 427 4450 et
483 4395 671 4451 lucem
720 4397 967 4452 tenebras
1017 4400 1174 4469 (lsai.
1227 4417 1278 4466 ν,
1333 4401 1443 4468 20).
1500 4401 1569 4456 Et
1621 4419 1800 4475 supra

148 4479 214 4533 ad
270 4481 694 4540 Hierusalem:
747 4485 1025 4556 Caupones
1079 4489 1165 4542 tui
1218 4490 1555 4544 miscuerunt
1608 4493 1796 4547 vinum

145 4582 283 4638 aqua
334 4572 494 4643 (Isai.
543 4591 583 4639 1,
625 4574 737 4645 22).
770 4597 799 4623 ››

147 4671 194 4710 c.
251 4660 380 4730 13):
440 4686 468 4712 ‹‹
507 4663 672 4734 Saepe
721 4662 989 4718 imitatur
1047 4665 1420 4721 mendacium
1475 4668 1798 4738 veritatem,

146 4748 200 4800 et
244 4748 356 4804 nisi
410 4750 691 4806 habuerit
727 4751 987 4824 aliquam
1020 4754 1159 4809 recti
1192 4754 1666 4824 similitudinem,
1697 4759 1796 4814 de-

145 4832 327 4905 cipere
378 4855 498 4895 non
545 4844 738 4910 potest
779 4840 1142 4898 innocentes.
1181 4864 1208 4891 ››
1263 4844 1332 4898 Et
1359 4843 1572 4900 iterum
1608 4863 1619 4900 :
1676 4869 1702 4897 ‹‹
1738 4847 1795 4902 Si

149 4920 458 4994 aliquando
486 4927 662 4984 nobis
682 4945 786 5000 pro
809 4931 1258 4987 necessitatibus
1279 4937 1335 4987 et
1366 4934 1657 5004 angustiis
1687 4935 1795 4991 hu-

145 5010 355 5070 militas
386 5032 542 5088 Opus
587 5022 695 5088 est,
729 5018 811 5073 sic
857 5035 987 5074 eam
1029 5037 1359 5087 sumamus,
1392 5039 1464 5077 ne
1492 5023 1794 5080 veritatem

146 5102 198 5153 et
224 5106 619 5162 constantiam
646 5106 1010 5164 deseramus.
1038 5131 1066 5158 ››
1098 5110 1457 5176 Quibusdam
1481 5111 1654 5167 etiam
1689 5129 1792 5169 nec

145 5202 200 5242 se
219 5193 628 5251 tantummodo
646 5211 870 5253 errasse
887 5198 1124 5266 sufﬁcit,
1142 5200 1240 5255 sed
1259 5200 1329 5255 ad
1349 5201 1441 5255 sui
1458 5201 1792 5258 detrimenti

146 5279 438 5339 cumulum
472 5299 744 5356 quosque
786 5285 845 5341 in
879 5303 1139 5343 errorem
1171 5289 1474 5360 proprium
1507 5289 1791 5347 deducere

146 5377 424 5433 quaerunt.
459 5372 823 5430 Resistentes
855 5392 1088 5448 quoque
1120 5377 1232 5432 sibi
1269 5377 1327 5432 in
1359 5378 1697 5448 hujusmodi
1731 5381 1788 5436 in

146 5453 361 5514 tantum
385 5467 656 5532 proterve
679 5463 1004 5536 increpant,
1023 5471 1307 5536 quantum
1331 5483 1393 5523 se
1417 5467 1474 5522 in
1498 5485 1788 5540 perverso-

1905 3349 2116 3406 pugnes
2146 3337 2328 3389 acrius
2359 3336 2588 3400 crimen,
2617 3350 2724 3389 non
2741 3334 3094 3404 deprehendis
3124 3335 3347 3405 (sic).Et
3368 3334 3507 3389 alibi
3543 3359 3557 3391 :

1909 3424 2064 3482 Nihil
2093 3425 2404 3494 opinionem
2435 3425 2544 3477 imo
2576 3422 2699 3493 (sic)
2745 3421 2906 3491 [idem
2945 3431 3156 3492 gravat,
3190 3439 3351 3492 quam
3399 3424 3449 3478 si
3497 3425 3559 3478 in

1899 3511 2204 3582 judicando
2230 3512 2527 3582 potentiori
2554 3510 2717 3566 dones
2747 3527 2971 3566 causam
2999 3512 3308 3581 inferioris,
3333 3519 3384 3567 et
3411 3528 3555 3580 pau-

1908 3617 2092 3674 perem
2148 3603 2495 3656 innatantem
2548 3617 2780 3671 arguas,
2842 3601 3069 3655 divitem
3125 3617 3342 3656 excuses
3399 3618 3557 3657 reum

1910 3691 2102 3761 culpae.
2137 3690 2207 3744 Et
2253 3706 2458 3746 rursus
2493 3709 2504 3745 :
2555 3691 2647 3746 llis
2693 3693 2840 3746 enim
2879 3693 3126 3761 favemus
3151 3693 3491 3762 frequenter,
3520 3710 3554 3747 a

1910 3781 2107 3852 quibus
2128 3779 2431 3850 referendae
2450 3782 2621 3835 vicem
2639 3795 2926 3852 speramus
2943 3783 3159 3852 gratim.
3181 3780 3282 3836 Sed
3301 3797 3362 3837 eo
3385 3784 3558 3852 magis

1912 3871 2162 3939 inﬁrmos
2208 3881 2258 3924 et
2308 3872 2492 3940 inapes
2531 3873 2840 3925 sustentare
2867 3873 3134 3937 convenit,
3167 3872 3302 3941 quia
3329 3887 3427 3942 pro
3469 3887 3554 3938 eo,

1911 3961 2008 4030 qui
2035 3975 2143 4014 non
2173 3958 2348 4025 habet,
2381 3963 2880 4015 remunerationem
2914 3976 3193 4031 speramus
3239 3975 3278 4015 a
3328 3961 3557 4016 Domino

1906 4052 2059 4113 Jesu,
2082 4050 2180 4118 qui
2201 4049 2304 4103 sub
2328 4050 2499 4118 specie
2518 4051 2754 4102 convivii
2773 4050 3079 4119 generalem
3103 4050 3367 4103 virtutum
3385 4049 3555 4104 edidit

1907 4139 2173 4207 formam,
2195 4143 2257 4190 ut
2293 4137 2378 4192 his
2406 4139 2583 4206 potius
2604 4140 2786 4190 nostra
2808 4139 3152 4206 conferamus
3173 4138 3433 4206 beneﬁcia
3459 4141 3556 4208 qui

1908 4228 2062 4281 nobis
2091 4242 2154 4281 ea
2183 4240 2292 4278 non
2319 4229 2544 4296 possunt
2572 4227 2988 4294 repraesentare,
3012 4226 3196 4280 dicens
3219 4242 3238 4278 :
3268 4227 3352 4280 Ad
3374 4229 3556 4279 convi-

1909 4316 2061 4370 vium
2089 4323 2248 4385 atque
2277 4315 2466 4383 epulas
2497 4329 2608 4367 non
2635 4329 2721 4368 eos
2751 4313 2847 4383 qui
2875 4312 3065 4368 divites
3094 4321 3242 4378 sunt,
3271 4313 3361 4368 sed
3401 4330 3550 4384 pau-

1904 4420 2059 4475 peres
2090 4403 2435 4464 invitandos;
2469 4403 2608 4458 idem
2653 4401 2877 4473 adjuvat
2925 4401 3000 4456 ad
3046 4403 3352 4472 profectum
3392 4402 3553 4458 bona:

1905 4492 2352 4556 existimationis,
2377 4494 2426 4545 si
2457 4491 2520 4546 de
2535 4493 2774 4563 potentis
2803 4490 3059 4546 manibus
3077 4491 3280 4560 eripias
3308 4492 3548 4558 inopem.

851 4575 1242 4648 Hieronymus
1271 4577 1393 4648 (lib.
1430 4595 1484 4632 1v
1516 4580 1573 4633 in
1603 4581 1796 4636 Jerem.
1831 4592 1875 4655 D
1907 4583 2046 4637 Nam
2083 4583 2131 4635 si
2171 4597 2487 4651 oppressum
2514 4582 2705 4651 opibus
2733 4581 2966 4653 potentis
3013 4584 3064 4635 et
3109 4581 3345 4650 factione
3374 4583 3550 4649 magis

1911 4687 2074 4743 quam
2110 4671 2324 4725 sceleris
2371 4671 2458 4724 sui
2485 4671 2617 4724 vitio
2647 4673 2935 4739 gravatum
2967 4669 3302 4733 liberaveris,
3333 4673 3550 4740 egregie

1908 4759 2130 4814 valescit
2153 4760 2406 4830 opinioni
2429 4760 2822 4814 testimonium.
2848 4763 2915 4812 Et
2932 4759 3040 4814 Job
3064 4758 3176 4814 ait:
3205 4757 3424 4813 Salvum
3443 4760 3549 4830 feci

1905 4863 2197 4920 pauperem
2226 4847 2290 4904 de
2317 4865 2490 4903 nianu
2519 4850 2776 4920 potentis,
2809 4852 2863 4903 et
2890 4849 3168 4920 pupillum
3197 4850 3289 4903 cui
3327 4849 3549 4920 adjutor

1904 4955 2019 4992 non
2047 4945 2188 5003 erat,
2220 4938 2410 5009 adjuvi
2441 4939 2556 5009 (Job
2589 4955 2740 5004 xx1x,
2775 4939 2882 5009 12).
2915 4939 2985 4993 Et
3015 4938 3153 4994 item
3187 4955 3200 4993 :
3232 4939 3545 4995 Benedictio

1897 5027 2139 5097 perituri
2163 5027 2222 5081 in.
2249 5043 2332 5082 me
2352 5028 2539 5082 veniat
2561 5027 2746 5098 (lbid.,
2775 5027 2882 5096 13).
2908 5028 2975 5082 Et
3001 5027 3212 5084 Isaias:
3239 5029 3546 5098 Confortate

1901 5132 2099 5171 manus
2129 5115 2437 5180 dissolutas,
2471 5120 2520 5170 et
2564 5133 2747 5186 genua
2789 5116 3000 5172 debilia
3040 5119 3288 5173 roborate
3315 5135 3337 5170 .·
3382 5116 3548 5172 dicite

1894 5205 2295 5277 pusillanimis,
2318 5205 2489 5258 nolite
2509 5207 2699 5259 timere
2719 5206 2850 5274 (lsa.
2870 5221 3035 5272 xxxv,
3059 5206 3134 5276 3).
3159 5206 3540 5276 Quapropter,

1899 5294 2109 5348 fratres
2141 5291 2253 5346 mei
2287 5290 2672 5359 dilectissimi,
2698 5310 2730 5348 a
2762 5292 3125 5348 rectitudinis
3149 5292 3380 5348 tramite
3410 5293 3542 5348 nul-

1897 5381 2126 5437 latenus
2145 5379 2502 5445 recedamus,
2520 5381 2994 5449 quiasecundum
3013 5381 3283 5437 eumdem
3300 5381 3539 5440 beatum

1897 5469 2269 5526 Ambrosium
2289 5465 2520 5540 justitia
2540 5485 2645 5523 nec
2675 5469 2816 5524 locis
2844 5486 2948 5525 nec
2971 5469 3234 5541 personis
3259 5485 3362 5524 nec
3389 5473 3536 5526 tem~

211 5633 314 5706 (52)
345 5638 476 5702 Quae
504 5644 838 5711 sequuntur
867 5643 1162 5700 adduntur
1190 5661 1259 5702 ex
1287 5646 1473 5704 Mansi
1506 5648 1659 5720 apud
1692 5645 1910 5712 Baluz.,
1943 5645 2183 5705 Miscell.
2212 5665 2359 5706 sacr.
2392 5644 2662 5703 editionis
2696 5647 3026 5704 Luccensis.
