3956 6230
351 357 427 419 95
1371 366 1706 429 AT'I‘ONIS
1753 368 2331 429 VI‘ZRCELIENSIS
2378 367 2724 428 EPlSCQPl

3686 370 3792 433 96

358 488 616 585 poribus
628 489 945 585 excipitur;
969 493 1068 551 sed
1089 492 1150 550 in
1170 493 1414 553 Domino
1440 498 1798 557 unanimiter
1816 499 1992 557 conﬁ-
2025 518 2081 585 Α
2109 504 2268 559 Beati
2296 503 2392 574 qui
2414 500 2841 575 persecutionem
2868 502 3165 574 patiuntur
3187 506 3411 575 propter
3440 500 3787 576 justitiam,

357 578 562 635 dentes
584 580 884 638 dicamus:
908 585 1118 639 Bonum
1138 592 1217 639 est
1235 585 1499 655 conﬁdere
1518 590 1579 643 in
1594 590 1820 645 Domino
1839 607 2000 662 quam
2025 578 2081 585 ⁷-
2108 594 2374 664 quoniam
2405 593 2648 663 ipsorum
2678 599 2756 648 est
2784 608 3012 664 regnum
3036 592 3301 647 ccelorum
3327 592 3537 663 (Matth.
3561 611 3618 662 v,
3652 595 3797 665 10),

363 668 638 738 conﬁdere
684 671 746 725 in
796 671 1031 727 homine.
1069 675 1275 728 Bonum
1312 682 1391 729 est
1431 692 1651 746 sperare
1680 679 1741 732 in
1770 680 1999 735 Domino

357 771 532 827 quam
551 773 775 829 sperare
792 762 852 815 in
867 762 1210 834 principibus
1228 763 1395 833 (Psal.
1414 780 1580 836 cxvn,
1602 768 1654 833 8,
1672 767 1756 837 9),
1774 772 1829 822 et
1851 767 1995 822 illud

358 847 563 916 procul
593 849 769 905 dubio
797 850 1168 921 Evangelium
1214 852 1503 924 patienter
1549 861 1947 927 exspectemus
1981 875 1994 913 :

2109 682 2208 737 ubi
2234 699 2339 736 nos
2363 680 2495 752 pius
2517 681 2800 745 Dominus
2824 681 3136 753 perducere
3158 681 3447 754 dignetur,
3471 684 3649 752 cujus
3680 699 3791 739 re-

2107 785 2289 841 gnum
2313 775 2369 824 et
2392 770 2701 841 imperium
2725 770 2850 825 sine
2874 770 2988 825 ﬁne
3011 774 3312 841 permanet
3331 769 3391 824 in
3415 770 3631 826 saecula
3656 789 3791 827 sae-

2107 857 2395 912 culorum.
2422 863 2606 912 Amen
2642 858 2872 928 (MANSI,
2897 857 3050 929 apud
3074 855 3289 927 Baluz.,
3310 858 3531 913 Miscetl.
3558 860 3787 930 sacr.).

357 1020 3787 1061 -———-_-—F———_n—_——_-—

1268 1200 2006 1307 ATTONIS
2092 1201 2855 1308 EPISGOPI

1788 1400 2313 1459 VERCELLENSIS

1476 1562 2623 1697 EPISTOLXE.

1311 1797 1499 1869 (Apud
1530 1796 1867 1867 Acherium,
1899 1796 2191 1870 Spicilegii
2220 1801 2377 1854 tomo
2408 1798 2452 1869 Ι,
2482 1814 2615 1871 pag.
2648 1798 2796 1866 431.)

877 2090 1215 2146 EPISTOLA
1247 2090 1473 2145 PRIMA

778 2195 851 2235 AD
892 2197 1197 2235 VALDONEM
1236 2196 1581 2235 EPISCOPUM.

426 2269 583 2323 Αττο
594 2267 894 2340 gratiaDei
915 2267 1162 2324 humilis
1181 2267 1492 2339 episcopus
1514 2267 1682 2323 ﬁdele
1702 2267 1999 2323 servitium

358 2368 493 2412 cum
524 2355 751 2410 devotis
780 2355 1164 2411 orationibus.

431 2442 644 2499 Multas
673 2448 877 2499 vestra;
908 2443 1179 2499 charitati
1210 2445 1509 2501 mercedes
1550 2444 1855 2499 referimus
1899 2461 2000 2516 pro

357 2536 480 2587 tam
503 2531 781 2587 benevola
797 2530 1085 2603 legatione
1101 2533 1290 2605 gratia
1311 2533 1689 2588 fraternitatis
1706 2540 1995 2605 suscepta.

360 2619 523 2684 Quod
545 2624 742 2675 autem
772 2636 874 2676 vos
904 2620 1209 2676 nobiscum
1233 2606 1589 2692 colloquium
1618 2622 1828 2677 habere
1857 2621 2000 2677 velle

360 2708 687 2774 indicastis,
708 2708 798 2765 vel
829 2725 964 2765 cum
994 2711 1194 2765 nostro
1218 2710 1420 2776 misso,
1443 2709 1595 2765 Deus
1627 2710 1759 2777 scit,
1783 2711 1920 2783 quia
1950 2711 2000 2766 si

362 2797 559 2853 debita
583 2797 738 2853 inter
765 2815 871 2854 nos
901 2798 1096 2854 unitas
1122 2804 1502 2869 permaneret,
1536 2797 1785 2854 libenter
1811 2798 1871 2853 in
1902 2815 1999 2854 ve-

360 2890 549 2943 strum
582 2889 639 2942 et
665 2886 995 2943 veniremus
1026 2891 1082 2942 et
1119 2886 1502 2959 dirigeremus
1533 2887 1854 2943 servitium.
1887 2888 1998 2943 Sed

360 2976 517 3047 quod
539 2976 707 3047 pejus
727 2978 834 3042 est,
858 2979 1022 3031 tanta
1040 2975 1193 3031 inter
1211 2980 1479 3031 nostrum
1502 2976 1789 3031 seniorem
1812 2980 1870 3032 et
1898 2992 1999 3032 vos

358 3065 607 3121 excrevit
647 3064 957 3133 dissensio,
990 3068 1054 3119 ut
1100 3080 1204 3120 nec
1250 3064 1544 3137 loquendi,
1579 3081 1684 3120 nec
1730 3069 1998 3120 nostrum

361 3154 609 3210 missum
634 3153 921 3226 dirigendi
939 3153 1000 3209 in
1019 3158 1278 3209 vestrum
1304 3154 1601 3209 servitium
1630 3155 1851 3225 absque
1872 3155 2000 3223 eius

359 3242 596 3298 licentia
616 3242 786 3297 nobis
811 3258 966 3297 nunc
986 3246 1222 3314 tempus
1242 3243 1563 3298 conveniat.
1583 3242 1998 3298 Verumtamen

360 3332 513 3403 quod
536 3331 724 3403 magis
748 3331 807 3385 in
830 3346 1139 3386 commune
1160 3331 1555 3386 necessarium
1579 3346 1708 3386 esse
1738 3330 2002 3400 cognovi-

360 3436 515 3486 mus,
537 3419 745 3474 debitaa
775 3419 1080 3475 charitatis
1101 3418 1334 3474 vinculo
1358 3419 1677 3489 constricti,
1703 3419 1889 3476 celare
1909 3436 2002 3475 vo-
2031 3461 2074 3527 Β

360 3508 447 3527 .-εκ
500 3506 733 3527 muco-
1109 3506 1411 3527 ,ιη-,ειεμη
1444 3513 1561 3527 ω-.
1610 3525 1687 3527 Α,

358 3508 451 3564 bis
500 3506 742 3563 minime
785 3506 1071 3563 valemus.
1108 3506 1416 3563 Humiliter
1444 3513 1695 3563 vestram
1732 3513 2002 3580 rogantes

361 3596 793 3663 celsitudinem,
826 3601 892 3651 ut
936 3612 1063 3667 quas
1114 3615 1148 3653 ξι
1191 3612 1284 3651 me
1329 3601 1521 3652 vestro
1566 3596 1744 3663 ﬁdeli,
1776 3597 1917 3670 quin
1949 3602 2006 3653 et

362 3684 568 3740 inﬁmo
616 3683 894 3740 confratri
940 3683 1243 3740 humiliter
1271 3685 1519 3741 dicenda
1550 3689 1707 3756 sunt,
1741 3686 2004 3758 deposito

364 3771 678 3845 supercilio
721 3772 960 3844 paciﬁca
998 3774 1200 3829 audire
1227 3773 1571 3847 dignemini.
1603 3775 1730 3829 Non
1780 3779 1856 3843 te,
1889 3775 2006 3830 Do-

364 3861 545 3933 mine,
575 3861 766 3929 laedat,
800 3862 953 3933 quod
984 3861 1202 3934 aliquid
1238 3863 1409 3935 quasi
1450 3862 1852 3935 magistrando
1899 3863 2003 3918 tibi

365 3951 667 4006 insinuare
695 3967 1070 4023 praesumam,
1097 3952 1199 4024 qui
1231 3956 1293 4007 ut
1326 3951 1632 4007 familiaris
1662 3951 2006 4007 vernaculus

366 4055 676 4112 suggerere
690 4044 894 4096 vestras
914 4040 1358 4113 magniﬁcentiae
1371 4046 1701 4113 opportuna
1716 4040 2004 4096 desidero.

367 4128 550 4195 Unde,
595 4128 837 4184 Domine
888 4130 989 4198 mi,
1042 4133 1209 4185 tanta
1254 4136 1446 4185 vestro
1498 4129 1657 4183 cordi
1706 4128 2010 4201 subripere

366 4218 556 4290 potuit
584 4215 885 4274 temeritas
904 4218 932 4272 ‘?
960 4219 1115 4274 unde
1144 4223 1310 4274 tanta
1338 4218 1564 4289 exquiri
1611 4217 1799 4290 potuit
1845 4234 2009 4273 occa-

366 4306 452 4362 sio
471 4306 500 4360 ?
526 4308 683 4362 unde
709 4311 898 4362 vestra
922 4323 1088 4363 mens
1120 4312 1238 4363 tam
1269 4307 1380 4362 cito
1413 4306 1603 4378 potuit
1620 4306 1919 4373 concitari,
1948 4311 2012 4361 ut

366 4395 745 4452 sacerdotalis
774 4397 1152 4452 immemores
1190 4396 1544 4462 reverentiae,
1579 4412 1647 4450 ex
1693 4395 2010 4467 improviso

367 4500 401 4538 a
441 4489 632 4540 vestro
671 4484 1047 4541 discederetis
1085 4483 1332 4553 seniore,
1363 4485 1689 4555 vestrisque
1718 4483 2010 4539 benevolis

367 4573 777 4641 eonfratribus,
803 4578 859 4629 et
883 4573 1067 4646 gratis
1097 4574 1158 4629 in
1187 4573 1349 4644 ipsos
1382 4573 1683 4645 insurgere
1708 4589 1824 4628 non
1846 4588 2008 4629 vere-

365 4661 576 4717 remini
596 4663 625 4717 ‘2
653 4662 779 4719 Non
808 4662 931 4718 leve
951 4665 1042 4717 est
1068 4660 1324 4733 regalem
1355 4662 1701 4732 impugnare
1731 4662 2009 4732 majesta-

367 4754 509 4818 tem,
542 4751 652 4807 etsi
682 4751 905 4822 injuste
952 4751 1012 4805 in
1056 4750 1255 4820 aliquo
1284 4749 1565 4806 videatur.
1602 4750 1697 4805 Dei
1728 4750 1883 4805 enim
1916 4767 2006 4806 or-

2028 2094 2073 2158 B
2105 2090 2384 2162 spelunca
2422 2090 2483 2145 in
2524 2106 2704 2145 manu
2733 2089 2921 2163 ipsius
2954 2090 3094 2146 Saul
3124 2089 3449 2159 incidisset,
3483 2089 3773 2147 dixerunt

2110 2178 2259 2234 servi
2291 2179 2473 2234 David
2506 2180 2577 2234 ad
2612 2196 2745 2234 eum
2781 2197 2794 2235 :
2836 2182 2978 2234 Ecce
3005 2179 3119 2234 dies
3148 2178 3214 2233 de
3243 2195 3350 2251 qua
3381 2180 3646 2234 Dominus
3681 2180 3768 2235 lo-

2109 2276 2266 2325 cutus
2293 2275 2372 2324 est
2399 2268 2468 2324 ad
2497 2277 2550 2323 te
2576 2287 2596 2323 :
2646 2270 2751 2338 Ego
2782 2269 2997 2323 tradam
3030 2268 3137 2323 tibi
3164 2269 3461 2323 inimicum
3489 2272 3669 2337 tuum,
3708 2274 3775 2322 ut

2106 2358 2292 2433 facias
2338 2359 2394 2413 ci
2427 2358 2565 2413 sicut
2590 2358 2865 2429 placuerit
2894 2359 2955 2410 in
2983 2358 3155 2413 oculis
3187 2359 3317 2411 tuis.
3352 2356 3607 2413 Surrexit
3635 2373 3770 2427 ergo

2110 2448 2309 2516 David,
2358 2451 2411 2501 et
2454 2446 2709 2518 praecidit
2754 2462 2917 2502 oram
2963 2445 3268 2517 chlamydis
3318 2445 3458 2501 Saul
3508 2446 3766 2500 silenter.

2108 2539 2236 2591 Post
2268 2535 2387 2591 hwc
2410 2537 2681 2607 percussit
2726 2551 2818 2590 cor
2859 2551 3017 2589 suum
3062 2533 3237 2589 David
3282 2549 3342 2589 eo
3392 2533 3538 2606 quod
3582 2534 3765 2590 absci-

2107 2624 2273 2680 disset
2301 2640 2454 2679 oram
2484 2641 2502 2678 :
2551 2624 2798 2695 dixitque
2843 2623 2912 2678 ad
2958 2625 3103 2680 viros
3150 2640 3274 2680 suos
3305 2641 3323 2678 :
3369 2626 3641 2696 prapilius
3685 2627 3767 2679 sit

2108 2713 2251 2768 mihi
2296 2712 2574 2781 Dominus,
2624 2729 2693 2768 ne
2738 2714 2955 2783 faciam
3005 2712 3147 2768 hanc
3201 2729 3319 2769 rem
3367 2712 3588 2769 domino
3635 2728 3764 2768 meo

2107 2801 2312 2856 chrislo
2344 2802 2593 2871 Domini,
2629 2808 2692 2855 ut
2735 2801 2955 2856 mittam
2999 2817 3228 2856 manum
3272 2818 3453 2856 meam
3502 2803 3559 2855 in
3609 2817 3760 2872 eum,

2110 2891 2241 2963 quia
2286 2889 2525 2944 christus
2574 2890 2794 2944 Domini
2833 2893 2931 2944 est.
2967 2890 3109 2945 Vivit
3155 2890 3437 2958 Dominus,
3470 2890 3599 2961 quia
3645 2892 3765 2945 nisi

2110 2980 2379 3034 Dominus
2420 2979 2753 3046 percusserit
2794 2994 2936 3047 eum,
2970 2985 3067 3033 aut
3114 2978 3230 3033 dies
3275 2982 3397 3051 ejus
3445 2978 3651 3034 venerit
3700 2986 3765 3034 ut

2108 3069 2402 3137 moriatur,
2424 3070 2520 3121 aut
2548 3066 2877 3122 descendens
2906 3067 2967 3121 in
2991 3067 3254 3138 praelium
3277 3068 3548 3138 perierit;
3574 3069 3763 3139 prapi-

2108 3158 2219 3211 tius
2264 3157 2337 3210 sit
2382 3154 2531 3210 mihi
2564 3156 2853 3224 Dominus,
2882 3172 2951 3211 ne
2987 3156 3205 3211 mittam
3232 3172 3458 3211 manum
3485 3172 3665 3211 meam
3699 3158 3762 3211 in

2108 3246 2377 3300 Christum
2406 3245 2646 3300 Domini.
2679 3247 2754 3300 Et
2783 3246 3047 3317 confregit
3076 3244 3248 3301 David
3276 3248 3425 3301 viros
3466 3260 3590 3300 suos
3637 3261 3761 3300 ser-

2110 3333 2385 3400 monibus,
2438 3335 2491 3387 et
2540 3348 2651 3387 non
2694 3332 2949 3403 permisit
2994 3349 3100 3399 eos,
3156 3340 3217 3388 ut
3259 3337 3646 3404 consurgerent
3701 3335 3760 3389 in

2111 3420 2247 3476 Saul
2295 3420 2344 3491 (1
2369 3420 2498 3488 Reg.
2521 3436 2673 3486 XXIV,
2696 3421 2774 3491 5).
2804 3420 3080 3483 Quamvis
3111 3421 3268 3475 enim
3300 3421 3371 3475 de
3403 3421 3563 3476 illius
3596 3422 3758 3493 abje-

2112 3508 2319 3577 ctione,
2354 3523 2580 3579 suaque
2624 3507 2904 3564 electione
2947 3508 3190 3565 minime
3228 3508 3543 3577 dubitaret,
3577 3525 3761 3582 eoque

2112 3599 2497 3668 persequente
2528 3611 2715 3667 usque
2746 3596 2818 3651 ad
2850 3596 3079 3652 interna
3099 3600 3493 3653 coarctaretur
3521 3598 3757 3670 spelun-

2114 3701 2211 3755 σω,
2242 3688 2440 3739 tamen
2482 3699 2724 3739 manum
2768 3686 2829 3740 in
2878 3701 3014 3741 eum
3064 3686 3370 3742 extendere
3418 3685 3624 3750 noluit,
3658 3688 3759 3743 sed

2114 3772 2377 3828 divinum
2410 3772 2706 3843 judicium
2743 3773 3117 3845 exspectavit.
3149 3774 3219 3829 Et
3246 3775 3400 3845 quod
3434 3791 3595 3830 oram
3631 3780 3757 3831 tan-

2113 3861 2418 3916 tummodo
2448 3859 2775 3933 cblamydis
2806 3861 2993 3932 ipsius
3023 3862 3356 3928 absciderit,
3390 3868 3592 3936 postea
3620 3881 3755 3920 eum

2117 3948 2407 4021 paenituit,
2449 3965 2515 4004 eo
2566 3951 2722 4019 quod
2772 3950 3054 4022 principis
3104 3950 3514 4007 indumentum
3565 3952 3652 4009 vel
3700 3954 3758 4008 in

2117 4037 2316 4108 aliquo
2367 4036 2853 4093 dehonestaverit.
2900 4038 2995 4093 Sic
3044 4054 3141 4094 rex
3188 4038 3407 4096 electus
3455 4042 3760 4112 reprobate

2119 4126 2395 4198 pepercit,
2419 4125 2687 4197 quamvis
2716 4127 2788 4181 ab
2822 4126 2949 4198 ipso
2981 4127 3261 4184 innocens
3292 4135 3757 4202 persequeretur,

2119 4215 2413 4285 nimisque
2441 4219 2856 4287 angustaretur
2885 4216 3122 4287 injuste.

2187 4303 2418 4359 Samuel
2454 4319 2688 4375 quoque
2720 4305 3138 4375 cum,jubente
3167 4306 3431 4373 Domino,
3455 4305 3615 4361 hunc
3639 4308 3758 4379 jam

2118 4408 2312 4466 regem
2353 4409 2529 4464 super
2578 4392 2756 4447 Israel
2807 4394 3060 4460 unxerit,
3092 4399 3331 4451 vocatus
3383 4412 3417 4451 a
3463 4395 3635 4452 Saule
3678 4396 3760 4452 ire

2119 4498 2235 4536 non
2257 4480 2506 4548 distulit,
2531 4480 2670 4551 quin
2696 4486 2753 4535 et
2782 4498 2885 4553 pro
2916 4497 2982 4536 eo
3012 4498 3076 4537 se
3101 4486 3405 4538 oraturum
3426 4485 3754 4555 spopondit,

2117 4571 2317 4626 dicens
2341 4586 2353 4624 :
2388 4571 2541 4625 Absit
2567 4587 2605 4625 α
2634 4586 2720 4624 me
2749 4577 2811 4625 ut
2824 4585 3027 4626 cessem
3043 4586 3207 4627 orare
3232 4588 3332 4643 pro
3354 4581 3405 4627 te
3435 4574 3484 4641 (1
3510 4573 3635 4643 Reg.
3660 4590 3755 4647 xu,

2114 4660 2230 4732 23).
2262 4659 2373 4715 Sed
2405 4675 2561 4714 nunc
2581 4658 2824 4715 rebelles
2855 4659 3072 4715 milites
3100 4660 3371 4717 resistere
3394 4662 3637 4718 Domino
3657 4679 3755 4718 suo

2120 4764 2300 4804 manu
2332 4752 2560 4803 armata
2592 4763 2708 4802 non
2757 4747 3095 4816 formidant,
3128 4765 3381 4821 eumque
3409 4748 3691 4822 expellere
3725 4768 3757 4807 a

365 4839 587 4895 dinatio
609 4844 700 4895 est
727 4858 740 4906 ;
774 4839 872 4893 Dei
899 4842 991 4893 est
1011 4837 1391 4908 dispensatio.
1416 4837 1728 4893 Profanum
1749 4842 1837 4894 est
1857 4840 2013 4895 enim
2046 4829 2090 4894 D
2122 4837 2286 4909 regni
2309 4836 2457 4891 solio
2479 4835 2834 4892 omnimodis
2854 4836 3139 4893 laborant.
3168 4839 3243 4893 De
3270 4838 3488 4907 talibus
3507 4838 3659 4893 enim
3682 4838 3758 4894 ait

365 4927 581 4984 violare
610 4928 762 4999 quod
801 4931 956 4981 Deus
1003 4925 1254 4982 ordinat.
1288 4926 1379 4980 Ait
1416 4926 1572 4981 enim
1605 4927 1884 4983 Dominus
1915 4944 2017 5000 per
2124 4925 2409 4983 Dominus
2445 4940 2458 4981 :
2495 4925 2671 4980 Sinite
2698 4926 2846 4994 illos,
2876 4928 3007 4982 caeci
3032 4934 3180 4994 sunt,
3209 4934 3260 4982 et
3287 4926 3449 4981 duces
3475 4941 3754 4983 caecorum.

366 5019 599 5089 Moysen
634 5033 647 5072 :
700 5016 1012 5084 Principem
1042 5015 1236 5086 populi
1275 5016 1364 5070 tui
1398 5032 1471 5071 ne
1497 5016 1793 5072 maledicas
1823 5018 2012 5089 (Exod.

2124 5014 2306 5070 Cacus
2326 5015 2475 5069 enim
2503 5015 2553 5068 si
2571 5029 2709 5069 cazco
2732 5014 2989 5070 ducatum
3014 5014 3438 5086 prwbeat,ambo
3461 5017 3523 5070 in
3549 5016 3758 5089 foveam

365 5123 531 5173 xxm,
554 5105 668 5175 28).
692 5108 960 5173 Namque
983 5103 1077 5158 cui
1110 5120 1215 5158 nec
1246 5103 1588 5160 maledicere
1618 5104 1766 5172 licet,
1791 5105 2016 5177 liquido
2122 5103 2323 5159 cadunt
2351 5103 2568 5174 (Matth.
2601 5119 2692 5173 xv,
2728 5102 2836 5175 14).
2870 5103 3212 5160 Sacerdotes
3237 5120 3371 5160 vero
3394 5103 3516 5175 Dei,
3552 5104 3757 5175 quibus

366 5198 528 5267 patet
550 5193 692 5265 quia
711 5195 770 5247 et
799 5192 1070 5263 persequi
1106 5208 1221 5248 non
1247 5192 1396 5249 licet.
1422 5195 1489 5249 Et
1517 5210 1619 5265 per
1644 5194 1881 5250 beatum
1904 5194 2015 5249 Da-

367 5282 466 5336 vid
505 5299 518 5336 :
569 5282 749 5336 Nolite
796 5288 1017 5350 tangere
1060 5281 1287 5339 christos
1331 5300 1474 5339 meos
1518 5285 1690 5354 (Psal.
1739 5300 1852 5347 c1v,
1904 5284 2013 5356 15).

380 5371 541 5436 Quod
579 5373 798 5440 quanta
830 5372 1279 5428 mansuetudine
1308 5373 1433 5445 ipse
1453 5372 1865 5438 observaverit,
1891 5387 2013 5427 ma-

2125 5192 2320 5247 divina
2351 5197 2488 5248 sunt
2516 5194 2939 5265 perscrutanda
2968 5193 3265 5259 mandata,
3301 5209 3415 5248 non
3445 5196 3673 5248 tantum
3702 5209 3758 5250 se

2126 5282 2420 5337 custodire
2469 5298 2503 5337 a
2550 5281 2789 5354 talibus,
2822 5282 2921 5338 sed
2967 5280 3145 5337 etiam
3175 5281 3319 5337 alios
3359 5298 3507 5353 quos
3550 5280 3755 5351 valent,

2126 5370 2417 5426 retrahere
2458 5371 2745 5426 convenit.
2779 5370 2940 5427 Certe
2978 5370 3104 5442 ipse
3142 5370 3425 5426 Dominus
3454 5370 3757 5439 tributum,

376 5458 657 5515 nifestum
691 5462 799 5513 est.
830 5462 989 5514 Certe
1010 5461 1135 5532 jam
1166 5461 1301 5516 Saul
1332 5478 1441 5517 sua
1471 5460 1760 5533 protervia
1788 5458 1859 5515 ab
1888 5459 2016 5531 ipso
2118 5460 2363 5531 jubente
2383 5461 2625 5527 Czssare,
2646 5460 2782 5516 dare
2804 5459 2965 5515 nullo
2991 5460 3164 5515 modo
3189 5458 3507 5531 prohibuit,
3530 5459 3755 5515 dicens:

330 5576 333 5579 -
376 5546 495 5601 Deo
527 5545 712 5603 fuerat
742 5549 1083 5619 reprobatus
1116 5569 1129 5617 ;
1176 5551 1299 5620 jam
1353 5555 1409 5604 et
1456 5550 1583 5621 ipse
1614 5548 1788 5603 David
1821 5548 2019 5605 divina
2128 5546 2345 5602 Reddite
2391 5563 2515 5618 quae
2558 5548 2787 5604 Cwsaris
2823 5555 2967 5618 sunt,
3005 5547 3213 5605 Caesari
3242 5547 3450 5619 (Matth.
3482 5564 3623 5616 xxn,
3652 5550 3755 5619 21).

374 5633 562 5707 gratia
603 5634 661 5693 in
712 5653 905 5710 regem
953 5639 1144 5695 fuerat
1192 5641 1426 5709 unctus,
1460 5641 1517 5693 et
1564 5641 1762 5692 tamen
1793 5653 1925 5692 cum
1956 5638 2016 5693 in
2128 5638 2193 5693 In
2214 5651 2329 5707 quo
2351 5653 2467 5693 non
2488 5640 2718 5695 tantum
2740 5637 2948 5693 tributi
2968 5637 3357 5709 redditio,'sed
3377 5635 3561 5693 totius
3587 5637 3759 5695 debiti
