3956 6230
114 294 172 346 9';
1615 289 2032 347 ΚΡΙΞΤΠΙΛΕ.
3448 301 3526 364 98

113 420 339 477 honoris
373 418 713 475 reverentia
745 418 1190 491 intelligendum
1238 426 1344 476 est.
1379 421 1536 486 Quod
1595 420 1766 474 etiam
1797 423 1850 486 Α
1881 426 2073 492 grates
2103 421 2308 476 exinde
2339 423 2546 494 dignas
2569 423 2936 494 persolvant;
2971 427 3225 483 siautem
3249 430 3528 486 adversus

111 511 224 581 ipse
253 525 391 562 cum
419 507 497 562 ab
530 507 901 562 exactoribus
923 514 985 561 ut
1016 508 1763 580 redderet,urgeretur,non

116 597 463 668 dedignatus
498 601 589 650 est
620 596 983 667 persolvere;
1019 596 1117 649 sed
1178 596 1262 650 ait
1323 597 1484 650 Petro
1531 596 1667 650 Vade
1690 595 1766 649 ad

115 703 274 754 mare,
307 693 360 758 et
389 687 562 739 mitte
591 685 839 747 hamum,
891 687 940 738 et
988 700 1111 738 eum
1164 687 1366 753 piscem
1407 685 1502 755 qui
1553 687 1767 754 primus

115 773 435 839 ascenderit,
468 773 631 837 tolle,
663 780 717 826 et
746 777 935 842 aperto
959 788 1049 825 ore
1079 774 1192 842 ejus
1211 775 1451 826 inuenies
1470 777 1767 831 staterem:

116 863 272 918 illum
291 877 544 926 sumens,
580 861 651 915 da
677 863 754 914 eis
780 877 883 932 pro
906 875 1009 925 me,
1043 864 1093 913 et
1147 877 1248 930 pro
1279 865 1330 914 te
1361 862 1567 930 (Matth.
1628 878 1766 930 xvii,

114 952 216 1022 ‘26).
249 950 418 1006 Unde
449 955 516 1004 et.
544 949 669 1020 ipse
703 954 862 1002 tanta
894 947 1154 1019 Magistri
1188 950 1452 1004 eruditus
1506 947 1770 1003 doctrina

117 1042 386 1094 admonet
417 1037 749 1094 Ecclesiam
782 1037 1113 1092 omnimode
1133 1037 1369 1108 regibus
1383 1054 1610 1092 servare
1631 1037 1770 1090 obe-

119 1128 416 1183 dientiam.
450 1126 555 1181 Ait
593 1125 748 1180 enim
785 1141 796 1179 :
829 1125 998 1178 Deum
1035 1125 1238 1194 timete,
1301 1141 1478 1195 regem
1509 1124 1769 1194 honoriﬁ-

119 1220 232 1271 cate
260 1218 308 1284 (Ι
333 1219 492 1271 Petr.
532 1232 614 1281 ιιι,
652 1215 762 1280 14).
793 1213 938 1268 Nam
988 1218 1118 1284 post
1177 1213 1451 1267 timorem
1512 1213 1611 1267 Dei
1671 1212 1772 1283 qui

121 1305 415 1376 sapientiae
447 1304 696 1358 initium
729 1306 836 1368 est,
870 1301 1094 1372 regium
1126 1301 1330 1356 statim
1356 1301 1771 1373 przecepitscr-

120 1395 374 1448 vandum
433 1409 566 1446 esse
626 1393 930 1446 honorem.
993 1391 1060 1444 Et
1119 1390 1289 1444 item:
1357 1391 1558 1460 Sujecti
1612 1394 1772 1445 estote

123 1485 275 1536 omni
307 1481 574 1537 humana:
603 1489 872 1534 creaturae
899 1483 1118 1550 propter
1133 1479 1438 1547 Deum,sire
1470 1480 1587 1547 regi
1615 1479 1774 1549 quasi

119 1571 479 1640 praecedenti,
513 1570 626 1624 sive
657 1568 884 1623 ducibus
916 1575 1173 1636 tanquam
1229 1569 1300 1620 ab
1351 1583 1410 1622 eo
1468 1569 1645 1621 missis
1702 1565 1770 1619 ad

123 1658 426 1712 vindictam
457 1659 896 1726 male/actorum,
931 1655 1146 1710 laudem
1176 1672 1298 1710 vero
1339 1655 1616 1710 bonorum.
1677 1655 1773 1708 Sic

124 1746 283 1801 enim
317 1763 430 1801 nos
461 1747 617 1816 regis
633 1746 926 1815 subjectos
949 1761 1077 1799 esse
1099 1745 1265 1799 docet
1304 1743 1455 1798 sicut
1487 1742 1772 1815 praecelle-

125 1835 210 1888 sic
244 1834 508 1888 ducibus
537 1837 808 1906 tanquam
833 1834 903 1887 ab
935 1832 1494 1888 eomissisMultum
1526 1848 1779 1903 namque

126 1922 396 1977 estinter
427 1920 770 1993 principem,
802 1926 858 1976 et
905 1922 1155 1977 missum
1214 1922 1285 1976 ab
1345 1939 1430 1975 eo.
1491 1921 1600 1975 Sed
1659 1920 1780 1974 haec

129 2012 404 2081 princeps
465 2010 631 2064 docet
685 2009 968 2064 Ecclesize.
1033 2010 1352 2065 Vibeamus
1404 2010 1541 2081 quid
1576 2010 1778 2078 etejus

133 2100 359 2155 socius:
395 2101 515 2154 Non
561 2107 639 2153 est
681 2103 944 2166 postestas
976 2100 1089 2152 nisi
1143 2116 1176 2152 a
1221 2100 1366 2154 Deo:
1423 2115 1540 2168 quae
1599 2101 1780 2152 autem

130 2193 271 2256 sunt,
303 2207 336 2242 a-
369 2190 476 2243 Deo
508 2187 764 2242 ordinata
794 2193 938 2255 sunt,
974 2191 1160 2258 Itaque
1217 2191 1314 2258 qui
1370 2190 1573 2242 resistit
1626 2193 1780 2258 pote-

132 2280 276 2343 stati,
313 2280 420 2332 Dei
449 2276 798 2332 ordinationi
852 2278 1074 2330 resistit.
1133 2277 1240 2343 Qui
1266 2285 1446 2331 autem
1501 2277 1780 2343 resistunt,

136 2367 243 2438 ipsi
261 2368 370 2420 sibi
401 2367 815 2420 damnationem
845 2368 1157 2436 acquirunt.
1181 2366 1320 2420 Nam
1371 2367 1643 2435 principes
1674 2380 1782 2418 non

134 2459 256 2509 sunt
291 2456 505 2509 timoris
535 2455 664 2509 boni
690 2455 890 2523 operis.
922 2453 1018 2508 sed
1038 2454 1194 2508 mali.
1229 2453 1313 2507 Vis
1344 2458 1532 2508 autem
1587 2468 1692 2506 non
1713 2453 1782 2506 ti-

134 2560 280 2598 mere
290 2547 606 2614 potestatem
639 2563 656 2608 ;
693 2542 888 2596 bonum
918 2544 1026 2612 fac,
1086 2547 1137 2596 et
1193 2541 1410 2596 habebis
1471 2541 1687 2596 laudem
1717 2557 1786 2594 ea:

137 2633 254 2687 illa.
288 2634 389 2687 Dei
418 2634 678 2686 minister
706 2634 780 2685 est
809 2631 911 2684 tibi
939 2632 996 2684 in
1033 2632 1250 2685 bonum.
1296 2630 1354 2684 Si
1408 2640 1591 2684 autem
1640 2629 1787 2683 male

134 2723 344 2793 feceris,
377 2723 530 2776 time.
572 2721 689 2774 Non
721 2721 870 2774 enim
898 2721 1016 2774 sine
1057 2736 1222 2773 causa
1280 2719 1528 2788 gladium
1580 2722 1783 2790 portat,

136 2812 227 2864 Dei
253 2812 403 2866 enim
460 2811 729 2864 minister
783 2813 878 2870 est,
935 2809 1143 2863 vindex
1175 2811 1234 2861 in
1267 2811 1406 2862 iram
1449 2810 1500 2862 ei
1529 2810 1624 2879 qui
1645 2807 1787 2860 male

136 2902 264 2969 agit.
289 2901 410 2955 Ideo
439 2901 770 2954 necessitate
797 2897 1006 2952 subditi
1031 2902 1226 2952 estote:
1257 2913 1363 2951 non
1422 2899 1602 2952 solum
1655 2913 1786 2966 pro-

134 2993 250 3058 pter
280 2992 446 3055 iram,
479 2987 581 3043 sed
611 2991 658 3042 et
687 2991 911 3058 prapter
938 2989 1326 3041 conscientiam
1350 3005 1368 3041 .'
1401 2987 1520 3042 Ideo
1550 2988 1697 3040 enim
1737 2995 1787 3040 et

137 3079 339 3133 tributa
360 3079 645 3148 praestatis
670 3095 688 3130 :
704 3077 954 3131 ministri
969 3078 1256 3130 enimsunt
1278 3077 1373 3130 Dei
1394 3077 1452 3129 in
1489 3076 1585 3129 hoc
1606 3076 1786 3144 ipsum

1809 1794 1856 1858 B

1881 510 2072 574 fuerit,
2109 509 2230 564 suis
2262 509 2369 564 hoc
2401 511 2691 582 imputent
2720 513 2990 584 peccatis,
3026 515 3337 587 ipsumque
3369 519 3530 590 ﬂagi-

1879 602 2001 650 tare
2034 614 2147 652 non
2173 597 2662 664 desinant,uthoc
2694 602 3016 656 secundum
3082 603 3524 661 multitudinem

1881 685 2289 740 misericordia:
2322 704 2440 740 suae
2475 689 2758 758 propitius
2773 689 3063 760 disponat.
3091 691 3235 746 Nam
3255 693 3526 763 dejicien.

1879 775 1989 828 dus
2020 774 2105 828 vel
2134 774 2570 846 impugnandus
2604 777 2762 830 nullo
2800 780 2970 832 modo
3005 786 3093 834 est
3125 797 3157 834 a
3181 781 3523 854 populo,qui

1872 864 1997 932 jam
2030 864 2333 917 ordinatus
2367 870 2456 918 est
2481 883 2513 918 a
2549 866 2680 919 Deo.
2716 867 2997 936 Equidem
3023 867 3306 938 scriptum
3341 877 3429 925 est
3469 872 3527 925 in

1881 951 2114 1005 Daniele
2141 970 2152 1005 :
2189 953 2330 1019 Quia
2359 953 2674 1008 dominatur
2698 956 2938 1010 excelsus
2964 958 3021 1009 in
3057 974 3220 1025 regno
3244 958 3529 1015 hominum

1879 1041 1928 1093 cl
1960 1042 2050 1094 cui
2079 1041 2330 1109 voluerit,
2362 1044 2472 1111 ipse
2502 1043 2604 1096 (lat
2627 1043 2766 1097 illud
2811 1032 2970 1113 (Dan.
3025 1063 3097 1110 IV,
3159 1047 3264 1116 14).
3322 1047 3530 1104 Nullus

1881 1129 1951 1184 de
1974 1128 2222 1196 alicujus
2255 1130 2462 1200 dejecti
2497 1132 2648 1202 regis
2681 1133 2894 1201 injuria
2923 1133 3034 1187 sibi
3066 1142 3331 1190 assumat
3387 1137 3532 1192 [idu-

1883 1217 2052 1272 ciam.
2087 1219 2371 1283 Quoniam
2403 1223 2668 1289 quamvis
2721 1221 2862 1274 mul.
2943 1263 2954 1275 .
3038 1264 3050 1277 .
3134 1264 3146 1277 .
3229 1265 3242 1280 .
3326 1268 3337 1278 .
3421 1267 3433 1278 .
3515 1269 3527 1281 .

1981 1437 1993 1448 .
2071 1396 2214 1450 tanti
2250 1397 2520 1451 facinoris
2554 1397 2882 1452 miserabile
2921 1399 3227 1469 pertulisse
3260 1402 3525 1458 exitium.

1882 1484 2042 1547 Quod
2077 1484 2122 1537 si
2158 1485 2248 1537 cui
2281 1502 2621 1539 enumerare
2653 1487 2842 1548 liceat,
2875 1487 3525 1558 abipsiusgentisexor-

1883 1573 1975 1626 dio
2007 1572 2452 1644 diligentissime
2485 1575 2866 1645 perquirat,et
2897 1581 3034 1630 tunc
3066 1593 3410 1648 cognoscere
3425 1597 3526 1650 po-

1882 1661 2017 1715 terit
2047 1661 2242 1732 populi
2275 1662 2452 1732 hujus
2491 1663 2942 1720 destructionem
2995 1665 3247 1721 maxime
3287 1674 3526 1740 propter

1889 1750 2036 1803 hanc
2083 1750 2344 1804 evenisse
2385 1751 2763 1806 occasionem.
2818 1753 2962 1818 Quia
3041 1755 3223 1809 donec
3290 1757 3526 1826 regibus

1890 1845 2621 1909 rcpugnareqmrrunt,eta
2645 1841 2885 1911 paganis
2909 1842 3168 1912 undique
3191 1847 3535 1914 opprimun-

1888 1930 2003 1992 tur,
2055 1931 2109 1980 et
2152 1944 2184 1980 a
2216 1927 2480 1981 finitimis
2519 1928 2792 1998 gentibus
2829 1929 2956 1982 ideo
2995 1932 3434 1987 conculcautur.
3464 1935 3534 1988 Et

1899 2016 2036 2068 dum
2071 2019 2434 2084 praesumunt
2463 2015 2692 2079 illicita,
2713 2032 2743 2068 a
2764 2016 2974 2071 debitis
3002 2016 3386 2074 nihilominus
3419 2022 3532 2092 pri-

1889 2107 2101 2157 vantur
2130 2103 2468 2157 honoribus.

1963 2193 2072 2246 Sed
2106 2191 2242 2262 quid
2277 2192 2345 2246 de
2379 2192 2534 2262 regia
2565 2191 2839 2246 fidelitate
2872 2197 2928 2246 et
2957 2193 3161 2248 beatus
3219 2193 3531 2266 Gregorius

1892 2282 2066 2346 dicat,
2101 2281 2430 2335 audiamus.
2463 2281 2732 2335 Aiteuim
2762 2282 2831 2334 ad
2878 2281 3214 2336 Mauritium
3265 2284 3530 2340 scribens

1894 2371 2300 2441 imperatorem
2334 2371 2451 2440 (tib.
2486 2386 2549 2436 ιι,
2572 2372 2729 2438 epist.
2759 2371 2849 2440 61)
2881 2393 2906 2418 ‹‹
2957 2370 3355 2442 Omnipotenti
3415 2373 3531 2428 Deo

1895 2457 3001 2528 reusest,quiserenissimisdominisin
3034 2475 3205 2513 omne
3237 2461 3389 2531 quod
3417 2461 3536 2534 agit

1894 2552 1949 2602 et
1981 2547 2256 2616 loquitur,
2283 2563 2463 2617 purus
2495 2563 2608 2601 non
2639 2551 2747 2601 est.
2772 2548 2888 2618 Ego
2905 2547 3391 2620 autemindignus
3412 2550 3532 2620 pie-

1896 2635 2032 2687 tatis
2065 2639 2263 2688 vestrae
2299 2633 2554 2688 famulus
2588 2634 2644 2687 in
2679 2633 2786 2688 hac
2806 2634 3176 2704 suggestione
3197 2651 3324 2690 mea
3346 2651 3533 2707 neque

1895 2728 1959 2777 ut
1991 2722 2316 2794 episcopus,
2347 2738 2533 2793 neque
2564 2727 2626 2776 ut
2656 2739 2859 2776 servus
2880 2724 3015 2793 jure
3049 2723 3398 2793 reipublicae,
3433 2726 3534 2780 sed

1897 2829 1963 2866 ex
1995 2811 2092 2865 illo
2118 2812 2244 2881 jam
2279 2817 2537 2882 tempore
2567 2811 2842 2866 dominus
2878 2829 3042 2866 meus
3076 2812 3256 2879 fuisti,
3299 2815 3534 2884 quando

1896 2901 2086 2955 adhuc
2146 2901 2420 2954 dominus
2477 2900 2738 2954 omnium
2801 2917 2914 2954 non
2987 2917 3136 2954 eras.
3173 2923 3199 2949 »
3259 2902 3534 2964 Quamvis

1896 2990 2049 3044 enim
2085 2989 2393 3043 Mauritius
2425 2989 2482 3043 in
2514 2989 2864 3060 quibusdam
2899 2989 3283 3044 inclementer
3319 2996 3532 3062 ageret,

1896 3084 1952 3133 et
1984 3078 2232 3133 maxime
2263 3083 2467 3133 contra
2496 3077 2712 3149 ipsum,
2747 3079 2899 3133 sicut
2928 3079 3116 3149 ipsius
3147 3079 3380 3150 scriptis
3439 3081 3539 3134 de-

133 3171 442 3223 servientes.
478 3164 713 3221 Reddite
768 3165 1016 3220 omnibus
1071 3165 1291 3219 debita:
1348 3167 1440 3219 cui
1495 3164 1784 3228 tributum,
1818 3154 1860 3219 C
1898 3167 2172 3232 claratur,
2203 3172 2398 3222 tamen
2449 3168 2685 3223 domino
2741 3167 2847 3222 hoc
2903 3168 3326 3236 committebat,
3371 3169 3540 3240 eique

139 3258 400 3312 tributum
427 3278 448 3323 ;
479 3257 581 3310 cui
611 3255 867 3324 vectigal,
903 3255 1175 3322 vectigal:
1207 3256 1294 3308 cui
1325 3256 1598 3322 timorem,
1633 3255 1788 3308 timo-

139 3363 250 3401 rem
271 3364 292 3407 ;
322 3345 418 3400 cui
450 3345 738 3408 honorem,
772 3343 1030 3398 honorem
1062 3345 1233 3414 (Rom.
1267 3359 1388 3410 xm,
1420 3343 1495 3412 2).
1529 3341 1668 3396 ltem
1719 3341 1786 3396 ad

140 3436 558 3491 Timotheum:
595 3433 814 3487 Obsecro
853 3434 1024 3502 igitur
1067 3433 1314 3502 primum
1360 3433 1609 3486 omnium
1663 3429 1793 3500 ﬁeri

142 3525 570 3588 obsecrationes,
651 3523 945 3587 orationes,
1010 3522 1424 3591 postulationes,
1483 3521 1793 3588 gratiarum

145 3615 383 3668 actiones
422 3626 534 3683 pro
562 3610 810 3664 omnibus
867 3610 1198 3676 hominibus,
1229 3625 1329 3680 pro
1351 3610 1568 3678 regibus
1598 3617 1648 3662 et
1678 3624 1792 3662 om-

141 3701 310 3755 nibus
339 3702 440 3772 qui
461 3699 677 3755 suntin
698 3699 1033 3752 sublimitate
1053 3700 1342 3752 constituti
1371 3699 1416 3764 (I
1449 3698 1582 3751 Tim.
1619 3701 1682 3750 11.
1719 3697 1789 3766 1).

205 3789 350 3845 Nam
385 3794 443 3845 et
473 3789 689 3843 beatus
720 3787 899 3842 David
933 3804 1066 3841 cum
1092 3791 1392 3858 peccatum
1413 3803 1586 3840 suum
1610 3785 1794 3840 Domi-

143 3894 211 3931 no
241 3879 646 3940 confiteretur,
683 3877 798 3931 ait:
830 3875 960 3929 Tibi
986 3877 1090 3930 soli
1129 3877 1354 3946 peccavi
1411 3875 1580 3946 (Psal.
1615 3893 1662 3944 L,
1715 3875 1792 3945 6),

143 3969 318 4032 Quam
337 3965 704 4022 sententiam
720 3964 1170 4035 diligentissime
1185 3981 1477 4036 exponens
1492 3963 1795 4018 Gassiodo-

140 4073 236 4109 rus
259 4056 440 4111 dicit:
475 4077 504 4106 α
545 4054 627 4108 De
661 4053 874 4124 populo
907 4052 954 4107 si
1017 4053 1151 4123 quis
1209 4053 1502 4120 erraverit,
1566 4058 1622 4106 et
1678 4051 1794 4106 Deo

145 4149 337 4215 peccat
368 4147 423 4199 et
455 4141 587 4214 regi
622 4159 634 4194 :
669 4158 802 4195 nam
826 4142 1060 4211 quando
1080 4158 1178 4196 rex
1201 4141 1504 4212 delinquit,
1537 4139 1645 4195 soli
1679 4141 1794 4195 Deo

145 4250 274 4287 reus
305 4238 412 4300 est,
445 4231 596 4304 quia
626 4229 923 4284 hominem
949 4247 1062 4284 non
1097 4229 1273 4285 habet
1315 4229 1415 4302 qui
1460 4230 1586 4300 ejus
1645 4229 1796 4284 facta

146 4321 442 4393 dijudicet.
475 4319 694 4376 Merito
725 4335 859 4392 ergo
891 4337 989 4374 rex
1017 4319 1134 4374 Deo
1157 4323 1382 4374 tantum
1407 4319 1550 4374 dicit
1579 4336 1639 4374 se
1667 4336 1795 4390 pec-

146 4427 325 4477 casse,
356 4412 496 4482 quia
530 4407 700 4465 solus
731 4413 872 4463 erat.
909 4409 1008 4479 qui
1040 4410 1168 4478 ejus
1202 4407 1488 4479 potuisset
1538 4407 1796 4462 admissa

1900 3257 2071 3311 fidem
2107 3257 2392 3322 servabat,
2426 3260 2481 3310 et
2513 3273 2614 3327 pro
2644 3273 2709 3310 eo
2742 3272 2905 3310 orare
2937 3273 3049 3311 non
3083 3255 3403 3310 differebat.
3443 3259 3543 3312 De-

1901 3345 2078 3415 nique
2109 3345 2468 3399 enumeratis
2498 3344 2814 3413 injuriisab
2847 3359 2912 3397 eo
2932 3343 3410 3413 sibiinflictis,ait
3427 3361 3548 3398 rur-

1902 3450 2004 3487 sus
2035 3433 2154 3502 (lib,
2189 3451 2250 3496 ιι,
2290 3434 2445 3502 epist.
2517 3434 2541 3485 1
2578 3434 2637 3486 in
2678 3431 2852 3502 ﬁne):
2889 3452 2916 3479 ‹‹
2953 3431 3136 3485 .lnter
3191 3431 3311 3484 hinc
3342 3432 3542 3487 omnia

1901 3522 2122 3576 incerta
2151 3522 2221 3575 ad
2254 3519 2408 3574 solas
2439 3519 2724 3591 lacrymas
2738 3519 3138 3589 redeo,petens
3171 3523 3234 3574 nt
3252 3519 3399 3574 idem
3420 3537 3543 3575 om-

1903 3612 2171 3681 nipotens
2202 3610 2354 3664 Deus
2386 3609 2717 3680 piissimum
2749 3606 3053 3662 dominum
3074 3613 3338 3663 nostrum
3363 3614 3544 3666 etsua

1905 3699 1998 3755 hic
2030 3715 2207 3753 manu
2227 3695 2919 3768 regat,etinilloterribili
2942 3696 3168 3768 judicio
3198 3696 3446 3752 liberum
3471 3699 3543 3754 ab

1904 3787 2180 3844 omnibus
2212 3786 2436 3841 delictis
2470 3785 2743 3842 inveniat.
2772 3808 2792 3833 ι
2820 3785 2929 3840 Sed
2960 3786 3097 3857 quia
3123 3786 3409 3842 Dominus
3433 3787 3546 3843 sibi

1903 3877 2278 3932 commissam
2310 3875 2626 3930 vindictam
2660 3892 2771 3930 non
2795 3874 3043 3938 dill‘erat,
3075 3876 3262 3931 eidem
3280 3877 3546 3933 Mauritio

1905 3971 2106 4037 postea
2137 3970 2330 4036 aperte
2353 3965 2814 4019 demonstratum
2875 3969 2983 4018 est.
3045 3968 3255 4020 Beatus
3311 3982 3546 4037 quoque

1904 4054 2247 4109 Ambrosius
2279 4069 2410 4107 cum
2443 4053 2659 4121 injuste
2702 4058 3146 4123 persequeretur
3176 4070 3207 4108 a
3265 4054 3545 4125 principe,

1906 4148 2091 4198 totum
2126 4159 2185 4196 sc
2217 4141 2462 4194 Domino
2483 4139 3058 4208 commendabat,nec
3080 4141 3441 4196 defendendo
3465 4158 3551 4198 rc-

1906 4233 2109 4287 sistere
2141 4229 2456 4300 quierebat.
2488 4227 2703 4282 Taliter
2735 4228 3064 4282 sacerdotes
3098 4229 3193 4284 Dei
3227 4245 3288 4284 se
3346 4235 3548 4286 contra

1907 4321 2139 4392 iniquos
2174 4318 2464 4390 principes
2496 4315 2724 4371 munire
2754 4315 2986 4369 debent.
3021 4315 3184 4370 Sicut
3215 4317 3295 4370 ait
3342 4317 3549 4373 beatus

1911 4408 2120 4464 Paulus
2153 4406 2488 4478 apostolus:
2524 4408 2643 4460 Non
2692 4405 3038 4474 vosmetipsos
3093 4404 3354 4476 (le/“entes,
3411 4405 3546 4460 cha-

147 4498 489 4555 discutere.»
524 4499 642 4554 Sed
675 4498 813 4568 quid
846 4497 1157 4553 dicendum
1177 4497 1350 4552 estde
1372 4496 1645 4551 omnibus
1665 4496 1795 4551 aliis
1828 4520 1872 4582 ι)
1904 4499 2092 4553 rissmi
2142 4497 2234 4551 sed
2263 4495 2384 4550 date
2416 4496 2594 4549 locum
2625 4497 2742 4548 iraz.
2771 4494 3042 4563 Scriptum
3065 4501 3146 4548 est
3171 4511 3188 4546 :
3240 4494 3373 4548 Mihi
3427 4496 3551 4547 vtn-

149 4589 360 4644 sanctis
391 4587 744 4643 doctoribus
767 4587 822 4641 in
848 4587 954 4641 hoc
978 4585 1479 4641 consentientibus
1497 4586 1524 4639 ‘?
1541 4585 1645 4649 Qui
1662 4601 1793 4640 vero

150 4684 346 4733 contra
375 4678 488 4733 hos
521 4691 732 4732 omnes
765 4675 1063 4730 calcitrare
1094 4674 1357 4737 voluerit,
1392 4671 1612 4744 liquido
1648 4678 1801 4744 patet

152 4767 282 4836 quia
313 4785 380 4821 ex
412 4765 749 4821 Dominicis
780 4765 983 4819 ovibus
1017 4781 1131 4818 non
1172 4764 1299 4828 erit,
1332 4779 1526 4817 vocem
1570 4762 1801 4817 Domini

153 4871 264 4910 non
287 4857 474 4922 audit,
513 4855 740 4908 bonum
773 4858 1066 4924 pastorem
1083 4870 1195 4907 non
1218 4851 1533 4923 cognoscit,
1561 4867 1799 4922 pascen-

154 4946 261 4998 tem
291 4961 427 4999 oves
463 4960 584 4998 non
610 4940 1803 5013 intelligit,magistrumspernit.Superest

153 5035 210 5085 ut
242 5033 332 5086 fur
363 5033 442 5087 sit
466 5038 525 5087 et
558 5031 732 5097 latro,
767 5035 975 5084 mactet
1009 5035 1064 5084 et
1104 5030 1326 5101 perdat.
1374 5029 1441 5082 Et
1472 5029 1518 5082 si
1563 5029 1618 5082 in
1669 5028 1802 5082 ovili

154 5121 447 5176 Dominico
483 5137 548 5176 se
564 5118 1206 5189 conSpicit,consideret
1224 5120 1376 5172 unde
1400 5117 1483 5172 vel
1509 5119 1800 5188 quomodo

153 5207 403 5265 intravit.
437 5210 536 5264 Ait
567 5207 726 5262 enim
758 5207 1080 5267 Dominus:
1114 5208 1221 5275 Qui
1266 5223 1477 5262 mecum
1533 5223 1640 5261 non
1701 5215 1800 5276 est,

154 5296 436 5354 adversum
467 5315 558 5353 me
587 5299 669 5351 est
689 5314 706 5350 :
739 5301 788 5351 et
818 5299 912 5368 qui
941 5313 1151 5352 meeum
1199 5313 1305 5351 non
1336 5297 1550 5366 colligit
1595 5298 1806 5366 spargit

154 5389 303 5452 (Luc.
359 5406 437 5458 x1,
498 5386 618 5458 23).
679 5385 828 5439 Sane
883 5387 1211 5452 sciendum,
1273 5385 1411 5456 quia
1465 5401 1598 5438 cum
1651 5384 1805 5438 Deus

157 5475 528 5548 omnipotens
553 5472 763 5529 utilem
794 5474 1002 5546 populo
1035 5473 1355 5547 principem
1371 5473 1586 5528 donare
1607 5473 1808 5544 digna-

154 5566 532 5638 tur,justum
565 5567 661 5621 est
690 5565 756 5619 ut
802 5564 928 5636 ejus
996 5564 1104 5622 hoc
1163 5561 1361 5636 pietati
1393 5561 1710 5632 ascribant,
1752 5565 1809 5618 et

1903 4588 2122 4652 dictam,
2155 4601 2248 4656 ego
2280 4585 2600 4650 retribuam,
2631 4584 2765 4638 dicit
2811 4583 3069 4636 Dominus
3099 4585 3270 4653 (Rom.
3304 4599 3406 4652 xu,
3441 4583 3550 4654 17).

1910 4677 2053 4730 Nam
2085 4673 2265 4728 armis
2297 4673 2550 4738 defendi,
2584 4671 3010 4743 depraedatione
3039 4671 3126 4726 vel
3157 4671 3554 4729 devastatione

1909 4763 2412 4835 vindicari,pra3da
2427 4762 2618 4827 ditari,
2635 4761 2716 4816 vel
2735 4761 3048 4816 homicidio
3063 4760 3149 4816 vel
3163 4761 3558 4818 devastationc

1909 4852 2209 4918 vindicari,
2245 4852 2438 4923 praida
2468 4852 2662 4918 ditari,
2694 4851 3100 4906 velhomicidio
3115 4849 3202 4904 vel
3244 4851 3558 4906 detrunca-

1910 4941 2067 4996 tione
2097 4942 2433 5006 timcri,non
2471 4940 2969 5004 sacerdotum,sed
2986 4941 3316 4995 daemonum
3351 4940 3560 4996 est.Ait

1912 5047 2165 5100 namque
2197 5030 2402 5084 beatus
2435 5029 2605 5083 David
2636 5045 2647 5080 :
2681 5029 2859 5083 Nolite
2889 5044 3109 5098 sperare
3141 5031 3199 5083 in
3234 5031 3558 5098 iniquitate:

1911 5128 1961 5173 et
1995 5121 2051 5172 in
2087 5121 2305 5190 rapinis
2333 5121 2498 5172 nolite
2525 5107 2904 5187 concupiscere
2934 5117 3101 5187 (Psal.
3139 5135 3246 5184 Lxl,
3285 5114 3564 5187 li).Talia

1913 5207 2124 5261 etenim
2151 5212 2552 5278 perpetrantes
2576 5205 2916 5260 mercenarii
2949 5205 3062 5259 diei
3085 5208 3560 5276 possunt,pasto-

1915 5311 2006 5350 res
2034 5310 2204 5348 aures
2237 5292 2574 5346 nullatenus
2605 5310 2733 5348 esse
2777 5296 3042 5363 possunt.
3101 5295 3217 5346 Aut
3271 5293 3563 5364 quomodo

1916 5383 2031 5437 Deo
2064 5380 2416 5436 sacrificium
2449 5381 2652 5435 offerre
2684 5398 2799 5452 prae
2821 5385 3078 5448 sument,
3115 5397 3249 5435 cum
3320 5381 3567 5437 audiant

1915 5472 2109 5542 ipsum
2141 5467 2756 5524 Dominumdicentem
2785 5487 2797 5523 :
2828 5471 2892 5524 Si
2912 5471 3078 5540 oﬂ‘ers
3099 5485 3306 5525 munus
3321 5468 3564 5526 tuumad

1916 5560 2110 5630 altare,
2140 5563 2195 5616 et
2225 5559 2304 5616 ibi
2330 5555 2640 5615 recordatus
2659 5557 2838 5630 fueris
2871 5559 3004 5632 quia
3027 5560 3205 5636 frater
3235 5563 3359 5618 tuus
3389 5558 3550 5619 habet
