3956 6230
411 334 484 389 9!)
1434 326 1768 385 ATTQNIS
1816 328 2393 386 VERCELLENSIS
2446 327 2786 386 El’lSCOl’l

3698 326 3821 387 100

407 461 620 534 aliquid
649 460 938 517 aduersum
967 462 1050 514 te:
1085 457 1329 529 relinque
1358 457 1437 510 ibi
1467 473 1666 512 munus
1716 461 1869 513 iuum
1926 471 2050 513 ante
2079 467 2125 525 Α
2165 460 2313 513 tidiae
2347 460 2725 531 impietatem.
2760 458 3812 530 Jurantenimregibussuis,etﬁdem

407 551 600 618 altare,
633 554 685 605 et
714 549 847 604 vade
877 545 1029 618 prius
1048 546 1398 600 reconciliari
1452 547 1622 616 fratri
1669 556 1778 612 tuo,
1838 555 1888 602 et
1924 555 2051 602 tunc

402 641 619 696 veniens
649 639 844 710 oﬂeres
874 653 1074 692 munus
1105 640 1260 690 tuum
1292 634 1495 706 (Matth.
1529 636 1783 707 v,23,24)
1841 677 1852 690 .
1935 679 1948 690 .
2031 679 2042 690 .

405 772 419 784 .
502 770 514 782 .
594 769 608 782 .
690 769 702 780 .
785 769 796 780 .
881 726 1234 779 .adversum
1267 739 1374 778 nos
1405 722 2046 790 baberesentimus,sa-

408 815 692 872 oriﬁcium
728 819 840 870 Deo
873 813 1203 868 nullatenus
1231 812 1435 866 offerre
1467 813 1767 867 debemus.

476 905 665 977 Igitur
678 920 803 974 quia
819 904 888 957 de
911 902 1193 974 perversis
1219 901 1451 971 regibus
1467 901 1749 955 servanda
1769 900 2043 956 ﬁdelitate

399 995 516 1049 huc
547 1010 732 1066 usque
762 993 1039 1058 diximus,
1079 991 1208 1046 ideo
1255 991 1530 1044 adnotare
1588 990 1938 1060 curavimus,
1979 994 2044 1046 ut

399 1084 604 1140 exinde
634 1081 952 1154 intelligere
974 1079 1521 1149 valeamus,quanta
1541 1077 1841 1151 diligentia
1863 1095 2042 1150 quan-

399 1178 574 1243 taque
606 1171 830 1226 cautela
861 1169 1030 1225 bonis
1059 1168 1296 1223 obedire
1328 1167 1904 1238 debeamus,quando
1937 1183 2040 1222 nec

396 1262 569 1317 etiam
603 1260 788 1315 malos
820 1257 1132 1314 asubditis
1186 1257 1478 1311 vexandos
1535 1271 1662 1310 esse
1710 1272 2036 1311 monemur.

395 1350 557 1414 Quod
591 1348 639 1403 si
667 1349 753 1402 ira
786 1346 1067 1418 principis
1095 1345 1155 1399 in
1181 1348 1409 1399 tantum
1429 1343 1811 1413 desaeviat,vel
1843 1344 1890 1399 si
1921 1348 2037 1399 tam

395 1437 588 1509 gravis
623 1435 794 1491 fuerit
827 1434 1092 1506 culpa,ut
1113 1433 1184 1488 ad
1207 1434 1334 1503 ejus
1351 1431 1596 1504 gratiam
1620 1432 1898 1486 redeundi
1915 1433 2037 1487 adi-

394 1531 493 1581 tus
525 1523 683 1580 nullo
714 1524 887 1579 modo
915 1521 1255 1594 reperiatur,
1287 1536 1472 1592 neque
1504 1520 1841 1575 sacerdotali
1867 1521 2038 1576 inter-

393 1617 588 1680 ventu,
625 1629 810 1682 neque
843 1615 1180 1682 magnatum
1207 1609 1699 1680 precibus,verum
1735 1610 1908 1663 etiam
1933 1625 2035 1664 nec

397 1701 775 1756 familiarium
811 1697 1074 1755 consiliis
1092 1697 1174 1752 vel
1200 1695 2035 1767 supplicationibus,nullaquc

393 1789 792 1846 satisfactione
824 1788 1010 1860 ipsius
1043 1786 1274 1841 animus
1299 1784 1512 1856 placari
1547 1785 1752 1854 possit,
1785 1788 1922 1838 tunc
1946 1784 2031 1837 fu-

391 1879 672 1952 giendum
705 1894 832 1933 esse
855 1875 1240 1939 consulimus,
1276 1873 1502 1927 dicente
1543 1872 1789 1926 Domino
1815 1889 1826 1926 :
1851 1873 1910 1926 Si
1945 1889 2033 1927 vos

388 1969 670 2036 persecuti
689 1967 969 2038 [uerintin
992 1981 1104 2019 una
1125 1965 1343 2017 civitate
1361 1963 1533 2032 fugite
1547 1964 1603 2016 in
1620 1964 1790 2015 aliam
1824 1963 2028 2033 (Matth.

388 2075 442 2125 x,
473 2057 584 2127 23),
613 2057 794 2110 donec
826 2051 1317 2108 mittatDominus
1340 2050 1619 2106 auxilium
1646 2051 1716 2105 de
1747 2056 2032 2115 sancto,et

388 2147 456 2200 de
478 2143 702 2200 excelso
719 2143 1065 2198 misereatur
1078 2140 1449 2210 omnipotens
1477 2139 1590 2194 Con
1603 2140 1906 2209 gruentius
1930 2139 2030 2194 ita-

383 2249 493 2304 que
525 2232 644 2287 ﬁeri
671 2235 884 2303 potest,
916 2233 980 2284 ut
1008 2228 1219 2300 aliquis
1253 2243 1556 2299 procerum
1591 2228 1843 2282 furorem
1879 2229 2029 2300 regis

381 2322 470 2377 sui
506 2318 1250 2393 fugiendo'ldeclinet,quam
1283 2332 1382 2370 rex
1410 2315 1560 2370 infra
1584 2315 1672 2370 sui
1707 2315 2029 2387 regniﬁnes

380 2409 761 2464 rebellantem
796 2407 1104 2462 adversum
1136 2421 1196 2459 se
1223 2404 1490 2476 persequi
1527 2404 1776 2459 omittat.
1801 2405 2030 2458 Audivi-

381 2515 515 2552 mus
547 2496 759 2552 etenim
790 2495 1078 2565 quosdam
1109 2493 1192 2548 sic
1232 2493 1564 2558 evadentes,
1615 2493 1685 2547 ad
1752 2493 2027 2562 pristinos

381 2586 757 2658 postmodum
789 2582 1124 2638 felicissime
1145 2597 1437 2636 remeasse
1460 2581 2023 2646 honores.Qnosdam

378 2691 512 2729 vero
545 2670 1440 2745 pertinaciterintrantes,usque
1464 2671 1634 2724 etiam
1670 2671 1738 2724 ad
1772 2675 2026 2725 contem-

380 2762 646 2834 ptibilem
677 2760 895 2815 exitum
926 2758 1283 2831 pervenisse,
1315 2758 1415 2812 Est
1445 2758 1599 2812 enim
1633 2758 1896 2813 naturale
1937 2777 2024 2814 re-

382 2851 665 2918 medium,
700 2854 765 2904 ut
795 2849 895 2920 qui
928 2864 1030 2920 pro
1063 2846 1393 2902 diversitate
1425 2863 1651 2901 morum
1687 2847 1861 2902 simul
1893 2864 2023 2918 per-

382 2955 620 2996 manere
650 2955 765 2994 non
799 2941 1091 3010 poterunt,
1126 2937 1375 3005 majores
1408 2936 1660 2990 minores
1712 2935 2020 3006 expellant,

385 3029 639 3084 minores
670 3027 830 3099 ipsos
863 3027 1112 3097 majores
1143 3024 1387 3096 fugiant,
1419 3024 1563 3079 Nam
1597 3029 1659 3078 ut
1691 3042 1722 3078 a
1769 3024 2023 3079 subditis

385 3115 676 3188 praepositi
707 3113 1038 3170 violentiam
1070 3114 1169 3167 diu
1203 3113 1516 3184 patiantur,
1565 3113 2021 3183 ignominiosum

2162 564 2337 619 quam
2371 547 2717 620 pollicentur
2746 547 3327 619 praevaricantur,nec
3349 552 3621 603 metuunt
3639 548 3814 604 volu-

2159 653 2291 692 men
2324 636 2467 692 illud
2496 637 2693 708 iudicii
2719 637 2949 708 Dei,per
2969 637 3123 708 quod
3147 636 3423 691 indicitur
3445 636 3810 693 maledictio.

2158 725 2455 797 Multaque
2486 730 2574 781 est
2605 743 2906 798 pcenarum
2939 725 3315 780 comminatio
3349 742 3526 797 super
3547 742 3668 794 eos,
3705 727 3813 798 qui

2148 816 2354 885 jurant
2385 816 2442 870 in
2474 815 2708 870 nomine
2739 815 2838 869 Dei
2872 814 3243 869 mendaciter.
3277 816 3410 880 Quae
3446 814 3625 886 igitur
3668 832 3810 887 spes

2153 901 2370 958 talibus
2405 903 2635 974 populis
2668 909 2869 958 contra
2902 903 3100 957 hostes
3131 901 3808 959 laborantibus?Eritne

2153 990 2296 1046 ﬁdes
2312 991 2464 1046 ultra
2477 1009 2608 1046 cum
2625 991 2755 1047 aliis
2768 993 3040 1064 gentibus
3054 992 3112 1046 in
3136 1007 3274 1063 pace
3286 992 3575 1046 credenda
3593 992 3620 1045 ?
3634 993 3804 1056 Quod

2151 1079 2341 1135 fmdus
2361 1097 2473 1135 non
2496 1080 2829 1136 violandum
2846 1081 2873 1134 ?
2891 1081 3094 1144 Quaain
3116 1080 3592 1152 bostibusjurata
3617 1096 3802 1151 spon-

2151 1168 2238 1223 sio
2271 1169 2657 1240 permanebit,
2683 1169 2915 1240 quando
2945 1185 3049 1224 nec
3070 1168 3535 1240 ipsius.propriis
3557 1169 3804 1241 regibus

2142 1259 2402 1330 juratam
2435 1259 2608 1313 ﬁdem
2636 1257 3022 1313 conservant?
3048 1257 3155 1320 Qui
3187 1258 3342 1312 enim
3365 1257 3506 1314 adeo
3538 1257 3804 1314 furiosus

2149 1352 2257 1413 est,
2286 1348 2384 1418 qui
2416 1351 2588 1418 caput
2629 1363 2800 1401 suum
2835 1364 3009 1402 manu
3045 1346 3279 1418 propria
3310 1346 3585 1402 desecet‘?
3614 1347 3688 1401 Et
3715 1345 3802 1400 illi

2149 1442 2215 1490 ut
2238 1440 2439 1490 notum
2469 1436 2953 1502 est,immemores
2984 1435 3190 1490 salutis
3213 1452 3330 1489 suae
3353 1434 3590 1506 propria
3612 1451 3796 1490 manu

2148 1523 2370 1594 seipsos
2397 1522 2821 1591 interimunt,in
2841 1525 3186 1595 semetipsos
3212 1523 3596 1595 prepriosque
3624 1539 3794 1596 reges

2147 1627 2286 1665 suas
2317 1614 2700 1667 convertendo
2731 1612 2902 1667 vires.
2946 1612 3014 1666 Et
3063 1612 3201 1666 dum
3253 1611 3540 1666 Dominus
3598 1610 3794 1666 dicat:

2144 1700 2329 1755 Nolite
2357 1705 2584 1768 (angere
2613 1700 2841 1755 chrislos
2872 1717 3014 1755 meos
3045 1700 3213 1770 (Psal.
3247 1717 3358 1765 CIV,
3394 1699 3503 1771 l5).
3557 1703 3626 1754 Et
3683 1704 3794 1755 Da-

2145 1787 2274 1842 vid:
2311 1790 2469 1856 Quis,
2501 1789 2712 1860 inquit,
2750 1789 2975 1844 emendet
2998 1805 3226 1842 manum
3245 1805 3403 1842 suam
3420 1790 3479 1842 in
3519 1787 3796 1843 ehristum

2142 1877 2378 1941 Domini,
2413 1886 2464 1932 et
2495 1879 2752 1933 innocens
2783 1879 2890 1931 erit
2915 1877 2942 1929 ?
2969 1877 3014 1948 (1
3043 1879 3167 1948 Reg.
3201 1894 3350 1942 xxvn,
3381 1877 3458 1943 9.)
3505 1875 3627 1931 Illis
3689 1893 3795 1931 nec

2139 1965 2320 2020 vitare
2352 1971 2542 2021 metus
2574 1973 2625 2020 et
2651 1966 2993 2038 perjurium,
3029 1982 3134 2021 nec
3164 1965 3397 2037 regibus
3429 1965 3552 2020 suis
3576 1965 3794 2021 inferre

2141 2054 2691 2110 exitium.Hostibus
2727 2056 2941 2126 quippe
2975 2054 3116 2110 ﬁdes
3148 2054 3300 2126 pacti
3349 2054 3656 2121 datur,nec
3678 2055 3794 2109 vio-

2143 2143 2314 2197 latur.
2351 2144 2510 2208 Quod
2543 2143 2590 2198 si
2623 2143 2681 2198 in
2705 2143 2855 2198 bello
2888 2143 3030 2198 ﬁdes
3059 2142 3228 2209 valet,
3264 2149 3481 2215 quanto
3514 2143 3708 2214 magis
3731 2143 3789 2197 in

2141 2233 2264 2288 suis
2295 2233 2581 2288 servanda
2606 2233 2739 2286 est?
2769 2230 3149 2303 Sacrilegium
3183 2231 3398 2303 quippe
3419 2236 3508 2287 est
3539 2232 3587 2287 si
3611 2231 3787 2286 viole-

2138 2325 2234 2375 tur
2259 2338 2292 2375 a
2322 2322 2596 2393 gentibus
2629 2337 2828 2392 regum
2864 2336 3104 2375 suorum
3138 2321 3426 2392 promissa
3454 2320 3621 2389 ﬁdes,
3650 2319 3791 2391 quia

2139 2424 2254 2463 non
2287 2408 2475 2464 solum
2508 2409 2566 2464 in
2595 2426 2691 2464 eos
2725 2409 2789 2463 ﬁt
2819 2409 3036 2480 peccati
3073 2408 3478 2479 transgressio,
3501 2410 3602 2464 sed
3636 2414 3698 2464 et
3729 2410 3786 2466 in

2137 2497 2321 2552 Deum
2347 2499 2604 2569 quidem,
2639 2499 2692 2552 in
2720 2498 2888 2566 cujus
2922 2495 3155 2553 nomine
3182 2497 3488 2569 pollicetur
3509 2498 3640 2570 ipsa
3661 2515 3788 2570 pro-

2137 2586 2362 2640 missio.
2397 2587 2534 2641 Inde
2564 2590 2671 2651 cst,
2704 2587 2855 2656 quod
2902 2585 3086 2641 multa
3109 2603 3285 2658 regna
3314 2591 3602 2641 terrarum
3621 2587 3785 2643 coale-

2136 2676 2244 2728 stis
2277 2674 2576 2728 iracundia
2608 2675 2720 2728 ista
2751 2675 3192 2746 permutavit,ut
3222 2675 3526 2746 impietate
3572 2675 3710 2731 ﬁdei
3730 2681 3785 2732 et

2137 2779 2368 2818 morum
2403 2761 2652 2817 alterum
2687 2763 2757 2817 ab
2781 2762 2958 2818 altero
2993 2763 3327 2818 solveretur.
3379 2763 3542 2818 Unde
3574 2767 3633 2818 et
3677 2782 3784 2820 nos

2135 2867 2333 2908 eavere
2363 2856 2592 2923 oportet
2624 2869 2823 2906 casum
2856 2852 3194 2922 hujusmodi
3230 2852 3599 2923 gentium,ne
3624 2853 3786 2908 simi-

2134 2939 2267 2995 liter
2297 2939 2468 3012 plaga
2499 2940 2776 2994 t‘eriamur
2807 2939 3105 3011 przecipiti,
3135 2945 3192 2994 et
3234 2957 3401 3011 poena
3460 2940 3782 3012 puniamur

2133 3029 2354 3084 crudeli
2383 3029 2439 3083 Si
2472 3029 2623 3085 enim
2663 3033 2808 3084 Deus
2839 3029 3061 3100 angelis
3094 3027 3152 3082 in
3174 3044 3235 3083 se
3258 3029 3781 3100 praevaricantibus

2133 3135 2244 3172 non
2281 3117 2553 3188 pepercit,
2592 3117 2691 3187 qui
2725 3134 2826 3188 per
2857 3117 3310 3172 ibobedientiam
3343 3116 3573 3173 cceleste
3613 3119 3780 3174 habi-

384 3212 494 3264 est.
530 3206 613 3261 Ait
645 3205 800 3260 enim
832 3203 1154 3259 Dominus:
1214 3204 1330 3257 Non
1384 3206 1463 3256 est
1517 3201 1822 3272 discipulus
1860 3216 2022 3271 super
2055 3189 2095 3254 C
2135 3206 2390 3260 tacuium
2425 3206 2802 3276 perdiderunt
2832 3221 2844 3258 :
2879 3206 3033 3259 unde
3065 3210 3120 3260 et
3150 3223 3251 3276 per
3310 3205 3524 3260 Isaiam
3583 3207 3731 3263 dicit
3761 3227 3772 3264 :

378 3298 728 3366 magistrum,
789 3309 962 3365 neque
1029 3307 1212 3348 servus
1292 3307 1456 3362 super
1526 3290 1814 3346 dominum
1860 3307 2020 3344 suum

379 3381 1049 3460 (Ibid.,24).Venerabilis
1070 3381 1244 3436 etiam
1269 3380 1524 3435 Joannes
1565 3379 2018 3452 Chrysostomus

376 3477 434 3531 in
463 3476 714 3547 quadam
748 3469 1085 3526 homiliasic
1109 3469 1189 3524 ait
1213 3487 1225 3524 :
1249 3489 1270 3516 α
1301 3469 1463 3523 Sicut
1481 3468 1636 3524 enim
1670 3468 1938 3524 videmus
1959 3468 2014 3522 in

375 3565 506 3620 istis
537 3560 937 3618 mundialibus
969 3557 1162 3630 regnis
1194 3557 1486 3628 quomodo
1520 3558 1575 3610 in
1633 3557 1839 3628 primis
1891 3557 2019 3627 qui-

375 3654 508 3708 dem
542 3667 712 3706 nemo
745 3651 938 3720 potest
969 3647 1154 3702 facere
1185 3645 1444 3718 seipsum
1468 3647 1791 3716 regem,sed
1827 3662 2015 3716 popu-

373 3742 470 3798 lus
500 3739 664 3812 eligit
693 3737 804 3794 sibi
833 3753 1046 3808 regem,
1081 3752 1252 3807 quem
1271 3735 1431 3790 vult:
1467 3735 1568 3789 sed
1602 3751 1733 3788 cum
1767 3750 1864 3789 rex
1919 3733 2016 3789 ille

374 3830 550 3886 fuerit
582 3829 767 3882 factus
800 3830 856 3880 et
882 3825 1260 3880 conﬁrmatus
1306 3824 1365 3879 in
1413 3840 1611 3894 regno,
1660 3824 1782 3892 jam
1841 3822 2015 3878 habet

372 3915 796 3991 potestatemin
840 3913 1198 3979 hominibus,
1257 3917 1313 3967 et
1343 3928 1457 3967 non
1521 3914 1707 3982 potest
1760 3911 2012 3982 populus

365 4008 581 4079 jugum
614 4006 739 4076 ejus
770 4003 840 4058 de
870 4002 1088 4058 cervice
1118 4019 1226 4057 sua
1257 3999 1707 4072 repellere.Nam
1754 4000 2008 4069 primum

372 4096 609 4168 quidem
644 4093 702 4148 in
733 4095 1017 4165 potestate
1050 4090 1249 4163 populi
1281 4093 1369 4144 est
1408 4089 1597 4144 facere
1644 4087 1754 4143 sibi
1815 4104 2008 4159 regem

370 4201 543 4256 quem
597 4183 757 4251 vult;
819 4183 1035 4237 factum
1095 4185 1290 4236 autem
1351 4179 1422 4232 de
1480 4194 1652 4248 regno
1713 4175 2008 4249 repellere,

357 4275 486 4346 jam
520 4289 633 4328 non
665 4276 753 4328 est
782 4273 839 4327 in
870 4274 1153 4343 potestate
1179 4270 1328 4339 ejus,
1361 4271 1418 4322 et
1449 4267 1530 4322 sic
1578 4265 1848 4321 voluntas
1907 4284 2006 4338 po-

367 4362 491 4435 puli
523 4366 726 4434 postea
754 4359 813 4414 in
846 4358 1252 4414 necessitatem
1311 4354 1688 4410 convertitur.
1725 4377 1752 4402 ››
1814 4355 2005 4410 Sancti

365 4468 596 4524 quoque
618 4451 814 4506 Patres
836 4464 1003 4504 sacra
1023 4445 1384 4502 celebrantes
1406 4441 1781 4513 concilia,pro
1804 4445 2006 4498 robore

2130 3297 2450 3350 Inebriatus
2478 3303 2556 3349 est
2586 3294 2802 3363 gladius
2831 3311 2981 3349 meus
3030 3296 3086 3348 in
3120 3296 3250 3350 coelo
3298 3295 3432 3365 (Isai
3481 3311 3655 3350 xxxxv
3678 3296 3772 3367 5):

2128 3390 2346 3455 quanto
2382 3383 2567 3455 magis
2599 3387 2804 3438 nostrae
2823 3382 3342 3438 salutisinteritum
3368 3382 3574 3439 timere
3599 3385 3776 3440 debe-

2129 3489 2281 3542 mus,
2317 3489 2388 3527 ne
2418 3489 2518 3544 per
2545 3471 2948 3526 inﬁdelitatem
2990 3472 3256 3526 eamdem
3315 3471 3610 3528 saevientis
3672 3474 3773 3529 Dei

2126 3561 2318 3632 giadio
2333 3560 2677 3632 pereamus?
2695 3559 2854 3623 Quod
2871 3560 2917 3614 si
2936 3559 3190 3614 divinam
3206 3560 3571 3615 iracundiam
3585 3562 3773 3618 vitare

2125 3649 2415 3718 volumus,
2449 3654 2504 3705 et
2535 3649 2900 3705 severitatem
2932 3649 3060 3719 ejus
3087 3649 3156 3703 ad
3189 3647 3561 3703 clementiam
3605 3665 3768 3705 revo-

2125 3756 2252 3793 care
2284 3739 2556 3810 cupimus
2581 3739 2690 3806 (53)
2726 3754 2795 3792 ne
2814 3753 2931 3791 una
2953 3753 3086 3791 cum
3113 3736 3196 3791 eis
3220 3737 3317 3808 qui
3341 3737 3540 3792 eadem
3569 3740 3771 3810 coniuo

2123 3828 2341 3882 ratione
2373 3829 2642 3882 nituntur
2671 3844 2776 3899 par
2799 3842 2968 3897 poena
2998 3825 3338 3897 perditionis
3381 3827 3769 3900 constringat,

2122 3933 2269 3987 quos
2300 3917 2358 3970 in
2393 3915 2643 3986 pernicie
2674 3931 2849 3986 prava
2881 3915 3128 3969 societas
3159 3915 3408 3985 copulat.
3457 3915 3515 3968 Si
3579 3915 3771 3987 placet

2121 4005 2394 4060 omnibus
2426 4003 2525 4075 qui
2557 4003 2774 4058 adestis
2805 4003 2924 4056 haec
2956 4004 3128 4074 tertip
3163 4002 3431 4057 reiterata
3452 4006 3764 4076 sententia,

2118 4097 2323 4148 vestrae
2355 4093 2511 4148 vocis
2542 4109 2668 4146 eam
2694 4108 2979 4146 consensu
3045 4093 3296 4147 ﬁrmate.
3357 4092 3441 4146 Ab
3490 4092 3764 4150 universo

2119 4181 2272 4236 clero
2304 4185 2359 4236 et
2390 4179 2603 4252 populo
2635 4180 2855 4234 dictum
2886 4183 3010 4235 est:
3037 4203 3064 4229 «
3093 4180 3198 4244 Qui
3241 4183 3441 4235 contra
3488 4179 3638 4236 hanc
3667 4199 3765 4238 ve-

2118 4273 2300 4324 stram
2332 4269 2728 4323 deﬁnitionem
2761 4268 3560 4340 praesumpserit,anathema,
3578 4286 3772 4326 mara-

2118 4358 2315 4423 natha,
2352 4357 2460 4412 hoc
2493 4362 2580 4412 est
2611 4356 2860 4428 perditio
2891 4356 2951 4410 in
3011 4357 3257 4411 adventu
3317 4357 3544 4411 Domini
3575 4358 3677 4424 sit,
3712 4364 3772 4414 et

2116 4461 2248 4499 cum
2272 4445 2424 4500 Juda
2456 4444 2733 4500 Iscarioth
2769 4447 2991 4515 partem
3023 4443 3257 4515 habeat,
3283 4445 3504 4517 etipse,
3539 4450 3597 4501 et
3620 4447 3767 4503 socii

365 4556 568 4612 regum
603 4544 660 4595 et
689 4537 1006 4594 stabilitate
1037 4533 1199 4606 regni
1233 4530 1617 4604 sagacissime
1638 4531 2008 4602 protulerunt
2036 4555 2084 4619 D
2116 4550 2337 4589 eorum.
2366 4537 2568 4589 Amen.
2608 4556 2634 4582 ››
2680 4534 2750 4587 Et
2814 4549 2989 4587 nunc.
3035 4574 3046 4587 .
3094 4575 3107 4588 .
3149 4575 3161 4588 .
3209 4576 3220 4588 .
3267 4576 3278 4588 .
3327 4575 3338 4588 .
3385 4576 3396 4587 .
3444 4576 3455 4588 .
3504 4577 3516 4588 .
3566 4575 3578 4587 .
3624 4576 3638 4590 .
3686 4577 3699 4590 .
3750 4577 3763 4589 .

363 4631 613 4684 decreta.
650 4629 730 4683 Ex
762 4625 1004 4682 concilio
1036 4623 1313 4678 Toletano
1341 4637 1465 4692 cap.
1509 4621 1598 4687 75,
1651 4625 1782 4692 post
1836 4621 2004 4677 insti-

359 4721 487 4772 tuta
517 4718 781 4788 quaedam
814 4711 1188 4770 ecclesiastici
1220 4709 1462 4772 ordinis,
1489 4709 1572 4763 vel
1605 4703 1836 4765 decreta
1877 4727 2005 4782 qua:

361 4805 431 4860 ad
466 4805 853 4877 quorumdam
887 4801 1181 4872 pertinent
1221 4797 1608 4869 disciplinam.
1644 4821 1671 4846 «
1707 4803 2003 4854 Postrema

359 4895 529 4950 nobis
551 4894 777 4949 cunctis
810 4889 1211 4946 sacerdotibus
1233 4887 1520 4942 sententia
1545 4891 1758 4960 est,pro
1797 4891 2002 4946 robore

359 4988 694 5039 nostrorum
727 4995 956 5050 regum,
989 4982 1046 5032 et
1085 4975 1402 5031 stabilitate
1431 4977 1619 5048 gentis
1676 4978 1996 5034 Gothorum

355 5071 689 5144 pontiﬁcale
731 5067 1006 5122 ultimum
1040 5065 1149 5119 sub
1173 5064 1500 5135 Deojudice
1523 5067 1667 5121 ferre
1697 5067 1995 5122 decretum

353 5159 672 5214 Multarum
698 5154 914 5226 quippe
945 5153 1299 5224 gentium,ut
1329 5155 1481 5209 fama
1506 5159 1780 5222 est,tanta
1810 5160 2000 5209 exstat

354 5246 602 5320 perﬁdia
633 5243 985 5309 animorum,
1007 5246 1070 5296 ut
1097 5242 1265 5298 ﬁdem
1287 5243 1620 5311 juramento
1644 5243 1995 5315 promissam

354 5335 592 5407 regibus
625 5331 749 5388 suis
783 5346 1010 5386 servare
1040 5335 1432 5400 contemnant,
1465 5337 1523 5388 et
1560 5349 1656 5388 ore
1717 5331 1998 5387 simulent

347 5420 674 5495 juramenti
707 5419 1151 5492 professionem,
1182 5422 1320 5477 dum
1353 5423 1645 5478 retineant
1676 5425 1869 5477 mente
1897 5437 2000 5493 per

429 5579 543 5680 (53)
577 5597 836 5676 Cupimus
889 5599 1070 5657 Multa
1121 5599 1215 5658 hic
1244 5599 1436 5657 omitti
1470 5602 1670 5656 monet
1711 5598 2014 5662 Acherius.

2120 4665 2131 4678 .
2179 4665 2190 4677 .
2239 4665 2250 4677 .
2299 4666 2310 4676 .
2356 4666 2367 4678 .
2414 4664 2428 4679 .
2475 4664 2486 4676 .
2535 4665 2546 4677 .
2595 4665 2606 4676 .
2655 4665 2667 4676 .
2701 4645 2729 4671 «
2763 4623 3112 4693 Quanquam
3137 4623 3193 4677 in
3214 4622 3462 4678 concilio
3484 4624 3764 4680 anteriori

2115 4714 2266 4785 quod
2303 4728 2454 4766 anno
2486 4712 2674 4782 primo
2707 4711 3111 4783 gloriosissimi
3146 4711 3427 4784 principis
3480 4714 3666 4768 nostri
3691 4715 3765 4769 de

2112 4802 2449 4871 hujusmodi
2485 4817 2545 4855 re
2578 4799 2748 4854 fuerit
2777 4800 3143 4872 promulgata
3181 4802 3492 4868 sententia,
3557 4807 3762 4860 tamen

2111 4890 2301 4962 placet
2331 4891 2539 4944 iterare
2572 4890 2786 4959 (concil.
2825 4889 2993 4944 Tolet.
3029 4905 3104 4955 vi,
3139 4905 3186 4944 c.
3225 4889 3312 4956 17)
3343 4889 3498 4960 quod
3550 4906 3765 4947 conve-

2111 4980 2199 5034 nit
2229 4978 2541 5034 custodire.
2580 4979 2777 5048 Itaque
2808 4977 2927 5048 regi
2944 4978 3062 5032 vita
3091 4983 3393 5033 constante
3419 4977 3623 5034 nullus
3646 4981 3762 5036 sibi

2110 5067 2305 5138 aliquo
2337 5083 2506 5137 opere
2539 5070 2621 5121 vel
2650 5065 3085 5130 deliberatione,
3120 5083 3220 5120 seu
3255 5067 3766 5138 cujuscunquedi-

2109 5157 2350 5228 gnitatis
2379 5155 2585 5225 laicus,
2620 5172 2722 5211 seu
2754 5156 2936 5227 gradu
2972 5155 3363 5226 episcopatus,
3411 5158 3764 5228 presbyterii

2107 5250 2210 5302 aut
2236 5245 2483 5300 diaconii
2507 5244 3210 5315 consecratus,czeterique
3231 5243 3540 5300 clericatus
3582 5247 3767 5304 ofﬁcii

2108 5334 2563 5404 deditus,regem
2599 5333 2895 5404 provideat
2917 5337 3118 5387 contra
3141 5332 3386 5387 viventis
3411 5333 3567 5404 regis
3597 5336 3765 5391 utili-

2105 5427 2310 5490 tatem,
2344 5421 2506 5477 nullo
2538 5421 2938 5478 blandimento
2969 5420 3057 5477 vel
3107 5419 3381 5477 suasione
3439 5437 3543 5493 per
3592 5440 3764 5482 eam-
