3956 6230
332 324 447 385 103

1359 318 1696 378 ATTONIS
1744 316 2320 376 VEHCELLENSIS
2367 315 2714 374 EPISCOPI

3618 316 3757 374 104

332 458 426 512 tiis
449 457 588 526 ejus.
624 455 896 510 Delectare
925 451 985 508 in
1013 452 1261 516 Domino,
1292 457 1342 504 et
1370 448 1521 504 dabit
1550 450 1654 505 tibi
1684 450 1978 520 petitiones
2007 451 2062 514 Α
2093 463 2233 502 num
2265 450 2329 501 ut
2356 447 2619 518 erigeret,
2649 444 2926 517 porrexit,
2958 461 2994 499 a
3023 443 3250 500 cunctis
3281 458 3388 499 nos
3418 443 3591 501 malis
3624 446 3756 502 eri-

332 542 510 599 cordis
542 545 644 598 tui.
682 542 878 597 Revela
909 542 1132 595 Domino
1161 541 1308 594 viam
1334 540 1505 601 tuam,
1537 540 1588 592 et
1614 553 1772 608 spera
1802 539 1861 591 in
1892 553 1974 603 eo,

333 637 384 687 et
415 635 530 702 ipse
557 632 719 701 faciet
749 630 930 701 (Psal.
963 646 1153 695 XXXVI,
1187 628 1264 698 3).

403 720 507 776 His
537 724 592 776 et
612 718 908 774 similibus
938 721 1273 774 sanctarum
1296 714 1733 786 Scripturarum
1755 730 1977 770 sermo-

333 810 511 866 nibus
556 807 803 864 invicem
834 806 1225 871 exhortantes,
1278 805 1348 859 ad
1399 803 1641 859 meliora
1688 820 1795 859 nos
1844 820 1976 875 pro-

332 898 541 953 vehere
588 913 702 952 non
742 896 1060 958 tardemus,
1086 898 1144 949 et
1191 909 1338 964 quos
1387 892 1694 948 nobiscum
1744 892 1977 948 trahere

336 1005 452 1043 non
482 984 878 1050 valemus,hos
906 982 1114 1039 saltem
1145 983 1217 1038 ad
1251 982 1536 1037 deteriora
1565 982 1838 1053 prosequi
1870 982 1978 1037 for-

336 1076 650 1145 midemus,
679 1072 901 1128 dicente
944 1071 1219 1142 Apostolo
1253 1089 1266 1126 :
1300 1070 1540 1141 Inﬁdelis
1566 1072 1617 1127 si
1651 1071 1974 1138 discesserit,

332 1163 573 1220 discedat
602 1163 650 1233 (Ι
678 1161 797 1217 Cor.
830 1177 967 1230 xvn,
1002 1162 1113 1229 15).
1149 1159 1252 1215 Ille
1278 1160 1432 1215 enim
1466 1160 1539 1215 ab
1568 1159 1752 1215 altero
1782 1176 1981 1215 revera

331 1251 596 1318 discedit,
631 1250 731 1323 qui
762 1249 1107 1320 nequiorem
1136 1249 1289 1303 viam
1320 1248 1519 1320 eligit;
1554 1249 1655 1319 qui
1683 1249 1837 1304 viam
1870 1254 1978 1303 Do-

330 1340 474 1396 mini
497 1338 857 1410 relinquit,et
888 1354 992 1408 per
1014 1336 1182 1392 devia
1201 1337 1568 1391 errabundus
1591 1336 1977 1392 incedit.Nam

329 1429 400 1483 ad
432 1426 820 1498 praecipitium
870 1442 1006 1480 cum
1047 1424 1234 1480 amico
1281 1424 1653 1492 descendere,
1687 1442 1802 1480 non
1852 1425 1979 1480 sani

330 1515 540 1587 capitis
570 1519 660 1569 est
689 1514 790 1568 sed
826 1512 1132 1568 dementire
1168 1529 1180 1566 :
1216 1529 1321 1567 nec
1353 1512 1644 1568 societatis
1674 1513 1827 1569 valet
1857 1530 1983 1585 gra-

330 1604 433 1671 tia,
465 1603 566 1658 ubi
600 1601 763 1657 nulla
790 1606 881 1658 est
910 1602 1229 1673 adjuvandi
1259 1602 1490 1657 ﬁducia.

403 1692 513 1747 Sed
546 1708 617 1745 ne
667 1691 835 1746 nobis
883 1689 1252 1745 solummodo
1305 1690 1608 1746 consulere
1653 1691 1979 1761 videamur,

333 1781 402 1836 ad
439 1784 674 1836 caeteros
704 1784 881 1834 etiam
909 1779 1235 1835 redeamus.
1269 1779 1520 1834 Secundi
1551 1796 1782 1851 quoque
1823 1780 1975 1835 ordi-

334 1869 427 1923 nis
458 1867 673 1924 milites
705 1868 784 1923 ita
815 1884 921 1922 nos
953 1868 1264 1923 admonere
1294 1872 1540 1939 oportet,
1571 1872 1636 1922 ut
1662 1868 1859 1923 divina
1881 1870 1979 1938 ju-

333 1957 483 2030 giter
506 1957 782 2012 mandata
813 1955 1406 2027 custodiant,suisque
1438 1958 1589 2027 regis
1614 1956 1979 2028 fidelitatem,

332 2062 509 2117 quam
532 2046 789 2116 jurando
840 2044 1248 2116 promiserant,
1281 2043 1673 2100 inviolabilem
1722 2049 1977 2113 teneant,

330 2139 518 2190 etsuaa
534 2132 678 2205 legis
700 2137 1163 2205 transgressores
1186 2131 1345 2188 nullo
1368 2133 1540 2188 modo
1562 2134 1978 2199 efﬁciantoute

329 2222 504 2277 etiam
537 2222 595 2277 in
628 2222 754 2293 ipso
777 2221 870 2277 sui
902 2222 1139 2276 exordio
1164 2222 1234 2275 de
1265 2237 1469 2292 regum
1495 2221 1837 2278 infidelitate
1861 2240 1983 2279 om-

328 2312 467 2366 nino
497 2311 768 2384 castigat,
801 2314 859 2365 et
888 2310 1084 2381 qualis
1116 2311 1653 2381 transgressoribus
1684 2328 1852 2382 poena
1881 2313 1980 2367 de-

327 2400 557 2467 beatur,
597 2399 882 2464 insinuat,
916 2402 1248 2470 quantaque
1280 2399 1358 2453 sit
1387 2415 1592 2470 regum
1646 2399 1982 2456 excellentia

328 2488 732 2554 demonstrat;
767 2504 925 2553 nam,
956 2486 1005 2541 si
1041 2485 1172 2556 quis
1203 2487 1411 2542 horum
1444 2488 1851 2543 mandatorum
1885 2490 1983 2545 ob-

331 2580 591 2632 servator
618 2574 1262 2642 exstiterit,maximum
1293 2580 1351 2630 et
1379 2576 1438 2630 in
1471 2579 1739 2648 praisenti
1770 2578 1980 2633 saeculo

331 2665 597 2720 decorem
632 2662 1015 2734 acquirere,et
1047 2663 1105 2717 in
1143 2663 1340 2718 futuro
1373 2681 1491 2718 suae
1522 2663 1729 2719 animm
1751 2665 1980 2720 lucrum

340 2751 636 2807 felicitatis
665 2751 911 2823 adipisci
946 2750 1284 2806 merebitur.
1318 2751 1426 2815 Qui
1457 2758 1649 2807 autem
1679 2752 1738 2807 in
1770 2753 1863 2808 his
1892 2770 1979 2810 re-

334 2840 654 2913 pugnando
707 2839 912 2894 mortis
953 2838 1245 2911 judicium
1295 2840 1621 2903 incurrerit,
1658 2842 1979 2913 periculum

333 2946 453 2984 suae
487 2928 697 2985 animae
728 2928 927 3000 procul
959 2928 1136 2983 dubio
1165 2928 1505 2984 sustinebit.
1552 2971 1565 2985 .
1612 2972 1624 2985 .
1669 2972 1682 2984 .
1728 2974 1741 2987 .
1787 2972 1801 2985 .
1847 2973 1859 2985 .
1907 2975 1919 2986 .
1966 2975 1979 2987 .

338 3057 352 3071 .
398 3059 412 3073 .
459 3059 471 3072 .
518 3060 531 3072 .
578 3058 591 3071 .
636 3058 648 3071 .
694 3059 707 3070 .
756 3059 769 3071 .
816 3058 828 3070 .
870 3056 884 3072 .
932 3033 1108 3088 quam
1127 3017 1279 3087 quod
1305 3018 1685 3072 constitutum
1711 3024 1800 3075 est
1819 3019 1983 3076 vobis

340 3148 353 3161 .
578 3146 648 3160 ..
695 3148 709 3161 .
755 3148 768 3159 .
814 3145 826 3157 .
873 3146 943 3161 ..
990 3147 1002 3159 .
1049 3147 1062 3160 .
1108 3106 1980 3190 ..Heu,heu!quid.deepi-

334 3211 510 3266 scopo
540 3193 639 3267 qui
662 3194 772 3250 sibi
804 3195 1407 3266 commendatos,quin
1429 3195 1606 3251 etiam
1629 3202 1687 3251 et
1707 3184 1977 3253 commis-
2007 3184 2051 3252 C

333 3300 432 3340 sos
463 3288 662 3339 contra
686 3283 861 3339 divini
885 3283 1097 3356 eloquii
1127 3288 1825 3358 praeceptum,contraque
1852 3303 1977 3357 pro-

330 3371 580 3428 missum
632 3377 1086 3440 sacramentum,
1120 3378 1324 3429 contra
1354 3373 1693 3430 saecularem
1742 3392 1976 3448 quoque

328 3460 537 3533 legem,
571 3461 630 3516 in
662 3479 779 3534 qua
807 3463 982 3518 etiam
1013 3463 1221 3519 mortis
1250 3462 1575 3534 periculum
1618 3464 1973 3537 assignatur,

325 3549 447 3620 regi
469 3549 731 3621 prmeipit
746 3552 1192 3624 repugnandum
1208 3551 1387 3616 ‘tQuis
1410 3552 1479 3607 de
1500 3550 1732 3608 illorum
1757 3553 1976 3610 anima-

324 3654 455 3693 rum
492 3638 798 3710 dispendio
828 3638 949 3695 luet
977 3640 1381 3711 supplicium?
1414 3640 1614 3696 Restat
1642 3642 1881 3697 omnino
1911 3648 1978 3699 ut

325 3728 496 3796 cujus
528 3727 791 3800 exemplo
812 3728 900 3784 vel
922 3728 1273 3783 documento
1297 3728 1637 3800 periclitata;
1662 3731 1975 3797 fuerint,de

324 3815 586 3887 ipsorum
619 3817 892 3872 manibus
947 3817 1323 3888 requirantur
1354 3833 1366 3870 :
1403 3818 1619 3888 pradia
1660 3835 1892 3890 quoque
1922 3824 1978 3875 et

323 3902 631 3958 facultates
679 3903 1083 3973 ecclesiarum,
1116 3904 1237 3958 sive
1284 3919 1378 3959 res
1427 3920 1774 3977 pauperum,
1806 3908 1976 3977 cujus

323 3991 695 4063 exigentibus
725 3991 914 4063 culpis
935 3992 1245 4047 devastata:
1281 3993 1595 4059 fuerint,ad
1613 3994 1802 4065 ipsius
1835 3995 1978 4052 inte-

329 4078 511 4135 ritum
543 4078 854 4150 praevalere
874 4079 1188 4150 potuerint.
1203 4081 1404 4137 Fateor
1432 4082 1587 4137 enirn
1612 4099 1807 4138 coram
1838 4088 1977 4152 Deo,

324 4167 460 4240 plus
485 4171 720 4239 propter
739 4166 936 4223 divina
956 4174 1727 4242 przecepta,sanctorumque
1740 4172 1977 4228 Patrum

325 4256 754 4329 monita,quam
788 4273 891 4329 pro
923 4257 1174 4330 alicujus
1202 4259 1417 4315 terreni
1440 4260 1729 4315 commodi
1758 4261 1979 4318 deside-

325 4345 431 4415 rio,
450 4348 551 4400 aut
582 4344 918 4403 rebellantis
949 4347 1259 4403 inimicitia
1290 4364 1383 4403 me
1413 4349 1541 4418 ejus
1571 4350 1801 4420 assequi
1833 4349 1976 4407 velle

324 4432 692 4491 fidelitatem.
724 4435 822 4491 Ait
851 4436 1010 4492 enim
1045 4436 1325 4491 Dominus
1355 4435 1413 4490 in
1446 4436 1758 4509 Evangelia
1790 4455 1803 4493 :
1839 4439 1977 4507 Quid

318 4520 537 4593 prodest
561 4524 772 4579 homini
800 4527 851 4580 si
896 4526 1219 4581 universum
1248 4524 1512 4580 mundum
1561 4526 1826 4593 lucretur,
1858 4531 1977 4585 ani-
1998 4552 2051 4616 AD

319 4628 426 4668 mas
474 4629 599 4669 vero
646 4629 768 4671 suae
819 4613 1214 4669 detrimentum
1256 4616 1561 4684 patiatur?
1605 4616 1810 4683 (Matth.
1860 4635 1973 4687 xw,

322 4700 440 4772 26.)
466 4702 612 4756 Audi
645 4703 877 4758 beatam
910 4703 1242 4757 Susannam
1274 4702 1657 4761 clamantem:
1680 4706 1871 4762 Melius
1900 4713 1978 4781 est

324 4788 470 4844 mihi
496 4789 697 4861 absque
726 4806 889 4861 opere
920 4790 1161 4845 incidere
1189 4793 1250 4846 in
1278 4808 1474 4848 manus
1503 4794 1976 4870 hominum,quam

322 4893 551 4949 peccare
581 4880 641 4931 in
670 4883 959 4949 conspectu
988 4881 1212 4935 Domini
1240 4881 1406 4949 (Dan.
1439 4900 1561 4951 x111,
1592 4886 1704 4952 23).
1738 4886 1807 4940 Et
1837 4886 1972 4942 bea-

328 4971 426 5021 tus
456 4965 633 5020 David
670 4981 683 5020 :
715 4967 925 5022 Melius
952 4975 1031 5023 est
1059 4969 1333 5025 modicum
1352 4972 1526 5042 justo,
1557 4990 1723 5046 super
1751 4975 1976 5032 divitias

322 5063 674 5126 peccatorum
702 5056 905 5110 multas
951 5057 1125 5129 (Psal.
1160 5075 1346 5131 xxxv1,
1383 5062 1489 5133 16).
1524 5062 1799 5119 Salomon
1832 5081 1974 5135 quo-

330 5160 443 5215 que
475 5144 556 5199 ait
589 5161 602 5199 :
635 5145 825 5199 Metius
855 5155 931 5200 est
962 5146 1201 5203 buccella
1229 5151 1374 5205 sicca
1402 5167 1531 5207 cum
1556 5152 1779 5223 gaudio,
1811 5168 1977 5224 quam

328 5236 446 5287 tota
495 5231 686 5288 domus
730 5233 897 5304 plena
941 5238 1175 5291 victimis
1211 5255 1336 5294 cum
1387 5240 1570 5310 iurgio
1618 5242 1805 5312 (Prov.
1839 5257 1976 5307 xvu,

330 5318 775 5392 1).Quapropter
802 5322 1109 5379 Dominum
1139 5325 1340 5383 Jesum
1372 5328 1669 5383 Christum
1701 5326 1980 5399 supplici-

326 5412 418 5465 ter
444 5405 850 5494 imploremus,
883 5415 947 5466 ut
975 5411 1075 5485 qui
1122 5414 1293 5472 beato
1323 5416 1490 5472 Petro
1533 5418 1821 5489 mergenti
1853 5434 1976 5476 ma-

403 5591 519 5673 (55)
553 5590 1003 5665 Defendentibus.
1034 5592 1141 5650 Hic
1171 5593 1456 5652 nonnulla
1480 5594 1713 5654 desunt.

2085 535 2227 607 piat,
2260 540 2318 590 et
2347 536 2416 589 ad
2450 534 2819 589 rectitudinis
2851 533 3122 588 semitam
3155 533 3454 604 perducat.
3490 536 3707 590 Amen.

2157 624 2436 695 (Epistolas
2463 626 2738 696 sequentes
2768 621 3145 676 inscribuntur
3162 625 3326 696 .(Pao
3355 639 3669 685 ALIQUIBUS

2609 709 2937 750 saaoaisus
2976 693 3208 764 Missas.)

2679 800 3025 855 EPISTOLA
3065 800 3134 853 II.

2382 906 2454 944 AD
2493 905 2683 943 OMNES
2721 904 2952 943 FIDELES
2991 903 3269 944 DIOECESIS
3307 904 3434 944 SUAE

2156 978 2308 1032 Arro
2337 977 2528 1048 gratia
2558 977 2657 1032 Dei
2677 976 2923 1033 humilis
2953 977 3520 1048 episcopus,ounctis
3551 977 3753 1034 ﬁdeli-

2089 1068 2198 1122 bus
2242 1066 2301 1120 in
2335 1070 2539 1121 nostra
2586 1065 2863 1137 parochia
2887 1064 3341 1122 consistentibus
3398 1065 3652 1123 salutem
3684 1071 3754 1122 et

2086 1155 2388 1228 gaudium.

2159 1246 2353 1314 Nuper
2373 1243 2434 1297 in
2463 1241 2663 1314 vigilia
2691 1246 2901 1298 octava
2925 1241 3148 1297 Domini
3173 1243 3486 1314 quemdam
3518 1260 3749 1301 sermo-

2093 1347 2227 1386 nem
2260 1330 2353 1386 his
2383 1331 2484 1402 qui
2515 1336 2828 1402 praesentes
2858 1335 3044 1397 erant,
3076 1330 3191 1386 Deo
3221 1333 3497 1399 donante,
3530 1332 3746 1388 retuli-

2092 1435 2428 1491 mus,quem
2458 1419 2622 1474 vobis
2653 1419 2901 1490 dirigere
2931 1419 3327 1475 necessarium
3349 1421 3744 1477 aestimamus.

2089 1511 2210 1562 Heu
2238 1507 2407 1577 lquia
2435 1512 2572 1562 sunt
2602 1506 2770 1562 multi
2796 1507 2853 1560 in
2886 1507 3094 1563 vestris
3117 1508 3511 1580 partibus,qui
3536 1509 3748 1565 divina

2088 1594 2322 1652 servitia
2373 1601 2772 1663 contemnunt,
2806 1600 2861 1651 et
2909 1596 3173 1669 auguria,
3222 1596 3309 1653 vel
3361 1597 3487 1653 cceli
3540 1599 3740 1671 signa,

2090 1702 2191 1740 seu
2222 1702 2401 1740 vanas
2430 1687 2914 1755 praecantationes
2945 1685 3275 1753 intendunt,
3310 1702 3414 1741 nec
3462 1691 3747 1743 metuunt

2088 1771 2231 1826 illud
2264 1772 2415 1843 quod
2448 1772 2731 1827 Dominus
2762 1772 2833 1827 de
2856 1772 3075 1828 Judaais
3106 1773 3191 1828 ait
3221 1790 3237 1828 :
3269 1773 3310 1828 0
3339 1778 3624 1843 generatio
3654 1778 3746 1831 in-

2088 1860 2307 1915 credula
2359 1865 2411 1915 et
2461 1876 2736 1931 perversa,
2793 1862 3017 1931 signum
3071 1863 3271 1932 quaerit
3341 1862 3555 1924 (Matth.
3613 1882 3740 1938 XVI,

2088 1950 2166 2021 4),
2197 1954 2307 2004 etc.
2343 1949 2555 2004 Beatus
2606 1965 2839 2020 quoque
2868 1948 3087 2005 Paulus
3124 1949 3337 2006 clamat
3384 1951 3688 2023 apostolus
3722 1971 3739 2009 :

2094 2037 2271 2094 Videte
2297 2054 2367 2093 ne
2395 2040 2518 2110 quis
2544 2053 2633 2093 vos
2661 2039 2882 2093 seducat
2899 2055 3000 2110 per
3013 2039 3418 2111 philosOphiam
3442 2044 3495 2096 et
3514 2043 3744 2097 inanem

2090 2127 2378 2197 fallaciam
2406 2128 2705 2182 secundum
2754 2128 3073 2183 traditiones
3103 2129 3406 2197 hominum,
3437 2130 3743 2187 secundum

2089 2217 2358 2272 elementa
2415 2216 2628 2286 mundi,
2676 2223 2733 2271 et
2779 2233 2890 2272 non
2934 2218 3230 2273 secundum
3292 2219 3562 2275 Christum
3606 2221 3739 2293 (Co-

2091 2306 2212 2360 loss.
2242 2322 2304 2373 ιι,
2337 2308 2413 2377 8).
2447 2307 2516 2360 Et
2562 2305 2700 2361 alibi
2736 2324 2748 2362 :
2784 2308 3060 2374 Quomodo
3105 2310 3491 2364 convertimini
3535 2312 3740 2365 iterum

2089 2394 2159 2448 ad
2188 2393 2415 2462 inﬁrma
2443 2402 2494 2449 et
2537 2410 2708 2462 egena
2754 2396 3042 2466 elementa,
3073 2397 3272 2467 quibus
3310 2398 3486 2453 denuo
3532 2399 3745 2457 servire

2090 2482 2294 2536 vultis?
2320 2484 2445 2538 Dies
2488 2484 2789 2540 observatis
2822 2492 2873 2539 et
2900 2500 3129 2553 menses,
3159 2490 3212 2541 et
3252 2488 3503 2557 tempora
3532 2491 3585 2543 et
3627 2506 3740 2543 an-

2089 2587 2187 2626 nos
2205 2588 2226 2633 ;
2257 2574 2419 2627 timeo
2448 2590 2520 2627 ne
2563 2577 2707 2643 forte
2731 2576 2854 2628 sine
2879 2590 3047 2629 causa
3093 2575 3455 2631 laboraverim
3486 2578 3544 2631 in
3586 2579 3742 2634 vobis

2091 2659 2239 2728 (Gal.
2273 2661 2430 2731 Iv,9).
2466 2662 2777 2717 Psalmista
2809 2663 3026 2734 quippe
3055 2663 3233 2719 dicit:
3264 2666 3399 2720 Filii
3426 2665 3737 2737 hominum,

2094 2766 2369 2821 usquequo
2397 2767 2593 2820 graves
2615 2751 2814 2817 corde,-
2844 2756 2907 2806 ut
2935 2754 3071 2823 quid
3097 2753 3330 2824 diligitis
3360 2757 3740 2821 vanitatem,et

2093 2841 2339 2908 quaeritis
2384 2840 2735 2894 mendacium
2764 2840 2935 2911 (Psal.
2969 2857 3043 2907 IV,
3075 2842 3168 2912 3);
3202 2846 3258 2897 et
3305 2842 3516 2898 iterum
3553 2863 3567 2899 :
3598 2846 3739 2900 Bea-

2091 2936 2180 2981 tus
2210 2929 2302 2982 vir
2327 2929 2490 2998 cujus
2519 2936 2596 2983 est
2623 2944 2823 2983 nomen
2868 2929 3091 2983 Domini
3116 2945 3233 3001 spes
3262 2932 3396 2997 eius,
3427 2935 3478 2986 et
3504 2948 3617 2987 non
3645 2950 3739 2990 re-

2090 3018 2270 3087 spexit
2297 3016 2357 3071 in
2388 3019 2656 3072 vanitates
2686 3026 2740 3072 et
2771 3019 3022 3073 insanias
3048 3018 3230 3089 falsas
3259 3019 3633 3089 (Psal.xxx1x,
3657 3022 3734 3091 5).

2090 3104 2292 3161 Valete
2322 3106 2381 3160 in
2412 3105 2680 3161 Domino.

2668 3194 3014 3250 EPISTOLA
3054 3196 3149 3250 III.

2494 3299 2566 3337 AD
2606 3299 2827 3337 PLEBEM
2867 3300 3320 3341 VERCELLENSEM.

2156 3377 2309 3426 Arro
2356 3370 2572 3427 Christi
2622 3371 3023 3428 misericordia
3086 3373 3347 3429 humulis
3397 3375 3730 3447 episcopus,

2085 3466 2292 3515 cuncto
2322 3459 2538 3532 populo
2569 3466 2777 3516 nostrai
2819 3461 3083 3518 dioecesis
3113 3467 3324 3518 sanctae
3354 3464 3559 3519 matris
3592 3464 3732 3521 Ver-

2086 3549 2356 3605 cellensis
2405 3549 2691 3619 Ecclesiae,
2725 3551 2943 3606 nostris
2990 3549 3395 3607 dilectissimis
3426 3552 3566 3609 filiis
3596 3569 3728 3625 pax,

2086 3638 2248 3694 salus
2279 3643 2337 3695 et
2363 3640 2645 3711 gaudium
2674 3638 2735 3694 in
2766 3640 2995 3695 Christo
3023 3642 3159 3696 Jesu
3190 3641 3439 3697 Domino
3470 3647 3694 3698 nostro.

2157 3727 2442 3783 Noveritis
2472 3727 2652 3799 igitur
2678 3727 2817 3798 quia
2847 3732 2904 3783 et
2931 3744 3033 3799 per
3063 3729 3255 3800 ipsum
3290 3729 3588 3785 Christum
3620 3730 3731 3786 Do-

2086 3816 2313 3872 minum
2372 3819 2546 3887 atque
2597 3820 2832 3871 sanctos
2885 3816 3179 3888 apostolos
3233 3833 3333 3873 seu
3395 3818 3733 3891 prophetas,

2086 3905 2206 3960 sive
2236 3908 2469 3960 sanctos
2498 3904 2755 3976 reliquos
2783 3905 3411 3971 doctores,audivimus
3446 3906 3732 3978 plurimos

2086 3998 2356 4048 venturos
2389 4009 2519 4048 esse
2550 3993 3245 4066 pseudoprophetas,qui,
3271 3996 3426 4067 quod
3457 3996 3733 4068 gravissi-

2088 4098 2250 4137 mum
2283 4086 2391 4148 est,
2423 4082 2757 4138 subvertere
2786 4099 2822 4138 a
2849 4082 2941 4138 via
2969 4084 3232 4139 veritatis
3275 4083 3494 4140 multos
3525 4087 3730 4142 stude-

2085 4172 2252 4233 bunt,
2286 4170 2369 4225 ita
2417 4174 2481 4225 ut
2511 4186 2609 4226 eos
2639 4170 2697 4225 in
2728 4171 3043 4242 perniciem
3090 4173 3432 4245 perducant,
3468 4174 3568 4245 qui
3618 4173 3731 4229 illis

2084 4257 2627 4337 crediderint.Unde
2656 4258 2793 4330 quia
2824 4275 2939 4315 non
2960 4258 3153 4316 solum
3185 4260 3451 4332 prodigia
3474 4261 3731 4317 diversa-

2085 4364 2198 4419 que
2222 4348 2392 4420 signa
2420 4351 2562 4403 tunc
2576 4348 2857 4420 temporis
2881 4348 3227 4405 facientibus
3253 4365 3355 4405 seu
3378 4348 3734 4421 philosophi-

2083 4437 2169 4492 cis
2184 4437 2560 4509 dogmatibus
2581 4436 2730 4493 falsa
2741 4437 3532 4509 defendentibus(55),vcrum
3554 4439 3727 4495 etiam

2084 4540 2199 4579 non
2233 4527 2351 4579 tam
2383 4523 2552 4579 facile
2592 4525 2823 4594 justum
2856 4524 3106 4579 habetur
3130 4540 3248 4596 cor,
3278 4529 3343 4580 ut
3390 4526 3569 4580 etiam
3600 4527 3730 4598 qui-

2084 4613 2333 4669 busdam
2364 4612 2661 4684 simplicia
2680 4617 2853 4684 atque
2875 4613 3049 4668 bruta
3068 4614 3451 4670 referentibus
3477 4619 3735 4670 tantum-

2085 4702 2258 4758 modo
2286 4703 2461 4758 verba
2491 4702 2723 4756 credere
2752 4701 2990 4757 omnino
3021 4702 3329 4773 festinetis,
3362 4719 3599 4775 eosque,
3624 4704 3734 4761 heu

2086 4789 2434 4847 miserrimi!
2470 4787 2757 4844 diabolico
2787 4806 2981 4845 errore
3011 4791 3256 4863 decepti,
3282 4792 3600 4863 prophetas
3632 4810 3736 4849 no-

2086 4879 2342 4946 minetis,
2400 4878 2798 4949 relinquentes
2848 4884 3114 4935 sanctam
3180 4887 3429 4936 matrem
3483 4886 3739 4937 vestram

2086 4967 2424 5035 Eoclesiam,
2461 4984 2561 5021 seu
2613 4969 2943 5024 sacerdotes
2996 4986 3101 5040 per
3148 4985 3296 5040 quos
3340 4971 3411 5026 ad
3459 4976 3735 5027 aeternam

2086 5058 2386 5129 pervenire
2398 5057 2622 5113 debetis
2644 5055 3203 5123 salutem.Quocirca
3225 5059 3319 5114 his
3340 5059 3482 5114 visis
3504 5059 3734 5128 litteris,

2087 5146 2306 5201 auditis
2334 5146 2421 5201 vel
2470 5147 2741 5219 cognitis,
2775 5148 2823 5202 si
2875 5148 3007 5218 quis
3055 5153 3315 5203 vestrum
3366 5149 3532 5215 forte,
3585 5149 3763 5221 quod-

2088 5235 2262 5304 absit,
2294 5236 2568 5308 deinceps
2615 5236 3031 5308 hujuscemodi
3082 5239 3244 5293 nefas
3292 5237 3732 5308 perpetraverit,

2087 5325 2239 5381 sciat
2284 5341 2347 5381 se
2373 5325 2728 5382 omnimodis
2775 5326 3226 5393 diamnandum,
3260 5331 3318 5381 et
3362 5342 3478 5381 non
3530 5325 3757 5389 habeat-

2088 5415 2385 5472 licentiam
2402 5417 2796 5473 manducandi
2818 5416 2957 5488 quid
2985 5420 3235 5486 coctum,
3264 5414 3377 5471 nisi
3395 5430 3740 5489 panem,nec
