3956 6230
144 311 246 372 ιοδ

1634 312 2065 376 EPISTOL/E.

3431 324 3548 385 {06

146 442 951 515 bibendlvinum,quousque
966 444 1035 499 ad
1055 460 1223 500 suam
1246 449 1505 501 sanctam
1525 451 1792 517 matrem,
1824 450 1877 515 Α
1908 448 2142 517 injuria.
2170 449 2369 519 Fugite
2399 466 2556 521 ergo,
2586 450 2813 521 fratres,
2839 452 2911 507 ab
2944 452 3051 508 hac
3074 453 3361 511 stultitia:
3390 459 3550 513 suffi-

149 534 361 590 scilicet
389 530 825 589 Vercellensem
862 532 1197 601 Ecclesiam,
1234 540 1611 606 nostramque
1652 554 1793 607 pra:-

148 622 383 679 sentiam
439 623 511 677 ad
563 621 1047 690 satisfactionem,
1080 640 1395 694 veramque
1446 624 1793 696 poenitentiae

146 711 536 767 humilitatem
554 710 919 782 judicandus
943 710 1229 767 adveniat.
1252 712 1308 765 Bi
1330 711 1463 783 quis
1485 718 1677 768 autem
1704 730 1796 768 su-

145 801 334 873 perbia
364 799 609 855 inﬂatus
630 804 836 855 contra
866 799 975 854 hoc
1005 815 1175 869 agere
1208 802 1531 867 tentaverit,
1556 804 1702 858 sciat
1731 819 1793 857 se

144 890 211 944 ab
236 889 506 945 Ecclesia
536 888 849 945 liminibus
879 888 1238 961 pellendum,
1262 894 1320 944 et
1352 908 1385 945 a
1416 896 1619 946 sancta
1641 907 1795 947 com-

145 978 417 1034 munione
442 982 786 1035 extraneum
812 995 827 1044 ;
859 978 1253 1048 omnibusque
1276 979 1548 1035 ﬁdelibus
1570 982 1791 1035 abomi-

143 1068 426 1135 nandum,
457 1069 642 1123 donec
690 1071 905 1123 sanctae
949 1067 1217 1123 Ecclesia:
1247 1069 1572 1140 susceperit
1603 1085 1789 1124 corre-

144 1157 419 1229 ptionem,
443 1160 563 1212 tam
598 1156 723 1227 ipse
756 1172 933 1227 quam
956 1172 1160 1212 omnes
1193 1156 1294 1227 qui
1328 1156 1439 1228 ipsi
1471 1158 1794 1212 communi-

144 1251 615 1318 cant,postquam
634 1261 770 1301 eum
792 1245 969 1301 talem
993 1245 1399 1317 cognoverint;
1423 1247 1790 1301 sacerdotum

145 1348 275 1391 vero
296 1336 347 1390 si
374 1336 504 1407 quis
527 1336 798 1401 fortasse,
818 1334 972 1405 quod
1001 1334 1156 1389 Deus
1181 1338 1423 1403 avertat,
1445 1334 1545 1390 tali
1568 1334 1791 1391 abomi-

146 1424 375 1480 natione
426 1423 690 1496 pollutus
739 1424 934 1488 fuerit,
982 1422 1211 1477 nullum
1266 1422 1526 1479 divinum
1581 1425 1794 1480 audeat

148 1527 426 1585 usurpare
473 1512 845 1584 mysterium,
894 1512 1077 1567 donec
1130 1512 1370 1583 dignam
1422 1512 1557 1584 Deo,
1592 1519 1791 1570 nostro

139 1601 358 1672 judicio
405 1601 699 1675 persolvat
740 1601 1221 1657 satisfactionem.

724 1688 1072 1745 EPISTULA
1112 1690 1207 1744 IV.

437 1794 509 1833 AD
550 1794 733 1833 OMNES
771 1793 999 1833 FIDELES
1040 1794 1166 1833 SUAE
1206 1794 1503 1834 DIOECESIS.

218 1866 368 1923 Am
419 1868 607 1939 gratia
660 1866 759 1922 Dei
812 1866 1057 1922 humilis
1112 1868 1444 1940 episcopus,
1498 1868 1788 1924 universis

144 1955 417 2011 fidelibus
465 1960 676 2012 nostris
724 1956 1007 2023 Ecclesiae,
1043 1956 1343 2029 notrisque
1386 1957 1789 2013 diloctissimis

148 2044 279 2099 filiis
313 2061 423 2116 pax
452 2044 533 2100 sit
571 2049 629 2100 et
670 2045 969 2113 gaudium.

214 2132 272 2187 Si
319 2132 476 2188 enim
526 2132 752 2188 sincero
794 2133 967 2188 corde
1009 2150 1137 2205 qua:
1184 2151 1217 2189 a
1266 2135 1485 2190 sanctis
1516 2135 1789 2190 Patribus

148 2221 361 2276 tradita
390 2225 846 2294 cognoscuntur,
880 2239 914 2277 a
952 2223 1117 2278 vobis
1156 2223 1429 2279 inviolata
1461 2228 1785 2290 servantur,

147 2325 417 2382 magnam
452 2311 622 2366 nobis
661 2310 721 2365 in
762 2310 873 2366 hoc
906 2312 1245 2383 praeparatis
1274 2312 1555 2368 laztitiam.
1590 2314 1648 2368 Si
1682 2330 1787 2367 au-

147 2403 286 2465 tem,
318 2400 472 2470 quod
505 2399 677 2465 absit,
708 2399 957 2455 diversis
988 2402 1284 2457 erroribus
1313 2418 1414 2457 vos
1452 2401 1790 2473 cognoveri-

148 2502 282 2543 mus
314 2489 678 2559 depravatos,
711 2488 952 2561 grandis
992 2488 1125 2544 inde
1157 2507 1370 2545 mceror
1401 2495 1600 2545 nostro
1632 2490 1789 2545 cordi

146 2577 631 2632 accumulabitur.
664 2578 811 2633 Nam
845 2578 894 2633 si
924 2578 1171 2648 abjeetio
1204 2579 1497 2651 discipuli,
1524 2580 1788 2651 magistri

147 2672 229 2722 est
259 2667 705 2737 detrimentum,
739 2670 959 2738 quanto
992 2667 1178 2740 magis
1219 2669 1609 2741 praevaricatio
1642 2669 1788 2724 ﬁlio-

147 2771 269 2810 rum
302 2756 486 2827 patris
516 2755 669 2811 valet
698 2772 825 2812 esse
859 2757 1184 2827 periculum
1206 2756 1233 2810 ?
1262 2758 1355 2812 Sic
1387 2775 1493 2813 nos
1524 2757 1789 2829 omnipo-

143 2849 266 2900 tens
295 2850 465 2917 pater
495 2846 706 2917 degere
738 2846 1035 2911 concedat,
1070 2849 1134 2899 ut
1173 2846 1405 2917 utrique
1438 2848 1507 2901 de
1540 2852 1788 2919 utroque

146 2949 606 3002 remuneremur,
623 2951 694 2989 ne
715 2934 1032 2989 damnandi
1050 2934 1403 3004 iudicemur.
1426 2936 1604 3007 igitur
1625 2936 1789 2991 audi-

141 3022 329 3079 vimus
359 3023 519 3078 inter
544 3039 647 3078 vos
679 3039 894 3078 novum
927 3024 1243 3095 quemdam
1283 3024 1603 3080 surrexisse
1634 3042 1789 3081 erro-

143 3126 282 3180 rem,
317 3116 383 3167 ut
427 3111 643 3167 dicatis
692 3116 853 3167 sexta
907 3112 1049 3167 teria
1099 3113 1214 3168 otio
1264 3130 1392 3170 esse
1439 3114 1787 3182 vacandum,

141 3205 195 3256 et
222 3200 432 3274 epulis,
466 3200 560 3256 vel
593 3201 871 3257 conviviis
912 3202 1271 3257 abutendum
1305 3220 1318 3271 ;
1378 3206 1434 3258 et
1485 3220 1617 3258 cum
1666 3204 1790 3275 ipse

141 3290 403 3345 omnium
436 3290 796 3362 Redemptor
824 3291 1097 3345 eumdem
1128 3291 1281 3347 diem
1325 3292 1641 3347 tristiorem
1675 3309 1790 3364 prae

141 3379 367 3435 cunctis
395 3379 652 3443 duxerit,
677 3384 735 3434 et
766 3381 927 3434 tanta
948 3396 1050 3451 pro
1077 3380 1244 3436 nobis
1271 3381 1583 3453 opprobria
1613 3383 1790 3437 susti-

140 3468 352 3533 nuerit,
384 3484 493 3522 vos
536 3467 685 3538 jocis
738 3468 1095 3535 incumbere,
1129 3472 1187 3523 et
1238 3469 1355 3525 otia
1407 3471 1614 3525 sectari
1669 3475 1793 3525 stu-

139 3556 346 3613 dentis.
379 3555 644 3628 Apostoli
683 3556 855 3611 etiam
907 3557 1212 3629 eaeterique
1268 3558 1471 3614 fideles
1519 3562 1639 3614 tam
1688 3561 1792 3614 tri-

139 3650 286 3701 stem
321 3644 597 3701 eumdem
621 3646 914 3701 duxerunt
943 3646 1118 3711 diem,
1144 3650 1210 3701 ut
1240 3664 1342 3719 per
1363 3648 1620 3703 diversas
1652 3648 1792 3703 late-

135 3733 271 3791 bras
318 3734 645 3807 fugitantes
699 3734 790 3789 vix
839 3735 954 3790 duo
1002 3735 1178 3790 simul
1232 3737 1644 3809 reperirentur.
1680 3738 1794 3793 Nec

138 3824 443 3896 epularum
468 3828 700 3895 poterat
716 3823 840 3879 fieri
864 3826 1105 3891 mentio,
1122 3826 1335 3896 quibus
1357 3827 1482 3881 vitae
1500 3828 1624 3897 jam
1648 3844 1795 3899 pene

140 3913 465 3969 adhaeserat
499 3913 849 3985 desperatio.
879 3914 1093 3969 Eadem
1126 3931 1361 3986 quoque
1392 3914 1483 3969 die
1515 3914 1598 3970 sol
1630 3920 1795 3971 tene-

142 4001 260 4058 bris
278 4003 539 4057 amictus
562 3999 763 4057 lumen
786 4002 1049 4068 obduxit,
1066 4008 1121 4057 et
1140 4003 1267 4075 ipsa
1292 4003 1580 4059 elementa
1602 4005 1798 4060 turba-

140 4094 197 4144 ta
224 4091 632 4147 turbationem
666 4091 847 4146 totius
880 4092 1263 4147 ostenderunt
1295 4094 1517 4148 mundi.
1552 4094 1698 4149 Nam
1747 4094 1796 4149 si

139 4179 291 4235 diem
326 4179 703 4236 Dominicum
747 4180 818 4235 ob
867 4180 1259 4236 venerabilem
1292 4182 1795 4238 Resurreetionem

142 4268 375 4324 Domini
408 4269 601 4325 nostri
631 4269 772 4325 Jesu
802 4269 1040 4340 Christi,
1069 4286 1169 4325 seu
1205 4272 1601 4342 apostolorum
1633 4277 1798 4327 caete-

143 4374 464 4431 rorumque
498 4357 767 4413 ﬁdelium
798 4357 1060 4414 lmtitiam
1093 4376 1207 4415 non
1239 4360 1430 4415 solum
1474 4361 1532 4415 in
1578 4362 1802 4417 Pascha

142 4447 532 4515 celebramus,
590 4461 794 4502 verum
848 4446 1023 4502 etiam
1083 4463 1186 4519 per
1241 4448 1502 4521 singulos
1551 4450 1800 4506 circulos

1905 538 1979 590 cit
2007 538 2161 592 enim
2197 539 2359 594 vobis
2392 540 2545 593 diem
2570 540 2961 611 Dominicum,
2986 547 3039 597 et
3070 540 3215 598 alias
3246 543 3549 602 celeberri-

1905 643 2031 680 mas
2059 631 2113 681 et
2134 644 2163 681 a
2188 628 2588 684 sacerdotibus
2616 631 2965 702 approbatas
2991 632 3334 688 festivitates
3357 636 3553 691 obser-

1903 732 2054 769 vare.
2088 721 2148 769 ln
2184 717 2399 787 quibus
2432 718 2557 773 ideo
2591 719 2797 774 feriare
2828 720 3068 785 debetis,
3100 725 3164 775 ut
3194 739 3227 777 a
3256 724 3547 780 saeculari-

1902 803 2013 857 bus
2049 805 2295 875 negotiis
2339 807 2614 877 expediti,
2649 807 2889 863 liberius
2941 810 3254 866 Dominum
3305 814 3549 885 ejusque

1904 898 2135 947 sanctos
2168 893 2502 951 collaudare
2531 896 2617 951 vel
2664 897 2998 968 praedicare,
3032 898 3231 970 eisque
3261 901 3549 957 deservire

1904 982 2161 1053 possitis.
2177 983 2323 1037 Nam
2348 988 2507 1039 sexta
2526 985 2667 1039 feria
2690 985 2900 1041 melius
2922 991 3011 1043 est
3030 986 3292 1043 laborare
3313 1006 3549 1060 panem,

1903 1071 2058 1125 unde
2102 1076 2156 1125 et
2201 1076 2362 1127 tuam
2402 1077 2457 1127 et
2498 1073 2746 1129 alienam
2782 1076 3015 1131 reticere
3047 1077 3237 1149 possis
3268 1078 3545 1146 esuriem,

1902 1175 2077 1229 quam
2098 1160 2302 1216 otiosis
2322 1163 2596 1219 manibus
2615 1165 2823 1219 sedens
2840 1164 3044 1221 inanes
3062 1166 3288 1221 fabulas
3311 1167 3548 1238 garrulo

1902 1264 1997 1303 ore
2024 1249 2265 1319 jactare.

2496 1375 2846 1432 EPISTOLA
2884 1378 2953 1432 V.

2363 1500 2436 1538 AD
2475 1501 2701 1539 ΑΖΟΝΕΜ
2742 1500 3085 1563 EPISQOPUM.

1972 1606 2217 1660 Summa
2247 1606 2549 1661 devotione
2577 1607 2817 1662 colendo
2847 1609 3062 1664 domno
3083 1611 3259 1665 Azom
3290 1625 3551 1667 reveren-

1903 1695 2149 1750 dissimo
2182 1699 2237 1749 et
2268 1696 2642 1751 sanctissimo
2670 1697 2904 1769 praesuli
2932 1699 3081 1754 A'r-ro
3101 1700 3291 1771 gratia
3316 1699 3415 1755 Dei
3441 1700 3551 1757 bu-

1822 1815 1868 1880 B
1903 1784 2060 1840 milis
2093 1785 2422 1858 episcopus,
2454 1790 2757 1857 vesterque
2790 1787 3195 1856 ﬁdelissimus,
3217 1790 3547 1846 orationum

1899 1873 2242 1929 instantiam
2274 1890 2404 1929 cum
2437 1875 2638 1929 devoto
2671 1875 2977 1931 famulatu.

1974 1964 2122 2017 Deus
2138 1963 2637 2033 omnipotens,qui
2652 1980 2751 2017 vos
2770 1964 2825 2017 in
2843 1965 3117 2035 pastorali
3132 1966 3341 2021 throno
3356 1966 3548 2023 locare

1900 2051 2176 2123 dignatus
2205 2055 2311 2125 est,
2336 2051 2461 2121 ipso
2491 2067 2591 2105 vos
2615 2051 2742 2121 jugi
2773 2052 3155 2122 opitulatione
3176 2055 3320 2109 adeo
3354 2060 3548 2111 custo-

1901 2140 2024 2193 dire
2050 2140 2342 2210 dignetur,
2367 2142 2430 2192 ut
2460 2137 2833 2193 sacerdotalis
2858 2138 3044 2194 honor
3065 2144 3303 2195 cunctos
3324 2145 3549 2196 vestros

1904 2229 2117 2299 dirigat
2134 2230 2683 2299 actus,rursumque
2696 2228 2904 2283 vestris
2922 2228 3104 2283 sacris
3118 2229 3345 2285 actibus
3364 2245 3550 2285 sacer-

1901 2316 2113 2372 dotalis
2136 2317 2276 2371 ordo
2300 2316 2662 2389 praefulgeat.
2687 2316 2848 2379 Quod
2873 2321 3065 2372 autem
3087 2322 3279 2373 vestra
3300 2318 3549 2389 pruden-

1902 2408 1984 2463 tia
2014 2410 2273 2462 nostram
2310 2405 2573 2461 hebetem
2606 2405 2844 2477 dignata
2890 2410 2977 2461 est
3008 2407 3120 2477 (56)
3175 2406 3544 2478 parvitatem,

1901 2513 2078 2568 quare
2107 2495 2419 2567 quemdem
2444 2498 2655 2549 nostrae
2683 2494 2941 2549 Ecclesiae
2970 2494 3157 2549 ﬁlium
3188 2512 3221 2550 a
3250 2494 3382 2549 ﬁliae
3415 2511 3547 2551 sus-

1900 2584 2166 2656 cipientis
2189 2599 2250 2638 se
2272 2583 2341 2638 de
2366 2600 2528 2638 sacro
2553 2584 2709 2638 fonte
2731 2583 3176 2654 prohiberemus
3199 2584 3440 2655 nuptiis.
3460 2585 3544 2639 ln-

1901 2688 2078 2744 super
2126 2672 2171 2725 si
2221 2670 2454 2741 aliquod
2488 2670 2809 2741 capitulum
2844 2676 3136 2742 repertum
3168 2671 3541 2737 haberemus,

1898 2760 2061 2815 vobis
2092 2759 2341 2830 dirigere
2372 2759 2716 2815 mandastis.
2751 2760 2946 2827 Scitis,
2978 2760 3200 2815 domini
3232 2760 3366 2825 mei,
3402 2760 3543 2831 quia

1900 2850 1961 2905 in
1993 2848 2326 2905 carnalibus
2360 2848 2583 2919 nuptiis
2628 2864 2743 2903 non
2793 2853 3020 2904 tantum
3068 2849 3412 2921 spiritualis,
3446 2848 3548 2904 sed

1902 2939 2076 2995 etiam
2100 2938 2395 2993 saecularis
2418 2938 2508 2992 lex
2529 2943 2617 2992 est
2642 2938 3007 3009 inquirenda.
3032 2938 3213 3010 Igitur
3236 2939 3551 3009 Luitpran-

1902 3028 2012 3082 dus
2047 3026 2368 3081 catholicus
2397 3043 2495 3081 rex
2536 3025 2712 3096 hujus
2762 3027 2819 3080 in
2865 3044 2980 3097 qua
3019 3026 3289 3098 degimus
3321 3026 3546 3097 patriai,

1901 3115 2016 3172 tale
2065 3132 2196 3171 cum
2248 3131 2536 3171 consensu
2589 3115 2748 3171 illius
2796 3115 3076 3187 temporis
3119 3130 3424 3186 procerum
3458 3114 3545 3169 vel

1821 3187 1863 3253 C
1896 3206 2166 3276 judicum
2199 3204 2518 3275 capitulum
2554 3205 2945 3276 promulgavit
2974 3206 3123 3273 (Leg.
3148 3206 3319 3276 Long.
3350 3203 3452 3260 lib.
3481 3220 3547 3273 II,

1902 3294 1990 3347 tit.
2022 3294 2075 3359 8,
2107 3292 2223 3363 1.5)
2252 3310 2262 3346 :
2299 3315 2323 3340 «
2350 3295 2468 3346 Hoc
2495 3292 2833 3346 censuimus
2860 3296 3033 3361 atque
3056 3292 3462 3363 praecepimus,
3485 3296 3553 3346 ut

1902 3380 2103 3435 nullus
2125 3383 2443 3451 prmsumat
2464 3383 2844 3434 commatrem
2868 3395 3036 3433 suam
3062 3395 3298 3433 uxorem
3317 3380 3548 3449 ducere,

1903 3470 2001 3525 sed
2034 3485 2138 3523 nec
2172 3468 2354 3522 tiliam
2387 3483 2561 3537 quam
2595 3468 2665 3522 de
2696 3483 2861 3522 sacro
2893 3466 3048 3521 fonte
3078 3466 3323 3535 levavit;
3357 3481 3549 3538 neque

1904 3557 2063 3612 filius
2113 3557 2242 3625 ejus
2288 3559 2608 3627 praesumat
2638 3554 2819 3610 ﬁliam
2853 3554 3013 3611 illius
3044 3571 3281 3611 uxorem
3314 3556 3547 3627 ducere,

1903 3646 2003 3717 qui
2029 3661 2162 3700 eum
2187 3646 2256 3699 de
2282 3645 2437 3699 fonte
2460 3644 2746 3716 suscepit;
2771 3645 2907 3715 quia
2928 3643 3262 3716 spirituales
3286 3645 3552 3717 germani

1903 3752 2031 3791 esse
2054 3738 2411 3789 noscuntur:
2438 3737 2493 3788 et
2514 3734 2613 3805 qui
2638 3734 2746 3788 hoc
2769 3733 2989 3789 malum
3015 3734 3201 3789 facere
3222 3734 3554 3803 tentaverit,

1904 3826 2107 3897 perdat
2133 3841 2364 3880 omnem
2398 3824 2786 3879 substantiam
2816 3840 3005 3879 suam.
3027 3825 3094 3879 Et
3113 3824 3214 3879 filii
3234 3824 3333 3895 qui
3356 3825 3426 3880 de
3446 3824 3553 3881 tali

1903 3914 2103 3968 illicito
2149 3912 2522 3968 matrimonio
2571 3917 2911 3984 nascuntur,
2946 3911 3202 3969 haeredes
3256 3930 3385 3968 esse
3434 3930 3552 3969 non

1908 4004 2140 4069 debent,
2166 4002 2266 4057 sed
2300 4000 2609 4073 propinqui
2644 4005 2934 4072 parentes.
2966 4001 3073 4055 Ubi
3106 4005 3301 4057 autem
3332 4001 3553 4056 inventi

1909 4092 2147 4156 fuerint,
2172 4092 2268 4162 qui
2306 4107 2484 4160 supra
2506 4089 2721 4159 scripta
2743 4089 2943 4143 illicita
2963 4091 3234 4160 conjugia
3255 4095 3554 4147 contraxe-

1908 4182 2047 4246 rint,
2075 4180 2133 4233 in
2170 4178 2441 4249 praasenti
2468 4181 2833 4247 separentur,
2860 4181 2916 4231 et
2939 4194 3119 4247 pcenze
3142 4178 3553 4249 suprascripta

1909 4270 2269 4339 subjaceant.
2300 4286 2326 4317 ι

1981 4357 2094 4413 Lex
2142 4356 2339 4421 etiam,
2388 4371 2513 4426 quae
2563 4352 2753 4409 Salica
2807 4351 3040 4423 dicitur,
3092 4352 3201 4408 hoc
3252 4352 3555 4410 continet:

1913 4472 1940 4498 ‹‹
1970 4448 2213 4503 Uxorem
2246 4443 2427 4516 patris
2448 4444 2496 4498 si
2521 4444 2652 4514 quis
2675 4442 2980 4514 acceperit,
3003 4442 3208 4498 mortis
3230 4440 3557 4514 periculum

141 4533 657 4593 hebdomadarum
706 4533 894 4607 ipsius
941 4536 1054 4591 diei
1104 4536 1421 4609 imaginem
1467 4538 1799 4609 frequenta-
1835 4557 1882 4623 D
1913 4537 2193 4603 incurrat,
2224 4539 2281 4589 et
2311 4534 2380 4589 de
2411 4533 2717 4604 praeteritis
2750 4531 3286 4603 conjunctionibus,
3310 4547 3438 4599 qua
3470 4530 3559 4586 in-

144 4641 275 4681 mus
300 4644 315 4694 ;
349 4628 605 4682 demens
629 4628 739 4695 est,
762 4624 862 4696 qui
890 4628 1108 4681 sextam
1137 4626 1363 4697 feriam,
1389 4643 1501 4698 qua
1524 4628 1807 4683 Dominus
1836 4620 1867 4623 ﬁ
1917 4630 2086 4681 cestze
2118 4640 2245 4679 esse
2275 4623 2562 4693 videntur,
2598 4638 2700 4692 per
2730 4622 3120 4693 precationem
3153 4620 3562 4693 episcoporum

146 4716 460 4770 crucifixus
516 4718 632 4782 est,
665 4728 767 4783 per
816 4731 1021 4769 omnes
1068 4714 1468 4771 hebdomadas
1521 4717 1592 4771 ob
1647 4716 1808 4772 illius
1912 4714 2209 4788 jussimus
2233 4711 2564 4767 emendare.
2588 4710 2693 4774 Qui
2727 4727 2861 4766 vero
2884 4710 3224 4784 episcopum
3256 4727 3429 4766 suum
3460 4728 3564 4767 no-

144 4802 467 4875 imaginem
504 4818 645 4858 cum
680 4802 1036 4858 abstinentia
1088 4808 1143 4858 et
1192 4805 1639 4875 compunctione
1668 4823 1806 4860 mcn-
1919 4804 2093 4860 luerit
2125 4802 2346 4869 audire,
2373 4806 2429 4856 et
2458 4800 2999 4857 excommunicatus
3030 4801 3223 4871 fuerit,
3247 4817 3565 4874 perennem

146 4892 293 4948 reris
328 4894 599 4965 abnegat
630 4891 1069 4947 celebrandum.
1106 4893 1289 4948 Labor
1328 4894 1578 4966 denique
1625 4894 1809 4967 impe-
1922 4892 2311 4948 conditionem
2336 4892 2445 4961 (57)
2471 4890 2623 4961 apud
2648 4890 2828 4945 Deum
2854 4890 3160 4958 sustineat,
3182 4896 3235 4946 et
3258 4891 3328 4947 de
3351 4890 3566 4963 palatio

1900 4986 2119 5036 nostro
2152 4979 2391 5035 omnino
2440 4977 2518 5033 sit
2561 4983 2891 5049 extraneus,
2927 4984 2984 5034 et
3036 4996 3240 5036 omnes
3288 4995 3381 5035 res
3430 4996 3570 5035 suas

1924 5070 2265 5144 parentibus
2288 5067 2565 5140 legitimis
2583 5068 2830 5121 amittat.
2852 5089 2877 5117 ››
2900 5068 3145 5123 Romani
3165 5084 3395 5141 quoque
3417 5068 3572 5139 prin-

1924 5162 2084 5232 cipes
2118 5159 2297 5213 totius
2339 5172 2483 5229 pene
2514 5156 2865 5212 monarebize
2897 5158 3287 5226 dominantes,
3322 5171 3572 5229 quorum

1927 5250 2113 5321 legem
2145 5248 2317 5302 etiam
2352 5245 2521 5299 nobis
2552 5246 2953 5301 sacerdotibus
2984 5246 3043 5300 in
3076 5246 3280 5301 multis
3306 5243 3578 5301 convenit

1929 5340 2255 5403 observare,
2282 5332 2423 5388 talia
2445 5332 2714 5389 instituta
2736 5335 2806 5389 de
2837 5334 3125 5406 conjugiis
3150 5334 3455 5407 loquentes
3477 5332 3578 5389 de-

149 4981 482 5037 dimentum
539 4980 778 5036 dicitur.
813 4982 874 5035 In
929 4997 1139 5053 magno
1194 4998 1330 5054 ergo
1384 4999 1449 5037 eo
1506 4983 1597 5038 die
1648 4983 1811 5038 Chri-

147 5073 271 5125 stus
292 5070 493 5127 fuerat
514 5068 856 5139 labore,qui
880 5072 1042 5123 tanta
1064 5070 1133 5124 ab
1157 5068 1356 5140 impiis
1380 5073 1672 5125 tormenta
1692 5087 1815 5142 per-

150 5156 385 5214 tulerat.
404 5157 704 5213 Similiter
726 5157 900 5212 etiam
925 5173 1130 5212 omnes
1152 5160 1279 5229 ejus
1298 5156 1521 5227 fideles,
1548 5159 1699 5229 quod
1726 5159 1814 5213 fu-

151 5246 376 5317 gientes
410 5247 585 5302 intus
616 5244 802 5314 dolor,
827 5262 861 5301 a
891 5245 1030 5301 foris
1061 5247 1362 5317 premebat
1391 5248 1685 5319 angustia,
1712 5264 1817 5303 nec

151 5334 399 5392 feriendi
449 5335 755 5391 dabantur
794 5334 1063 5402 induciae,
1095 5335 1310 5406 quibus
1342 5335 1474 5391 talis
1505 5337 1821 5408 parabatur

2003 5532 2115 5600 (57)
2149 5528 2540 5607 Conditz'mzem.
2572 5528 2955 5602 Perspicuum
2986 5533 3075 5586 est
3114 5529 3208 5588 hic
3249 5532 3362 5607 legi
3409 5544 3582 5603 opor-

220 5534 335 5606 (56)
366 5534 626 5602 Dignata
656 5538 754 5586 est.
786 5531 943 5587 Vidit
972 5532 1255 5589 Aeherius
1293 5548 1489 5589 vocem
1538 5533 1819 5606 aliquam,
2003 5532 2115 5600 (57)
2149 5531 2540 5585 Conditionem.
2572 5531 2601 5583 ι

220 5608 407 5660 rtasse
437 5606 842 5660 interr-eoas”.
878 5604 1077 5660 deesse
1107 5605 1218 5660 hoc
1250 5604 1395 5660 loco.
1933 5608 2055 5660 tere
2096 5601 2601 5659 condemnationem

153 5601 407 5662 fortasse
437 5601 842 5674 interrogasse,
878 5604 1077 5661 deesse
1107 5605 1218 5661 hoc
1250 5604 1395 5663 loco.

484 5730 764 5794 PATROL.
807 5728 1127 5797 CXXXIV.
3227 5732 3266 5789 4
