3956 6230
441 295 552 355 107

1440 290 1774 351 ATTONIS
1818 288 2399 350 VERCELLENSIS
2445 288 2798 351 EPISCOPI

3736 296 3866 357 108

440 424 597 479 dere.
655 443 677 473 ι
710 424 822 480 Sed
854 424 902 480 si
934 439 1049 496 qua
1079 440 1182 495 per
1211 422 1582 493 adoptionem
1616 438 1782 477 soror
1812 420 1915 475 tibi
1952 437 2080 475 esse
2110 422 2164 487 Α
2195 421 2591 489 quzerant.Sed
2612 435 2797 491 neque
2811 422 3026 477 summi
3049 423 3354 495 pontiﬁces
3368 425 3863 501 secularesleges

440 512 696 584 coeperit,
712 512 975 584 quandiu
999 513 1234 585 quidem
1258 515 1485 567 constat
1505 510 1759 581 adoptio,
1775 526 1912 564 sane
1934 509 2085 563 inter

440 603 497 655 te
518 604 575 656 et
594 617 724 656 eam
750 600 969 673 nuptiae
991 600 1306 657 consistere
1329 615 1444 654 non
1472 604 1785 671 possunt.»
1815 599 1882 651 Et
1908 598 2079 652 item:

441 710 470 738 «
502 688 561 744 Si
606 689 886 746 adversus
915 706 983 746 ea
1012 706 1135 761 quae
1168 687 1423 743 diximus
1455 686 1637 758 aliqui
1672 686 1943 755 coierint,
1979 701 2083 740 nec

438 776 547 845 vir,
583 794 688 833 nec
736 794 900 845 uxor,
934 794 1039 835 nec
1068 776 1305 848 nuptiae,
1336 791 1443 830 nec
1477 774 1943 839 matrimonium,
1979 790 2083 827 nec

442 866 549 922 dos
576 866 942 940 intelligitur.
971 867 1169 937 Itaque
1199 864 1299 936 qui
1331 881 1400 919 ex
1429 863 1531 918 tali
1560 863 1712 919 coitu
1737 867 2080 927 nascuntur,

441 955 503 1011 in
532 960 819 1028 potestate
848 954 1030 1027 patris
1061 970 1177 1009 non
1209 958 1367 1020 sunt,
1400 953 1498 1008 sed
1531 951 1676 1007 tales
1707 956 1865 1021 sunt,
1895 967 2079 1022 quan-

438 1047 567 1099 tum
589 1045 662 1100 ad
692 1042 941 1116 patriam
975 1046 1323 1114 potestatem
1351 1042 1618 1114 pertinet,
1644 1040 1848 1112 quales
1871 1043 2013 1095 sunt
2044 1038 2084 1092 ii

431 1148 584 1201 quos
611 1136 796 1187 mater
812 1130 986 1203 vulgo
1010 1131 1292 1203 concepit.
1322 1130 1601 1201 Sequitur
1623 1146 1757 1201 ergo
1784 1135 1848 1183 ut
1868 1134 1928 1182 et
1958 1128 2081 1182 dis-

436 1218 627 1275 soluto
657 1219 833 1291 coitu,
866 1236 972 1275 nec
1003 1220 1158 1275 dotis
1189 1218 1474 1275 exactioni
1506 1218 1669 1273 locus
1708 1218 1804 1283 sit,
1836 1222 1893 1271 et
1940 1216 2083 1270 alias

433 1325 636 1381 poenas
660 1310 983 1381 patiantur,
1006 1325 1137 1378 quae
1162 1309 1344 1363 sacris
1366 1307 1884 1363 constitutionibus
1906 1305 2084 1359 conti-

434 1402 670 1454 nentur.
705 1420 734 1448 »
779 1397 952 1453 Nulla
982 1398 1233 1467 denique
1264 1396 1498 1467 adoptio
1529 1395 1663 1451 talis
1693 1412 1819 1448 esse
1850 1393 2081 1466 poterit,

437 1503 617 1559 quam
647 1486 772 1541 haec
820 1502 920 1558 per
952 1502 1129 1558 quam
1161 1486 1430 1540 homines
1459 1485 1561 1539 ﬁlii
1598 1485 1691 1538 Dei
1725 1485 2079 1537 efficiuntur.

437 1575 570 1631 Haec
598 1580 688 1631 est
713 1576 869 1631 enim
898 1576 1156 1647 adoptio,
1187 1592 1314 1647 quis
1337 1573 1693 1645 emancipari
1725 1589 1838 1626 non
1873 1576 2077 1643 potest.

438 1664 604 1721 Unde
632 1664 836 1721 beatus
857 1663 1078 1721 Paulus
1110 1663 1191 1719 ait
1209 1662 1509 1736 apostolus
1536 1678 1548 1718 :
1580 1665 1693 1731 Qui
1716 1661 2079 1732 prwdestina-

438 1756 519 1810 vit
568 1756 629 1809 in
682 1754 1024 1825 adoptionem
1063 1754 1310 1824 ﬁliorum
1348 1768 1449 1824 per
1481 1751 1759 1806 Christum
1787 1752 1988 1814 Iesum,
2024 1752 2081 1803 in

436 1846 616 1915 ipsum
638 1843 934 1900 secundum
956 1844 1294 1915 propositum
1322 1843 1618 1896 voluntatis
1638 1854 1752 1894 suae
1774 1842 1832 1893 in
1857 1839 2079 1893 laudem

432 1933 625 2002 gloriae
669 1934 876 2002 gratiae
919 1946 1037 1988 suae
1085 1932 1292 2003 (Ephes.
1338 1947 1376 1997 1,
1417 1930 1493 2000 5).
1535 1929 1717 1999 Cujus
1745 1928 2078 1998 adoptionis

431 2021 773 2094 participem
802 2037 972 2076 nemo
993 2019 1239 2091 ambigit
1256 2035 1390 2074 eum
1416 2018 1515 2089 qui
1543 2018 1868 2072 secundum
1888 2033 2078 2071 sacra-

430 2114 761 2165 mentorum
782 2110 1047 2165 ordinem
1073 2125 1282 2181 pueros
1299 2107 1736 2179 haptizantibus
1755 2107 1938 2172 offert,
1954 2107 2079 2176 qui-

428 2214 543 2270 que
563 2215 666 2271 pro
682 2198 827 2270 ipsis
849 2197 1175 2253 secundum
1193 2196 1488 2252 catholicae
1509 2196 1641 2250 fidei
1665 2211 2076 2259 normam,non

428 2288 930 2360 quemadmodum
969 2287 1040 2342 de
1078 2285 1282 2355 altera,
1316 2286 1415 2341 sed
1450 2287 1601 2340 sicut
1630 2285 1701 2339 de
1730 2284 1983 2356 prepria,
2016 2283 2075 2337 in

428 2377 621 2449 prima
639 2392 889 2447 persona
907 2375 1280 2447 respondent,
1295 2375 1435 2445 quia
1452 2390 1553 2445 per
1575 2390 1802 2429 sacram
1821 2372 2079 2444 adoptio-

431 2465 704 2536 nemjam
721 2463 957 2520 illorum
971 2464 1317 2534 conjunctus
1330 2468 1419 2517 est
1434 2462 2077 2534 spiritus.ltursumque

433 2571 503 2611 ex
532 2569 697 2611 sacro
727 2553 908 2624 fonte,
942 2552 1111 2625 quasi
1160 2569 1229 2607 ex
1276 2552 1483 2607 matris
1530 2557 1692 2607 utero
1725 2556 1857 2621 post
1886 2550 2075 2621 bapti-

432 2658 634 2703 smum
655 2659 690 2698 a
710 2641 1112 2697 sacerdotibus
1128 2640 1273 2712 ipsis
1289 2642 1360 2695 ad
1386 2640 1796 2695 instruendum
1816 2638 2078 2693 commit-

431 2736 658 2789 tuntur.
690 2734 839 2786 Nam
871 2729 1025 2786 sicut
1049 2728 1311 2786 carnales
1340 2729 1524 2783 nostri
1567 2732 1839 2800 parentes
1867 2731 2075 2782 nostrae

433 2820 824 2894 generationis
856 2818 1109 2874 ministri
1140 2824 1296 2889 sunt,
1329 2818 1656 2874 secundum
1688 2817 1840 2888 quod
1873 2818 2075 2871 beatus

432 2910 702 2966 Clemens
726 2910 787 2963 in
809 2908 934 2964 suis
955 2907 1351 2965 Decretalibus
1377 2906 1605 2975 asserit,
1630 2906 1715 2962 sic
1735 2905 2075 2976 hujusmodi

433 2999 691 3055 ministri
722 3002 862 3055 sunt
891 3014 1066 3053 sacrae
1096 2996 1571 3069 regenerationis.
1608 2997 1757 3051 Deus
1785 2999 1984 3049 auctor
2015 2993 2072 3048 in

432 3088 699 3159 utrisque
731 3087 1020 3154 consistit,
1054 3087 1207 3142 sicut
1250 3086 1530 3157 scriptum
1580 3090 1668 3140 est
1699 3102 1710 3138 :
1768 3085 2075 3154 Unicuique

2194 508 2335 562 adeo
2351 510 2675 578 respuendo
2689 510 3163 581 contrivere,cum
3180 515 3856 587 nosteratqueipsorum

2192 596 2476 652 Dominus
2500 614 2566 651 ac
2594 598 2870 668 Magister
2893 599 3048 654 dicat
3073 618 3085 656 :
3120 606 3240 657 Non
3268 604 3396 658 veni
3425 604 3596 674 legem
3614 605 3853 669 solvere,

2191 685 2285 739 sed
2309 686 2616 755 adimplere
2637 687 2849 755 (Matth.
2874 705 2928 751 v,
2955 690 3062 758 17).
3088 689 3228 745 Item
3256 692 3671 747 sanctissimus
3692 710 3855 766 papa

2192 773 2450 828 Calixtus
2480 776 2657 845 (epist.
2680 778 2733 845 2,
2765 777 2838 831 ad
2865 793 3048 833 omnes
3075 778 3384 835 Galliarum
3412 782 3597 852 episc.)
3626 799 3639 837 :
3674 806 3700 831 «
3727 782 3853 839 Nec

2193 879 2291 916 eos
2324 863 2496 931 viros,
2522 880 2669 933 quos
2701 863 2855 935 leges
2878 867 3074 921 saeculi
3098 868 3387 939 rejiciunt,
3412 871 3712 942 suscipere
3744 872 3852 929 de-

2192 951 2420 1005 bemus.
2444 955 2639 1021 Ipsam
2668 970 2900 1025 quoque
2926 955 3249 1022 infamiam,
3273 974 3390 1029 qua
3419 959 3644 1031 aspersi
3676 966 3847 1028 sunt,

2191 1039 2383 1094 delere
2406 1057 2521 1095 non
2553 1057 2892 1111 possumus,
2918 1046 3018 1099 sed
3049 1046 3276 1102 animas
3300 1064 3502 1102 eorum
3529 1065 3633 1120 per
3656 1050 3851 1121 paeni-

2191 1128 2436 1182 tentiam
2461 1129 2753 1199 publicam
2778 1136 2833 1185 et
2860 1132 3123 1187 Ecclesiae
3146 1134 3605 1192 satisfactionem
3629 1154 3850 1195 sanare

2195 1218 2489 1287 rupimus.
2522 1241 2549 1266 ››
2582 1219 2721 1273 Item
2749 1219 3100 1291 Dionysius:
3135 1245 3163 1271 «
3198 1225 3447 1280 Infames
3477 1243 3680 1282 omnes
3713 1244 3848 1284 esse

2194 1321 2501 1360 censemus
2558 1308 2657 1378 qui
2718 1325 2884 1362 suam
2938 1310 3330 1367 Christianam
3388 1316 3849 1385 prmvaricantur

2194 1393 2400 1465 legem.
2424 1416 2451 1443 »
2475 1400 2618 1449 Item
2644 1396 3041 1468 Entycbianus
3064 1416 3075 1454 :
3102 1423 3129 1449 «
3155 1400 3437 1457 Similiter
3455 1403 3846 1475 prohibemus

2194 1488 2259 1536 ut
2291 1483 2461 1538 nullm
2492 1501 2678 1539 causa:
2711 1502 2744 1539 a
2766 1486 3068 1556 judicibus
3089 1489 3500 1547 ecclesiasticis
3522 1494 3847 1550 audiantur

2192 1588 2318 1641 quze
2342 1572 2567 1642 legibus
2589 1590 2703 1628 non
2731 1575 3103 1631 continentur
3121 1578 3209 1634 vel
3233 1595 3359 1650 quae
3383 1581 3689 1652 prohibita
3711 1599 3844 1640 esse

2192 1666 2532 1715 noscuntur.
2565 1683 2595 1713 ι)
2642 1663 2746 1717 Hic
2777 1668 2834 1717 et
2863 1666 3275 1722 sanctissimus
3303 1668 3493 1723 Julius
3524 1686 3679 1742 papa
3707 1688 3845 1727 con-

2190 1749 2403 1803 ﬁrmat.
2424 1749 2806 1805 Beatissimus
2828 1752 3002 1807 etiam
3021 1754 3334 1826 Gregorius
3355 1757 3541 1813 multa
3560 1762 3838 1815 Romanae

2187 1836 2333 1906 legis
2382 1839 2638 1910 capitula
2688 1842 3066 1910 conﬁrmans,
3106 1860 3213 1899 suo
3267 1844 3517 1901 inseruit
3564 1847 3836 1920 registro.

2189 1931 2354 1997 largo,
2372 1928 2607 1983 domine
2635 1928 2735 1996 mi,
2752 1930 3039 1986 absonum
3062 1948 3191 1988 esse
3210 1934 3456 2003 videtur,
3472 1939 3538 1990 ut
3554 1936 3840 2007 spiritalis

2188 2016 2448 2071 afﬁnitas
2470 2017 2806 2074 carnalibus
2829 2020 3196 2091 amplexibus
3229 2022 3516 2078 deservire
3547 2031 3794 2097 cogatur
3821 2044 3835 2080 :

2188 2105 2271 2159 ait
2293 2107 2448 2159 enim
2472 2107 2677 2162 beatus
2692 2107 2909 2163 Paulus
2933 2110 3233 2180 apostolus
3257 2129 3270 2168 ε
3306 2114 3398 2168 Vos
3418 2113 3567 2169 enim
3588 2116 3651 2169 in
3673 2115 3839 2171 liber-

2188 2200 2297 2248 tate
2319 2198 2494 2249 vocati
2514 2199 2661 2260 estis,
2674 2199 2907 2267 fratres;
2931 2206 3146 2253 tantum
3164 2216 3232 2254 ne
3254 2201 3565 2258 libertatem
3592 2205 3654 2257 in
3682 2220 3837 2261 occa-

2185 2286 2339 2337 sione
2366 2284 2501 2338 detis
2529 2287 2713 2339 carnis
2746 2286 2883 2355 (Gal.
2917 2304 2969 2353 v,
3000 2290 3112 2357 13),
3147 2295 3205 2343 et
3235 2288 3446 2346 iterum
3483 2307 3497 2347 :
3529 2293 3642 2361 Qui
3667 2296 3840 2350 semi-

2185 2381 2281 2427 nat
2313 2373 2370 2427 in
2400 2389 2564 2428 carne
2590 2389 2713 2443 sua,
2746 2376 2813 2428 de
2840 2392 3006 2431 carne
3034 2381 3195 2432 metet
3232 2382 3640 2451 corruptionem
3671 2400 3692 2436 :
3740 2386 3839 2454 qui

2184 2463 2366 2514 autem
2394 2464 2625 2515 seminat
2648 2464 2707 2515 in
2729 2464 2951 2532 spiritu,
2977 2465 3041 2520 de
3068 2467 3273 2536 spiritu
3291 2477 3451 2524 metet
3480 2471 3651 2526 vitam
3668 2480 3834 2528 (aeter-

2182 2566 2314 2604 nam
2344 2550 2484 2619 (Gal.
2516 2568 2590 2618 v1,
2623 2552 2697 2618 8).
2732 2553 2802 2607 Et
2833 2570 3037 2609 rursus
3069 2571 3082 2609 :
3134 2556 3234 2612 Ubi
3257 2560 3513 2628 spiritus,
3547 2560 3630 2615 ibi
3663 2562 3831 2617 liber-

2183 2646 2266 2693 tas
2297 2639 2369 2708 (Il
2397 2639 2516 2693 Cor.
2552 2656 2634 2701 ιιι,
2670 2641 2778 2711 17).
2814 2646 2879 2695 Et
2906 2643 2964 2696 in
2995 2642 3243 2699 Levitico
3274 2662 3287 2700 :
3321 2646 3511 2702 Omnis
3539 2663 3832 2705 consecra-

2181 2728 2258 2781 tio
2278 2743 2397 2797 quw
2416 2730 2668 2800 offertur,
2683 2729 2751 2783 ab
2772 2729 2987 2787 homine
3004 2747 3112 2786 non
3135 2733 3435 2790 redimetur
3446 2736 3638 2807 (Leuit.
3654 2754 3831 2806 xxvu,

2181 2816 2293 2887 29),
2328 2833 2399 2870 ne
2431 2816 2645 2872 nostris
2677 2818 2883 2873 usibus
2915 2822 3371 2888 succumbendo,
3402 2829 3701 2881 sacratum
3735 2843 3829 2883 ex-

2184 2904 2467 2961 secrabile
2498 2907 2621 2961 ﬁat.

2254 2994 2361 3048 Sed
2415 2999 2471 3048 et
2519 2994 2568 3049 si
2619 2994 2738 3050 haec
2779 3001 2989 3052 cuncta
3027 3014 3151 3069 quae
3184 3000 3455 3072 superius
3484 3002 3603 3059 tale
3633 3020 3833 3077 repre-

2182 3082 2503 3138 hendentes
2534 3085 2873 3155 conjugium
2905 3086 3183 3154 diximus,
3216 3089 3547 3157 deﬁcerent,
3583 3094 3732 3149 satis
3763 3096 3829 3149 ad

433 3180 576 3234 sicut
593 3177 856 3234 Dominus
884 3176 1051 3232 dedit.
1074 3177 1181 3246 Ego
1204 3176 1475 3246 plantavi,
1511 3173 1701 3245 Apollo
1730 3176 1949 3244 rigavit,
1976 3173 2071 3229 sed
2101 3159 2143 3226 C
2184 3172 2241 3226 id
2265 3173 2703 3242 reprimendum
2723 3174 2899 3229 etiam
2921 3183 3306 3233 remanerent.
3323 3179 3469 3234 Nam
3487 3181 3632 3237 adeo
3650 3182 3830 3253 hujus

432 3268 572 3323 Deus
598 3268 990 3322 incrementum
1021 3265 1169 3321 dedit
1204 3266 1244 3333 (I
1274 3265 1398 3319 Cor.
1434 3281 1517 3331 ιιι,
1549 3264 1625 3333 ὃ).
1661 3262 1747 3317 Illi
1796 3279 2073 3333 namque,

432 3356 636 3429 qui,ut
665 3354 935 3427 superius
966 3354 1243 3423 diximus,
1266 3369 1404 3425 erga
1434 3369 1645 3424 pueros
1676 3357 1876 3422 agunt,
1901 3352 2072 3422 spiri-

428 3443 666 3501 tualiter
694 3442 982 3515 plantant,
1006 3447 1062 3497 et
1090 3446 1283 3514 patres
1306 3446 1463 3496 sunt.
1488 3440 1595 3506 Qui
1627 3445 1822 3495 autem
1859 3440 2071 3511 rigant,

433 3533 693 3592 ministri
724 3532 1102 3589 ecclesiarum
1134 3535 1289 3598 sunt,
1314 3534 1681 3585 sacramenta
1712 3529 2074 3584 conferentes

431 3622 827 3697 baptismatis.
871 3620 1133 3676 Dominus
1180 3623 1364 3674 autem
1418 3620 1816 3674 incrementum
1864 3618 1965 3672 dat
2012 3618 2071 3672 in

432 3713 735 3779 omnibus,
766 3711 885 3767 sive
927 3710 987 3765 in
1039 3708 1465 3781 spiritualibus,
1498 3707 1617 3763 sive
1648 3706 1708 3761 in
1738 3706 2071 3762 carnalibus

426 3801 805 3877 profectibus.

500 3890 738 3965 Legitur
766 3890 939 3947 etiam
972 3890 1032 3945 in
1062 3888 1211 3944 libro
1228 3887 1527 3956 Codicum,
1553 3886 1707 3957 quod
1737 3888 1825 3939 cst
1856 3885 2067 3940 Roma-

426 3998 513 4038 nae
543 3980 707 4054 legis,
732 3980 812 4036 ita
844 3998 857 4036 ε
900 4000 925 4033 α
950 3978 1107 4034 Nihil
1129 3977 1289 4034 aliud
1320 3975 1404 4031 sic
1437 3975 1711 4029 inducere
1742 3978 1933 4044 potest
1968 3990 2066 4044 pa-

421 4076 648 4128 ternam
678 4070 1061 4137 affectionem,
1094 4072 1151 4122 et
1174 4068 1399 4138 justam
1434 4062 1774 4134 nuptiarum
1806 4060 2065 4133 prohibi-

417 4158 659 4227 tionem,
683 4175 861 4230 quam
893 4155 1234 4229 hujusmodi
1260 4170 1466 4217 nexus,
1490 4168 1594 4224 per
1614 4166 1790 4221 quem
1815 4157 1925 4204 Deo
1947 4150 2067 4205 ani-

416 4265 525 4306 mas
546 4264 750 4306 eorum
770 4246 1049 4319 cepulatae
1070 4248 1275 4300 sunt.»
1301 4244 1441 4297 item
1465 4239 1777 4296 exNovella
1794 4239 1956 4310 (Nov.
1976 4241 2062 4309 12,

414 4355 465 4395 c.
502 4340 552 4412 1)
583 4356 598 4395 :
659 4359 685 4391 α
714 4336 774 4393 Si
813 4336 911 4408 qui
953 4333 1243 4390 nefarium
1277 4336 1452 4401 atque
1482 4330 1827 4384 damnatum
1861 4329 2060 4383 matri-

413 4428 678 4485 monium
706 4423 1124 4490 contraxerint,
1148 4426 1206 4476 et
1236 4437 1305 4475 ex
1326 4418 1504 4490 priori
1530 4418 1903 4473 matrimonio
1925 4418 2063 4471 libe-

2183 3260 2483 3331 religionis
2506 3278 2683 3317 causa
2708 3263 2989 3319 hactenus
3012 3269 3102 3320 est
3130 3266 3439 3336 abolitum,
3463 3274 3529 3324 ut
3555 3286 3672 3324 non
3703 3276 3830 3327 tan-

2180 3353 2306 3403 tum
2332 3349 2621 3417 litteratis,
2636 3350 2720 3406 vel
2747 3352 3152 3423 prudentibus,
3168 3356 3268 3409 sed
3288 3355 3463 3412 etiam
3485 3357 3633 3429 ipsis
3654 3360 3832 3417 rusti-

2180 3438 2265 3493 cis
2297 3440 2477 3494 moris
2506 3456 2683 3495 causa
2712 3441 3021 3512 profanum
3051 3444 3178 3513 jam
3208 3444 3491 3513 videatur,
3526 3450 3593 3501 ut
3635 3449 3828 3505 sicubi

2183 3530 2435 3598 peccatis
2484 3529 2849 3599 exigentibus
2897 3530 3118 3602 aliquid
3177 3532 3291 3588 tale
3342 3535 3659 3608 audierint,
3698 3538 3825 3594 ideo

2180 3616 2664 3673 scandalizentur.
2696 3618 2857 3674 Unde
2885 3636 3058 3692 grave
3088 3622 3593 3680 committentibus
3625 3643 3825 3698 pecca-

2179 3710 2305 3761 tum
2334 3707 2609 3763 exoritur.
2643 3710 2736 3762 Ait
2765 3709 2922 3764 enim
2965 3710 3250 3766 Dominus
3282 3727 3295 3766 :
3350 3713 3431 3768 Vae
3476 3714 3702 3772 homini
3750 3718 3831 3772 illi

2175 3812 2275 3867 per
2301 3812 2459 3866 quem
2484 3796 2809 3852 scandalum
2837 3800 2987 3853 venit
3016 3798 3241 3869 (Matth.
3274 3816 3435 3869 xvul,
3467 3802 3563 3874 7);
3596 3810 3651 3859 et
3696 3805 3827 3862 bea-

2181 3890 2273 3940 tus
2296 3884 2547 3939 Paulus:
2579 3886 2935 3941 Providemus
2963 3889 3114 3942 enim
3139 3888 3278 3944 bona
3305 3905 3411 3945 non
3439 3892 3622 3946 solum
3644 3909 3827 3950 coram

2174 3974 2301 4038 Deo,
2334 3974 2428 4029 sed
2472 3974 2639 4028 etiam
2685 3990 2867 4029 coram
2912 3974 3224 4032 hominibus
3270 3978 3345 4048 (II
3373 3978 3495 4035 Cor.
3528 3998 3655 4052 vm,
3691 3984 3821 4053 2t);

2175 4067 2232 4117 et
2262 4062 2401 4117 item
2436 4079 2448 4115 :
2502 4064 2636 4117 .Sine
2677 4064 2969 4133 o/l‘ensione
2996 4070 3166 4122 estote
3195 4067 3418 4135 Iudaeis,
3452 4077 3505 4125 et
3547 4073 3823 4141 gentibus,

2174 4154 2222 4205 et
2272 4152 2526 4207 Ecclesiae
2562 4152 2659 4205 Dei
2699 4153 2743 4221 (l
2778 4154 2915 4209 Cor.
2948 4171 3002 4224 x,
3036 4155 3125 4225 32)
3154 4172 3167 4218 ξ
3201 4160 3259 4211 et
3288 4173 3494 4213 rursus
3531 4174 3546 4212 :
3597 4160 3663 4214 Si
3709 4176 3823 4217 esea

2168 4240 2511 4295 scandalizat
2538 4242 2773 4310 fratrem
2810 4258 3012 4309 meum,
3042 4242 3159 4299 non‘
3198 4245 3540 4302 manducabo
3590 4264 3820 4307 carnem

2171 4332 2233 4385 in
2278 4334 2561 4392 aeternum.
2594 4346 2665 4384 ne
2706 4332 2942 4401 fratrem
2990 4349 3170 4389 meum
3208 4335 3585 4392 scandalizent
3614 4340 3667 4406 (I
3701 4340 3817 4399 Cor.

2168 4436 2293 4483 VIII,
2328 4420 2452 4488 13);
2507 4423 2564 4473 et
2592 4419 2805 4474 iterum
2840 4437 2852 4475 :
2906 4423 3071 4477 Nemo
3114 4423 3254 4493 quod
3282 4439 3445 4480 suum
3473 4429 3553 4481 est
3583 4434 3814 4497 quaerat,

412 4534 509 4574 ros
530 4534 645 4573 non
671 4514 1009 4578 habuerint,
1035 4510 1233 4566 statim
1257 4508 1381 4563 suis
1404 4506 1779 4562 facultatibus
1802 4511 2055 4578 careant,
2087 4526 2135 4590 D
2164 4508 2256 4563 sed
2289 4508 2428 4578 quod
2474 4506 2708 4563 alterius
2739 4510 2783 4575 0
2814 4510 2934 4564 Cor.
2968 4527 3023 4577 x,
3054 4512 3166 4580 24).
3218 4511 3419 4568 Plures
3469 4530 3692 4587 nempe
3740 4515 3817 4572 of-

411 4610 470 4662 et
496 4607 603 4663 dos
632 4604 759 4660 ﬁsci
785 4602 1024 4673 juribus
1053 4598 1400 4653 vindicetur.
1432 4600 1572 4651 Post
1602 4592 2052 4666 publicationem

409 4698 629 4761 autem,
662 4696 721 4747 et
752 4689 973 4761 cinguli
1017 4686 1109 4742 sui
1157 4686 1453 4758 patiantur
1481 4684 1875 4752 amissionem,
1908 4690 1965 4739 et
1992 4685 2049 4740 in

408 4780 611 4836 exsilio
634 4778 976 4851 puniantur.
1002 4775 1163 4839 Quod
1185 4774 1235 4829 si
1267 4773 1436 4829 vilior
1456 4773 1530 4829 sit
1556 4790 1822 4845 persona,
1847 4790 2048 4846 corpo-

405 4868 515 4924 rali
547 4865 858 4940 quaestioni
892 4863 1197 4931 subsistat,
1229 4868 1284 4918 et
1332 4880 1474 4918 uxor
1502 4864 1630 4933 ejus
1663 4868 1864 4917 contra
1893 4862 2048 4935 leges

404 4961 592 5029 nupta
621 4955 856 5011 easdem
892 4968 1091 5024 poenas
1124 4952 1393 5023 patiatur.
1426 4951 1554 5007 Haec
1584 4956 1714 5022 post
1746 4951 2045 5009 biennium

398 5047 664 5112 valeant;
700 5059 837 5098 nam
871 5040 1087 5097 biennii
1115 5036 1476 5113 indulgentia
1506 5038 1624 5095 illis
1652 5040 1910 5111 praestita
1935 5046 2042 5108 est,

398 5134 501 5206 qui
522 5135 652 5205 jam
684 5137 1097 5189 contraxerunt
1126 5136 1327 5187 contra
1354 5130 1509 5202 leges
1551 5129 1946 5198 matrimonia,
1979 5134 2045 5185 ut

397 5221 554 5277 infra
584 5220 888 5277 biennium
913 5225 1269 5292 separentur.
1296 5220 1456 5285 Quod
1492 5219 1542 5274 si
1572 5236 1690 5273 non
1717 5217 1931 5272 fuerint
1961 5234 2043 5273 se-

394 5310 604 5382 parati,
635 5311 736 5366 sed
771 5308 1263 5383 perseveraverint
1301 5308 1360 5364 in
1407 5312 1528 5363 toto
1563 5306 1821 5371 biennio,
1854 5306 2043 5377 poenis

394 5398 454 5455 in
486 5399 675 5472 primo
706 5399 894 5471 capite
924 5397 1093 5454 dictis
1131 5397 1541 5469 subjiciantur.
1576 5417 1602 5445 »
1655 5393 1834 5449 Valde
1881 5395 2039 5449 enim

390 5491 563 5561 turpe
591 5495 703 5559 est,
728 5492 794 5544 ut
823 5488 977 5559 quod
1009 5488 1308 5560 religionis
1334 5502 1513 5541 causa
1543 5484 1851 5539 saeculares
1879 5482 2039 5555 leges

390 5578 680 5641 custodire
701 5577 1082 5655 contendunt,
1108 5577 1217 5636 hoc
1243 5575 1576 5639 sacerdotes
1597 5573 1698 5629 Dei
1720 5572 2039 5648 infringere

2164 4596 2368 4665 fendit,
2397 4596 2496 4668 qui
2520 4597 2792 4667 antiquas
2816 4600 3270 4656 consuetudines
3295 4618 3330 4656 a
3351 4601 3814 4675 religiosissimis

2162 4691 2219 4740 et
2247 4685 2634 4757 prudentibus
2664 4686 2999 4743 observatas
3031 4689 3348 4745 immutare
3396 4690 3483 4747 vel
3534 4693 3812 4751 abradere

2161 4774 2466 4844 praesumit
2497 4791 2510 4828 :
2543 4790 2675 4828 cum
2709 4775 2914 4831 beatus
2946 4777 3103 4835 dicat
3132 4778 3391 4834 Isidorus
3421 4779 3547 4851 (lib.
3586 4799 3629 4836 ιι
3664 4784 3807 4852 Orig.

2158 4879 2207 4917 c.
2245 4864 2378 4931 10):
2435 4885 2454 4911 α
2492 4862 2859 4919 Consuetudo
2906 4871 2996 4920 est
3038 4867 3140 4937 jus
3188 4868 3486 4938 quoddam
3541 4873 3802 4928 moribus

2157 4950 2518 5018 institutum,
2553 4954 2706 5023 quod
2742 4969 2845 5025 per
2871 4953 3056 5026 legem
3091 4957 3412 5027 suscipitur
3442 4975 3583 5016 cum
3615 4959 3802 5018 deﬁcit

2156 5038 2266 5093 lex.
2281 5039 2403 5095 Non
2424 5041 2616 5095 differt
2633 5047 2828 5096 utrum
2853 5044 3140 5114 scriptura
3158 5062 3232 5100 an
3256 5046 3480 5103 ratione
3499 5051 3798 5113 consistat,

2154 5130 2388 5201 quando
2420 5134 2476 5184 et
2505 5129 2693 5201 legem
2719 5131 2866 5187 ratio
2889 5135 3281 5190 commendat.
3310 5140 3485 5192 Porro
3506 5138 3559 5193 si
3584 5139 3797 5195 ratione

2152 5216 2243 5273 lex
2273 5224 2519 5285 constat,
2544 5219 2635 5273 lex
2663 5220 2774 5274 erit
2797 5237 2968 5277 omne
2990 5224 3117 5293 jam
3150 5224 3306 5296 quod
3337 5225 3568 5282 ratione
3591 5225 3794 5285 consti-

2150 5306 2305 5375 terit,
2328 5307 2610 5362 duntaxat
2630 5310 2784 5379 quod
2816 5310 3095 5383 religione
3118 5318 3420 5386 congruat,
3445 5318 3610 5387 quod
3635 5313 3794 5373 disci-

2150 5394 2323 5464 plina:
2372 5397 2698 5464 conveniat,
2749 5399 2902 5469 quod
2953 5401 3128 5455 saluti
3186 5403 3473 5474 proﬁciat.
3512 5426 3534 5455 ι
3593 5406 3827 5463 Beatus’

2150 5498 2384 5554 quoque
2417 5500 2564 5555 papa
2590 5484 2920 5557 Gregorius,
2946 5490 3116 5560 cujus
3146 5489 3631 5551 institutionibus
3658 5504 3788 5567 pene

2149 5574 2308 5630 totus
2340 5572 2637 5647 regelatur
2664 5575 2845 5649 orbis,
2877 5578 2959 5636 ait
2988 5577 3220 5652 registri
3249 5584 3415 5656 parte
3443 5583 3647 5658 prima
3675 5579 3784 5666 (lib.
