3956 6230
188 298 291 358 109

1684 295 2111 358 ΕΡΙΒΤΟΒᾹΞ.

3485 310 3605 370 HO

192 447 229 495 1,
254 429 410 498 epist.
433 427 532 499 75)
559 444 572 481 :
601 449 630 477 ‹‹
659 426 728 482 Et
758 442 864 482 nos
883 427 1050 498 juxta
1074 428 1283 484 seriem
1306 427 1602 484 relationis
1650 433 1852 483 vestrae
1885 430 1937 494 Α
1967 432 2196 500 accipiet
2217 434 2264 484 et
2297 432 2466 486 vitam
2481 440 2748 487 aeternam
2765 433 3054 503 possidebit
3081 437 3298 502 (Matth.
3333 453 3448 504 XIX,
3476 415 3565 511 ἐ29)
3589 459 3601 505 ;

190 516 828 588 consuetudinemque
848 521 1044 572 tamen
1068 522 1270 572 contra
1301 518 1474 571 ﬁdem
1496 516 1840 572 catholicam

187 605 321 662 nihil
354 621 650 677 usurpare
708 604 1095 676 dignoscitur,
1156 605 1460 660 immotam
1504 622 1842 677 permanere

188 695 586 761 concedimus,
615 693 738 749 sive
759 694 832 748 de
856 693 1208 764 primatibus
1231 693 1651 750 constituendis
1675 700 1842 748 crete-

187 784 381 852 risque
412 782 718 856 capitulis,
749 783 1004 853 exceptis
1035 782 1128 836 his
1159 783 1258 853 qui
1299 798 1366 838 ex
1421 783 1740 838 Donatistis
1770 783 1841 838 ad

187 874 588 945 episcopatum
609 871 976 944 perveniunt.
999 893 1026 919 »
1052 872 1160 926 Sed
1186 877 1242 925 et
1255 872 1632 927 beatissimus
1648 878 1840 943 Augu-

188 963 402 1029 stinus,
433 963 507 1017 de
540 961 712 1031 cujus
744 959 894 1032 prati
955 959 1210 1014 oleribus
1267 961 1460 1015 omnis
1506 961 1841 1014 Dominicus

188 1051 447 1123 pascitur
476 1066 636 1123 grex,
695 1048 904 1104 scribit
961 1049 1032 1103 ad
1096 1047 1537 1118 inquisitionem
1577 1048 1839 1104 Januarii

189 1141 358 1212 (epist.
399 1140 523 1206 118,
559 1137 634 1192 ad
688 1139 986 1207 Ianuar):
1025 1165 1052 1185 ιι
1111 1137 1244 1208 Ipsa
1302 1153 1538 1208 quoque
1597 1137 1841 1193 mutatio

190 1227 651 1297 consuetudinis,
677 1227 854 1282 etiam
883 1243 1007 1297 quas
1029 1226 1267 1296 adjuvat
1288 1225 1556 1293 utilitate,
1590 1226 1841 1281 novitate

193 1317 512 1388 perturbat.
548 1338 577 1366 υ
613 1315 978 1386 Quapropter
1006 1331 1132 1385 quae
1164 1313 1327 1369 utilis
1359 1331 1475 1370 non
1507 1319 1843 1386 est,pertur-

194 1404 417 1460 batione
449 1403 837 1469 infructuosa,
869 1407 1293 1474 consequenter
1323 1402 1493 1457 noxia
1522 1407 1627 1457 est.
1653 1410 1842 1474 Appa-

194 1499 276 1548 ret
299 1509 434 1566 ergo
467 1493 625 1564 quod
659 1491 1020 1547 consuetudo
1055 1508 1180 1562 quae
1213 1492 1346 1546 ﬁdei
1405 1491 1722 1557 catholicas,
1753 1490 1840 1546 vel

194 1581 568 1638 saecularibus
595 1581 826 1654 legibus
849 1597 961 1635 non
987 1579 1538 1647 obest,omnimodis
1559 1581 1842 1636 servanda

192 1671 282 1737 sit,
315 1672 472 1744 quod
507 1669 912 1726 Theodosiano
944 1669 1328 1724 conﬁrmatur
1348 1669 1559 1725 edicto.
1584 1669 1690 1723 Sed
1716 1668 1840 1724 haec

193 1761 262 1816 de
283 1777 402 1832 qua
421 1776 579 1815 nunc
601 1759 790 1830 agitur
811 1759 1192 1827 consuetudo,
1228 1774 1332 1814 nec
1353 1757 1649 1813 catholicas
1684 1757 1837 1827 ﬁdei,
1869 1799 1917 1863 Β

195 1864 301 1903 nec
321 1848 426 1903 ulli
457 1847 914 1904 Christianorum
943 1846 1055 1919 legi
1079 1846 1309 1918 penitus
1332 1847 1657 1918 impugnat.
1685 1845 1842 1902 Licet

193 1941 385 1992 tamen
412 1936 682 2007 quaedam
703 1935 856 2007 leges
886 1936 1006 1990 sint
1036 1936 1096 1990 in
1127 1936 1344 2006 quibus
1367 1935 1487 1990 haec
1507 1933 1839 2006 specialiter

193 2042 302 2080 non
334 2025 871 2091 contineantur,sed
896 2023 1156 2079 nullaest
1176 2040 1302 2095 quze
1325 2023 1462 2078 huic
1481 2025 1838 2095 [impugnare

190 2115 466 2170 videatur.
504 2113 868 2184 Quapropter
898 2113 1026 2168 ideo
1047 2113 1118 2167 de
1176 2113 1284 2167 hac
1338 2113 1555 2168 multos
1585 2113 1839 2168 tacuisse

194 2203 517 2274 antiquitus
538 2200 857 2269 credimus,
891 2201 1028 2272 quia
1057 2200 1116 2256 in
1148 2217 1295 2256 nova
1350 2201 1519 2272 quasi
1559 2201 1838 2273 religione

193 2291 582 2362 baptismatis,
606 2289 809 2345 nullus
829 2289 1195 2346 Christianus
1217 2289 1356 2345 talia
1376 2307 1726 2362 praesumere
1747 2307 1837 2346 co-

197 2379 484 2448 nabatur;
521 2396 626 2434 nec
650 2378 988 2450 judicavere
1019 2378 1506 2444 interdicendum,
1536 2380 1688 2449 quod
1721 2397 1835 2434 non

194 2468 497 2524 credebant
526 2469 1031 2540 praesumendum.
1083 2468 1222 2523 Nam
1269 2468 1418 2538 justo
1477 2469 1568 2522 lere
1622 2484 1731 2524 non
1765 2476 1840 2523 est

191 2558 380 2627 posita,
410 2556 505 2612 sed
541 2557 765 2628 injustis
797 2557 844 2625 (Ι
903 2557 1035 2610 Tim.
1098 2574 1136 2625 ι,
1194 2557 1271 2624 9).
1342 2561 1614 2612 Attamen
1646 2555 1835 2626 nobis,

193 2644 394 2716 quibus
425 2644 563 2700 licet
592 2645 852 2716 indignis
882 2645 1250 2700 discernendi
1284 2644 1558 2716 imposita
1590 2650 1678 2701 est
1699 2661 1836 2700 con-

191 2733 348 2806 ditio,
374 2738 438 2790 ut
459 2734 798 2789 dividamus
820 2733 970 2788 inter
991 2735 1279 2789 mundum
1305 2739 1360 2789 et
1380 2735 1839 2803 immundum,et

190 2821 425 2895 lepram,
458 2823 605 2878 talia
664 2823 932 2878 convenit
987 2821 1334 2890 declamare,
1387 2840 1459 2878 ne
1515 2828 1771 2878 tacentes
1803 2840 1837 2878 a

188 2911 425 2968 Domino
455 2929 565 2984 per
595 2911 938 2982 prophetam
971 2927 1313 2982 arguamur,
1367 2911 1630 2967 dicente:
1667 2914 1838 2968 Canes

185 3003 321 3056 muti
349 3017 454 3056 non
485 3001 732 3055 valentes
764 3000 968 3055 latrare
998 3000 1149 3071 (Isai.
1196 3018 1303 3070 LVI,
1365 3001 1473 3072 10),
1533 3017 1604 3055 ne
1636 3000 1834 3072 populi

191 3091 518 3145 consentire
577 3088 814 3159 ﬂagitiis
874 3087 1197 3152 videamur,
1258 3093 1315 3141 et
1347 3087 1834 3158 reprehensibiles

1955 524 2016 572 ut
2049 518 2259 573 Paulus
2282 520 2578 590 apostolus
2603 538 2615 575 :
2641 522 2758 575 Non
2774 530 2850 576 est
2879 523 3026 576 enim
3055 527 3306 580 servituti
3331 527 3606 598 subjectus

1950 605 2133 676 frater
2160 616 2256 661 aut
2283 624 2438 662 soror
2496 610 2554 662 in
2584 610 2856 678 ejusmodi
2875 627 2893 670 ;
2924 610 2979 662 in
3009 628 3140 681 pace
3178 622 3361 668 autem
3391 618 3606 672 vocavit

1951 711 2050 747 nos
2082 696 2346 749 Dominus
2378 697 2421 765 (1
2455 696 2574 751 Cor.
2608 714 2708 764 vn,
2746 699 2854 766 14).
2889 697 3174 754 Dominus
3204 701 3378 756 etiam
3411 703 3601 758 divor-

1951 782 2100 838 tium
2133 784 2468 855 prohibens,
2503 785 2906 842 fornicationis
2937 804 3176 844 causam
3237 791 3480 861 excepit,
3512 793 3599 847 di-

1951 888 2124 927 cens:
2185 877 2420 944 Excepta
2475 877 2860 943 fornicationis
2914 892 3082 932 causa
3137 877 3354 946 (Matth.
3397 897 3452 946 v,
3486 882 3596 951 32),

1951 961 2212 1031 cujus,ut
2235 962 2538 1027 scitis,duo
2561 968 2701 1018 sunt
2722 980 2954 1036 genera,
2978 965 3049 1020 de
3070 966 3288 1036 quibus
3309 967 3476 1024 nobis
3501 985 3602 1040 per

1951 1049 2149 1103 omnia
2178 1051 2349 1105 modo
2376 1068 2486 1105 non
2513 1053 2780 1106 convenit
2801 1052 3122 1123 disputare.
3147 1054 3419 1110 Vestrum
3445 1058 3598 1112 unde

1952 1136 2478 1200 ﬁdelem,nostrum
2507 1140 2727 1194 scilicet
2748 1140 2956 1206 ﬁlium,
2977 1159 3008 1196 ο
3038 1143 3272 1199 domine
3293 1143 3599 1212 mi,verbis

1952 1225 2286 1281 aﬂ‘abilibus
2307 1233 2362 1282 et
2383 1227 2702 1298 melliﬁuis,
2729 1230 2882 1284 sicut
2904 1231 3047 1285 bene
3070 1232 3276 1299 nostis,
3297 1232 3601 1290 consulere

1953 1330 2068 1368 non
2101 1315 2497 1387 dedignemini
2525 1334 2536 1370 :
2573 1323 2863 1388 quatenus
2922 1319 3139 1375 relictis
3194 1320 3491 1391 prioribus
3523 1323 3596 1378 ad

1951 1402 2186 1458 meliora
2218 1406 2546 1475 pertingere
2580 1411 2770 1477 queat.
2808 1408 2959 1462 Bene
2991 1424 3245 1480 namque
3278 1409 3440 1464 scitis
3463 1409 3602 1481 quia

1951 1494 2128 1547 omnis
2156 1493 2453 1565 disciplina
2483 1497 2542 1548 in
2570 1498 2829 1566 przescnti
2859 1497 3078 1566 quidem
3108 1498 3323 1553 videtur
3349 1515 3457 1553 non
3490 1516 3604 1554 esse

1948 1580 2156 1648 gaudii,
2183 1583 2274 1636 sed
2312 1585 2603 1649 mmroris;
2625 1587 2812 1654 postea
2863 1589 3044 1641 autem
3098 1588 3339 1656 fructum
3362 1588 3600 1659 pacatis-

1948 1670 2153 1723 simam
2179 1674 2499 1726 exercitatis
2523 1688 2623 1742 per
2651 1689 2775 1727 eam
2807 1673 2989 1729 reddet
3008 1675 3246 1744 justitiae
3276 1677 3456 1746 (Hebr.
3490 1693 3594 1744 xu,

1952 1758 2059 1826 11).
2095 1759 2161 1812 Et
2191 1759 2446 1814 Jacobus
2477 1760 2810 1830 apostolus:
2847 1762 2997 1818 Scire
3026 1763 3196 1832 debet,
3220 1767 3479 1835 quoniam
3501 1765 3602 1836 qui

1945 1848 2186 1901 converti
2239 1850 2432 1916 fecerit
2458 1852 2791 1917 peccatorem
2813 1850 2880 1902 ab
2897 1866 3080 1905 errore
3100 1852 3200 1905 viae
3219 1853 3596 1918 suasalvavit

1946 1936 2190 1989 animam
2217 1937 2333 2006 ejus
2363 1953 2394 1989 a
2426 1940 2618 2001 morte,
2653 1942 2702 1991 et
2731 1940 2906 2007 aperit
2957 1940 3369 1995 multitudinem
3403 1956 3590 2011 pecca-

1946 2031 2126 2078 torum
2157 2025 2294 2090 (Jac.
2327 2041 2380 2091 v,
2413 2025 2524 2092 2U).

2017 2112 2182 2174 Quod
2214 2117 2406 2167 autem
2441 2117 2632 2167 vestra
2660 2113 2830 2168 nobis
2862 2114 3118 2169 innotuit
3157 2115 3594 2186 magniﬁcentia

1948 2201 2086 2272 quia
2113 2200 2284 2255 multi
2318 2201 2571 2272 majores
2597 2205 2654 2256 et
2684 2201 2987 2257 inferiores
3018 2203 3075 2256 in
3111 2202 3218 2257 hoc
3249 2218 3426 2275 regno
3449 2204 3590 2268 sint,

1949 2289 2048 2360 qui
2082 2289 2227 2344 tales
2260 2306 2467 2345 uxores
2499 2290 2736 2354 habent,
2763 2307 2911 2361 quos
2933 2291 3108 2346 etiam
3137 2291 3594 2349 nobisintimare

1947 2377 2188 2448 polliciti
2218 2378 2382 2442 estis,
2441 2378 2557 2433 Deo
2613 2383 2781 2444 teste,
2843 2379 2952 2433 hoc
3010 2379 3372 2451 incognitum
3401 2385 3599 2437 manet

1946 2467 2097 2537 apud
2135 2483 2262 2536 nos,
2298 2472 2353 2522 et
2383 2466 2547 2522 valde
2580 2483 2793 2522 novum
2820 2467 3070 2523 videtur.
3104 2468 3215 2523 Sed
3247 2467 3296 2522 si
3352 2469 3453 2540 qui
3480 2469 3600 2525 sint

1947 2555 2047 2625 qui
2076 2555 2214 2610 talia
2245 2561 2446 2627 agunt,
2479 2561 2580 2610 aut
2611 2557 2849 2612 raritate
2907 2556 3078 2611 nobis
3134 2557 3450 2612 obscurum
3484 2563 3595 2626 est,

1947 2648 2047 2698 aut
2076 2643 2545 2700 dissimulatione
2572 2644 3352 2701 contectum.Verumtamen
3378 2647 3436 2701 in
3459 2647 3590 2702 istis

1946 2733 2210 2803 partibus
2228 2733 2456 2787 nullum
2479 2738 2685 2804 praeter
2709 2732 2864 2789 hunc
2887 2733 3202 2805 aliquando
3225 2734 3590 2790 audivimus:

1946 2825 2140 2876 tamen
2174 2825 2229 2876 et
2259 2822 2307 2876 si
2340 2821 2510 2876 multi
2542 2826 2741 2877 essent
2768 2823 2868 2893 qui
2891 2821 2999 2876 hoc
3021 2828 3259 2893 agerent
3287 2823 3593 2878 Dominica

1945 2909 2226 2965 debuerat
2250 2910 2574 2981 prmoellere
2596 2911 2922 2966 sententia:
2952 2911 3069 2966 Non
3099 2914 3341 2982 sequeris
3372 2912 3594 2967 turbam

1943 2999 2013 3053 ad
2043 2999 2357 3068 faciendum
2414 3000 2645 3069 malum,
2700 3015 2799 3053 nec
2853 3001 2914 3054 in
2962 3001 3180 3070 judicio
3217 3002 3594 3071 plurimorum

1945 3090 2254 3158 acquiesces
2281 3091 2591 3154 sententiae,
2625 3093 2682 3142 ut
2731 3106 2764 3142 (ι
2819 3104 2946 3143 vero
2997 3090 3177 3144 devies
3207 3090 3399 3160 (Exod.
3433 3106 3593 3157 χχιιι,

188 3177 533 3243 efﬁciamur,
568 3176 713 3230 dum
744 3175 991 3231 aliorum
1054 3175 1477 3247 reprehendere
1517 3176 1840 3248 nequitiam
1873 3166 1914 3230 C
1952 3177 2006 3246 2)
2033 3193 2046 3244 ;
2080 3181 2136 3230 et
2167 3175 2382 3230 Paulus
2407 3193 2420 3232 :
2445 3176 2506 3230 Si
2524 3177 2712 3232 adhuc
2730 3178 3043 3231 hominibus
3067 3178 3360 3248 placerem,
3392 3177 3597 3234 Christi

185 3266 656 3322 dissimulamus.
679 3266 786 3320 Sed
833 3267 892 3320 in
918 3265 1170 3319 omnibus
1199 3266 1553 3320 exhibeamus
1582 3281 1682 3321 nos
1701 3267 1839 3320 sicut

185 3355 581 3411 Dei-ministros
630 3355 706 3426 (II
734 3355 853 3409 Cor.
885 3371 963 3421 vr,
994 3356 1085 3421 4);
1119 3353 1258 3425 quia
1286 3354 1572 3425 scriptum
1604 3358 1730 3409 est:
1764 3355 1839 3408 Ne

183 3447 676 3500 communicaverit
727 3445 960 3514 peccatis
1017 3441 1221 3498 alienis
1279 3445 1326 3510 (I
1357 3443 1484 3498 Tim.
1520 3460 1574 3513 v,
1617 3443 1711 3510 22)
1729 3460 1750 3504 ,υ
1779 3449 1838 3498 et

185 3550 392 3588 rursus
418 3552 432 3588 :
454 3535 523 3589 Et
549 3533 986 3588 immundumne
1012 3533 1306 3601 tetigeritis
1345 3531 1411 3602 (II
1456 3533 1576 3588 Cor.
1610 3549 1686 3602 νι,
1723 3533 1830 3602 17).

257 3622 420 3686 Quod
452 3627 649 3678 autem
684 3638 752 3676 ex
781 3621 1014 3677 Domini
1073 3621 1361 3676 sententia
1417 3621 1646 3677 dicitis:
1683 3621 1834 3688 Quod

175 3711 316 3766 Deus
337 3712 653 3783 conjunxit,
679 3709 834 3765 homo
854 3725 964 3764 non
983 3720 1193 3781 separet
1224 3709 1432 3780 (Matth.
1455 3726 1571 3777 xxx,
1601 3711 1678 3781 6),
1711 3710 1831 3765 haec

173 3799 371 3873 religio
398 3800 598 3856 modis
613 3797 891 3854 omnibus
910 3797 1293 3854 custodienda
1309 3798 1565 3865 videtur;
1591 3799 1687 3853 sed
1715 3816 1827 3854 non

175 3904 373 3944 omnes
392 3887 814 3960 quiconjuncti
831 3891 968 3942 sunt
980 3886 1262 3942 Dominus
1289 3887 1828 3957 conjunxit.Eorum

175 3980 364 4034 tamen
380 3994 532 4050 quos
545 3977 677 4049 ipse
689 3977 1151 4047 conjunxitbona
1164 3979 1252 4030 est
1264 3974 1714 4048 c0pu1a,quippe
1725 3993 1830 4033 nec

174 4063 398 4138 legibus
415 4066 610 4131 obest,
629 4079 735 4118 nec
756 4061 1175 4120 catholicorum
1201 4080 1344 4118 usus
1367 4064 1694 4119 conturbat.
1717 4065 1826 4120 Sed

175 4156 261 4208 est
281 4153 1179 4211 honorabileconnubiumettorus
1208 4153 1602 4208 immaculata:
1634 4154 1825 4222 (Hebr.

174 4257 296 4310 x111,
318 4245 393 4314 4).
426 4244 589 4298 sicut
618 4242 828 4297 beatus
852 4241 1068 4297 Paulus
1089 4243 1170 4296 ait
1187 4239 1488 4313 apostolus
1513 4259 1524 4297 :
1562 4243 1654 4297 His
1669 4259 1827 4298 nam-

172 4347 274 4404 que
296 4334 393 4402 qui
420 4332 790 4388 matrimonio
834 4331 1017 4402 juncti
1043 4337 1192 4397 sunt,
1247 4333 1531 4402 pracipio,
1574 4349 1685 4388 non
1712 4348 1825 4404 ego,

172 4420 267 4475 sed
292 4423 590 4490 Dominus,
622 4435 852 4475 uxorem
883 4436 917 4474 a
945 4421 1066 4474 uiro
1122 4435 1218 4474 suo
1263 4435 1375 4474 non
1430 4421 1701 4476 discedere
1735 4437 1746 4474 :
1779 4429 1830 4476 et

1947 3281 2135 3319 servus
2163 3280 2274 3319 non
2303 3281 2471 3320 essem
2506 3264 2644 3334 (Gal.
2680 3283 2718 3328 ι,
2754 3267 2841 3334 10)
2873 3284 2885 3330 ;
2918 3270 2975 3320 et
3001 3267 3253 3321 Jacobus
3293 3266 3596 3337 apostolus

1948 3353 2057 3408 ait:
2092 3354 2412 3423 Quicunque
2439 3369 2563 3422 ergo
2594 3354 2826 3408 voluerit
2853 3355 3061 3407 amicus
3117 3369 3229 3408 esse
3279 3355 3471 3409 saeculi
3499 3354 3596 3408 hu-

1936 3442 2054 3512 jus,
2080 3443 2341 3496 inimicus
2370 3443 2465 3495 Dei
2494 3441 2848 3495 constituitur
2878 3442 3012 3510 (Jac.
3046 3457 3120 3510 ιν,
3155 3440 3229 3509 4).
3272 3441 3340 3495 Et
3367 3441 3594 3513 Moyses

1946 3530 2176 3601 negavit
2203 3546 2264 3585 se
2296 3546 2421 3584 esse
2439 3529 2625 3583 ﬁlium
2659 3529 2789 3583 ﬁlia
2811 3529 3346 3602 Pharaonis,magis
3369 3529 3590 3602 eligens

1943 3619 2059 3674 afﬁi
2069 3618 2125 3691 gi
2147 3635 2278 3673 cum
2300 3617 2511 3689 populo
2533 3617 2840 3689 Dei,quam
2863 3619 3202 3690 temporalis
3224 3619 3443 3691 peccati
3475 3619 3585 3676 ha-

1939 3709 2076 3763 bere
2097 3707 2547 3779 jocunditatem,
2585 3708 2838 3778 majores
2867 3707 3101 3764 divitias
3130 3709 3426 3765 aestimans
3454 3709 3582 3765 the-

1940 3814 2113 3853 sauro
2160 3797 2557 3869 Egyptiorum
2603 3798 3004 3868 improperium
3052 3797 3256 3854 Christi
3287 3801 3474 3870 (Hebr.
3505 3815 3582 3868 1v,

1936 3887 2046 3958 24).
2079 3887 2411 3940 Secundum
2459 3885 2757 3942 decretum
2817 3891 3008 3942 autem
3071 3887 3362 3943 leestini
3393 3905 3577 3960 papae,

1937 3976 2234 4031 docendus
2265 3979 2353 4030 est
2381 3975 2654 4046 populus,
2679 3992 2793 4030 non
2815 3976 3170 4046 sequendus.
3191 3977 3300 4032 Sed
3320 3981 3376 4033 et
3406 3976 3454 4032 si
3477 3993 3582 4033 nec

1937 4064 2029 4122 lex
2057 4063 2230 4133 valet,
2265 4080 2368 4118 nec
2391 4064 2752 4119 consuetudo
2780 4065 3028 4134 proﬁcit,
3054 4064 3261 4120 saltem
3284 4065 3412 4150 ipsa
3432 4067 3582 4123 ratio

1936 4154 2145 4225 proced
2154 4157 2235 4208 at;

2007 4245 2166 4295 Inter
2194 4243 2522 4310 compatres
2580 4242 2636 4294 et
2694 4243 3048 4295 commatres
3104 4240 3412 4296 interdicta
3456 4257 3586 4298 esse

1937 4329 2210 4400 conjugia
2230 4329 2523 4384 evidenter
2544 4343 2746 4383 omnes
2769 4327 3101 4384 testiﬁcant.
3125 4331 3268 4385 Cum
3293 4328 3470 4398 hujus
3492 4345 3587 4402 sa;

1937 4417 2217 4474 cramenti
2251 4416 2596 4489 mysterium
2627 4433 2742 4472 non
2776 4414 3108 4488 specialiter
3137 4417 3194 4471 in
3225 4417 3500 4487 ipsis,sed
3524 4416 3583 4472 in

175 4510 258 4563 vir
283 4526 524 4567 uxorem
549 4525 711 4565 suam
738 4525 847 4564 non
882 4510 1125 4564 dimittat
1154 4509 1200 4580 (ι
1221 4508 1340 4563 Cor.
1373 4525 1473 4574 vn,
1507 4509 1827 4579 IO).Videte
1861 4528 1909 4592 D
1939 4523 2138 4563 eorum
2173 4506 2309 4561 ﬁliis
2339 4505 2683 4561 celebratur.
2748 4510 2893 4561 Nam
2921 4510 2977 4560 et
3033 4505 3143 4577 ipsi
3176 4504 3587 4576 sequestratim

174 4601 323 4669 quod
357 4600 504 4655 dicit
534 4599 625 4654 his
648 4600 747 4669 qui
771 4600 1124 4654 matrimonio
1153 4599 1332 4663 iuncti
1360 4605 1506 4654 sunt.
1540 4599 1830 4653 Matrimo-

176 4685 335 4742 nium
369 4687 533 4743 enim
567 4692 662 4741 est
691 4687 1188 4758 conjugumjusta
1219 4687 1520 4742 conventio
1551 4691 1608 4742 et
1634 4686 1834 4741 condi-

175 4774 282 4843 tio;
315 4793 415 4832 eos
447 4792 589 4831 vero
623 4774 722 4846 qui
755 4775 973 4830 nefario
1005 4780 1063 4830 et
1092 4774 1430 4831 exsecrabili
1465 4775 1616 4829 coitu
1637 4780 1838 4831 contra

181 4861 337 4935 leges
367 4867 428 4918 et
451 4879 655 4918 mores
675 4861 1368 4934 permiscentur,omnino
1389 4863 1644 4934 separari
1667 4881 1833 4936 opor-

175 4955 272 5022 tet,
307 4952 600 5025 quoniam
639 4967 741 5005 nec
773 4951 862 5005 vir
893 4967 998 5006 nec
1027 4968 1173 5006 uxor
1205 4951 1416 5023 poterit
1473 4967 1599 5006 esse
1631 4952 1690 5006 in
1723 4952 1837 5007 hu-

169 5041 455 5111 jusmodi.
481 5039 755 5096 Aitenim
775 5040 1130 5095 Dominusin
1149 5040 1456 5112 Evangelio
1483 5057 1494 5094 :
1523 5041 1582 5095 Si
1609 5041 1839 5096 dextera

175 5147 371 5186 manus
395 5140 495 5186 tua
515 5127 865 5185 scandalizet
903 5137 968 5193 le,
1003 5129 1217 5184 abscide
1247 5146 1366 5185 eam
1395 5133 1446 5184 et
1497 5131 1706 5201 projice
1748 5130 1842 5184 abs

177 5227 230 5273 te
258 5219 476 5289 (Matth.
508 5235 567 5288 ν,
605 5217 720 5287 30).
755 5216 901 5280 Quid
933 5218 1088 5272 enim
1149 5218 1364 5274 melius
1412 5235 1514 5289 per
1555 5217 1842 5273 scandali-

178 5313 400 5364 zantem
438 5308 750 5362 dexteram
784 5322 958 5376 quam
1017 5307 1170 5362 male
1227 5307 1556 5378 appositam
1604 5324 1840 5362 uxorem

181 5393 630 5468 intelligimus?
659 5393 723 5447 Et
750 5393 998 5452 iterum:
1037 5397 1223 5452 Omnis
1278 5397 1378 5467 qui
1429 5397 1720 5468 reliquerit
1745 5395 1844 5450 do-
1887 5422 1890 5426 -

185 5501 358 5554 mum,
388 5484 486 5541 uel
510 5485 751 5556 fratres,
783 5487 878 5537 aut
902 5501 1128 5556 sorores,
1162 5495 1258 5541 aut
1310 5490 1545 5556 patrem,
1603 5495 1699 5542 aut
1727 5502 1845 5539 ma-

1940 4614 2068 4652 esse
2099 4600 2369 4668 possunt.
2402 4593 2541 4658 Quis
2572 4611 2708 4666 ergo
2757 4595 2865 4650 hoc
2921 4595 3112 4650 dicere
3169 4593 3398 4661 audeat,
3433 4595 3589 4665 quod

1944 4687 2216 4742 absentes
2230 4686 2338 4740 hoc
2351 4689 2782 4739 sacramentum
2798 4683 3591 4756 constringat?Pra3sentibus

1948 4778 2165 4844 autem,
2197 4774 2255 4828 in
2289 4773 2504 4845 quibus
2533 4772 2859 4828 celebratur
2889 4789 3003 4828 non
3063 4773 3397 4846 pertineat?
3426 4773 3590 4837 Quod

1947 4864 2120 4919 etiam
2146 4863 2335 4935 ipsius
2349 4863 2612 4918 vocabuli
2636 4863 2722 4918 vis
2739 4861 3248 4926 manifestatQuid
3265 4863 3420 4918 enim
3442 4878 3594 4917 com-

1949 4957 2112 5025 pater
2138 4952 2227 5007 vel
2261 4957 2579 5008 commater
2608 4956 2798 5018 sonat,
2858 4952 2970 5007 nisi
3029 4951 3204 5007 simul
3259 4957 3440 5023 pater,
3495 4955 3596 5006 aut

1951 5042 2183 5096 mater?
2211 5042 2264 5096 Si
2299 5058 2434 5112 ergo
2466 5040 2641 5096 simul
2675 5046 2866 5113 patres
2900 5046 3000 5096 aut
3034 5046 3250 5096 matres
3308 5044 3466 5109 sunt,
3500 5039 3595 5093 cui

1951 5128 2126 5185 simul
2151 5133 2344 5200 patres
2364 5128 2451 5184 vel
2477 5134 2695 5183 matres
2719 5132 2879 5194 sunt,
2912 5145 3116 5184 omnes
3145 5145 3346 5184 eorum
3379 5125 3482 5181 ﬁlii
3509 5124 3600 5180 vel

1951 5217 2083 5273 ﬁliae
2106 5219 2313 5273 fratres
2337 5217 2422 5271 vel
2445 5234 2673 5272 sorores
2696 5217 2883 5288 ipsius
2903 5223 3096 5272 erunt.
3118 5214 3599 5287 Increpansenim

1953 5306 2235 5361 Dominus
2260 5304 2492 5358 Scribas
2513 5310 2570 5359 et
2591 5305 2913 5360 Pharismos
2935 5305 3015 5360 ait
3040 5321 3051 5358 :
3088 5309 3184 5360 Vw
3204 5305 3371 5373 vobis,
3394 5302 3604 5359 Scriba?

1953 5400 2003 5451 et
2032 5393 2334 5458 Phariszci,
2366 5393 2541 5459 stulti,
2574 5400 2626 5446 et
2661 5396 2816 5460 θεῖναί,
2873 5395 2968 5462 qui
3025 5393 3244 5447 dicitis:
3281 5394 3601 5460 Quicunque

1947 5483 2221 5555 juraverit
2251 5484 2305 5535 in
2339 5481 2515 5535 altari
2541 5480 2687 5534 nihil
2731 5490 2831 5548 est,
2862 5484 3168 5552 quicunque
3223 5487 3406 5536 autem
3439 5482 3602 5548 iura-

123 5643 125 5646 ,
181 5581 340 5646 trem,
374 5578 477 5634 aut
508 5587 753 5631 uxorem
777 5579 997 5648 prapter
1048 5591 1246 5634 nomen
1297 5590 1501 5649 meum,
1527 5574 1849 5650 centuplum
1955 5573 2097 5636 verit
2126 5571 2194 5630 in
2221 5570 2380 5642 dono,
2415 5569 2555 5648 quod
2583 5577 2663 5628 est
2692 5586 2857 5668 super
2884 5570 3044 5642 illud,
3077 5569 3251 5627 debet.
3285 5569 3442 5643 Caeci,
3475 5566 3606 5642 quid
