3956 6230
289 322 398 383 ili

1303 313 1644 375 ATTONIS
1690 310 2281 374 VERCELLENSIS
2328 310 2680 375 EPISCOPI

3581 307 3703 368 112

289 454 439 510 enim
464 452 646 524 majus
667 457 782 519 est;
816 449 1047 515 donum,
1105 464 1181 502 an
1227 446 1402 501 altare
1444 445 1583 515 quod
1632 446 1943 515 sanctiﬁcat
1967 445 2022 512 Α
2052 444 2354 500 consulere
2383 444 2623 515 dignata
2677 446 2785 513 est,
2842 441 2971 497 ideo
3029 440 3311 496 hactenus
3342 439 3704 510 respondere

289 539 545 598 donum?
575 540 681 610 Qui
707 553 835 611 ergo
864 539 1013 606 iurat
1042 537 1103 591 in
1132 535 1316 604 altari,
1336 534 1495 605 jurat
1546 536 1608 589 in
1664 549 1745 601 eo,
1798 541 1848 589 et
1878 534 1937 587 in

291 628 543 687 omnibus
568 642 694 701 quae
719 642 882 698 super
910 624 1060 681 illud
1106 626 1249 679 sunt.
1308 624 1373 677 Et
1425 624 1523 695 qui
1567 624 1841 693 juraverit
1879 623 1940 675 in

292 719 510 791 templo,
539 718 687 781 iurat
717 718 781 772 in
812 715 933 783 illo,
980 718 1030 770 et
1088 715 1148 769 in
1194 728 1251 767 eo
1305 712 1403 783 qui
1457 713 1670 766 habitat
1720 714 1779 766 in
1826 712 1941 782 ipso

294 807 503 877 (Matth.
538 822 624 878 III,
656 807 765 875 17).
796 804 1041 860 Videtur
1092 818 1227 873 ergo
1286 800 1477 869 nobis,
1538 800 1695 871 quod
1734 800 1942 869 hujus-

296 893 457 950 modi
487 893 741 965 adoptio,
772 908 823 948 ει
850 890 1099 964 pertinet
1125 889 1197 944 ad
1232 892 1522 960 parentes,
1559 888 1747 959 magis
1770 887 1943 958 perti-

297 986 432 1043 neat
451 987 510 1040 et
529 984 601 1040 ad
624 982 794 1053 ﬁlios,
827 986 882 1036 et
910 979 960 1035 si
989 994 1096 1034 nec
1125 979 1198 1034 ad
1224 977 1395 1045 filios,
1445 976 1701 1048 profecto
1733 991 1838 1030 nec
1868 974 1940 1030 ad

295 1075 566 1145 parentes
587 1069 872 1144 pertinere
890 1068 1140 1124 videtur.
1171 1068 1296 1123 Haec
1320 1066 1514 1138 itaque
1548 1065 1939 1131 intendentes,

297 1160 641 1235 predictum
674 1156 1098 1214 Theodericum
1131 1172 1166 1210 a
1192 1155 1294 1211 tali
1325 1160 1449 1210 toro
1501 1154 1940 1225 suspendimus,

296 1257 411 1305 non
441 1252 639 1305 tamen
668 1245 1009 1319 conjugium
1069 1244 1305 1316 penitus
1357 1243 1790 1308 interdiximus,
1839 1256 1943 1296 nec

294 1334 462 1397 aliter
491 1333 1154 1404 excommunicavimus,
1187 1333 1368 1388 donec
1399 1331 1459 1387 in
1499 1330 1722 1387 domini
1755 1329 1943 1385 archi-

291 1423 552 1499 episcopi
572 1427 631 1481 et
648 1425 1395 1493 vestram,cmterorumque
1417 1424 1753 1477 nostrorum
1775 1433 1945 1474 vene-

294 1511 572 1569 rabilium
628 1510 991 1568 confratrum
1052 1509 1411 1565 audientiam
1464 1508 1786 1564 veniamus.
1820 1507 1947 1562 Non

296 1601 456 1672 quod
477 1601 549 1657 de
568 1598 934 1657 rectitudinis
958 1598 1302 1655 dubitemus
1325 1598 1626 1663 modo,sed
1652 1602 1717 1651 ut
1740 1596 1947 1667 majori

298 1688 645 1748 auctoritate
665 1689 931 1745 ﬁrmetur
961 1687 1206 1744 assertio
1238 1685 1646 1759 plurimorum.
1703 1688 1864 1756 Saepe
1892 1688 1950 1739 et

299 1777 458 1835 enim
473 1777 1010 1851 delinquentibus,d
1022 1794 1118 1832 um
1132 1775 1629 1833 vulnusfacinoris
1642 1775 1944 1846 premitur,
1977 1818 2024 1883 B

299 1868 549 1940 reproba
577 1867 807 1923 videtur
836 1866 1127 1923 sententia
1156 1864 1502 1921 medicantis
1529 1890 1543 1933 ;
1576 1869 1633 1920 et
1653 1865 1793 1919 dum
1816 1880 1943 1935 per-

293 1957 448 2013 versi
477 1955 742 2013 criminis
770 1972 995 2012 nasvum
1027 1954 1247 2011 diluere
1278 1953 1507 2021 nolunt,
1564 1954 1634 2009 ad
1666 1952 1945 2008 diluentis

293 2046 545 2116 injurias
574 2049 833 2100 currunt.
861 2044 1118 2107 Quorum
1150 2043 1539 2099 detractiones
1572 2060 1605 2096 a
1650 2041 1819 2098 nobis
1847 2058 1942 2097 ex-

295 2138 658 2207 torquemus,
687 2150 820 2189 cum
850 2132 1245 2205 plurimorum
1302 2132 1653 2195 sententiam
1711 2131 1946 2186 interim

296 2227 724 2296 exspectamus,
755 2222 907 2279 sicut
954 2222 1161 2278 beatus
1220 2221 1439 2276 Paulus
1498 2221 1581 2276 ait
1641 2220 1713 2276 ad
1747 2220 1947 2275 Timo-

296 2311 537 2369 theum:
570 2311 1120 2383 lrreprehensibilem
1164 2313 1218 2365 te
1267 2310 1487 2377 exhibe,
1545 2318 1606 2365 ut
1663 2312 1709 2365 is
1756 2312 1852 2381 qui
1882 2326 1951 2365 ea:

294 2401 523 2458 adverso
553 2408 654 2471 est,
684 2408 964 2468 vereatur,
994 2400 1143 2455 nihil
1175 2399 1380 2455 habens
1406 2400 1618 2454 malum
1673 2398 1859 2454 dicere
1888 2398 1952 2455 de

297 2489 457 2546 nobis
487 2488 611 2560 (Tit.
644 2504 707 2556 ιι,
739 2489 815 2559 8).
850 2487 1002 2542 Dum
1031 2487 1212 2555 enim,
1243 2486 1496 2555 domine,
1528 2503 1662 2543 cum
1695 2486 1806 2543 isto
1837 2486 1951 2558 agi-

302 2582 422 2649 tur,
456 2593 574 2634 non
605 2575 798 2633 solum
829 2592 964 2633 cum
994 2575 1142 2648 ipso,
1174 2576 1274 2632 sed
1306 2592 1410 2647 pro
1440 2576 1712 2632 omnibus
1745 2576 1949 2646 hujus-

307 2667 469 2724 modi
499 2665 817 2723 laboratur.
852 2670 965 2722 Lex
980 2666 1137 2723 enim
1169 2681 1285 2721 non
1316 2664 1572 2720 admittit
1608 2681 1910 2737 personam
1936 2682 1949 2733 ;

306 2756 358 2814 si
389 2755 547 2815 enim
577 2754 716 2811 huic
745 2754 901 2823 licet,
935 2754 1227 2810 evidenter
1281 2753 1555 2809 omnibus
1606 2753 1774 2822 licet;
1820 2758 1877 2809 et
1904 2753 1953 2810 si

309 2844 448 2901 huic
468 2843 830 2916 prohibitum
854 2842 937 2899 sic
957 2842 1290 2911 erit,nullus
1320 2859 1383 2900 se
1406 2842 1466 2899 in
1488 2843 1860 2914 postmodum
1882 2843 1953 2899 de

306 2932 639 3007 ignorantia
667 2932 985 2989 excusabit.

385 3022 729 3081 Innotuistis
740 3022 916 3079 etiam
936 3021 1103 3078 nobis
1116 3034 1243 3078 esse
1260 3020 1488 3092 aliquos
1503 3021 1720 3077 talibus
1734 3021 1954 3093 nuptiis

308 3112 636 3186 perplexos,
670 3111 771 3185 qui
802 3126 906 3183 pro
936 3109 1158 3166 nullius
1187 3109 1783 3166 excommunicatione
1815 3127 1953 3167 suas

2046 532 2343 597 distuli,ut
2366 532 2595 588 diutina
2616 531 2914 587 meditatio
2928 529 3188 586 firmiora
3206 530 3371 585 daret
3390 544 3701 601 responsa.

2046 622 2134 688 Et,
2160 621 2424 693 quamvis
2454 621 2720 693 dignitati
2764 625 2965 676 vestrae
2995 618 3333 675 omnimodo
3365 616 3708 690 pateat,cla-

2047 710 2350 766 rissimum
2383 710 2730 782 rescriptum
2761 710 2834 765 ab
2863 707 3182 780 apostolica
3214 707 3365 763 'sede
3392 706 3707 763 Theodoro

2048 799 2340 855 Ticinensi
2372 800 2642 871 episcopo
2672 799 2731 854 in
2764 798 3022 853 medium
3054 796 3299 869 proferri
3326 795 3565 868 placuit.
3591 797 3704 852 Za-

2049 888 2279 944 charias
2300 888 2607 960 episcopus
2632 904 2835 943 servus
2856 902 3158 943 servorum
3189 886 3312 953 Dei,
3346 886 3710 943 reverendis-

2050 977 2199 1032 simo
2229 981 2285 1031 et
2317 977 2691 1032 sanctissimo
2723 975 2888 1031 fratri
2944 975 3249 1031 Theodoro
3300 974 3574 1047 episcopo
3604 990 3707 1030 ec-

2052 1064 2238 1121 clesiae
2265 1065 2613 1121 Ticinensis.
2641 1064 2972 1133 Pinacium,
3007 1064 3163 1136 quod
3194 1063 3367 1120 nobis
3394 1067 3498 1119 tua
3524 1078 3713 1119 veno-

2053 1155 2235 1208 randa
2264 1154 2598 1209 fraternitas
2626 1153 2859 1219 obtulit,
2892 1169 2994 1224 per
3049 1153 3206 1223 quod
3267 1168 3377 1209 nos
3414 1152 3711 1209 sciscitari

2053 1243 2290 1310 curasti,
2312 1244 2360 1297 si
2391 1242 2527 1298 licet
2543 1242 2939 1312 ﬁlium,cujus
2957 1246 3122 1314 pater
3150 1240 3389 1298 alterius
3418 1240 3601 1297 ﬁliam
3631 1257 3712 1296 ex

2054 1349 2217 1387 sacro
2240 1332 2589 1404 baptismate
2612 1336 2968 1404 susceptam,
2987 1332 3045 1386 id
3070 1339 3177 1400 est,
3200 1330 3563 1403 spiritualem
3588 1330 3711 1403 (58)

2054 1422 2318 1491 ejusdem
2349 1421 2532 1493 patris
2555 1420 2759 1488 ﬁliam,
2783 1421 2938 1492 quod
2962 1420 3075 1476 dici
3099 1419 3331 1477 crudele
3359 1424 3467 1489 est,
3490 1420 3552 1475 in
3576 1435 3712 1476 ma-

2054 1508 2327 1565 trimonio
2349 1510 2789 1581 accipere,quod
2816 1510 2971 1582 apud
2991 1513 3049 1565 te
3069 1508 3387 1566 enormiter
3397 1508 3712 1566 asseruisti

2057 1598 2171 1668 (59)
2201 1596 2536 1669 contigisse.
2592 1598 2703 1653 Sed
2759 1598 2905 1653 bene
2960 1602 3064 1654 tua
3114 1602 3318 1655 saneta
3364 1598 3709 1655 fraternitas

2057 1690 2420 1757 compertum
2451 1686 2648 1755 habet,
2683 1687 2837 1757 quod
2858 1687 3145 1743 Dominus
3172 1704 3273 1760 per
3292 1686 3527 1759 Moysen
3557 1703 3710 1760 pra)-

2056 1775 2227 1846 cepit,
2261 1778 2284 1802 *
2315 1775 2553 1831 dicens:
2587 1777 2994 1847 Turpitudinem
3047 1780 3225 1848 patris
3279 1779 3364 1833 tui
3413 1792 3525 1832 non
3551 1792 3710 1833 reve-

2060 1863 2220 1920 labis.
2253 1865 2611 1936 Turpidinem
2641 1869 2837 1922 matris
2881 1871 2989 1921 tuae
3035 1882 3146 1921 non
3193 1867 3476 1922 reuelabis.
3512 1867 3711 1938 Turpi-

2059 1954 2303 2009 tudinem
2332 1955 2536 2009 sororis
2558 1958 2687 2015 tuae.
2720 1963 2770 2011 et
2799 1957 3207 2026 turpitudinem
3232 1958 3364 2026 ﬁlia:
3417 1958 3598 2027 patris
3624 1958 3717 2011 tui

2055 2059 2164 2098 non
2185 2030 2475 2098 reuelabis.
2501 2044 2799 2115 Turpitudo
2820 2047 2965 2100 enim
2986 2048 3084 2100 tua
3105 2051 3186 2100 est
3209 2046 3401 2114 (Leuit.
3431 2062 3595 2113 xvm,
3626 2046 3707 2117 7).

2056 2132 2506 2203 Turpitudinem
2537 2132 2691 2187 enim
2716 2133 2967 2190 revelare
2988 2133 3224 2200 dicitur,
3248 2136 3390 2189 dum
3416 2152 3451 2190 a
3468 2133 3710 2206 propria

2058 2221 2565 2292 consanguinitate
2578 2222 2949 2293 praecipimur
2963 2222 3255 2279 abstinere
3278 2239 3292 2279 :
3310 2222 3496 2279 multo
3520 2222 3714 2295 magis

2060 2328 2093 2365 a
2123 2309 2370 2382 spiritali
2403 2310 2588 2383 patris
2615 2311 2798 2366 nostri
2830 2310 2969 2379 filia,
2994 2312 3153 2367 omni
3176 2311 3481 2368 occasione
3496 2315 3600 2367 aut
3621 2328 3719 2367 ar-

2061 2402 2336 2471 gumento
2367 2399 2623 2470 seposito
2655 2400 2789 2471 (60),
2824 2401 2934 2455 sub
2966 2400 3152 2455 nimia
3181 2400 3547 2457 districtione
3602 2417 3715 2458 nos

2061 2502 2262 2542 cavere
2288 2487 2573 2555 convenit,
2596 2504 2668 2543 ne
2687 2488 2749 2542 in
2770 2487 2919 2543 iram
2940 2488 3124 2544 divini
3146 2488 3432 2544 examinis
3462 2488 3715 2556 incidat,

2062 2576 2113 2632 si
2143 2576 2272 2646 quis
2303 2576 2401 2631 tali
2434 2576 2677 2631 facinori
2707 2578 2729 2599 *
2760 2577 2994 2646 mistus,
3051 2578 3295 2633 minime
3347 2578 3718 2636 restrinxerit

2062 2665 2226 2720 frena
2252 2663 2515 2720 luxuriae.
2554 2665 2714 2721 Unde
2743 2670 2799 2721 et
2824 2682 3029 2722 omnes
3060 2667 3298 2723 omnino
3358 2683 3559 2724 cavere
3609 2669 3717 2725 de-

2062 2754 2201 2809 bent
2229 2752 2363 2809 talis
2394 2753 2628 2817 sceleris
2659 2755 3144 2825 commistionem,
3199 2772 3271 2811 ne
3324 2757 3386 2813 in
3424 2761 3719 2815 aiternum

2062 2847 2321 2915 pereant.
2355 2844 2467 2899 Sed
2498 2843 2607 2901 hos
2634 2844 2734 2915 qui
2768 2844 2945 2915 hujus
2976 2844 3311 2916 perniciosa:
3332 2847 3715 2917 temeritatis,

2063 2932 2273 2988 animae
2295 2949 2414 2987 suae
2439 2932 2689 2989 salutem
2711 2933 3119 3006 despicientes,
3144 2934 3498 3007 impiissimo
3521 2951 3585 2994 se
3607 2936 3727 2992 mi-

2063 3036 2266 3077 scuere
2294 3022 2691 3093 matrimonio,
2725 3039 2829 3094 per
2856 3023 3055 3079 omnia
3082 3027 3187 3079 tua
3214 3024 3549 3081 fraternitas
3582 3028 3723 3082 stu-

2064 3111 2197 3165 deat
2217 3117 2509 3182 separare,
2532 3115 2589 3166 et
2611 3110 2961 3182 pmnitentite
2982 3111 3169 3183 digna:
3191 3113 3723 3189 snbmittere,qua-

308 3202 580 3259 deserant
608 3199 868 3271 copulas.
904 3198 1162 3267 Utinam,
1193 3198 1448 3267 domine,
1482 3217 1588 3255 nos
1619 3200 1951 3271 injunctum
1982 3188 2025 3255 C
2063 3202 2237 3254 tenus
2277 3198 2349 3254 ab
2380 3204 2594 3255 aeterna
2622 3204 2820 3256 erutas
2850 3201 3222 3257 damnatione
3249 3201 3477 3259 animas
3506 3188 3721 3260 eorum

305 3290 567 3346 ofﬁcium
589 3288 833 3362 implere
846 3288 1167 3347 valeamus.
1195 3288 1283 3345 Illi
1301 3288 1588 3360 quidquid
1607 3288 1955 3356 faciant,nos

305 3378 512 3437 saltem
543 3377 935 3450 nosmetipsos
982 3376 1228 3434 liberare
1278 3394 1574 3434 curemus.
1626 3378 1707 3433 De
1737 3378 1956 3434 talibus

305 3467 520 3541 quippe
539 3468 794 3524 Joannes
819 3466 1038 3524 clamat
1051 3466 1353 3539 apostolus
1377 3485 1391 3529 ;
1413 3469 1519 3535 Qui
1536 3476 1720 3523 autem
1749 3484 1860 3523 non
1878 3471 1959 3523 est

305 3574 375 3614 ea:
400 3558 529 3629 Deo,
558 3572 671 3614 non
697 3556 855 3613 audit
882 3572 984 3612 nos
1015 3556 1064 3628 (I
1104 3560 1268 3612 Joan.
1314 3573 1391 3626 Iv,
1420 3558 1498 3628 6).
1557 3561 1623 3611 In
1680 3558 1789 3612 hoc
1820 3573 1956 3628 ergo

310 3645 720 3717 cognoscimus
749 3644 1027 3716 spiritum
1056 3643 1321 3700 veritatis
1350 3649 1407 3699 et
1427 3644 1699 3715 spiritum
1722 3646 1955 3702 erroris.

310 3734 467 3790 Deus
486 3732 649 3805 pacis
670 3736 729 3791 et
754 3732 1057 3789 charitatis
1078 3733 1162 3789 ita
1187 3749 1290 3787 vos
1321 3732 1435 3787 sibi
1464 3732 1733 3804 copulare
1763 3735 1961 3806 digne-

311 3825 411 3878 tur
440 3824 506 3877 ut
542 3820 604 3876 in
634 3819 729 3877 his
758 3837 883 3892 qua
914 3821 1043 3891 ejus
1072 3824 1213 3875 sunt
1240 3819 1380 3875 boni
1411 3827 1818 3892 procuratores
1839 3825 1961 3880 exi-

317 3913 562 3976 stentes,
597 3907 818 3966 nullius
850 3908 1121 3981 caliginis
1153 3908 1513 3964 obscuritate
1566 3914 1826 3982 torpeat;
1860 3913 1964 3968 sed

315 3998 512 4067 divino
538 3996 818 4055 illustrati
843 3996 1088 4070 fulgore,
1152 3997 1234 4054 sic
1289 3997 1347 4052 in
1406 3999 1675 4069 praesenti
1724 3998 1965 4057 valeatis

315 4088 490 4157 vinea
516 4087 802 4157 laborare,
837 4090 900 4143 ut
928 4087 988 4144 in
1020 4087 1217 4144 futuro
1240 4086 1584 4143 mereamini
1604 4104 1751 4160 euge
1772 4087 1965 4145 Domi-

316 4178 519 4235 nicum
550 4176 773 4234 audire.

903 4266 1246 4323 EPISTOLA
1283 4267 1380 4321 VI.

457 4353 729 4397 GUNZONIS
770 4354 980 4395 LEVI'NE
1017 4353 1386 4394 NOVARIENSIS
1426 4353 1497 4392 AD
1538 4352 1820 4393 O'l'TONEM.

382 4428 609 4487 Domno
664 4431 880 4484 A'rrom
937 4426 1260 4500 pontiﬁcali
1314 4424 1639 4481 reverentia
1700 4426 1959 4496 colendo,

2068 3287 2329 3355 Iucreris,
2364 3292 2680 3359 praestante
2710 3288 2956 3345 Domino
2988 3294 3045 3347 et
3074 3290 3184 3362 (61)
3244 3295 3356 3347 Deo
3410 3291 3723 3349 Salvatore

2066 3380 2266 3432 nostro
2294 3378 2431 3432 Jesu
2463 3376 2712 3432 Christo.

2136 3466 2261 3520 Non
2285 3465 2464 3537 igitur
2480 3464 2621 3522 latet
2636 3467 3008 3538 prudentiam
3026 3473 3190 3524 tuam
3214 3485 3329 3525 non
3352 3468 3546 3525 solum
3580 3470 3723 3527 illos

2067 3553 2459 3610 ecclesiastica
2478 3572 2726 3611 censura
2746 3556 3035 3613 feriendos
3058 3557 3158 3629 qui
3181 3557 3400 3614 nefario
3423 3574 3487 3614 se
3507 3560 3722 3632 conju-

2068 3644 2161 3714 gio
2183 3642 2460 3715 polluere,
2491 3644 2593 3699 sed
2618 3644 2747 3699 illos
2766 3660 3000 3716 quoque
3026 3646 3127 3718 qui
3150 3646 3331 3717 hujus
3352 3646 3595 3705 sceleris
3618 3665 3728 3705 au-

2069 3736 2255 3787 ctores
2278 3732 2512 3788 fuerunt
2538 3750 2551 3788 :
2574 3732 2744 3788 illum
2772 3733 3042 3789 videlicet
3062 3735 3161 3807 qui
3192 3733 3436 3791 alterius
3467 3736 3730 3795 carnalis

2070 3824 2126 3874 et
2145 3819 2385 3877 alterius
2408 3821 2735 3893 spiritualis
2751 3826 2918 3894 pater
2936 3825 3329 3896 cognoscitur.
3363 3824 3466 3880 Hic
3498 3827 3730 3883 etenim

2070 3912 2232 3964 tanto
2256 3910 2463 3979 majori
2488 3912 2840 3982 poenitentiae
2863 3912 3034 3968 debet
3055 3913 3323 3970 submitti
3349 3919 3571 3987 quanto
3603 3932 3735 3973 ma-

2062 3998 2256 4068 jorem
2286 3999 2692 4057 auctoritatem
2723 4000 2783 4056 in
2813 4017 2995 4058 causa
3014 4002 3293 4060 habuisse
3314 4004 3619 4076 probatur.
3645 4009 3731 4063 De

2070 4086 2209 4143 filiis
2239 4090 2437 4143 autem
2468 4087 2679 4145 horum
2709 4090 2897 4146 isdem
2928 4091 3273 4148 venerabilis
3327 4096 3496 4165 pater
3526 4093 3729 4152 eidem

2072 4175 2374 4231 Theodoro
2396 4176 2672 4251 episcopo
2689 4178 2979 4249 rescribit,
3004 4196 3121 4237 non
3142 4181 3327 4238 teneri
3349 4197 3449 4239 eos
3471 4182 3730 4242 crimine

2072 4267 2407 4337 parentum.

2636 4357 2991 4413 EPISTOLA
3030 4358 3151 4415 VII.

2140 4441 2417 4486 AMBROSII
2435 4446 2891 4486 MEDIOLANENSIS
2919 4447 3267 4487 PRESBYTERI
3281 4448 3354 4487 AD
3385 4449 3655 4515 Α’ῙἽᾯΝΕΜ

315 4518 513 4576 Gunzo
538 4517 916 4576 Novariensis
939 4515 1206 4571 Ecclesia:
1233 4514 1542 4570 levitarum
1564 4515 1839 4585 extimus,
1861 4518 1959 4574 de-
1992 4556 2038 4621 Β
2141 4519 2714 4578 Invictissimocuriai
2729 4517 2980 4575 caelestis
2992 4519 3316 4593 athletas,ac
3328 4514 3729 4595 supernorum

314 4607 447 4663 bitte
478 4605 868 4664 venerationis
899 4603 1226 4660 servitium.

385 4696 467 4752 De
495 4712 562 4754 eo
621 4696 775 4768 quod
833 4692 1120 4750 celsitudo
1176 4696 1368 4749 vestra
1397 4693 1738 4765 parvitatem
1771 4712 1959 4754 meam

387 4819 500 4889 (58)
521 4818 703 4889 (dest,
733 4816 1111 4889 spiritualem.
1143 4817 1238 4872 Sic
1269 4815 1484 4889 legitur
1514 4816 1571 4889 in
1604 4822 1829 4875 vetusto
1859 4837 1957 4876 co-

318 4862 446 4969 dice
472 4862 843 4969 ﬁiblighe'cae
876 4887 1067 4959 regiae,
1088 4887 1149 4969 in
1170 4904 1281 4969 quo
1326 4862 1958 4969 l(DapistolanrZacharias

316 4962 607 5036 integram
639 4958 910 5036 Baluzius
929 4958 1140 5036 reperit
1163 4958 1268 5015 {in
1301 4958 1476 5032 priori
1524 4960 1775 5019 editione
1805 4963 1958 5036 lege-

316 5030 493 5089 batu'r
521 5031 666 5087 idem
693 5030 1057 5102 spiritualem.

390 5104 502 5177 (59)
534 5103 861 5177 Enormiler
886 5103 1186 5177 asseruisti.
1219 5103 1310 5158 Sic
1340 5103 1498 5177 idem
1535 5104 1714 5160 codex
1762 5122 1958 5160 emen-

318 5172 453 5232 date
472 5172 493 5230 τ’
520 5173 697 5230 editio
754 5172 1075 5228 Acheriana
1124 5190 1412 5230 enormum
1466 5174 1791 5243 dissecuisti,
1835 5193 1959 5232 cor-

319 5252 510 5319 rupte.
541 5250 624 5319 Ex
652 5244 854 5300 eodem
898 5245 1092 5301 codice
1137 5252 1369 5319 reposui
1390 5251 1675 5318 prwcepit,
1709 5249 1810 5302 ubi
1840 5251 1964 5302 erat

468 5317 623 5371 iniat.

315 5333 789 5470 Ρνᾷόιὸςὶξιέῂοδίιο.
823 5387 924 5470 Hic
953 5388 1126 5470 etiam
1159 5388 1416 5470 codicem
1450 5389 1677 5462 regium
1709 5404 1958 5461 sequor:

320 5460 678 5534 prioreditip
696 5462 949 5534 reposito,
981 5465 1037 5514 et
1067 5477 1200 5534 mox
1225 5462 1497 5534 facinore.

391 5530 503 5602 (61)
533 5532 597 5587 Et
624 5532 732 5587 Deo
752 5530 1050 5588 Salvatere.
1094 5532 1158 5587 In
1209 5530 1407 5589 codice
1438 5530 1619 5600 regio,
1668 5534 1962 5602 praestante

320 5603 575 5667 Domino.
607 5603 681 5661 De
705 5603 843 5682 ﬁliis
871 5606 1059 5662 autem
1085 5604 1185 5677 qui
1235 5619 1310 5662 eae
1362 5605 1442 5662 eis
1487 5603 1611 5661 nati
1635 5603 1961 5676 probantur,

2072 4611 2286 4668 civium
2318 4610 2566 4667 coetibus
2596 4612 2930 4680 aggregato,
2962 4613 3177 4666 A'rrom
3233 4614 3323 4668 ter
3378 4611 3733 4670 beatissimo

2070 4701 2357 4773 pontifici,
2387 4696 2632 4754 humilis
2662 4697 2877 4753 Christi
2910 4698 3188 4769 famulus,
3239 4704 3551 4772 vesterque
3582 4702 3734 4759 ﬁde-

2068 4826 2310 4880 retulisti
2338 4825 2386 4878 si
2417 4823 2574 4877 liceat
2605 4836 2691 4894 eos
2719 4823 2972 4891 coniugio
3035 4824 3306 4894 copulari.
3365 4824 3466 4879 Sed
3506 4824 3568 4880 hi
3625 4843 3731 4884 cur

2064 4897 2466 4969 prohibeantur
2496 4910 2530 4947 a
2558 4893 2855 4969 conjugio,
2889 4902 2986 4948 aut
3022 4893 3140 4969 pro
3201 4896 3515 4969 huiusmodi
3555 4900 3735 4969 ρωηί.

2070 4965 2297 5039 tentiam
2326 4981 2483 5036 agere
2527 4966 2951 5039 compellantur,
2997 4965 3129 5020 dum
3157 4982 3227 5022 ea:
3248 4966 3346 5021 hoc
3371 4965 3576 5039 absque
3597 4985 3736 5026 con-

2068 5038 2417 5114 demno-tione
2438 5052 2549 5091 esse
2576 5037 2948 5114 perhibentur,
2963 5039 3117 5114 quia
3134 5054 3243 5094 non
3263 5046 3426 5114 pater
3451 5037 3552 5114 pro
3582 5041 3733 5114 ﬁlio,

2069 5126 2243 5179 neque
2267 5110 2421 5178 ﬁlius
2475 5123 2573 5179 pro
2612 5116 2781 5179 patre
2832 5109 3120 5164 sustinebit
3176 5109 3469 5179 tormenta,
3502 5109 3736 5172 dicente

2070 5178 2298 5236 Doinino
2327 5196 2430 5251 per
2454 5178 2784 5250 prophetam
2805 5197 2823 5232 :
2853 5179 3065 5251 Anima
3094 5181 3280 5251 patris
3339 5185 3428 5236 est
3458 5178 3461 5179 ⁷
3486 5198 3640 5250 mea,
3675 5189 3739 5240 et

2072 5253 2271 5306 anima
2300 5250 2403 5304 filii
2435 5256 2524 5323 est
2554 5250 2978 5323 mea;_anima
3031 5250 3159 5321 quae
3218 5254 3568 5323 peccaverit,
3606 5256 3741 5323 ipsa

2072 5324 2374 5377 morietur.
2402 5322 2507 5376 Sed
2533 5328 2586 5376 et
2615 5323 2678 5377 de
2736 5321 2841 5382 his.
2900 5324 3089 5391 frater
3133 5321 3485 5391 charissima,
3527 5321 3744 5384 dixisse

2071 5394 2328 5462 sufﬁciet.
2348 5393 2484 5447 Cave
2511 5395 2691 5448 autem
2728 5408 2798 5448 ne
2816 5391 2978 5448 aliter
3006 5410 3174 5465 agere
3228 5396 3491 5463 subiectis
3536 5413 3741 5456 conce—

2072 5465 2191 5530 das,
2224 5480 2294 5518 ne
2321 5480 2355 5518 a
2384 5471 2527 5518 recto
2557 5465 2776 5520 tramite
2796 5465 3102 5520 inveniaris
3149 5465 3445 5523 discedere.
3478 5471 3618 5527 Haec
3648 5476 3745 5528 est

2074 5532 2537 5619 altera‘epistola;
2561 5550 2720 5619 pars,
2750 5535 2921 5608 cujus
2951 5534 3148 5593 Gunzo
3209 5536 3269 5593 in
3325 5538 3442 5596 fine
3480 5538 3744 5619 hujusce

2073 5604 2331 5683 epistolis
2362 5604 2649 5665 meminit.
