3956 6230
324 421 440 488 Hii

1338 428 1677 492 ATTONIS
1719 426 2312 492 VERCELLENSIS
2356 429 2711 494 EPISCOPI

3619 427 3741 494 “6

320 561 669 635 praparant,
702 559 773 616 ad
803 557 1178 618 ecclesiarum
1208 561 1414 619 limina
1459 564 1769 629 excubant,
1803 563 1960 636 pavi-
1990 569 2046 632 Α
2074 563 2156 618 tia
2185 579 2332 634 qua,
2366 563 2500 620 licet
2546 581 2731 620 unum
2781 563 3096 620 oﬂ‘endant.
3151 563 3346 620 fovent
3394 566 3596 621 tamen
3631 565 3738 622 sed

321 655 524 708 menta
553 651 883 722 detergunt.

2080 650 2353 718 alterum,
2386 652 2507 708 hac
2537 658 2625 708 est
2653 670 2771 725 qua
2800 669 3012 724 corpus
3052 651 3409 724 dissolvitur,
3444 671 3614 710 mens
3646 655 3742 711 ia-

404 743 722 796 Possumus
751 756 984 812 quoque
1014 742 1380 814 presbyteras
1410 742 1497 798 vel
1529 743 1806 798 diaconas
1838 741 1970 798 illas
2079 739 2319 811 tigatur,
2352 741 2550 797 anima
2579 742 2874 813 affligitur.
2912 742 3040 796 Hac
3070 746 3160 796 est
3190 759 3317 814 qua
3342 742 3521 798 David
3553 760 3740 816 appe-

321 829 675 894 existimare,
708 845 837 900 qua
870 830 1221 901 presbyteris
1252 831 1336 886 vel
1359 832 1620 887 diaconis
1653 836 1786 886 ante
1819 831 1972 886 ordi-

321 918 618 974 nationem
634 918 761 987 conj
773 917 905 988 ugio
927 918 1204 990 copulata
1232 925 1395 976 sunt:
1415 938 1561 992 quas
1591 924 1793 992 postea
1813 925 1970 975 caste

323 1022 524 1079 regere
554 1006 786 1073 debent,
827 1007 981 1063 sicut
1037 1007 1098 1062 in
1159 1009 1479 1064 canonibus
1529 1009 1969 1082 promulgatum

329 1099 439 1164 est,
483 1094 583 1167 qui
638 1094 1036 1166 apostolorum
1095 1097 1264 1152 titulo
1323 1102 1698 1164 annotantur,
1757 1115 1885 1170 cap.
1916 1100 1972 1152 6.

329 1205 358 1234 ‹‹
383 1183 704 1256 Episcopus
724 1189 827 1239 aut
848 1186 1149 1258 presbyter
1171 1190 1273 1241 aut
1295 1187 1576 1243 diaconus
1598 1204 1834 1243 uxorem
1851 1204 1979 1258 pro-

327 1273 517 1346 priam
537 1288 910 1344 nequaquam
958 1275 1068 1328 sub
1100 1274 1342 1330 obtentu
1377 1275 1678 1347 religionis
1707 1274 1976 1346 abjiciat:

327 1361 378 1418 si
408 1377 544 1417 vero
572 1361 861 1432 rejecerit,
921 1363 1475 1419 excommunicetur.
1527 1364 1635 1418 Sed
1689 1363 1737 1418 si
1788 1379 1981 1434 perse-

323 1449 631 1514 veraverit,
699 1449 1028 1521 dejiciatur.
1084 1474 1107 1503 ι
1169 1451 1312 1507 Item
1371 1467 1440 1507 ex
1489 1452 1745 1507 Decretis
1777 1451 1984 1507 Leonis

333 1558 500 1614 papa
531 1556 658 1610 cap.
684 1541 708 1592 1
743 1541 798 1592 7:
839 1561 858 1587 αι
896 1543 1008 1594 Lex
1039 1539 1403 1594 continentia
1429 1541 1631 1596 eadem
1663 1546 1752 1596 est
1782 1541 1983 1596 altaris

335 1627 630 1684 ministris
685 1642 813 1698 qua
871 1627 1160 1699 episcopis
1219 1633 1391 1699 atque
1449 1628 1822 1701 presbyteris,
1885 1627 1983 1698 qui

336 1733 474 1773 cum
523 1719 720 1772 essent
765 1715 898 1770 laici
948 1715 1068 1771 sive
1130 1715 1392 1785 lectores,
1459 1717 1613 1772 licito
1663 1721 1720 1771 et
1777 1731 1984 1771 uxores

339 1805 556 1860 ducere
613 1808 669 1860 et
717 1803 880 1870 filios~
921 1820 1244 1876 procreare,
1278 1808 1536 1876 potuere,
1590 1805 1690 1860 sed
1735 1821 1870 1860 cum
1910 1805 1981 1858 ad

341 1892 652 1966 pradictos
686 1907 996 1964 pervenere
1041 1893 1280 1963 gradus,
1322 1892 1494 1963 capit
1549 1893 1634 1947 eis
1663 1910 1778 1948 non
1810 1891 1983 1947 licere

340 1981 499 2054 quod
542 1979 722 2036 licuit.
786 2002 814 2029 »
869 1979 1030 2035 Unde
1061 1985 1126 2035 ut
1182 1981 1252 2035 de
1291 1979 1511 2035 carnali
1542 1981 1642 2036 ﬁat
1682 1978 1986 2051 spirituale

337 2069 701 2142 conjugium,
733 2071 959 2139 oportet
986 2083 1085 2123 eos
1139 2084 1243 2124 nec
1292 2067 1586 2124 dimittere
1645 2085 1877 2137 uxores,
1931 2073 1987 2124 et

333 2158 504 2231 quasi
537 2172 652 2212 non
682 2155 952 2223 habeant,
1011 2155 1094 2212 sic
1150 2155 1386 2222 habere,
1435 2173 1552 2227 qua
1608 2163 1665 2212 et
1717 2157 1880 2213 salva
1909 2159 1988 2212 sit

337 2246 593 2304 charitas
623 2244 1074 2311 connubiorum,
1107 2248 1166 2300 et
1217 2248 1404 2299 cesset
1441 2244 1699 2313 operatio
1755 2246 1987 2317 nuptia-

335 2351 489 2392 rum.
522 2333 826 2389 Libentius
856 2337 1078 2398 tamen,
1112 2332 1458 2387 cbarissime
1503 2334 1727 2402 doctor,
1777 2349 1986 2389 secun-

333 2425 478 2480 dum
509 2422 872 2493 superiorem
909 2437 1151 2475 sensum
1185 2437 1309 2492 qua
1341 2421 1626 2492 explicata
1657 2427 1797 2477 sunt
1834 2423 1988 2478 acci-

331 2513 554 2585 pimus,
583 2511 767 2566 donec
791 2527 826 2564 a
856 2510 1024 2565 vobis
1057 2525 1388 2564 mereamur
1416 2510 1630 2565 certius
1661 2510 1983 2566 informari.

330 2599 624 2656 Omnibus
653 2615 785 2654 vero
817 2597 967 2669 istis,
999 2597 1152 2652 sicut
1183 2597 1820 2670 mandastis,denegata
1849 2605 1988 2655 sunt

331 2686 629 2759 conjugis,
686 2690 752 2741 ut
804 2685 1238 2742 ecclesiasticus
1267 2686 1453 2742 honor
1483 2692 1742 2743 servetur
1768 2689 1827 2743 in
1861 2705 1984 2745 om-

336 2776 536 2832 nibus.

404 2869 690 2921 Praeterea
719 2863 1008 2919 sinceram
1065 2863 1406 2919 cbaritatcm
1455 2868 1709 2920 vestram
1743 2865 1984 2938 humili-

330 2958 422 3011 ter
451 2952 843 3025 exposcimus,
878 2953 948 3007 de
979 2952 1223 3024 epistola
1255 2970 1381 3024 qua
1439 2953 1496 3008 in
1539 2955 1863 3009 canonibus
1895 2972 1984 3011 re-

331 3043 576 3116 peritur,
611 3058 737 3112 qua
769 3041 944 3096 etiam
968 3041 1244 3096 canonica
1274 3041 1504 3106 dicitur,
1530 3044 1700 3112 cujus
1731 3042 1986 3115 capitula

334 3134 423 3200 11,
456 3147 585 3187 esse
613 3134 953 3185 noscuntur.
989 3145 1115 3201 qua
1147 3131 1314 3186 nobis
1365 3131 1686 3187 utilissima
1735 3149 1866 3188 asse
1896 3133 1984 3186 vi-

331 3222 564 3281 dentur.
595 3236 847 3290 quorum
879 3219 1112 3274 initium
1146 3223 1234 3274 est

2081 827 2570 895 tiit,Solomonem
2604 830 3074 902 prostravit.Hac
3103 834 3193 884 est
3221 846 3346 902 qua
3378 832 3743 903 martyribus

2084 916 2362 988 palmam,
2396 918 2832 974 confessoribus
2861 918 3102 990 insuper
3141 917 3430 974 diuturna
3472 936 3748 976 macera-

2083 1004 2261 1060 tionis
2290 1022 2564 1062 coronam
2598 1008 2825 1064 auferre
2856 1012 3120 1063 conatur.
3155 1007 3336 1079 Igitur
3365 1024 3499 1063 cum
3532 1013 3751 1065 catera

2084 1091 2224 1147 vitia
2273 1110 2377 1165 per
2424 1096 2726 1151 ministros
2767 1113 3001 1169 quoque
3050 1097 3245 1168 perﬁci
3305 1097 3557 1168 possint,
3602 1097 3748 1153 huic

2089 1180 2248 1236 nullo
2271 1183 2444 1238 modo
2475 1184 2587 1239 nisi
2613 1201 2748 1240 cum
2780 1185 2998 1257 prOprii
3023 1185 3284 1257 corporis
3314 1185 3641 1257 pollutione
3665 1187 3751 1242 fa-

2091 1270 2371 1326 mulatur.
2404 1276 2550 1326 Sunt
2577 1273 2751 1328 etiam
2784 1273 2971 1328 multa
3002 1290 3129 1344 qua
3177 1273 3399 1329 incerta
3437 1278 3576 1330 sunt
3628 1290 3750 1346 quo

2092 1358 2288 1414 animo
2311 1361 2453 1415 flant
2477 1379 2489 1427 ;
2513 1365 2570 1416 et
2591 1361 2725 1416 licet
2741 1367 3140 1433 cooperatores
3162 1378 3302 1418 suos
3324 1378 3426 1434 per
3447 1363 3750 1435 propriam

2091 1447 2507 1504 conscientiam
2534 1450 2832 1517 damnent,
2853 1449 2965 1522 ipsi
2986 1455 3183 1506 tamen
3214 1467 3276 1506 se
3303 1467 3540 1524 quoquo
3572 1452 3752 1508 modo

2093 1534 2223 1592 aliis
2254 1552 2528 1592 excusare
2559 1542 2825 1608 possunt.
2857 1538 3226 1594 Adulterium
3255 1556 3410 1607 vero,
3458 1556 3565 1596 nec
3595 1541 3753 1598 bono

2093 1623 2288 1680 animo
2320 1626 2464 1691 fieri,
2495 1642 2598 1681 nec
2629 1626 2943 1682 excusandi
2976 1631 3168 1699 potest
3212 1628 3438 1683 aditum
3467 1629 3752 1701 reperire.

2092 1710 2255 1773 Quod
2287 1717 2351 1766 ut
2381 1713 2585 1769 beatus
2634 1714 2900 1771 Clemens
2939 1718 3045 1782 ait,
3096 1717 3422 1772 secundum
3465 1717 3526 1772 in
3559 1718 3755 1789 panis

2093 1799 2350 1856 continet
2370 1801 2757 1858 locum.Unde
2778 1805 3056 1860 omnibus
3077 1805 3755 1879 Christianis,pracipue

2092 1892 2289 1944 tamen
2311 1891 2845 1964 sacerdotibus,qui
2869 1893 3219 1966 pradicandi
3243 1895 3506 1950 serviunt
3535 1895 3755 1963 officio,

2095 1992 2417 2049 eorumque
2447 1979 2739 2036 ministris
2766 1997 3138 2054 summopere
3170 1984 3497 2040 cavendum
3534 1989 3651 2042 est.
3686 1987 3753 2041 In

2095 2065 2252 2135 quod
2284 2065 2431 2137 lapsi
2462 2067 2512 2123 si
2544 2068 2866 2140 fuerint,sit
2894 2069 2978 2125 eis
3006 2069 3397 2127 nihilominus
3429 2071 3489 2127 in
3521 2073 3760 2146 suppli-

2097 2152 2275 2220 cium,
2308 2155 2743 2212 continentibus
2796 2157 2854 2212 in
2913 2155 3260 2227 lamentum,
3309 2161 3650 2235 conjugatis
3700 2162 3762 2218 in

2098 2243 2668 2309 scandalum,stultis
2699 2245 2757 2300 in
2789 2246 3142 2318 exemplum,
3175 2252 3389 2304 sancta
3427 2251 3525 2307 Dei
3560 2251 3762 2308 Eccle-

2097 2329 2195 2384 sia
2227 2330 2286 2384 in
2309 2331 2906 2391 detrimentum.Nam
2933 2336 3257 2391 secundum
3280 2337 3520 2395 beatum
3544 2339 3764 2413 Grego-

2098 2417 2448 2490 rium,cujus
2479 2421 2597 2476 vita
2627 2422 3154 2494 despicitur,restal
3175 2429 3242 2480 ut
3261 2426 3390 2496 ejus
3421 2428 3763 2498 pradicatio

2096 2509 2728 2565 contemnatur.Nostri
2755 2511 3006 2582 denique
3028 2513 3202 2568 ofﬁcii
3219 2514 3462 2570 nomina
3484 2533 3520 2571 ο.
3540 2515 3765 2573 talibus

2097 2594 2514 2652 abstinendum
2535 2615 2664 2654 esse
2677 2598 3474 2660 nobisinsinuant.Sacerdos
3495 2621 3763 2678 namque

2097 2683 2266 2754 quasi
2290 2701 2524 2740 sacrum
2547 2687 2694 2742 dans
2726 2687 2941 2744 dicitur
2965 2705 2977 2744 :
3013 2689 3278 2747 minister
3298 2697 3498 2748 autem
3521 2710 3558 2750 a
3585 2695 3767 2751 mini-

2095 2773 2355 2827 strando.
2391 2774 2514 2836 Qua
2541 2791 2675 2848 ergo
2706 2777 2958 2838 nefanda
3005 2781 3461 2853 prasumptione
3521 2799 3765 2842 sacrum

2095 2860 2353 2931 corporis
2375 2861 2460 2916 vel
2487 2864 2794 2934 sanguinis
2818 2866 3043 2921 Domini
3065 2867 3205 2923 Jesu
3227 2869 3440 2926 Christi
3465 2873 3766 2930 coniicere

2093 2947 2179 3002 vel
2203 2949 2340 3004 dare
2361 2951 2584 3006 caeteris
2603 2953 2906 3025 audet,qui
2922 2957 3307 3027 semetipsum
3328 2958 3388 3013 in
3402 2958 3504 3030 huj
3517 2962 3763 3017 usmodi

2095 3037 2394 3107 spurcitiis
2444 3056 2787 3110 permanere
2833 3045 3182 3114 cognoscit?
3209 3047 3323 3101 Aut
3370 3051 3672 3118 quomodo
3704 3051 3765 3106 in

2092 3123 2311 3181 talibus
2337 3127 2674 3184 ministrare
2699 3129 2759 3184 in
2782 3131 3026 3186 ecclesia
3051 3137 3500 3208 prasumat,qui
3523 3137 3766 3195 libidini

1294 3236 1306 3274 ε
1361 3241 1389 3269 ›)
1424 3220 1687 3275 Primum
1717 3221 1978 3276 omnium
2024 3284 2053 3290 _
2085 3212 2310 3284 jugiter
2339 3215 2498 3269 domi
2531 3217 2829 3273 deservit?
2880 3219 3081 3290 Itaque
3129 3224 3535 3280 sacerdotibus
3565 3228 3766 3284 verbis

328 3311 507 3365 ﬁdem
539 3284 884 3364 catholicam
916 3324 1119 3363 omnes
1151 3308 1470 3380 presbyteri
1530 3313 1586 3364 et
1617 3308 1846 3365 diaconi
1878 3327 1981 3365 seu
2013 3284 2055 3350 (ἶ
2096 3301 2273 3356 Βίωυῖ
2307 3306 2362 3357 8t
2408 3304 2685 3375 exemplis
2733 3284 3016 3378 populum
3049 3311 3318 3366 convenit
3349 3313 3624 3385 regulare
3660 3333 3674 3372 :
3708 3322 3769 3373 et

327 3396 676 3454 subdiaconi
710 3396 1048 3452 memoriter
1071 3400 1327 3466 teneant,
1361 3404 1428 3452 ut
1486 3397 1534 3452 si
1596 3401 1730 3467 quis
1761 3397 1868 3453 hoc
1900 3399 1990 3454 fa-

326 3487 600 3542 ciendum
635 3485 1056 3557 pratermittat,
1120 3486 1514 3557 quadraginta
1546 3485 1752 3541 diebus
1798 3503 1832 3541 a
1854 3487 1987 3542 vino

327 3591 386 3631 se
428 3575 754 3639 abstineat;
788 3578 845 3629 et
900 3575 952 3630 si
995 3579 1128 3645 post
1195 3572 1616 3630 abstinentiam
1669 3573 1988 3646 neglexerit

327 3663 880 3731 commendandam,
913 3662 1249 3734 duplicetur
1274 3663 1333 3716 in
1355 3679 1420 3717 eo
1452 3663 1743 3718 sententia
1767 3707 1780 3731 ,
1817 3686 1838 3712 ι
1866 3665 1988 3720 sive

325 3753 398 3808 de
427 3751 660 3808 statutis
693 3751 952 3823 antiquis
1003 3751 1412 3816 Orientalium,
1444 3766 1699 3820 quorum
1731 3752 1986 3822 capitula

327 3845 561 3897 centum
586 3841 1141 3896 dinumerantur.Ex
1172 3838 1388 3910 quibus
1410 3837 1668 3909 primum
1701 3841 1853 3909 apud
1879 3857 1982 3896 nos

325 3929 386 3985 in
419 3929 578 3986 omni
630 3930 1044 4002 episcoporum
1113 3926 1548 3984 consecratione
1605 3927 1980 4000 perquiritur,

326 4019 496 4089 cujus
527 4017 765 4072 initium
797 4022 884 4072 est
919 4035 931 4072 :
967 4015 1076 4082 Qui
1127 4014 1440 4086 episcopus
1471 4029 1599 4068 esse
1645 4014 1833 4081 debet,
1883 4033 1983 4072 ne-

325 4123 490 4162 cesse
528 4110 618 4161 est
672 4110 738 4161 ut
793 4110 966 4160 antea
1023 4101 1409 4171 examinetur,
1469 4105 1577 4155 etc.
1633 4101 1707 4156 Ut
1764 4103 1833 4158 de
1890 4104 1982 4161 his

325 4195 603 4250 omnibus
652 4211 759 4250 nos
802 4194 1127 4248 certificare
1185 4189 1532 4261 dignemini,
1566 4205 1682 4259 quo
1723 4194 1981 4263 tempore

320 4284 409 4340 vel
442 4283 568 4339 loco
599 4283 943 4347 constituta,
977 4281 1088 4336 sub
1122 4294 1238 4350 quo
1274 4276 1539 4348 principe
1567 4277 1654 4330 vel
1709 4295 1743 4333 a
1768 4281 1980 4350 quibus

320 4373 614 4442 Patribus,
661 4370 958 4442 quomodo
991 4367 1264 4422 habenda
1314 4363 1400 4418 vel
1431 4364 1478 4417 si
1541 4365 1775 4434 penitus
1837 4370 1976 4424 reci-

319 4461 554 4533 pienda,
591 4458 772 4514 autin
806 4457 1007 4527 aliquo
1038 4451 1370 4514 refutanda,
1404 4451 1812 4521 dijudicentur.
1848 4457 1978 4512 Om-

315 4549 588 4622 nipotens
619 4546 908 4603 Dominus
939 4545 1194 4597 vestram
1229 4539 1600 4610 prudentiam
1649 4542 1815 4600 nobis
1845 4561 1976 4600 con-

2102 3389 2231 3445 idea
2248 3392 2568 3447 cavendum
2593 3398 2779 3463 est,ne
2801 3396 2945 3451 forte
2971 3413 3104 3452 cum
3127 3397 3259 3454 aliis
3283 3402 3762 3472 pradicaverint,

2101 3477 2214 3549 ipsi
2246 3481 2475 3550 reprobi
2496 3481 2908 3551 inveniantur;
2939 3490 2994 3539 et
3017 3485 3261 3542 audiant
3283 3490 3439 3559 quod
3466 3490 3766 3551 Dominus

2097 3565 2453 3637 hypocrisim
2481 3571 2839 3642 redarguens
2861 3573 2941 3627 ait
2966 3589 2978 3626 :
3012 3578 3480 3649 Hypocrita,ejice
3501 3582 3762 3650 primum

2095 3656 2310 3710 trabem
2338 3657 2405 3712 de
2433 3658 2592 3714 oculo
2620 3663 2734 3728 tuo,
2764 3669 2816 3715 et
2847 3664 2977 3716 tunc
3002 3665 3297 3734 perspicies
3325 3671 3390 3720 ut
3416 3666 3621 3724 educas
3679 3674 3762 3742 fe-

2093 3747 2306 3799 stucam
2333 3745 2401 3800 de
2427 3749 2578 3802 oculo
2607 3751 2809 3817 fratris
2840 3753 2926 3804 tui
2963 3750 3112 3820 (Luc.
3167 3768 3245 3817 vr,
3271 3753 3382 3824 42).
3418 3755 3583 3812 Licet
3616 3760 3761 3829 sint,

2095 3833 2250 3901 quod
2285 3835 2473 3904 pejus,
2500 3835 2600 3905 qui
2645 3852 2750 3890 nec
2801 3831 3026 3892 trabem
3059 3839 3130 3894 de
3186 3856 3293 3895 suo
3344 3842 3616 3915 ejiciunt,
3654 3865 3763 3905 nec

2095 3920 2378 3975 festucam
2411 3924 2605 3978 fratris
2653 3923 2926 3995 repellere
2957 3934 3342 3998 prasumunt,
3386 3933 3488 3987 sed
3523 3937 3763 3992 confusi

2095 4008 2685 4081 obmutescunt,dum
2711 4011 2935 4084 seipsos
2958 4016 3234 4086 reprobos
3264 4029 3654 4091 cognoscunt.
3690 4026 3762 4081 Hi

2094 4096 2236 4150 dum
2269 4098 2394 4152 suis
2424 4100 2674 4168 peccatis
2705 4100 2895 4156 aliena
2916 4103 3423 4174 nutriunt,merito
3457 4115 3764 4170 utrorum-

2094 4199 2208 4253 que
2258 4186 2590 4254 portabunt.
2623 4189 2721 4243 Ait
2751 4189 2907 4244 enim
2959 4190 3247 4250 Dominus
3281 4211 3294 4248 :
3325 4199 3392 4252 .Si
3419 4199 3648 4257 dicente
3675 4219 3766 4260 me

2093 4271 2164 4325 ad
2196 4274 2449 4344 impium,
2484 4285 2656 4331 morte
2716 4280 2990 4346 morieris,
3044 4296 3155 4336 non
3214 4287 3649 4346 annuntiaveri:
3685 4295 3762 4360 ei,

2090 4377 2269 4431 neque
2301 4362 2507 4418 locutus
2535 4366 2712 4434 fueris
2738 4373 2798 4420 ut
2825 4371 3107 4422 avertatur
3134 4386 3169 4426 a
3199 4373 3290 4426 via
3331 4389 3438 4428 sua
3475 4376 3681 4448 impia,
3711 4388 3764 4436 et

2090 4451 2239 4504 m’vat
2268 4467 2287 4503 :
2316 4453 2433 4522 ipse
2460 4454 2519 4506 in
2550 4455 2847 4524 iniquitate
2874 4470 2978 4510 sua
3007 4460 3640 4534 moriemr,sanguinem
3660 4484 3763 4524 au-

2088 4546 2197 4592 tem
2226 4539 2340 4609 ejus
2368 4540 2434 4595 de
2460 4557 2631 4596 manu
2660 4551 2754 4595 tua
2785 4545 3066 4613 requiram
3094 4545 3320 4616 (Ezech.
3357 4566 3444 4619 III,
3483 4554 3763 4626 l8).Pra-

314 4653 548 4694 servare
579 4636 858 4706 dignetur
901 4635 968 4686 ut
998 4629 1071 4684 ab
1129 4644 1197 4683 ea
1234 4625 1505 4698 regulati,
1538 4633 1691 4684 recto
1747 4634 1978 4691 tramite
2005 4643 2054 4707 D
2087 4629 2249 4680 terea
2278 4629 2432 4697 quod
2465 4628 2653 4683 dicere
2713 4630 2914 4698 pudet,
2942 4635 3134 4688 tacere
3163 4639 3360 4692 autem
3394 4641 3762 4711 periculum,

313 4726 587 4782 incedere
619 4723 945 4778 valeamus.

917 4803 1264 4860 EPISTOLA
1305 4803 1392 4859 IX.

383 4917 460 4956 AD
500 4913 694 4953 OMNES
757 4909 1111 4952 SACERDOTES
1152 4908 1433 4948 DIOECESIS
1472 4910 1900 4954 VERCELLENSIS.

384 4993 540 5042 A'rro
578 4985 674 5040 Dei
722 4983 914 5056 gratia
944 4980 1188 5036 humilis
1229 4981 1559 5052 episcopus,
1620 4988 1846 5042 cunctis
1879 5004 1973 5042 sa-

309 5094 374 5133 ce
391 5073 666 5131 rdotibus
725 5085 1049 5141 eorumque
1107 5069 1388 5125 ministris
1423 5071 1479 5125 in
1513 5078 1715 5128 nostra
1744 5075 1972 5130 Vercel-

308 5163 460 5221 lensi
495 5160 733 5218 dioecesi
768 5158 1265 5214 commorantibus
1295 5165 1521 5216 atcrna
1553 5159 1846 5217 felicitatis
1877 5178 1971 5216 co-

309 5267 540 5308 ronam.

382 5337 839 5404 Incontinentia,
927 5338 1314 5407 dilectissimi,
1377 5339 1581 5393 multa
1645 5342 1785 5390 sunt
1843 5354 1971 5408 spe—

307 5427 449 5484 cies.
493 5425 687 5491 Qoties
744 5426 898 5481 enim
958 5426 1192 5498 aliquod
1254 5427 1488 5482 facinus
1539 5428 1965 5494 perpetramus,

306 5515 379 5571 ad
414 5513 470 5568 id
536 5529 636 5582 per
686 5515 1172 5570 incontinentiam
1231 5513 1513 5567 labimur.
1548 5503 1834 5580 Sp'ecialis
1882 5515 1966 5566 ta-

308 5617 444 5657 men
475 5603 910 5670 incontinentia,
943 5602 1190 5666 luxuria,
1225 5607 1334 5662 est,
1385 5615 1515 5668 qua
1546 5613 1759 5667 corpus
1790 5597 1967 5652 simul

295 5692 585 5762 orrumpit
638 5701 693 5749 et
749 5708 1032 5748 animam.
1089 5690 1236 5745 Nam
1289 5703 1427 5743 cum
1479 5684 1667 5740 multa
1709 5685 1826 5742 sint
1880 5686 1962 5741 vi-

2088 4713 2332 4786 quidam
2357 4715 2415 4770 in
2438 4720 2669 4770 tantum
2689 4715 2917 4773 libidini
2938 4721 3448 4794 mancipantur,ut
3464 4729 3761 4791 obscenas

2085 4802 2491 4858 meretriculas
2521 4819 2629 4858 sua
2657 4805 2833 4860 simul
2887 4807 2945 4860 in
3002 4809 3175 4865 domo
3218 4827 3423 4870 secum
3455 4816 3756 4893 habitare,

2089 4907 2214 4946 una
2243 4890 2437 4946 cibum
2493 4907 2722 4948 sumere
2774 4911 2838 4949 ac
2869 4895 3100 4966 publice
3143 4900 3353 4972 degere
3384 4890 3760 4975 permittant.

2087 4980 2350 5043 Quarum
2381 4977 2668 5035 illecebris
2724 4981 2922 5048 illecti,
2963 5000 3082 5038 sua
3143 4987 3374 5053 domui.
3405 5001 3763 5071 cunctaque

2087 5063 2327 5119 familia
2347 5083 2411 5120 ac
2433 5067 2780 5138 supellectili
2797 5086 2894 5124 eas
2912 5087 3159 5141 praesse
3175 5063 3766 5150 dijudicant,sutim-

2087 5168 2205 5247 que
2240 5159 2370 5224 post
2399 5155 2622 5210 obitum
2655 5161 2912 5212 scortum
2946 5157 3234 5216 haredem
3266 5169 3675 5247 constituunt,
3709 5182 3766 5232 et

2085 5240 2373 5337 quidquid
2401 5244 2471 5298 de
2506 5245 2880 5337 facultatibus
2909 5247 3182 5317 ecclesia,
3216 5251 3304 5306 vel
3335 5240 3762 5337 eleemosynis,

2085 5345 2192 5384 seu
2222 5331 2606 5402 undecunque
2635 5334 2935 5404 acquirere
2964 5331 3762 5412 possunt,hujusmodivma.'

2085 5417 2264 5470 nibus
2295 5417 2738 5476 distrahendum
2762 5420 3118 5492 relinquunt.
3140 5426 3354 5500 Sicque
3387 5433 3479 5501 ﬁt,
3514 5443 3586 5494 ut
3617 5443 3762 5498 dum

2083 5508 2300 5602 sancta
2317 5505 2413 5558 Dei
2427 5507 2699 5602 Ecclesia
2722 5509 2901 5602 matri
2917 5514 2972 5602 et
2985 5526 3223 5602 sponsa
3247 5517 3527 5586 pellicem
3547 5543 3761 5602 super-

2083 5591 2394 5660 inducunt,
2427 5595 2541 5650 Deo
2575 5597 2750 5662 Patri,
2785 5602 2841 5651 et
2871 5597 3024 5652 fideli
3055 5599 3176 5654 viro
3205 5605 3475 5664 animam
3511 5591 3754 5675 subtra-

2080 5680 2308 5748 hant,et
2328 5681 2555 5740 diabolo
2575 5685 2984 5742 machandum
3005 5691 3539 5760 contradant.Sunt
3560 5706 3747 5764 etiam
