3956 6230
136 375 242 438 H7
273 371 299 396 ⁸

1644 373 2068 438 EPISTOLJE.

3447 375 3562 438 H8

138 509 233 584 qui
266 507 414 564 nudi
451 508 531 564 ad
566 507 856 565 Eclesiam
890 509 1131 564 veniunt
1161 510 1259 565 sed
1303 510 1372 565 de
1402 510 1530 580 ejus
1587 508 1799 563 beneti-
1829 512 1880 576 Α
1914 511 2073 574 Quod
2093 508 2301 566 falsum
2319 527 2444 566 esse
2467 509 3294 584 cognoscimus,dumillarum
3312 515 3558 567 naturas

137 601 238 656 ciis
265 599 729 654 accrescunt.Hi
763 598 1019 670 primum
1052 599 1260 670 inopiae
1293 617 1468 654 causa
1499 599 1801 654 continen-

136 690 274 744 tiam
334 690 610 761 ﬁngunt,
669 693 726 743 et
784 689 1158 760 postmodum
1211 688 1396 751 ditati,
1470 688 1803 743 meretrices

131 779 447 835 asciscunt.
486 777 602 841 Qui
635 779 779 832 dum
815 778 1064 849 penuria
1095 777 1427 832 laborarent
1473 779 1544 832 ab
1576 777 1660 832 eis
1694 777 1800 830 de-

127 868 324 941 specti,
361 871 595 922 sanctae
631 865 900 922 Ecclesiae
931 866 1154 938 gremio
1187 873 1324 921 sunt
1355 866 1592 937 recepti.
1665 867 1801 920 Inde

131 957 414 1029 quidquid
452 957 844 1028 postmodum
877 955 1224 1010 subtrahere
1252 955 1466 1020 valent,
1503 955 1648 1026 ipsis
1680 971 1794 1009 non

131 1046 408 1101 desinunt
437 1061 707 1117 erogare.
768 1047 836 1099 Et
877 1045 1030 1099 unde
1090 1045 1425 1099 meretrices
1490 1049 1794 1106 ornantur,

137 1134 388 1190 ecclesias
419 1140 760 1201 vastantur,
782 1149 1066 1206 pauperes
1098 1133 1474 1188 tribulantur.
1502 1137 1620 1187 Hac
1643 1148 1800 1186 occa-

133 1223 296 1279 sione
329 1222 640 1294 publicani
668 1225 785 1293 (ὃὸ)
816 1222 1159 1277 clericorum
1193 1223 1397 1276 domos
1439 1221 1793 1291 irrumpunt,

137 1328 250 1367 non
283 1309 466 1383 ipsos,
500 1312 607 1366 sed
643 1315 1100 1366 commamentes
1133 1309 1410 1365 mulieres
1456 1326 1588 1364 cum
1651 1310 1796 1380 ipsis

135 1417 285 1472 quos
314 1405 640 1471 genuerant
663 1399 1078 1471 spuriis,quasi
1102 1399 1214 1453 sibi
1238 1399 1585 1454 commissos
1608 1404 1793 1451 extra-

132 1488 271 1543 here
292 1487 732 1544 simulantes.ld
766 1489 1352 1559 trepidantmiseri.et
1375 1504 1619 1542 munera
1637 1504 1792 1557 qua:-

137 1593 249 1648 que
280 1579 660 1649 promittunt,
704 1584 761 1632 et
799 1578 897 1646 qui
945 1578 1173 1633 adorari
1206 1584 1492 1648 poterant,
1554 1582 1795 1631 cunctos

138 1667 392 1722 adorare
424 1671 739 1738 coguntur.
772 1667 842 1721 Et
894 1669 994 1737 qui
1045 1666 1306 1721 omnium
1359 1666 1603 1720 viriliter
1653 1665 1795 1718 vitia

137 1754 470 1810 declamare
501 1755 820 1811 debuerant
841 1755 912 1810 de
939 1755 1030 1810 sui
1055 1756 1210 1826 apud
1239 1754 1495 1826 judiccm
1521 1759 1793 1825 quaerunt

134 1842 460 1898 licentiam.
499 1844 595 1898 Sio
625 1861 794 1899 sacrae
836 1845 986 1899 aedes
1039 1843 1432 1914 publicentur,
1465 1849 1521 1898 et
1552 1860 1585 1898 a
1616 1842 1788 1912 vulgo
1823 1881 1868 1944 Β

138 1931 514 2000 deridentur,
548 1938 605 1987 et
633 1949 842 1988 nomen
877 1933 1108 1988 Domini
1143 1932 1605 2004 blasphematur,
1640 1933 1789 1987 sicut

143 2020 428 2092 scriptum
462 2025 600 2077 est:
645 2023 750 2078 Nos
787 2024 916 2077 estis
966 2039 1067 2094 per
1121 2038 1254 2092 quos
1311 2038 1506 2077 nomen
1566 2023 1791 2076 Domini

145 2107 556 2180 blasphematur
586 2112 735 2165 inter
765 2115 945 2181 gentes
975 2113 1152 2181 (Rom.
1190 2112 1368 2181 11,211).
1387 2110 1586 2165 Solent
1611 2112 1784 2164 etiam

143 2196 240 2252 tali
270 2215 374 2269 pro
405 2198 627 2255 scelere
655 2199 980 2255 vicinorum
1013 2199 1454 2271 vicinarumque
1477 2200 1675 2253 odium
1700 2199 1787 2252 in-

143 2288 641 2352 currere.Quoties
676 2305 931 2359 namque
961 2289 1370 2359 hujuscemodi
1403 2288 1678 2343 mulieres
1699 2287 1787 2341 vel

144 2390 345 2430 earum
379 2377 563 2448 spurii
596 2393 733 2432 cum
765 2377 1063 2448 aliquibus
1110 2378 1364 2448 litigant,
1393 2377 1504 2447 ipsi
1563 2377 1788 2446 abjecta

144 2464 301 2518 omni
335 2466 678 2521 sacerdotali
705 2467 1026 2523 reverentia
1055 2483 1182 2523 sese
1207 2465 1788 2538 opponunt;injurias

143 2555 196 2606 et
225 2553 611 2609 contumelias
643 2571 791 2626 quas
823 2561 1092 2627 possunt,
1126 2557 1337 2610 inferre
1381 2556 1516 2623 (64),
1549 2559 1606 2610 et
1631 2556 1785 2609 dete-

145 2639 290 2696 riora
321 2642 906 2716 minanturJnsuper
933 2650 997 2699 ut
1025 2644 1158 2700 talis
1188 2645 1380 2700 dietur
1409 2643 1651 2709 familia,
1677 2643 1786 2712 ipsi

149 2729 360 2800 cupidi,
394 2748 661 2804 rapaces,
695 2733 972 2798 usurarii,
1005 2734 1182 2788 avari.
1217 2738 1270 2787 et
1299 2733 1502 2799 invidi,
1537 2749 1602 2786 ac
1637 2734 1788 2785 frau-

145 2817 356 2874 dulenti
369 2821 902 2877 efﬁciuntur.Unde
918 2839 1030 2877 non
1045 2822 1339 2877 modicum
1360 2821 1573 2875 Christi
1598 2820 1784 2875 Eccle-

144 2908 225 2962 sia
245 2909 920 2978 patiturdetrimentum.
937 2911 1082 2964 Nam
1109 2910 1360 2982 populus
1382 2911 1489 2964 hoc
1521 2910 1785 2964 conside-

147 2997 564 3061 rans,decimas
597 3003 654 3054 et
686 2997 977 3069 primitias
1009 2998 1534 3070 ipsisexigentibus
1549 2999 1788 3053 reddere

146 3083 258 3139 Deo
287 3087 1052 3158 contemnunt,nullumque
1066 3088 1414 3158 obsequium
1449 3094 1662 3142 sanctis
1691 3087 1785 3141 Dei

142 3173 402 3229 Ecclesiae
431 3175 765 3246 persolvere
821 3176 1042 3242 volunt,
1096 3178 1252 3231 unde
1283 3176 1396 3247 ipsi
1454 3177 1786 3231 sacerdotes

143 3261 374 3333 aliquod
400 3264 689 3336 consequi
721 3265 946 3336 possint
985 3264 1470 3320 emolumentum.
1532 3267 1599 3319 Et
1649 3265 1784 3319 inde

143 3351 386 3421 populus
418 3353 746 3424 sacrilegus
777 3353 1048 3408 efficitur.
1083 3354 1196 3425 Ipsi
1230 3359 1422 3409 autem
1451 3354 1508 3408 in
1559 3359 1783 3408 tantam

142 3437 485 3511 plerumque
515 3441 833 3496 deveniunt
863 3447 1359 3514 paupertatem,ut
1393 3443 1482 3496 vix
1517 3444 1785 3497 sufficere

142 3527 386 3598 possint.
421 3530 652 3585 Rursus
683 3531 1198 3602 inveniuntur,qui
1230 3548 1364 3586 cum
1398 3533 1467 3586 ab
1498 3532 1786 3603 episcopis

143 3616 266 3670 suis
296 3615 396 3671 tali
428 3634 531 3688 pro
563 3619 810 3674 crimine
834 3625 1179 3691 arguantur,
1202 3624 1506 3692 paternam
1541 3620 1786 3675 charita-

143 3707 255 3758 tem
291 3712 600 3777 respuunt,
635 3713 693 3762 et
724 3708 957 3763 obedire
1013 3713 1419 3777 contemnunt,
1479 3709 1786 3779 ipsamque

144 3793 502 3864 ﬁdelitatem,
528 3813 712 3868 quam
737 3797 1122 3867 jurejurando
1163 3798 1574 3869 promiserant,
1607 3804 1784 3852 teme-

145 3896 263 3935 rare
293 3899 406 3938 non
439 3886 846 3952 metuunt,sed
880 3886 1179 3940 mundana
1209 3887 1490 3941 adversus
1521 3903 1655 3940 eum
1681 3903 1786 3957 ag-

144 3970 483 4038 grediuntur
512 3973 748 4028 defendi
773 3974 1119 4044 potentia,se
1142 3990 1374 4045 quoque
1396 3991 1684 4046 suamque
1707 3977 1782 4029 si-

145 4057 260 4112 mul
281 4059 562 4116 familiam
589 4062 719 4132 ejus
737 4063 1084 4118 adxersariis
1106 4063 1562 4130 committunt,et
1582 4063 1665 4118 sic
1685 4066 1782 4118 de-

148 4161 304 4202 mum
332 4147 425 4205 his
446 4150 582 4206 freti
615 4150 849 4206 auxiliis
878 4152 1331 4208 ecclesiasticam
1355 4154 1616 4224 regulam
1649 4171 1784 4224 par-

143 4233 476 4308 vipendunt,
506 4244 688 4310 atque
720 4240 789 4294 ad
825 4240 1196 4296 dominorum
1230 4241 1542 4313 imperium
1595 4241 1782 4312 quoli-

140 4321 232 4378 bet
252 4322 491 4395 loco,ve1
520 4333 786 4400 tempore
819 4329 1030 4385 missas
1061 4347 1286 4398 canere,
1309 4330 1662 4402 baptismata
1693 4349 1781 4387 ce-

141 4409 379 4480 lebrare,
411 4415 689 4488 alligatos
714 4417 1036 4488 absolvere,
1069 4419 1291 4473 solutos
1323 4419 1561 4491 alligare
1584 4425 1783 4476 contra

135 4499 228 4570 jus
258 4517 574 4573 canonum,
611 4505 737 4561 sine
770 4506 969 4578 aliqua
1001 4506 1350 4563 discretione
1395 4514 1778 4580 praesumunt,

1914 600 2817 657 consideramus.Persecutionis
2847 601 3024 672 igitur
3045 599 3558 672 pressurasDomi-

1914 705 2026 742 nus
2058 689 2368 744 insinuans
2403 692 2482 745 ait
2515 709 2527 745 :
2569 693 2656 746 νινε
2683 700 2865 746 autem
2894 691 3312 761 prwgnantibus
3369 699 3420 746 et
3450 706 3557 744 nu-

1913 778 2207 832 trientibus
2234 781 2291 832 iu
2327 780 2443 833 illis
2473 780 2658 833 diebus
2689 781 2892 850 (Matth.
2933 798 3056 846 xm,
3093 781 3200 849 17).
3233 779 3387 842 Qood
3419 779 3550 834 ideo

1912 866 2127 920 dixisse
2161 868 2688 939 intendimus,quia
2707 869 2845 939 ipsae
2871 868 3163 940 impeditae
3182 873 3238 923 et
3260 869 3553 939 graviores

1910 972 2024 1025 pra:
2049 957 2270 1011 caeteris
2295 958 2742 1012 necessitatibus
2764 961 2888 1014 suis
2912 959 3108 1012 minus
3131 963 3397 1029 poterant
3418 957 3556 1012 sub-

1908 1045 2120 1099 venire.
2157 1047 2454 1108 Quomodo
2489 1064 2623 1118 ergo
2655 1047 2834 1102 alium
2867 1047 3076 1119 poterit
3107 1046 3550 1118 sublevare,qui

1909 1134 2290 1205 semetipsum
2317 1153 2428 1189 non
2459 1136 2609 1191 valet
2630 1137 2889 1208 erigere?
2915 1137 3075 1190 Certe
3107 1135 3325 1191 talibus
3344 1135 3458 1191 nisi
3475 1136 3546 1191 ab

1909 1222 2036 1275 aliis
2076 1224 2596 1288 ministretur,suis
2614 1226 2912 1280 laboribus
2931 1242 3034 1279 nec
3051 1227 3185 1296 ipsaa
3218 1223 3551 1280 subsistunt

1906 1312 2012 1365 Sed
2048 1313 2272 1366 facinus
2306 1316 2457 1384 quod
2508 1316 2806 1385 voluptate
2856 1319 3242 1386 perpetretur,
3291 1313 3544 1370 utilitate

1907 1402 2164 1455 excusari
2199 1404 2496 1471 quaeritur;
2532 1404 2745 1459 etilitas
2776 1410 2970 1459 tamen
2997 1420 3108 1458 non
3141 1403 3546 1470 estservanda,

1903 1505 2076 1558 quam
2113 1492 2260 1544 ratio
2294 1509 2404 1546 non
2431 1494 3042 1549 commendat.Verum
3078 1498 3133 1547 et
3163 1493 3212 1548 si
3241 1492 3550 1564 aliquis,ut

1903 1580 2266 1644 asseritur,in
2294 1580 2390 1649 huj
2405 1582 2633 1635 usmodi
2651 1582 3000 1638 commercio
3017 1582 3374 1637 inveniretur
3389 1598 3544 1652 quie-

1903 1669 2196 1737 stus,quia
2228 1674 2424 1724 nostro
2438 1671 2764 1726 ministerio
2787 1671 3142 1726 contrarium
3161 1671 3545 1737 videtur,om-

1903 1755 2154 1809 nimodis
2172 1762 2258 1811 est
2271 1760 2809 1828 aspernandus.Qui
2823 1761 2979 1816 enim
2993 1760 3308 1831 aliquando
3322 1763 3550 1831 aposto-

1901 1841 2218 1909 lorum,aut
2250 1851 2586 1901 cazterorum
2620 1848 2887 1903 Ecclesia:
2910 1849 3216 1904 doctorum
3239 1864 3374 1904 cum
3407 1866 3544 1904 mu-

1902 1929 2141 1986 lieribus
2174 1934 2243 1987 ad
2279 1935 2711 2004 praedicandum
2745 1937 2982 2006 profecti
3007 1942 3146 1992 sunt
3175 1938 3202 1991 ‘?
3231 1937 3450 2009 Nempe
3471 1937 3544 1993 ab

1899 2020 2160 2092 ipsarum
2195 2023 2507 2092 connubio,
2541 2040 2687 2094 quas
2719 2031 2852 2078 ante
2892 2025 3252 2080 vocationem
3283 2025 3544 2097 legitime

1901 2109 2386 2181 duxere,posmod
2399 2128 2495 2165 um
2516 2128 2578 2166 se
2602 2112 3126 2177 subtraxere.Quod
3144 2114 3322 2167 etiam
3337 2114 3542 2170 beatus

1900 2198 2166 2254 Clemens
2197 2200 2254 2253 in
2289 2200 2624 2271 apostolicis
2655 2201 3404 2274 Decretalibuspraacipiens
3437 2203 3536 2258 ait:

1907 2307 1932 2338 α
1955 2287 2200 2342 Ministri
2227 2288 2428 2343 altaris
2443 2289 2513 2344 ad
2547 2289 2847 2344 Dominica
2867 2289 3014 2345 tales
3035 2290 3330 2361 eligantur
3345 2291 3540 2348 officia

1900 2377 1998 2448 qui
2033 2382 2166 2431 ante
2196 2378 2622 2434 ordinationem
2655 2380 2932 2449 coniuges
2963 2396 3101 2434 suas
3122 2378 3538 2452 reliquerunt.»

1902 2467 2042 2519 Item
2077 2464 2304 2520 concilii
2339 2466 2560 2537 (primi)
2593 2467 2860 2538 Carthag.
2891 2483 3016 2538 cap.
3049 2469 3120 2521 2:”)
3149 2469 3223 2539 [2,
3268 2470 3402 2536 sive,
3438 2471 3491 2540 4]
3527 2488 3540 2525 :

1905 2577 1925 2602 ι
1964 2554 2187 2608 Placuit
2207 2555 2363 2625 quod
2395 2561 2450 2610 et
2478 2556 2538 2610 in
2571 2555 2816 2611 diversis
2838 2556 3101 2612 conciliis
3133 2558 3544 2615 conﬁrmatum

1899 2648 2008 2709 est,
2046 2648 2108 2697 ut
2141 2644 2617 2716 subdiaconi,qui
2649 2661 2819 2700 sacra
2848 2645 3124 2718 mysteria
3155 2651 3544 2714 contrectant,

1897 2732 2124 2786 diaconi
2161 2738 2216 2786 et
2240 2734 2586 2804 presbyteri,
2651 2735 2841 2789 sedet
2899 2734 3158 2807 episcopi
3217 2737 3544 2793 secundum

1898 2821 2133 2891 propria
2166 2827 2384 2877 statuta
2415 2822 2588 2877 etiam
2622 2823 2695 2878 ab
2728 2823 3008 2879 uxoribus
3040 2841 3102 2879 se
3133 2825 3488 2882 contineant.
3518 2851 3540 2877 ι

1897 2910 1989 2964 Sic
2024 2911 2400 2966 Innocentius
2429 2918 2485 2966 et
2517 2913 2628 2967 Leo
2663 2912 2909 2967 Romani
2942 2913 3250 2985 pontifices
3283 2916 3403 2982 ;sic
3436 2933 3541 2971 caa-

1897 2999 2002 3053 teri
2036 3016 2268 3069 quoque
2297 3005 2696 3070 protestantur
2725 3006 3010 3057 auctores.
3069 3003 3295 3068 Quanto
3354 3006 3544 3077 magis

1898 3088 2112 3142 etenim
2145 3089 2986 3160 carnalibusconcupiscentiis
3017 3098 3075 3146 et
3099 3093 3416 3148 mundanis
3441 3111 3542 3149 ne-

1899 3176 2072 3246 gotiis
2105 3177 2697 3242 subtrahimur,tanto
2729 3179 3114 3250 expeditiores
3145 3181 3325 3235 divini
3350 3184 3541 3254 operis

1897 3265 2151 3319 cultores
2182 3265 2491 3334 efficimur,
2525 3266 2720 3320 Boetio
2755 3266 2968 3322 illustri
3001 3269 3122 3322 viro
3154 3273 3538 3342 testante,qui

1898 3353 1979 3408 ait
2015 3371 2027 3407 ;
2062 3355 2148 3408 Tu
2181 3355 2227 3408 si
2262 3354 2319 3408 in
2353 3354 2500 3408 hanc
2531 3354 2736 3408 mundi
2769 3371 3001 3409 scenam
3034 3356 3228 3412 nudus
3259 3357 3543 3416 intrasses

1896 3458 2136 3495 securus
2168 3458 2362 3495 coram
2397 3441 2619 3495 latrone
2652 3447 2950 3496 cantares.
2995 3443 3272 3499 Latrones
3323 3445 3543 3517 quippe

1897 3530 2102 3594 nostri,
2137 3530 2454 3596 daemones,
2515 3546 2834 3600 eorumque
2888 3530 3164 3601 ministri,
3207 3533 3307 3602 qui
3341 3537 3544 3590 nostra

1899 3635 2132 3688 semper
2162 3623 2394 3672 tentant
2426 3619 2675 3690 diripere
2708 3620 3034 3675 commoda.
3069 3621 3139 3675 Et
3194 3621 3432 3692 quidem
3492 3624 3544 3678 si

1899 3707 2062 3772 nudi,
2097 3711 2152 3762 et
2184 3708 2434 3778 expediti
2465 3708 2538 3762 ab
2571 3707 2790 3762 illicitis
2832 3709 3141 3777 fuerimus,
3197 3710 3385 3765 securi
3445 3727 3540 3767 co-

1897 3813 2021 3850 ram
2054 3797 2199 3867 ipsis
2231 3797 2624 3867 cantabimus,
2653 3797 2775 3852 sive
2822 3798 3088 3869 reprobis
3136 3814 3276 3854 suas
3309 3816 3540 3871 perver-

1895 3885 2098 3940 sitates
2131 3886 2467 3956 exponendo
2499 3891 2554 3940 et
2586 3888 2812 3942 futuras
2837 3887 3106 3942 miserias
3151 3885 3332 3943 libere
3388 3905 3540 3960 prae-

1895 3973 2164 4043 dicando,
2200 3974 2320 4029 sive
2343 3974 2707 4030 daemonibus
2737 3975 2807 4029 de
2833 3974 3138 4031 canticulis
3168 3975 3348 4031 David
3405 3994 3538 4048 pro-

1894 4062 2221 4127 clamando,
2261 4065 2472 4117 Anima
2500 4073 2686 4118 nostra
2713 4065 2852 4118 sicut
2879 4080 3071 4135 passer
3097 4073 3288 4136 erepta
3344 4070 3426 4121 est
3473 4067 3541 4124 de

1896 4151 2091 4224 laqueo
2121 4153 2462 4207 venantium.
2497 4153 2745 4221 Laqueus
2791 4153 3058 4208 contritus
3089 4161 3185 4222 est,
3246 4159 3300 4208 et
3331 4171 3433 4209 nos
3467 4156 3538 4211 ti-

1896 4241 2074 4295 berati
2100 4256 2289 4294 sumus
2318 4240 2486 4310 (Psal.
2523 4255 2714 4303 cxxm,
2743 4241 2821 4308 7).

1964 4327 2264 4382 Custodite
2294 4343 2431 4398 ergo
2469 4342 2593 4391 vos,
2649 4325 2856 4380 fratres
2911 4324 3266 4396 charissimi,
3317 4342 3351 4380 a
3406 4342 3539 4382 con-

1892 4416 2162 4471 tubernio
2178 4415 2491 4470 mulierum
2503 4430 2591 4482 ,ne
2606 4414 2847 4469 membra
2863 4414 3074 4469 Christi
3103 4414 3350 4468 membra
3360 4415 3537 4484 facia-

1893 4507 1962 4560 tis
1990 4506 2343 4559 meretricum
2372 4504 2416 4576 (I
2451 4504 2571 4559 Cor.
2604 4504 2818 4574 v1,15):
2855 4503 3008 4557 unde
3039 4501 3278 4556 difﬁcile
3297 4503 3540 4560 evadere

143 4589 194 4640 et
221 4589 316 4658 qui
347 4591 628 4663 capitalia
659 4594 926 4648 membra
955 4599 1168 4650 sanctae
1210 4593 1474 4650 Ecclesiae
1508 4611 1635 4650 esse
1683 4597 1776 4652 de-
1813 4616 1860 4679 D
1892 4593 2155 4666 potestis,
2177 4592 2289 4648 nisi
2307 4593 2378 4648 ab
2410 4608 2654 4648 earnum
2685 4591 2976 4648 consortio
3004 4589 3326 4646 declinetis.
3353 4593 3536 4657 Quem

143 4673 400 4751 buerant,
432 4698 606 4736 arma
634 4681 896 4737 hostium
928 4683 1289 4749 efficiuntur,
1342 4700 1519 4754 seque
1568 4683 1624 4738 in
1665 4685 1781 4739 exi~

144 4763 302 4832 tium,
333 4770 625 4840 populum
658 4770 718 4825 in
751 4787 1007 4827 errorem
1040 4772 1435 4827 deducunt.Et
1462 4771 1597 4827 inde
1630 4789 1782 4845 saepe

142 4854 456 4913 maximum
483 4859 769 4915 adversus
786 4865 1049 4916 sanctam
1072 4860 1385 4917 Ecclesiam
1415 4861 1600 4917 oritur
1621 4879 1783 4917 scan-

143 4940 329 5001 dalum
356 4963 380 5008 ;
412 4947 556 5018 quia
588 4965 739 5020 quos
769 4947 894 5004 vult
927 4948 1142 5005 habere
1171 4950 1344 5019 filios,
1369 4950 1554 5006 cernit
1581 4951 1781 5006 inimi-

142 5043 252 5098 cos,
283 5037 338 5088 et
366 5052 520 5107 quos
545 5035 935 5106 consiliarios,
971 5039 1148 5095 duros
1182 5039 1564 5095 adversarios.

208 5119 417 5178 Iterum
433 5125 707 5197 sunt,qui
730 5127 801 5181 de
825 5126 1176 5184 feminarum
1203 5128 1582 5184 contubernio
1604 5145 1665 5185 se
1682 5145 1782 5184 ex-

143 5219 338 5266 cusare
359 5217 659 5284 quaerunt,
685 5215 826 5269 dum
861 5233 1028 5272 suam
1060 5218 1229 5289 quasi
1263 5218 1670 5274 necessitatem
1693 5234 1784 5272 ex-

143 5304 375 5364 ponunt.
407 5302 594 5358 Aiunt
624 5303 804 5371 enim,
833 5305 967 5375 quia
1023 5306 1135 5362 nisi
1186 5307 1449 5378 ipsarum
1510 5306 1782 5361 manibus

143 5387 752 5464 sustentaremurjam
785 5393 1047 5460 fame,vel
1079 5395 1347 5451 nuditate
1378 5397 1780 5452 deficeremus.

209 5511 318 5591 (θβ)
348 5515 668 5591 Publiceni.
713 5515 1131 5591 Vocemuhanc
1191 5519 1472 5574 Acherius
1528 5537 1640 5574 non
1676 5521 1783 5574 im—

147 5587 341 5664 merito
372 5587 607 5642 monuit
632 5589 1112 5664 novointellectu
1149 5596 1491 5664 usurpatam
1550 5608 1678 5647 esse
1712 5594 1783 5664 ab

149 5649 367 5727 Attene,
397 5673 590 5731 eaque
630 5657 878 5731 intelligi
905 5718 908 5720 γ
935 5663 1140 5723 debere
1178 5649 1558 5736 aut‘judices
1590 5663 1782 5735 publi-

1895 4683 2049 4738 enim
2077 4683 2293 4754 compti
2325 4682 2537 4752 crines,
2598 4686 2843 4737 venusta
2899 4680 3095 4748 facies,
3145 4680 3383 4737 nictatio
3413 4681 3537 4754 pal-

1892 4772 2227 4844 pebrarum,
2262 4771 2428 4827 elisio
2451 4771 2777 4837 oculorum,
2807 4769 3120 4826 affabilitas
3169 4786 3536 4841 sermonum,

1892 4861 2131 4932 garrula
2165 4859 2510 4928 modulatio,
2564 4860 2726 4915 visus
2776 4858 2984 4926 facilis,
3045 4858 3262 4915 blanda
3314 4861 3542 4936 suasio.

1892 4949 2171 5021 praeclara
2200 4949 2461 5015 monilia,
2497 4949 2796 5004 schemata
2836 4949 3111 5016 vestium,
3143 4948 3377 5005 olfactio
3426 4965 3536 5004 un-

1891 5043 2268 5110 guentorum,
2334 5037 2532 5094 mollis
2591 5039 2881 5104 incessus,
2945 5053 3010 5093 ac
3065 5038 3248 5093 totius
3278 5037 3538 5108 corporis

1892 5127 2068 5183 luxus
2101 5145 2216 5182 non
2248 5127 2562 5182 resolveret
2592 5127 2662 5180 ad
2711 5125 2997 5198 flagitium
3030 5129 3052 5181 ?
3080 5126 3242 5188 Quod
3299 5126 3537 5181 intuens

1891 5217 2098 5272 beatus
2123 5215 2340 5271 Paulus
2370 5215 2656 5272 exclamat
2688 5214 2988 5285 apostolus
3021 5231 3036 5270 :
3067 5216 3261 5283 Fugite
3295 5215 3539 5285 fornica-

1893 5308 2098 5360 tionem
2127 5305 2174 5374 (I
2205 5303 2325 5373 Cor,
2361 5321 2422 5369 ιι,
2459 5306 2546 5371 18)
2580 5321 2592 5358 :
2628 5319 2766 5357 nam
2798 5319 2930 5356 cum
2961 5305 3170 5356 caztera
3224 5302 3365 5358 vitia
3392 5302 3536 5358 resi-

1895 5395 2100 5448 stendo
2133 5391 2313 5447 vitare
2356 5391 2674 5460 possimus,
2711 5390 2847 5444 huic
2887 5389 3134 5461 pedibus
3193 5408 3535 5447 succurren-

1895 5536 1991 5572 cos
2024 5520 2122 5568 aut
2154 5515 2347 5585 potius
2369 5529 2571 5567 eorum
2604 5513 2930 5568 ministros.

1968 5588 2081 5660 ((34)
2113 5588 2338 5655 Inferre.
2374 5585 2521 5655 Lego
2556 5585 2822 5654 inferunt.
