3956 6230
356 349 474 431 iis

1370 327 1709 417 ATTONIS
1755 351 2342 417 VERCELLENSIS
2386 352 2745 417 EPISGOPI

3615 362 3632 378 ..
3654 355 3785 422 η)

363 487 508 544 dum
538 488 645 556 est,
677 489 734 543 et
759 501 833 543 ne
862 475 1226 556 deficiamus,
1260 486 1524 544 divinum
1556 488 1840 545 auxilium
1887 487 1997 544 im-
2025 487 2082 554 Α
2110 503 2452 543 enumerare
2482 488 2840 544 curavimus.
2867 487 2906 543 A
2939 486 3348 545 meretricibus
3395 503 3498 545 vos
3558 505 3778 548 cavere

365 575 682 650 ploremus.

440 666 786 721 Sanctarum
817 666 1248 739 Scripturarum
1282 665 1550 738 paginas,
1613 665 2008 732 dilectissimi,

367 756 747 826 perscrutato,
779 757 837 808 et
867 752 924 808 in
957 753 1050 808 his
1074 752 1413 825 diligentius
1437 754 1820 825 meditemini,
1855 756 2009 812 unde

365 841 488 908 haec
520 858 646 914 quae
678 859 713 897 θ.
741 842 910 898 nobis
939 841 1096 897 dicta
1125 846 1265 897 sunt
1296 859 1410 896 non
1443 843 1611 915 quasi
1641 848 1847 899 nostra
1880 843 2011 900 vile-

367 935 531 987 scent
563 948 578 998 ;
610 931 744 1004 quia
773 948 895 1002 qum
920 947 955 985 a
983 931 1200 986 sanctis
1224 931 1494 987 Patribus
1528 932 2010 1004 accepimus,ha3c

367 1019 643 1075 fratribus
674 1019 1346 1091 exposuimusﬁuorum
1379 1021 1662 1093 exempla,
1699 1022 1835 1093 quia
1867 1038 2010 1077 cun-

366 1113 458 1164 cta
488 1126 601 1165 non
632 1125 951 1180 possumus
983 1108 1291 1181 explicare,
1316 1127 1502 1181 pauca
1532 1111 1603 1166 de
1630 1110 1831 1166 multis
1856 1128 2010 1182 quaa-

366 1197 499 1251 dam
530 1197 948 1268 proposuimus
983 1215 995 1252 :
1032 1198 1299 1269 quaedam
1335 1203 1532 1254 autem
1590 1198 2017 1254 subscribenda

365 1285 764 1358 pravidimus.
800 1287 864 1340 In
896 1286 1104 1358 primis
1153 1286 1385 1342 Nicaana
1425 1287 1686 1358 synodus
1734 1292 2016 1344 trecento-

367 1391 500 1432 rum
532 1375 732 1430 decem
763 1380 822 1430 et
852 1380 984 1430 octo
1017 1379 1352 1430 sanctorum
1383 1376 1649 1445 Patrum,
1682 1376 1741 1432 in
1775 1393 1891 1449 qua
1931 1376 2016 1432 di-

366 1463 502 1520 vino
534 1462 756 1534 Spiritu
785 1462 932 1518 fides
963 1463 1254 1520 crtholica
1312 1465 1607 1536 roborata,
1666 1465 2017 1522 Arianorum

371 1558 460 1608 est
490 1551 736 1626 perfidia
765 1551 1085 1618 destructa,
1119 1569 1247 1625 quin
1278 1554 1349 1609 ab
1372 1555 1712 1612 hominibus
1744 1555 2020 1626 quemad-

373 1641 618 1696 modum
655 1640 996 1714 evangelica
1025 1641 1203 1697 verba
1232 1647 1513 1711 servatur,
1549 1660 1675 1716 cap.
1704 1645 1736 1698 4
1792 1645 2014 1714 (Niceten.

372 1728 580 1798 concil.
612 1746 740 1785 can.
774 1730 830 1801 2)
856 1747 869 1785 :
906 1754 927 1810 ᾳ
964 1731 1268 1786 Interdixit
1297 1748 1400 1803 per
1429 1732 1624 1789 omnia
1654 1748 1869 1804 magna
1887 1749 2021 1804 syn~

375 1819 525 1876 odus
557 1835 672 1875 non
704 1819 999 1893 episcopo,
1054 1837 1168 1876 non
1199 1821 1588 1892 peresbytero,
1647 1840 1763 1877 non
1821 1822 2019 1878 diaco-

373 1924 470 1975 non,
505 1923 612 1966 nec
643 1907 815 1964 alicui
847 1909 1084 1965 omnino
1115 1909 1214 1980 qui
1244 1909 1304 1964 in
1339 1909 1493 1966 clero
1550 1914 1638 1966 est
1666 1910 1839 1967 licere
1866 1911 2016 1967 'sub-

372 1996 768 2057 introductam
798 1997 1011 2054 habere
1042 1997 1370 2065 mulierem,
1405 1997 1520 2053 nisi
1566 1999 1713 2055 forte
1769 2004 2013 2056 matrem

374 2089 476 2142 aut
505 2101 785 2155 sororem,
817 2090 920 2142 aut
948 2085 1308 2156 amitam,vel
1342 2103 1440 2142 eas
1471 2091 1706 2144 tantum
1739 2105 2018 2159 personas

370 2190 500 2246 quae
532 2173 898 2250 suspiciones
927 2175 1236 2248 effugiunt.
1271 2198 1299 2226 »
1336 2177 1478 2231 Item
1511 2191 1580 2231 ex
1613 2177 1866 2232 Decretis
1895 2176 2017 2234 Cle-

371 2263 584 2321 mentis
614 2278 773 2336 papa:
810 2280 823 2318 :
861 2285 891 2313 (ί
929 2263 1110 2320 Nemo
1159 2280 1293 2319 cum
1352 2268 1626 2320 extranea
1682 2265 1908 2322 habitet
1939 2267 2019 2322 fe-

371 2352 534 2410 mina
562 2351 681 2408 nioi
713 2369 879 2408 soror
909 2356 1010 2408 aut
1051 2352 1318 2424 proxima
1345 2353 1544 2420 fuerit,
1603 2358 1660 2408 et
1716 2354 1825 2410 hoc
1886 2372 2019 2411 cum

374 2457 592 2514 magna
622 2439 1017 2496 sollicitudine
1048 2442 1303 2512 ﬁat,Non
1334 2441 1490 2498 enim
1523 2443 1865 2515 ignoramus
1897 2461 2018 2500 ma-

375 2528 534 2584 litias
577 2529 823 2584 Satanm.
880 2551 908 2579 »
967 2529 1111 2585 Item
1173 2531 1364 2586 Siricii
1423 2534 1602 2601 (epist.
1667 2534 1716 2598 1,
1774 2549 1822 2588 c.
1884 2534 2018 2604 12):

384 2639 407 2669 ι
436 2616 709 2673 Feminas
739 2634 872 2674 vero
896 2635 1010 2674 non
1035 2618 1180 2674 alias
1197 2636 1358 2675 essse
1378 2619 1638 2692 patimur
1667 2620 1724 2676 in
1747 2622 2022 2679 domibus

378 2704 745 2777 clericorum,
795 2707 911 2762 nisi
959 2723 1058 2764 eas
1107 2711 1335 2763 tantum
1387 2725 1534 2780 quas
1586 2714 1821 2781 propter
1864 2709 2020 2766 solas

378 2794 879 2851 necessitudinum
916 2812 1124 2852 causas
1163 2797 1424 2853 habitare
1480 2814 1613 2853 cum
1672 2797 1892 2854 eisdem
1924 2816 2019 2871 sy-

379 2883 569 2939 nodus
602 2883 870 2940 Nicacana
897 2884 1222 2954 permisit.»
1257 2885 1372 2942 Hoc
1405 2885 1594 2942 multa
1623 2886 1890 2959 concilia,
1911 2888 2021 2943 hoc

377 2970 702 3034 multorum
729 2973 1031 3030 doctorum
1064 2990 1178 3030 non
1211 2979 1438 3030 tacuere
1468 2975 1788 3031 sententiae.
1823 2977 1886 3031 In
1911 2976 2020 3032 hoc

375 3059 807 3120 ecclesiasticus
837 3062 1023 3119 honor
1069 3062 1127 3118 in
1188 3063 1296 3119 hoc
1354 3063 1700 3121 clericorum
1763 3065 2020 3138 dignitas

2119 577 2452 646 docuimus,
2483 582 2541 634 et
2596 584 3004 634 extranearum
3064 576 3298 649 penitus
3357 577 3778 638 interdiximus

2119 666 2501 722 contubernia
2531 667 2904 733 feminarum;
2935 683 3062 738 quin
3095 665 3271 722 etiam
3295 671 3637 728 sanctorum
3668 672 3776 726 Pa-

2118 759 2276 810 trum
2303 755 2782 812 conﬁrmavimus
2812 754 3272 822 testimoniis,ne
3303 756 3546 828 impune
3576 761 3776 815 trans-

2125 844 2290 914 gredi
2349 844 2704 915 putassetis;
2739 845 2840 899 sed
2901 844 3040 915 quia
3110 842 3407 914 aliquibus
3453 846 3784 917 profecisse

2120 948 2185 986 co
2197 933 2684 1004 gnoscimus,Deo
2707 932 2859 988 Patri
2882 933 3117 989 devotas
3136 932 3392 1004 primum
3412 933 3616 990 laudes
3639 951 3776 1008 per-

2124 1020 2407 1076 solvimus
2443 1038 2455 1077 :
2493 1021 2654 1076 vobis
2683 1022 2860 1077 etiam
2892 1020 3212 1077 immensas
3250 1037 3353 1093 per
3403 1038 3539 1080 eum
3571 1028 3777 1095 grates

2123 1109 2430 1165 referimus
2465 1127 2478 1177 ;
2512 1114 2835 1178 exorantes,
2888 1113 2955 1164 ut
2982 1110 3054 1164 de
3105 1108 3318 1166 virtute
3373 1110 3434 1165 in
3491 1110 3777 1168 virtutem

2125 1199 2532 1265 conscendere,
2564 1203 2620 1254 et
2649 1199 2831 1254 Deum
2861 1199 3102 1254 deorum
3136 1198 3194 1253 in
3225 1198 3362 1255 Siou
3421 1200 3776 1256 mereamini

2126 1287 2474 1359 prospicere.
2510 1285 3252 1360 Quapropter,charissimi,
3277 1286 3326 1342 si
3359 1286 3542 1360 aliqui
3572 1288 3774 1344 adhuc

2126 1379 2302 1430 tantae
2334 1377 2605 1448 nequitiae
2633 1392 2794 1432 caeno
2827 1374 3080 1432 demersi
3121 1373 3519 1441 involvuntur,
3577 1375 3778 1450 lacry-

2127 1463 2309 1519 mosis
2335 1464 2651 1536 gemitibus
2686 1463 2996 1520 Dominum
3027 1478 3266 1520 exorare
3295 1479 3414 1520 non
3446 1464 3724 1522 differant
3754 1483 3768 1533 ;

2131 1568 2342 1607 manus
2366 1551 2589 1610 elevare
2618 1568 2732 1607 non
2765 1551 3062 1621 emittant,
3098 1556 3163 1607 ut
3193 1552 3265 1607 de
3294 1555 3459 1610 tanta
3498 1553 3780 1625 voragine

2127 1639 2298 1694 citius
2331 1639 2567 1696 liberari
2596 1640 2824 1696 valeant
2861 1665 2875 1708 ;
2903 1639 3188 1711 scriptum
3219 1645 3310 1696 est
3341 1641 3504 1698 enim,
3533 1657 3548 1697 :
3579 1642 3775 1700 Omnis

2127 1731 2223 1798 qui
2241 1731 2384 1800 petit
2413 1731 2616 1800 accipit
2649 1732 2698 1784 et
2755 1731 2852 1800 qui
2881 1730 3082 1799 quaerit
3137 1729 3346 1786 invenit
3370 1748 3392 1796 ,°
3422 1733 3476 1786 et
3515 1734 3779 1801 pulsanti

2127 1821 2409 1889 aperietur
2438 1819 2645 1888 (Matth.
2678 1818 3058 1888 vn,2).Tanta
3083 1834 3219 1890 ergo
3256 1818 3492 1880 Domini
3520 1821 3777 1890 promis-

2126 1906 2309 1978 sione,
2343 1906 2736 1977 fratres,nihil
2767 1907 3129 1976 haesitantes,
3152 1906 3439 1964 castitatis
3469 1908 3774 1966 tramitem

2125 1996 2535 2053 incunctanter
2563 1996 2820 2068 arripite.
2848 1996 3034 2054 Dabit
3064 2013 3273 2068 nempe
3330 1998 3781 2068 perseverantiae

2128 2085 2576 2156 perfectum,qui
2607 2083 2976 2152 continentiae
2999 2085 3160 2141 dedit
3181 2085 3616 2142 mandatum.Si
3641 2087 3781 2160 quis

2128 2180 2323 2230 autem
2356 2174 2643 2247 snperbiaa
2675 2173 2932 2230 stimulis
2961 2174 3149 2231 elatus
3195 2173 3284 2230 vel
3344 2175 3782 2247 desperationis

2126 2263 2261 2318 tabe
2289 2264 2636 2336 proﬂigatus
2661 2279 2970 2335 assurgere
3000 2263 3342 2337 neglexerit,
3368 2280 3485 2322 non
3517 2263 3628 2322 hoc
3645 2266 3780 2324 abs-

2129 2369 2242 2424 que
2271 2353 2362 2407 sui
2398 2351 2652 2424 periculo
2684 2352 2902 2424 gradus
2959 2352 3199 2410 omnino
3257 2352 3561 2420 transibit,
3618 2356 3778 2426 quod

2129 2440 2422 2497 nullorum
2455 2441 2779 2508 dociorum.
2869 2482 2881 2496 .
2965 2484 2978 2496 .
3058 2484 3071 2496 .
3153 2483 3165 2496 .
3247 2484 3260 2495 .
3342 2482 3356 2496 .
3442 2484 3456 2498 .
3543 2485 3557 2498 .
3601 2443 3780 2502 malis

2127 2530 2354 2586 actibus
2385 2530 2577 2586 divino
2609 2530 2862 2586 examini
2891 2534 3222 2599 occurrant,
3255 2547 3432 2612 quem
3482 2531 3779 2591 infelicem

2128 2619 2373 2692 propriae
2406 2619 2654 2675 nimium
2685 2619 3026 2691 iniquitates
3055 2624 3321 2692 gravant,
3353 2622 3454 2678 sed
3485 2621 3683 2693 potius
3707 2623 3782 2681 de

2127 2712 2322 2764 vestra
2350 2707 2502 2764 bona
2524 2708 2956 2764 conversatione
2979 2708 3284 2764 nobiscum
3315 2708 3685 2781 gratulari,et
3705 2713 3779 2768 ab

2128 2795 2658 2853 innumerabilibus
2687 2796 2911 2853 delictis
2943 2813 3168 2854 merear
3219 2798 3506 2869 excusari,
3556 2800 3778 2857 Jacobo

2129 2884 2354 2942 dicente
2379 2886 2639 2958 apostolo
2672 2887 2809 2955 τρυε
2835 2888 3078 2943 converti
3103 2889 3298 2958 fecerit
3325 2892 3672 2960 peccatorem
3703 2891 3772 2946 ab

2127 2989 2310 3031 errore
2336 2977 2438 3030 viae
2465 2991 2596 3046 suae,
2636 2977 2865 3032 saluauit
2920 2978 3174 3032 animam
3229 2977 3347 3048 ejus
3403 2993 3439 3032 α
3493 2984 3690 3043 morte,
3721 2981 3778 3034 et

2126 3064 2329 3135 operict
2356 3064 2766 3122 multitudinem
2797 3068 3139 3136 peccatorum
3168 3066 3305 3136 (Jac.
3336 3082 3395 3134 v,
3424 3066 3538 3137 20).
3592 3065 3776 3125 Vobis

374 3154 705 3221 perseverat
738 3167 750 3206 :
783 3149 922 3206 hinc
950 3151 1160 3207 crescit
1192 3151 1467 3222 charitas,
1518 3154 1777 3210 avaritiae
1810 3155 2017 3228 rubigo
2062 3225 2089 3228 __
2124 3169 2258 3208 vero
2290 3154 2516 3210 fratres.
2566 3171 2715 3226 quos
2769 3152 2975 3210 oculus
3036 3153 3264 3210 Domini
3317 3153 3780 3214 misericorditer

373 3237 748 3310 abstergitur.
782 3238 875 3294 Sic
905 3245 1108 3296 sancta
1139 3241 1392 3298 Ecclesia
1442 3241 1666 3313 unitur,
1697 3225 2018 3300 dissensio-
2048 3225 2091 3292 C
2119 3241 2246 3311 jam
2279 3243 2548 3314 respexit,
2579 3225 2637 3298 et
2663 3259 2696 3298 a
2725 3242 2944 3299 talibus
2975 3243 3150 3314 eruit,
3209 3259 3313 3314 pro
3370 3242 3501 3299 aliis
3547 3242 3780 3316 jugiter

372 3325 486 3393 nis,
517 3331 573 3381 et
610 3327 838 3384 invidiae
887 3329 1037 3386 rima
1080 3329 1244 3386 nulla
1305 3331 1686 3403 conspicitur.
1737 3332 1902 3398 Quod
1953 3337 2018 3389 ut
2127 3329 2839 3404 Omnipotentemexpedit
2858 3331 3778 3404 enorareipsosqueealutaribus

369 3415 675 3472 observare
704 3417 966 3488 possitis,
1017 3419 1252 3490 adjuvet
1284 3419 1476 3476 trinus
1505 3424 1564 3476 et
1621 3436 1776 3476 unus
1835 3421 2012 3490 Deus,

367 3503 468 3575 qui
496 3503 636 3560 vivit
665 3509 722 3562 et
750 3511 956 3579 regnat
987 3524 1091 3579 per
1121 3507 1320 3564 omnia
1377 3509 1594 3566 saecula
1642 3509 2012 3567 saeculorum.

364 3593 568 3648 Amen.

974 3683 1318 3739 EPISTOLA
1338 3685 1404 3740 Χ.

1006 3788 1080 3825 AD
1129 3788 1373 3828 EOSDEM.

436 3859 587 3914 A'rro
617 3859 806 3931 gratia
831 3858 933 3915 Dei
959 3858 1203 3916 humilis
1252 3861 1582 3934 episcopus,
1641 3865 1872 3920 cunctis
1918 3881 2016 3921 sa-

369 3946 705 4002 cerdotibus
737 3963 1062 4020 eorumque
1091 3949 1381 4006 ministris
1429 3951 1488 4006 in
1539 3956 1740 4008 nostra
1790 3953 2012 4010 Vercel-

365 4033 518 4090 lensi
549 4034 815 4092 dioecessi
846 4039 1346 4096 commorantibus
1375 4043 1601 4096 aeternae
1632 4041 1925 4099 felicitatis
1946 4060 2012 4100 co

368 4138 599 4192 ronam.

438 4213 576 4276 Qua)
604 4211 821 4285 saepius
852 4221 1234 4288 usurpentur,
1269 4217 1622 4290 cbarissimi,
1666 4218 1881 4291 sepius
1910 4221 2010 4276 de-

365 4301 637 4368 testanda
669 4302 1041 4374 reprimenda
1071 4311 1230 4377 sunt,
1259 4307 1443 4361 donec
1501 4306 1798 4364 exinanita
1825 4313 1881 4364 et
1910 4326 2006 4380 pe-

364 4389 525 4456 nitus
582 4390 802 4450 abolita
857 4394 1264 4450 deficiantzsi
1315 4397 1515 4450 autem
1581 4400 1714 4466 post
1767 4397 2008 4454 interdi-

365 4483 526 4538 ctum
560 4480 824 4554 neglecta
853 4483 1094 4550 fuerint,
1153 4487 1210 4539 et
1266 4481 1499 4538 silentio
1557 4489 1816 4541 contecta
1870 4504 2005 4559 per-

2125 3419 2366 3474 monitis
2389 3422 2460 3476 ad
2484 3421 2728 3476 metiora
2756 3421 3024 3478 convenit
3052 3420 3360 3489 exhortari,
3385 3423 3450 3477 ut
3487 3437 3589 3479 eos
3620 3438 3776 3494 quo-

2125 3523 2240 3579 quo
2289 3509 2462 3565 modo
2503 3510 2802 3567 vobiscum
2858 3510 3074 3582 pariter
3126 3509 3367 3567 valeatis
3423 3509 3771 3579 sublimare,

2125 3597 2351 3654 dicente
2371 3598 2620 3656 Domino
2651 3618 2669 3654 :
2700 3599 2761 3656 Si
2786 3602 2966 3671 frater
2988 3602 3222 3671 fratrem
3248 3598 3545 3670 adjuverit.
3608 3602 3775 3658 ambo

2128 3686 2544 3744 exaltabuntur.
2577 3689 2647 3744 Et
2693 3687 2910 3746 Paulus
2966 3687 3280 3760 Apostolus
3309 3708 3329 3743 :
3359 3689 3510 3746 Alter
3537 3691 3776 3748 attain:

2124 3790 2291 3831 onera
2313 3786 2529 3847 portate
2555 3786 2607 3834 et
2631 3780 2712 3834 sic
2741 3778 3126 3850 adimplebiti:
3157 3777 3327 3848 legem
3361 3777 3567 3838 Christi
3623 3777 3770 3850 (Gal.

2121 3881 2196 3933 γι,
2229 3865 2303 3933 2).
2340 3867 2405 3920 Et
2432 3867 2686 3924 Jacobus
2716 3867 2798 3924 ait
2829 3883 2843 3924 :
2879 3867 3042 3923 Orate
3066 3882 3172 3938 pro
3211 3868 3450 3923 invicem
3497 3874 3559 3924 ut
3583 3869 3763 3925 salve-

2124 3954 2268 4008 mini
2295 3954 2428 4025 (Jac.
2461 3972 2514 4010 v.
2550 3955 2658 4026 16).
2718 3959 2828 4012 Per
2878 3954 3186 4012 Dominum
3244 3959 3516 4011 nostrum
3561 3956 3770 4013 Jesum

2124 4041 2441 4112 Christum,
2474 4043 2577 4115 qui
2611 4060 2745 4100 cum
2778 4045 2942 4100 Patre
3001 4049 3323 4115 sanctoque
3379 4044 3598 4116 Spiritu
3628 4047 3774 4102 vivit

2125 4133 2180 4185 et
2210 4129 2494 4203 gloriatur
2521 4137 2674 4190 Deus
2713 4149 2816 4204 per
2868 4132 3068 4192 omnia
3125 4132 3338 4190 saecula
3395 4133 3771 4192 saeculorum.

2124 4223 2332 4276 Amen.

2688 4310 3050 4368 EPISTULA
3078 4309 3176 4366 XI.

2563 4416 2637 4456 AD
2674 4415 3114 4458 SUFFBAGANBOS
3151 4415 3315 4456 SUOS.

2192 4487 2589 4545 Sanctissimis
2618 4492 2675 4546 et
2702 4487 3100 4545 dilectissimis
3118 4486 3516 4560 confratribue
3542 4486 3771 4546 illisve.

366 4570 715 4662 manserint,
749 4571 1188 4662 magis-armari
1221 4587 1400 4662 quam
1430 4572 1687 4662 abdicari
1717 4574 2005 4634 videntur.
2040 4595 2092 4662 Ι)
2122 4576 2482 4636 nerabilibus
2513 4577 2824 4649 episcopis,
2855 4581 2991 4634 Atto
3022 4576 3213 4649 gratia
3235 4575 3339 4634 Dei
3370 4575 3618 4633 humilis
3650 4576 3774 4651 epi-

365 4654 464 4714 Va
496 4658 654 4722 enim
681 4659 853 4716 nobis
883 4658 1122 4729 erit,qui
1151 4658 1330 4730 hujus
1363 4658 1670 4717 ministerii
1701 4680 1849 4719 onus
1879 4682 2010 4721 sus-

366 4743 658 4816 cepimus,
679 4747 729 4802 si
758 4747 1062 4804 veritatem
1096 4746 1410 4818 prazdicare
1438 4749 1882 4824 neglexerimus,
1913 4757 2013 4812 Vm

365 4831 537 4915 npbis
568 4833 698 4901 erit,
731 4833 782 4890 si
813 4834 1050 4892 silentio
1075 4836 1562 4908 oppresserimus,
1595 4856 1721 4912 quae
1773 4858 2010 4915 erogare

364 4901 783 4978 nummulariis
798 4922 1258 4994 jubemur.Quid
1280 4924 1546 4984 infuturo
1568 4901 1780 4985 dicturi
1801 4901 2009 4988 sumus

365 5007 655 5080 examine,
698 5009 748 5067 si
807 5011 1108 5068 veritatem
1166 5014 1582 5072 confundimur
1645 5019 2010 5090 praedicare?

358 5095 653 5172 negligere
669 5099 826 5155 enim
851 5099 950 5171 qui
973 5105 1164 5173 potest
1195 5103 1504 5161 deturbare
1530 5107 2008 5177 perversos.nihil

363 5185 525 5252 aliud
561 5192 651 5244 est
681 5205 860 5262 quam
892 5190 1221 5249 fovere.Nec
1235 5198 1392 5249 caret
1413 5195 1688 5266 scrupulo
1713 5196 2006 5252 societatis

352 5272 621 5345 occultat,
657 5277 756 5348 qui
788 5278 1095 5337 manifeste
1127 5281 1368 5337 facinori
1399 5281 1616 5338 desinit
1644 5283 1895 5340 obviare.

423 5363 504 5422 De
535 5367 822 5424 castitatis
849 5369 1063 5426 etenim
1085 5372 1476 5439 bono,fratres
1509 5371 2002 5441 mei,jamdudum

347 5450 515 5506 vobis
547 5453 743 5527 aliqua
789 5459 978 5515 verbis
1036 5459 1443 5515 intimavimus
1494 5459 1809 5530 ;qusedam
1868 5477 2002 5518 vero

350 5539 553 5611 criptis
574 5561 884 5618 suggerere
914 5565 1031 5605 non
1063 5549 1474 5605 omisimus.ln
1501 5545 1719 5624 quibus
1734 5549 1998 5619 quaedam

349 5627 638 5690 incentiva
659 5636 1104 5709 descripsimus,
1128 5637 1177 5708 ej
1189 5652 1377 5706 usque
1395 5633 1762 5694 calamitates
1783 5638 1996 5709 partim

2121 4682 2356 4738 scopus,
2387 4665 2589 4722 fideles
2617 4669 2676 4724 in
2725 4665 2954 4724 Christo
3013 4665 3306 4724 orationes
3362 4680 3502 4723 cum
3556 4665 3783 4724 devoto.

2121 4753 2431 4812 famulatu.

2194 4844 2360 4900 Novit
2393 4843 2651 4902 charitas
2689 4847 2901 4912 vestra,
2952 4843 3093 4915 quia
3149 4841 3336 4899 nostri
3381 4841 3694 4915 principes.
3711 4848 3772 4902 et

2119 4931 2363 4998 domini,
2395 4931 2806 5004 gloriosissimi
2838 4932 3061 4990 scilicet
3090 4947 3275 5004 reges,
3312 4931 3458 4988 dum
3486 4930 3770 4997 hostilem

2118 5035 2180 5078 se
2212 5021 2415 5082 dicunt
2444 5021 2733 5094 suspicari
2764 5022 3074 5094 impetum,
3105 5024 3329 5092 nostra,
3384 5019 3620 5088 scilicet,
3642 5021 3767 5094 epi-

2117 5125 2430 5181 scOporum
2461 5114 2665 5166 contra
2694 5111 2815 5168 haec
2872 5113 3140 5182 quarunt
3183 5109 3486 5182 suﬂragia,
3517 5125 3626 5168 nec
3655 5126 3766 5166 no-

2117 5197 2256 5252 stris
2284 5198 2543 5254 contenti
2591 5197 3136 5270 pollicitationibus,
3196 5213 3302 5264 nec
3354 5197 3426 5254 de
3483 5195 3776 5264 fidelitate

2107 5285 2444 5355 juramento
2475 5287 2709 5344 firmata
2729 5286 3230 5354 confisis,obsides
3251 5286 3500 5358 insuper.
3525 5287 3772 5346 anubis

2113 5391 2217 5446 pro
2248 5391 2314 5430 eo
2346 5375 2609 5446 accipere
2639 5380 2704 5432 ut
2753 5392 2941 5447 nuper
2997 5373 3250 5437 audistis
3296 5373 3538 5434 omnino
3595 5375 3780 5434 Ιαιὶο-ε.

2111 5466 2262 5517 rant.
2298 5462 2443 5526 Quid
2476 5467 2678 5520 vestra:
2709 5464 3006 5520 sanctitati
3037 5479 3214 5535 super
3242 5463 3351 5519 hoc
3406 5462 3601 5525 visum
3632 5464 3761 5529 fue-

2111 5551 2206 5617 rit,
2234 5549 2396 5605 nobis
2429 5567 2713 5624 exponere
2759 5551 2967 5610 vestris
3023 5552 3206 5609 sacris
3264 5551 3552 5624 apicibus,
3612 5553 3767 5626 quia,

2108 5637 2286 5696 simul
2317 5655 2473 5698 nunc
2503 5645 2635 5713 apte
2663 5640 2824 5713 loqui
2853 5658 2970 5706 non
3027 5656 3370 5712 possumus,
3392 5656 3512 5706 non
3572 5642 3746 5706 dedi-
