1978 3115
62 189 117 225 {Si

815 188 1033 221 EPISTOLE.

1720 190 1780 222 122

63 256 207 295 gnemini.
229 256 261 284 Si
276 255 390 293 μεωειλιὶ
405 255 524 285 obsides
537 264 554 285 θ.
564 255 649 285 nobis
663 256 752 285 dandi
768 256 895 292 sunt,vel
910 256 938 290 Α
951 264 1007 284 non
1020 255 1073 284 erit
1086 256 1161 284 ultra
1174 256 1224 285 hoc
1231 256 1405 293 proverbium
1420 256 1451 284 in
1466 256 1551 284 Israel
1566 256 1673 293 (Eucti.
1695 265 1778 291 xvm,

64 302 88 331 si
102 300 290 330 deuominati
306 308 338 329 se
352 308 404 336 pro
420 300 505 329 nobis
521 300 644 336 obligari
668 301 808 334 noverint,
825 300 895 336 quid

65 345 212 383 agendum
230 345 282 380 sit,
298 347 350 373 aut
376 344 400 372 si
426 344 639 378 consenserint,
655 353 713 380 quo
737 347 832 382 pasto,
847 347 898 373 aut

65 399 130 419 cum
145 398 208 426 qua
232 388 391 420 securitate
406 389 462 418 hoc
485 389 547 417 ﬁeri
564 392 707 425 oporteat,
723 390 752 418 Si
780 390 898 426 scriptis

66 436 125 466 hac
153 434 314 463 conventio
339 434 471 462 adnotari
492 434 656 468 conveniat,
680 434 721 462 vel
747 435 772 462 si
801 434 897 462 verbis

65 479 275 509 tantummodo
291 479 427 507 credatur
438 478 655 513 communibus,
663 478 688 506 si
702 478 849 507 terminus
860 479 899 507 sit

66 524 280 560 impellendus,
296 523 343 551 vel
358 523 388 551 in
403 525 559 559 quantum,
576 525 627 551 aut
642 523 667 551 si
684 524 857 559 subreptum
867 523 898 551 in

67 569 163 605 aliquo
179 568 369 605 principibus
382 568 424 603 fde
439 568 523 597 nobis
539 568 636 599 fuerit.
654 569 732 604 quod
747 568 898 596 violaveri-

68 621 134 645 mus
148 612 335 649 propositam
357 612 556 648 sponsionem,
573 620 624 647 pro
650 620 708 647 qua
723 611 834 647 praefati
850 612 898 639 ob-

68 657 146 686 sides
161 657 226 689 dari
248 657 399 692 iubentur,
416 655 543 692 qualiter
567 656 698 684 convinci
722 655 766 684 vel
782 655 898 684 delendi

69 702 184 734 debeat,
198 704 252 730 aut
275 709 342 737 qua
356 701 403 729 lex
425 701 556 737 vigorem
580 700 610 728 in
626 700 734 728 talibus
758 700 897 733 obtineat,

70 748 170 774 utrum
185 745 397 779 ecclesiastica,
410 753 447 773 an
458 745 547 774 etiam
559 745 718 778 mundana,
733 746 777 772 vel
791 744 899 780 quibus

70 790 194 820 testibus
215 791 320 819 eadem
345 789 498 819 conventio
523 789 710 825 approbatur,
728 789 753 817 si
776 789 854 817 inter
868 797 899 817 se

70 834 191 863 diversas
202 838 301 871 partes
312 834 504 862 dissenserint
514 833 756 862 manifestissime
766 833 900 869 propala-

73 880 109 914 ri,
126 880 152 907 si
167 879 235 908 ﬁeri
251 882 352 914 potest,
369 879 519 906 humiliter
530 878 724 913 exposcimus.
737 878 899 906 Plurimum

75 924 187 952 etenim
204 925 233 951 et
249 931 324 952 nunc
338 926 367 951 et
379 924 408 951 in
424 924 523 951 futuro
533 923 649 956 valebit,
664 923 689 950 si
704 925 764 951 tam
780 922 900 958 grandis

75 976 128 996 seu
150 968 287 995 inaudita
312 975 400 996 causa
419 967 449 995 in
473 968 536 1003 ipso
558 967 676 995 exordio
699 966 902 995 saluberrimis

76 1012 163 1040 fuerit
173 1014 351 1048 pertractata
365 1011 634 1047 consiliis,ejusque
645 1012 776 1040 deﬁnitio
786 1011 902 1048 paginis

76 1057 293 1090 commendata,
322 1056 433 1085 nullam
458 1056 582 1085 ulterius
605 1056 826 1092 ambiguitatem
848 1056 902 1083 ad-

76 1101 182 1129 mittat.
210 1100 258 1128 Me
280 1108 399 1137 quoque
423 1102 485 1129 tam
510 1101 641 1129 desidem
667 1102 697 1129 et
720 1101 901 1137 imperitum,

76 1145 214 1174 conﬁteor
228 1145 375 1174 hactenus
394 1153 452 1173 non
477 1145 621 1181 reperisse
635 1145 673 1173 ab
697 1144 901 1173 ecclesiasticis

75 1189 244 1218 doctoribus
259 1188 317 1217 tale
331 1188 401 1224 quid
423 1189 597 1218 auctoritate
620 1188 781 1221 ﬁrmatum,
797 1188 840 1217 vel
856 1197 902 1217 ex-

76 1233 173 1269 emplo
189 1232 383 1269 propositum.
401 1233 455 1261 Sed
471 1233 495 1261 si
512 1232 580 1269 quis
594 1232 831 1262 studiosissimus
846 1233 902 1261 hoc

76 1278 206 1306 invenire
219 1277 350 1314 potuerit
364 1279 572 1313 perscrutator,
589 1285 643 1313 ego
657 1278 735 1313 quod
759 1286 776 1305 a
790 1277 900 1306 sanctis

75 1322 208 1351 Patribus
223 1323 371 1351 statutum
387 1324 442 1355 est,
457 1321 664 1350 inviolabiliter
688 1330 787 1351 assero
801 1322 900 1351 obser-

74 1367 146 1396 vand
151 1375 199 1395 um
205 1366 401 1395 .Fidelitatem
413 1374 531 1402 quoque
537 1368 704 1395 nostrorum
713 1367 900 1395 dominorum

75 1413 103 1439 et
115 1419 217 1448 regum
229 1411 396 1447 plcniterin
412 1411 550 1439 omnibus
565 1411 667 1446 judico
678 1411 899 1440 observandam.

76 1455 158 1484 Nullo
168 1456 258 1484 modo
271 1455 350 1483 enim
360 1457 428 1484 ante
440 1455 541 1484 oculos
551 1455 655 1484 divinae
664 1456 827 1491 maiestatis
834 1456 900 1491 puri

77 1500 197 1529 inveniri
214 1508 390 1537 possumus,
402 1499 427 1527 si
443 1500 485 1528 eis
499 1499 633 1528 inﬁdeles
644 1500 791 1529 ullatenus
802 1500 900 1528 existi-

915 939 938 971 B

950 301 988 334 3).
1007 300 1079 328 Fieri
1104 301 1211 337 quippe
1236 303 1340 336 potest,
1357 303 1389 328 ut
1413 300 1451 328 sit
1473 300 1549 328 inter
1574 304 1685 337 gentes,
1702 302 1780 329 inter

951 345 1108 381 Egyptios,
1125 346 1176 373 sed
1192 345 1279 373 etiam
1295 346 1324 373 in
1341 345 1529 380 Babylonios,
1546 346 1597 373 sed
1621 354 1679 373 non
1694 346 1724 374 in
1741 348 1780 374 ls-

951 389 1022 417 rael.
1037 389 1142 425 Utique
1157 390 1206 426 qui
1223 390 1297 417 hanc
1314 390 1466 425 postponit
1490 390 1677 424 sententiam,
1695 393 1723 418 et
1744 391 1778 418 fl-

952 434 1024 461 lium
1041 435 1142 470 patris,
1158 434 1201 462 vel
1220 443 1271 470 pro
1295 434 1421 470 alicujus
1437 434 1569 470 parentis
1596 434 1682 470 culpa
1695 435 1778 463 dam-

952 479 1072 513 naverit,
1091 487 1158 507 reus
1173 479 1237 511 erit,
1254 481 1282 506 et
1307 488 1363 507 non
1390 478 1551 507 Israelitico
1568 479 1674 515 populo
1699 487 1778 507 com-

952 524 1085 559 putabitu
1091 533 1113 551 r.

988 568 1022 595 Et
1037 568 1159 596 fortasse
1174 568 1246 595 dicit
1262 567 1370 603 aliquis
1386 576 1392 595 :
1410 568 1537 604 Quiquid
1555 568 1583 595 in
1599 568 1779 604 {hujusmodi

953 612 1102 640 hominem
1119 613 1221 644 fecero.
1239 613 1274 640 ad
1300 621 1367 640 eum
1384 613 1518 648 pertinet,
1536 613 1586 648 qui
1610 621 1677 640 eum
1705 613 1777 640 mihi

952 656 1083 684 tradidit.
1095 658 1176 684 Certe
1186 665 1285 684 revera
1296 657 1365 692 quia
1375 657 1411 684 ad
1423 665 1490 684 eum
1504 657 1629 692 pertinet
1644 666 1650 690 ;
1663 657 1712 684 sed
1725 665 1777 685 nec

953 703 984 728 tu
1000 700 1064 728 ideo
1084 702 1282 729 excusaboris.
1300 702 1362 729 Non
1388 701 1466 729 enim
1482 709 1536 729 suo
1560 704 1677 737 peccato
1692 704 1776 730 tuum

953 753 1093 773 evacuare
1109 745 1228 781 poteris,
1245 746 1295 774 sed
1311 747 1336 773 si
1352 746 1400 773 ille
1414 746 1490 774 male
1506 746 1595 779 dedit,
1613 748 1641 774 et
1655 748 1686 773 tu
1702 746 1779 774 male

954 790 1102 825 accepisti,
1113 790 1216 818 ambos
1231 790 1342 818 tenebit
1353 790 1505 826 iniquitas.
1520 790 1569 818 ille
1580 790 1778 818 Christianum

953 835 1005 861 tuo
1020 835 1160 870 supponit
1185 834 1291 870 gladio,
1308 835 1361 862 tibi
1376 835 1540 863 Christiano
1557 843 1614 863 non
1629 834 1695 863 ideo
1710 843 1777 862 eum

954 877 1038 905 ferire
1053 878 1160 906 licebit.
1171 879 1245 910 Quid
1268 882 1300 906 ut
1315 881 1515 914 percuteretur
1534 879 1690 915 peccavit?
1704 878 1777 911 Quid

955 922 1030 950 male
1044 922 1134 950 fecit?
1149 923 1258 958 Nempe
1272 923 1296 950 si
1313 923 1466 951 charitatis
1479 932 1569 951 causa
1584 931 1615 951 se
1626 924 1779 959 objecit,ut

956 967 1081 995 alterum
1094 967 1434 1000 liberaret,honorandus
1444 970 1499 1002 est,
1513 976 1569 996 non
1578 968 1777 1004 perimendus.

956 1012 1001 1040 Ait
1014 1011 1093 1039 enim
1109 1012 1212 1039 beatus
1227 1014 1330 1039 Petrus
1345 1012 1495 1048 apostolus
1512 1020 1518 1039 :
1535 1014 1602 1040 Ante
1616 1014 1709 1040 omnia
1718 1021 1780 1040 mu-

956 1061 1032 1084 tuam
1047 1057 1079 1084 in
1096 1057 1268 1092 vosmetipsos
1285 1056 1450 1084 charitotem
1465 1057 1623 1084 continuam
1638 1057 1777 1089 habentes,

956 1102 1020 1136 quia
1030 1101 1151 1129 charitas
1161 1102 1247 1136 operit
1259 1101 1463 1129 multitudinem
1481 1105 1659 1135 peccatorum
1669 1101 1692 1136 (ι
1701 1103 1776 1128 Petr.

956 1154 994 1180 IV,
1004 1146 1042 1180 8).
1057 1146 1092 1173 Et
1102 1145 1242 1173 Dominus
1251 1146 1281 1172 in
1290 1145 1443 1182 Evangelia
1454 1154 1461 1172 :
1474 1146 1603 1182 Majorem
1616 1145 1778 1173 charitatem

955 1199 1035 1219 nemo
1045 1190 1222 1226 habet,quam
1232 1194 1262 1218 ut
1270 1191 1394 1218 animum
1403 1192 1568 1226 suamponat
1576 1191 1637 1226 quis
1645 1197 1697 1226 pro
1707 1191 1778 1217 ami-

954 1236 995 1263 cis
1005 1236 1064 1263 suis
1074 1236 1162 1270 (Joan.
1171 1243 1216 1269 xv,
1227 1235 1280 1269 17).
1292 1237 1404 1269 Moyses
1414 1236 1511 1263 autem
1523 1235 1712 1270 semetipsum
1727 1242 1778 1270 pro

956 1279 1062 1316 populo
1074 1279 1163 1307 Israel
1172 1279 1377 1315 opponens,ait
1387 1279 1423 1306 ad
1437 1279 1592 1307 Dominum
1605 1287 1611 1306 :
1623 1280 1675 1306 Aut
1686 1279 1779 1306 dimit-

955 1329 980 1352 te
994 1325 1061 1358 illis,
1075 1324 1196 1357 Domine,
1208 1324 1277 1351 hanc
1291 1332 1405 1359 noxam,
1417 1326 1464 1351 aut
1478 1324 1539 1352 dele
1551 1324 1637 1351 mede
1650 1324 1720 1351 libro
1731 1325 1777 1351 tuo

955 1377 1035 1404 quem
1047 1369 1181 1404 scripsisti
1195 1368 1296 1404 (Exod.
1310 1376 1397 1403 uxu,
1414 1369 1470 1404 31).
1487 1368 1537 1396 Cui
1554 1368 1595 1396 ait
1610 1368 1752 1396 Dominus
1769 1376 1775 1396 :

956 1414 1009 1448 Qui
1022 1414 1183 1448 1peccaverit
1210 1414 1242 1441 in
1272 1422 1326 1446 me,
1355 1413 1451 1441 delebo
1479 1421 1543 1441 eum
1570 1413 1602 1441 de
1634 1413 1704 1440 libro
1732 1417 1777 1441 tuo

955 1458 1048 1493 (lbid.,
1063 1459 1119 1494 33).
1136 1459 1175 1485 Ac
1190 1458 1214 1485 si
1230 1458 1340 1485 diceret
1356 1465 1363 1486 :
1379 1459 1423 1485 Tu
1440 1459 1513 1486 bene
1537 1457 1668 1494 postulas
1684 1466 1691 1491 ;
1708 1458 1777 1494 quia

956 1502 1002 1538 pie
1017 1502 1149 1538 postulas
1161 1512 1167 1536 ;
1185 1510 1238 1538 ego
1251 1504 1348 1530 autem
1359 1511 1416 1530 non
1431 1503 1472 1530 ita
1485 1502 1654 1536 faciam,sed
1665 1504 1778 1530 rectum

75 1552 149 1579 mus.
164 1545 211 1573 Ait
225 1544 310 1573 enim
322 1544 462 1574 Dominus
477 1544 507 1572 in
522 1544 676 1581 Evangelio
693 1553 699 1573 :
716 1545 747 1572 Si
761 1545 901 1573 hominem
952 1547 1287 1583 judiciumjudicabo.Si
1297 1555 1365 1575 vero
1375 1555 1427 1582 pro
1439 1548 1560 1575 alterius
1571 1547 1778 1583 gratiaeliquis

72 1597 149 1626 quem
164 1589 239 1618 vides
263 1596 322 1617 non
345 1588 452 1625 diligis,
468 1590 554 1618 Deum
568 1597 646 1625 quem
668 1597 724 1617 non
746 1589 820 1618 vides
834 1597 899 1625 quo-

956 1599 987 1619 se
1002 1591 1099 1619 taliter
1113 1591 1292 1627 opposuerit,
1308 1593 1340 1618 ut
1350 1591 1424 1619 alter
1438 1591 1542 1619 exinde
1553 1591 1667 1618 lucrum
1679 1591 1780 1627 acqui-

71 1624 146 1662 medo
159 1637 237 1670 potes
259 1633 380 1668 diligere
391 1635 404 1660 .9
427 1634 451 1669 (ι
462 1634 542 1662 Joan.
560 1624 599 1667 1v,
614 1634 642 1667 7,
657 1634 696 1669 8.)
712 1634 747 1662 Et
770 1624 902 1670 ideorpro
917 1624 938 1657 Ο
956 1638 1011 1670 rat,
1028 1636 1072 1664 vel
1087 1624 1221 1672 gloriam,
1237 1635 1291 1663 hoc
1307 1636 1428 1663 minime
1444 1635 1540 1663 laudo.
1559 1635 1590 1663 In
1606 1636 1663 1663 isto
1673 1624 1738 1670 jam
1753 1635 1777 1663 si

71 1678 188 1708 illorum
200 1678 345 1708 ﬁdelitate
357 1677 498 1714 regnique
510 1680 587 1706 statu
603 1680 631 1706 et
646 1687 716 1714 pace
730 1678 815 1707 nobis
826 1680 902 1707 sata-

70 1730 139 1759 gere
148 1723 299 1758 convenit,
316 1723 567 1758 quemadmodum
579 1722 783 1754 sanctissimos
794 1731 902 1759 praesu-

71 1767 123 1802 les,
138 1769 259 1799 nostros
275 1766 424 1803 siquidem
434 1767 734 1803 praedecessores,pro
750 1767 900 1803 religioso-

71 1820 137 1841 rum
153 1811 324 1848 principum
338 1811 474 1840 novimus
485 1811 635 1840 laborasse
650 1812 754 1840 salute.
765 1811 900 1848 Alioquin

73 1856 112 1884 nil
119 1856 313 1887 ultranovum
320 1856 446 1891 adjicere
456 1864 571 1890 censeo,
578 1856 769 1885 nisimaxima
775 1856 901 1885 utilitate

69 1900 112 1928 vel
127 1900 307 1933 necessitate
321 1902 453 1936 cogente,
469 1900 571 1929 sumni
587 1900 734 1936 pontiﬁcis
745 1900 901 1936 sententia,

70 1944 113 1972 vel
119 1945 316 1980 prudentium
326 1943 412 1972 fuerit
418 1944 623 1981 episcoporum
632 1944 825 1973 deliberatum
832 1953 901 1974 con-

71 1988 143 2017 silio.
159 1989 309 2021 Movimus
326 1989 405 2017 enim
422 1989 502 2025 quia,
513 1991 546 2017 ut
558 1989 599 2017 ait
620 1990 759 2018 Dominus
770 1998 822 2025 per
835 1998 902 2025 pro-

71 2033 187 2069 phetam
202 2043 210 2062 :
228 2033 306 2070 Quid
320 2037 358 2061 est
380 2033 438 2068 hoc,
455 2034 527 2070 quod
549 2034 655 2062 vertitis
679 2035 712 2062 in
725 2034 902 2070 proverbium

69 2077 187 2108 dicentes
201 2087 211 2106 :
226 2080 333 2107 Patres
344 2078 520 2106 comederunt
543 2086 610 2107 uvas
635 2078 755 2113 acerbas,
769 2082 796 2107 et
809 2078 901 2107 dentes

70 2121 192 2156 ﬁliorum
211 2123 415 2158 obstupescunt.
434 2123 497 2150 Vivo
513 2130 570 2158 ego,
586 2122 655 2155 dicit
678 2124 819 2157 Dominus,
836 2124 901 2159 quia

70 2173 123 2194 non
138 2167 192 2195 crit
206 2167 287 2195 ultra
314 2166 364 2195 hoc
382 2167 560 2203 proverbium
572 2167 603 2194 in.
626 2167 713 2195 Israel
728 2177 738 2195 :
753 2170 783 2195 ut
806 2169 901 2195 anima

67 2212 164 2246 patris,
175 2212 220 2239 ita
235 2213 261 2239 et
273 2211 372 2239 anima
382 2211 438 2246 ﬁlii
446 2219 508 2239 mea
517 2213 557 2239 est
567 2211 675 2247 (Ezech.
686 2220 767 2245 xvm,
777 2212 816 2247 2).
832 2212 899 2239 Ani-

68 2263 180 2291 maquz
192 2256 368 2292 peccaverit,
385 2256 446 2292 ipsa
455 2256 598 2283 morietur.
613 2256 700 2284 Filius
715 2264 770 2284 non
783 2257 901 2292 portabit

954 1680 1075 1714 venerit,
1088 1688 1188 1708 revera
1199 1679 1398 1715 triplicabitur
1411 1679 1676 1715 homicidium,nec
1691 1679 1778 1707 alieni

955 1726 1042 1752 erunt
1057 1733 1073 1752 a
1084 1723 1206 1751 crimine
1215 1726 1277 1751 tam
1291 1724 1354 1759 ipse
1363 1723 1413 1759 qni
1425 1723 1616 1751 homicidium
1630 1726 1778 1759 perpetra-

955 1768 1038 1802 verit,
1055 1776 1143 1804 quam
1158 1767 1206 1796 ille
1221 1768 1271 1804 qui
1287 1768 1436 1796 hominem
1452 1768 1508 1795 sub
1522 1767 1572 1795 tali
1588 1768 1779 1795 conventione

955 1812 1085 1845 tradidit,
1101 1821 1153 1840 seu
1169 1814 1198 1840 et
1211 1812 1285 1848 ipse,
1296 1813 1345 1849 qui
1362 1813 1416 1840 hoc
1433 1813 1468 1840 de
1483 1820 1514 1840 se
1529 1812 1592 1840 ﬁeri
1607 1812 1778 1848 permisit,si

956 1858 992 1886 ad
1007 1857 1217 1893 intelligihilem
1229 1857 1293 1892 jam
1309 1857 1438 1893 pervenit
1448 1859 1573 1885 aetatem.
1582 1857 1655 1885 Nam
1667 1857 1702 1885 de
1714 1865 1777 1893 par-

956 1902 1031 1930 vulis
1045 1902 1115 1937 quid
1131 1902 1210 1930 aliud
1221 1901 1377 1930 dicendum
1390 1902 1504 1936 est,nisi
1520 1902 1597 1938 quod
1608 1903 1777 1930 innocentes

956 1950 1089 1983 pereunt,
1106 1949 1134 1974 et
1153 1946 1285 1974 insontes
1309 1947 1460 1974 existunt?
1477 1946 1551 1974 Audi
1567 1947 1638 1983 quid
1662 1947 1697 1974 de
1713 1946 1776 1982 ipso

957 1991 1078 2019 Domino
1091 1992 1188 2019 actum
1197 1991 1386 2018 sit.Vinctum
1399 1991 1483 2019 illum
1491 1991 1582 2019 Judaei
1595 1991 1685 2019 Pilato
1694 1991 1778 2018 obtu-

955 2035 1062 2069 lerunt,
1078 2037 1112 2063 ut
1135 2035 1363 2071 cruciﬁgeretur,
1385 2036 1514 2063 dicentes
1530 2044 1536 2063 :
1555 2036 1690 2070 Cruci/iga
1703 2044 1776 2063 eum.

954 2082 1009 2109 Nos
1024 2080 1110 2114 legem
1124 2079 1264 2113 habemus,
1280 2081 1307 2106 et
1329 2079 1479 2107 secundum
1506 2080 1592 2115 legem
1615 2080 1692 2107 debet
1705 2081 1778 2107 mori

954 2125 1045 2160 (Joan.
1061 2133 1119 2159 χιι,
1133 2124 1172 2159 7).
1189 2124 1224 2151 Et
1237 2123 1343 2151 iterum
1363 2132 1369 2151 :
1383 2124 1506 2158 Sanguis
1519 2125 1580 2159 ejus
1593 2132 1677 2157 super
1690 2131 1739 2151 nos
1753 2127 1779 2151 et

955 2177 1037 2205 super
1050 2169 1121 2203 ﬁlios
1141 2172 1245 2195 nostros
1264 2167 1369 2202 (Matth.
1394 2175 1481 2201 xxvn,
1501 2167 1557 2201 23).
1573 2168 1626 2195 Sed
1643 2167 1777 2202 quamvis

954 2214 1017 2250 ipse
1028 2213 1132 2241 dixerit
1143 2220 1150 2241 :
1162 2212 1275 2240 Mundus
1281 2220 1364 2239 suma
1374 2213 1510 2247 sanguine
1519 2211 1600 2247 hujus
1607 2211 1697 2245 (Ibid.,
1708 2211 1753 2246 24)
1769 2224 1775 2245 ;

955 2260 988 2286 ut
1002 2257 1137 2294 quamvis
1148 2265 1253 2284 manus
1265 2256 1375 2290 laverit,
1386 2258 1483 2284 tamen
1499 2256 1568 2292 quia
1583 2255 1777 2283 homicidium

70 2300 246 2336 iniquitatem
259 2301 356 2336 patris
369 2304 394 2328 et
415 2304 497 2336 pater
512 2308 567 2328 non
579 2300 703 2336 portabit
725 2301 900 2336 iniquitatem
916 2310 940 2343 D
954 2302 1087 2338 improbe
1109 2301 1293 2337 perpetravit,
1311 2301 1478 2329 nullatenus
1493 2300 1598 2338 poterit
1623 2309 1640 2327 a
1654 2299 1777 2328 crimine

69 2344 124 2379 ﬁlii
137 2345 232 2380 (Ibid.,
243 2345 307 2379 20).
319 2344 391 2377 Quis
409 2353 477 2381 ergo
488 2344 644 2381 religiosus
659 2347 759 2373 contra
774 2345 902 2374 Domini-

71 2396 131 2416 cam
146 2389 332 2418 sententiam
348 2388 443 2417 dicere
459 2389 574 2424 audeat,
592 2389 669 2425 quod
685 2389 791 2426 aliquis
807 2390 902 2419 ﬁdelis

69 2440 118 2468 pro
133 2434 231 2470 patris
247 2434 410 2462 damnetur
433 2433 596 2469 iniquitate,
613 2436 664 2462 aut
687 2442 739 2469 pro
754 2434 817 2469 ﬁlii,
833 2443 901 2463 cum

69 2477 167 2506 audiat
177 2478 283 2514 ipsum
299 2477 456 2505 Dominum
469 2478 615 2506 dicentem
627 2487 634 2506 :
645 2479 735 2507 Filius
748 2487 803 2507 non
811 2482 902 2515 porta-

70 2521 106 2549 bit
119 2523 307 2559 iniquitatem
319 2523 420 2558 patris,
432 2530 482 2550 nec
494 2524 573 2558 pater
585 2522 643 2558 ﬁlii
652 2525 664 2549 ν
674 2523 814 2555 Quamvis
822 2524 903 2553 enim

69 2565 142 2595 ﬁliia
151 2567 334 2604 parentibus
345 2574 451 2594 noxam
462 2567 549 2603 primi
559 2567 688 2595 hominis
694 2567 901 2600 trahant,sacri

68 2610 155 2640 fontis
168 2612 356 2649 baptismate
366 2611 550 2647 expiandum,
565 2614 662 2640 tamen
674 2611 785 2647 aliquid
800 2614 901 2647 postea

68 2657 175 2690 peccati
189 2658 335 2694 parentes
349 2655 523 2692 admittunt,
538 2656 586 2684 ubi
602 2656 654 2684 ﬁlii
670 2656 826 2693 participes
841 2665 900 2685 non

68 2702 147 2735 sunt,
163 2701 200 2729 ad
216 2709 270 2730 eos
286 2708 346 2728 non
363 2699 509 2736 pertinere
519 2702 587 2737 quis
601 2700 749 2736 ambigit?
764 2700 819 2728 Sed
835 2703 863 2728 et
874 2701 899 2729 si

69 2743 129 2772 ﬁeri
140 2746 230 2774 etiam
242 2747 357 2782 potest,
368 2746 404 2772 ut
413 2746 509 2780 patres
519 2745 675 2774 comedunt
687 2753 757 2773 uvas
768 2745 898 2781 acerbas,

70 2789 96 2815 et
105 2789 207 2818 dentes
218 2790 354 2818 ﬁliorum
361 2788 666 2824 obtupescant,tamen
678 2797 735 2817 non
746 2789 824 2818 inter
833 2798 897 2825 nos,

70 2840 125 2862 non
146 2834 178 2864 in
202 2833 309 2865 Israel.
325 2833 376 2862 Ait
389 2832 468 2862 enim
491 2834 656 2865 Dominus:
677 2835 741 2864 Vivo
764 2841 811 2870 ego
832 2835 900 2870 quia

956 2346 1100 2374 excusari.
1117 2346 1190 2375 Nam
1207 2345 1350 2373 Dominici
1376 2345 1478 2373 effusio
1492 2344 1645 2380 sanguinis
1660 2346 1689 2372 et
1712 2343 1778 2372 illos

957 2390 1125 2425 maculavit,
1141 2392 1169 2418 et
1183 2390 1262 2417 hunc
1277 2390 1306 2417 in
1322 2392 1495 2426 perpetuum
1508 2389 1666 2417 damnavit.
1679 2389 1734 2417 Sed
1750 2391 1779 2417 et

957 2435 1011 2463 hoc
1020 2435 1055 2462 de
1063 2434 1200 2462 omnibus
1207 2434 1411 2462 innocentibus
1418 2435 1453 2462 ad
1462 2442 1577 2471 poenam
1588 2434 1703 2462 traditis
1714 2441 1779 2462 sen-

955 2479 1089 2507 tiendum
1104 2482 1158 2507 est.
1174 2479 1298 2511 Quidam
1315 2487 1366 2515 pro
1381 2480 1528 2515 angustia,
1540 2482 1572 2506 ut
1581 2487 1612 2507 se
1627 2479 1663 2507 ab
1678 2479 1777 2514 aliquo

954 2523 1079 2553 liberare
1094 2523 1220 2559 possint,
1237 2523 1360 2551 alterum
1385 2526 1546 2559 opponunt,
1562 2523 1606 2551 vel
1622 2524 1709 2551 etiam
1725 2531 1777 2558 pro

955 2568 1109 2596 commodo
1124 2570 1157 2595 ut
1169 2576 1221 2604 pro
1236 2567 1287 2596 tali
1308 2567 1474 2595 adulatione
1489 2568 1576 2596 ditari
1592 2567 1684 2595 vitant
1698 2566 1777 2594 vide-

955 2614 1052 2640 antur.
1069 2612 1192 2645 Quidam
1214 2620 1281 2639 vero
1304 2612 1428 2639 nimium
1447 2612 1476 2639 in
1492 2620 1523 2640 se
1539 2612 1728 2645 conﬁdentes,
1744 2619 1779 2639 ea

954 2656 1074 2692 quidem
1089 2655 1341 2692 promittunt,quaa
1358 2664 1416 2683 sua:
1430 2664 1486 2683 non
1504 2658 1572 2683 sunt
1583 2655 1779 2692 potestatis,et

954 2709 1006 2737 pro
1019 2700 1071 2728 tali
1082 2699 1291 2736 pollicitatione
1308 2700 1425 2727 obsides
1436 2703 1650 2736 ponunt,quam
1661 2700 1720 2728 illis
1731 2700 1778 2728 vix

954 2743 1113 2779 adimplere
1128 2743 1318 2779 permittitur.
1331 2744 1400 2775 Quis
1415 2745 1492 2771 enim
1504 2745 1538 2772 de
1553 2752 1585 2771 se
1599 2752 1777 2780 praesumere

953 2789 1069 2822 audeat,
1084 2787 1129 2816 vel
1143 2795 1210 2823 quis
1234 2787 1269 2815 de
1293 2795 1324 2815 se
1340 2789 1445 2823 poterit
1459 2796 1523 2816 esse
1547 2796 1667 2816 securus
1677 2788 1691 2815 ?
1705 2788 1776 2821 Quis

953 2832 1116 2870 promptior
1126 2833 1161 2862 de
1173 2831 1298 2867 alicujus
1306 2839 1437 2868 unquam
1446 2832 1551 2868 poterit
1562 2840 1627 2860 esse
1637 2831 1776 2860 ﬁdelitate
