3956 6230
323 399 439 463 123

1341 399 1682 462 ATTONIS
1727 399 2315 466 VERCELLENSIS
2360 401 2712 465 EPlSCOPI

3620 403 3782 463 12l-

309 535 482 591 beato
507 538 700 602 Petro,
731 534 833 606 qui
881 533 963 590 ait
991 534 1061 590 ad
1091 533 1401 590 Dominum
1437 551 1450 588 :
1485 535 1550 589 Et
1579 535 1630 589 si
1657 536 1960 606 oportuerit
1990 536 2045 602 Α
2073 535 2374 599 Quomodo
2403 535 2558 592 enim
2593 552 2695 607 pro
2717 549 2779 591 se
2809 534 2956 592 alios
2986 533 3238 606 objicere
3272 531 3532 608 periculo
3563 539 3743 606 pote-

317 641 407 680 me
434 626 580 680 mori
605 632 800 690 tecum,
833 641 943 680 non
973 626 1023 680 te
1052 624 1252 694 negabo
1273 623 1300 676 ?
1329 623 1537 692 (Matth.
1571 641 1724 688 xxvx,
1756 624 1870 693 35.)
1904 624 1969 679 Et

316 719 518 770 tamen
543 714 787 770 Domino
808 713 1177 785 praedicente,
1201 718 1516 785 antequam
1548 713 1739 785 gallus
1762 717 1966 768 canta-

317 807 423 871 ret,
458 807 548 858 ter
575 820 712 858 eum
740 802 990 875 negavit.
1023 801 1286 858 Christus
1307 802 1462 857 enim
1483 806 1545 856 ut
1575 803 1728 857 Deus
1761 818 1968 873 cogno-

316 893 400 948 vit
431 892 582 947 Petri
607 893 1014 965 fragilitatem;
1048 891 1256 946 Petrus
1272 895 1466 946 autem
1498 891 1828 946 considerat
1848 907 1966 945 suae

326 982 462 1037 ﬁdei
496 983 780 1037 ardorem.
811 981 969 1044 Quod
1019 984 1214 1035 autem
1269 979 1548 1035 Dominus
1599 979 1744 1035 dicit
1775 977 1968 1050 praevi-

322 1071 533 1136 dendo,
556 1071 664 1126 iste
695 1071 940 1141 denegat
971 1070 1246 1124 amando.
1269 1068 1373 1124 Ubi
1403 1067 1701 1123 moraliter
1729 1067 1970 1122 instrui-

317 1176 470 1228 mur,
503 1165 566 1214 ut
593 1163 878 1230 quantum
909 1159 1264 1214 conﬁdimus
1314 1158 1384 1213 de
1416 1159 1620 1212 ardore
1650 1156 1806 1222 fidei,
1838 1161 1968 1210 tan-

308 1252 432 1304 tum
468 1247 778 1303 timeamus
799 1248 870 1303 de
892 1247 1089 1302 carnis
1111 1245 1669 1318 fragilitate,quia,si
1695 1249 1962 1300 nostrum

310 1335 387 1391 sit
416 1335 582 1405 velle,
616 1336 713 1392 Dei
746 1341 944 1391 autem
971 1340 1061 1390 est
1090 1336 1388 1406 perlicere.
1408 1333 1607 1405 Neque
1632 1349 1738 1388 nos
1769 1348 1970 1388 secun-

309 1425 450 1479 dum
484 1425 721 1480 beatum
757 1423 1154 1495 Augustinum
1207 1423 1288 1494 (in
1317 1426 1479 1478 Joan.
1507 1424 1676 1476 tract.
1708 1421 1800 1490 66)
1832 1436 1967 1476 cum

311 1513 427 1569 ista
455 1513 732 1583 dicimus,
767 1515 1026 1584 primum
1045 1511 1441 1583 apostolorum
1476 1526 1750 1566 accusare
1781 1509 1964 1565 delec-

313 1605 420 1669 tat,
455 1602 556 1656 sed
588 1600 744 1656 hunc
794 1601 1078 1656 intuendo
1130 1600 1430 1655 admoneri
1463 1616 1570 1654 nos
1616 1603 1864 1670 oportet,
1899 1614 1971 1653 ne

314 1689 493 1745 homo
519 1690 835 1761 quisquam
864 1691 935 1744 de
965 1689 1241 1745 humanis
1265 1689 1492 1743 viribus
1522 1688 1800 1743 conﬁdat.
1823 1687 1968 1742 Nam

317 1777 459 1850 quid
507 1777 666 1833 aliud
717 1778 998 1850 pertinuit
1027 1778 1099 1833 ad
1149 1778 1444 1833 doctorem
1493 1777 1970 1848 Salvatoremque

314 1867 728 1934 nostrum,nisi
750 1871 814 1922 ut
843 1867 1011 1923 nobis
1028 1882 1402 1938 nequaquam
1420 1866 1490 1921 de
1522 1882 1584 1920 so
1610 1881 1966 1936 quemquam
1999 1903 2047 1967 B

323 1956 534 2012 debere
567 1971 914 2028 praesumere
954 1956 1014 2010 in
1060 1955 1187 2027 ipso
1218 1955 1408 2026 primo
1438 1953 1836 2026 apostolorum
1868 1955 1969 2010 dc-

321 2048 675 2100 monstraret
685 2043 946 2116 exemplo
959 2043 986 2098 ?
1001 2043 1062 2098 In
1086 2043 1283 2098 anima
1300 2043 1498 2114 itaque
1527 2043 1772 2114 contigit
1789 2043 1966 2110 Petri,

319 2134 476 2203 quod
497 2132 843 2188 oﬂ'erebatin
861 2149 1119 2204 corpore.
1144 2130 1242 2187 Ille
1255 2131 1412 2186 enim
1437 2135 1683 2187 mortem
1707 2132 1969 2203 corporis

321 2220 618 2290 offerebat,
650 2220 750 2276 sed
783 2225 1031 2276 mortem
1081 2221 1290 2276 animae
1321 2219 1569 2274 incurrit
1601 2238 1615 2277 :
1649 2220 1789 2291 quia
1817 2219 1971 2275 sicut

311 2307 500 2364 vivere
528 2313 618 2364 est
661 2309 925 2365 confiteri
975 2309 1297 2375 Christum,
1331 2309 1415 2364 sic
1461 2313 1518 2364 et
1548 2309 1696 2364 mori
1748 2314 1838 2364 est
1868 2325 1967 2364 ne-

311 2413 450 2471 gare
480 2414 637 2453 eum.
655 2399 804 2463 Quid
823 2403 881 2453 et
910 2399 1119 2454 beatus
1149 2397 1408 2453 Thomas
1429 2398 1642 2453 dixerit
1666 2398 1964 2453 novimus:

314 2488 518 2542 Eamus
548 2495 603 2543 et
629 2503 726 2542 nos
753 2495 804 2542 et
848 2490 1156 2543 moriamur
1194 2503 1318 2542 cum
1347 2503 1410 2542 eo
1428 2504 1449 2548 ,·
1479 2489 1742 2543 similiter
1787 2491 1971 2543 autem

315 2581 370 2632 et
399 2578 591 2632 σιτίον-ἰ
618 2592 804 2632 omnes
849 2578 1114 2632 dixerunt
1160 2577 1340 2648 (Joan.
1375 2593 1450 2646 ιι,
1485 2577 1574 2647 16)
1607 2595 1619 2644 ;
1665 2580 1724 2631 et
1771 2581 1968 2632 tamen

319 2681 511 2721 omne:
538 2666 730 2722 relicto
758 2682 819 2722 eo
847 2669 1115 2739 fugerunt
1145 2665 1355 2738 (Matth.
1386 2682 1560 2732 xxvn,
1589 2666 1701 2736 59).

392 2755 462 2808 Et
492 2758 714 2810 certum
748 2760 836 2810 est
867 2755 1160 2828 apostolos
1191 2771 1256 2810 eo
1272 2756 1397 2826 jam
1430 2758 1688 2826 tempore
1718 2754 1850 2825 plus
1872 2770 1971 2809 eos

320 2841 564 2914 diligere
605 2843 940 2911 Dominum,
975 2861 1152 2915 quam
1202 2860 1303 2900 vos
1334 2859 1535 2899 omnes
1587 2842 1966 2915 propinquos.

319 2932 387 2987 Et
418 2932 548 2988 ideo
580 2932 682 3004 qui
716 2950 819 3004 pro
851 2933 1009 2989 illius
1042 2939 1178 2989 tunc
1211 2950 1324 2989 non
1355 2936 1494 2988 sunt
1533 2933 1741 2988 retenti
1773 2947 1970 2987 amore

319 3037 425 3093 pro
458 3021 638 3077 nullis
669 3023 868 3094 utique
897 3026 1118 3078 starent
1142 3021 1465 3077 obsidibus.
1494 3020 1707 3076 Multos
1737 3035 1969 3092 quoque

322 3109 657 3166 audivimus
684 3114 741 3165 et
760 3111 1015 3167 vidimus
1045 3115 1175 3183 post
1201 3111 1366 3166 datos
1388 3111 1623 3167 obsides
1646 3110 1869 3164 irritam
1894 3109 1971 3164 fe-

323 3199 477 3256 cisse
508 3200 904 3271 sponsionem.
934 3200 1224 3264 Quosdam
1247 3217 1382 3256 vero
1411 3200 1586 3256 etiam
1619 3199 1842 3270 absque
1872 3199 1969 3253 da-

2077 627 2235 690 runt,
2269 624 2366 696 qui
2399 640 2460 680 se
2509 641 2612 695 pro
2657 623 2774 680 illis
2821 641 3112 696 opponere
3159 623 3420 679 debent?
3451 624 3750 695 Legimus

2077 729 2332 785 namque
2364 713 2434 768 de
2455 713 2622 768 beato
2640 712 2883 768 Paulino
2915 711 3355 784 episcopo,quia
3382 729 3518 767 cum
3541 729 3604 768 se
3630 729 3748 784 pro

2075 817 2193 856 uno
2224 805 2453 856 tantum
2483 801 2669 855 vidua:
2703 800 2819 856 filio
2846 801 3187 873 captivitati,
3219 801 3337 856 imo
3370 804 3428 856 et
3458 801 3751 856 servituti

2076 890 2439 955 tradidisset,
2473 889 2689 945 multos
2721 890 2779 944 in
2809 889 2920 946 hoc
2967 889 3249 945 liberasse
3291 889 3572 960 captivos.
3609 889 3750 953 Quo

2076 977 2252 1034 etiam
2286 978 2345 1032 in
2395 979 2546 1034 facto
2596 982 2716 1034 tam
2759 996 2792 1034 a
2840 979 3008 1033 beato
3051 978 3346 1049 Gregorio,
3381 995 3560 1049 quam
3611 983 3676 1033 et
3711 996 3750 1034 a

2078 1065 2284 1122 multis
2314 1066 2445 1122 aliis
2476 1067 2866 1123 sanctissimis
2898 1066 3174 1122 laudatus
3205 1071 3294 1122 est
3324 1067 3618 1122 Patribus.

2147 1155 2340 1211 Unum
2358 1160 2556 1212 tamen
2579 1156 2697 1212 scio
2716 1155 2915 1228 procul
2939 1156 3137 1223 dubio,
3163 1156 3317 1226 quod
3337 1156 3555 1228 ubique
3577 1155 3747 1212 dice-

2077 1248 2196 1312 tur,
2232 1244 2370 1316 quia
2400 1245 2449 1300 si
2481 1244 2624 1300 illud
2659 1245 2791 1302 fldei
2842 1244 3164 1311 vinculum,
3195 1245 3350 1315 quod
3400 1244 3543 1300 olim
3575 1245 3746 1300 inter

2078 1333 2369 1406 principes
2402 1337 2748 1405 nostrosque
2773 1333 2957 1388 valuit
2979 1335 3455 1404 praedecessores,
3482 1333 3743 1390 minime

2078 1423 2233 1494 apud
2269 1439 2375 1477 nos
2396 1421 2618 1477 servari
2649 1422 2922 1489 creditur,
2948 1426 3050 1476 aut
3076 1421 3367 1494 principes
3391 1422 3748 1493 deteriores,

2080 1515 2182 1566 aut
2211 1528 2317 1567 nos
2349 1509 2656 1582 nequiores
2676 1527 2805 1566 esse
2836 1511 3174 1582 probamur.
3201 1509 3347 1574 Quia
3377 1514 3479 1566 aut
3506 1509 3591 1565 illi
3628 1527 3752 1566 sua

2079 1600 2301 1655 saevitia
2329 1601 2472 1654 adeo
2503 1599 2656 1654 exosi
2689 1599 2984 1665 videntur,
3017 1604 3082 1653 ut
3130 1600 3198 1654 ad
3234 1599 3576 1671 popularem
3604 1600 3747 1670 jam

2078 1705 2192 1744 non
2226 1687 2454 1760 possint
2504 1687 2692 1743 redire
2739 1703 3020 1754 amorem,
3054 1692 3148 1742 aut
3179 1704 3286 1743 nos
3337 1688 3479 1742 adeo
3525 1686 3748 1759 perfidi

2079 1776 2470 1850 suspicamur,
2497 1781 2562 1832 ut
2590 1775 2819 1832 nullum
2851 1776 2910 1832 in
2943 1776 3114 1833 nobis
3135 1776 3270 1832 ﬁdei
3296 1776 3476 1832 robur
3502 1776 3748 1831 consis-

2080 1871 2184 1935 tat,
2217 1869 2318 1921 aut
2364 1869 2702 1936 utrumque.
2737 1865 2989 1937 Quisque
3034 1869 3229 1920 tamen
3282 1881 3416 1936 pars
3465 1863 3577 1919 hoc
3610 1878 3740 1918 me-

2080 1954 2268 2010 ruisse
2298 1955 2684 2020 convincitur,
2719 1959 3010 2026 oporteret
3054 1953 3105 2009 ei
3159 1953 3348 2025 magis
3380 1952 3741 2021 subsistere,

2077 2059 2255 2115 quam
2288 2045 2360 2098 ad
2393 2041 2507 2098 tale
2536 2042 2636 2098 diu
2668 2041 2927 2114 protrahi
2957 2043 3229 2112 dedecus,
3259 2042 3416 2113 quod
3451 2041 3630 2096 absit.

2149 2133 2528 2204 Quapropter,
2559 2130 2947 2202 dilectissimi,
2980 2147 3216 2186 oremus
3246 2130 3567 2186 Dominum
3599 2145 3734 2185 om-

2077 2221 2458 2293 nipotentem,
2479 2224 2544 2276 ut
2573 2225 2803 2276 nostros
2833 2219 3291 2292 gloriosissimos
3323 2235 3488 2291 reges
3513 2219 3744 2289 ubique

2078 2315 2399 2379 conservet,
2425 2327 2649 2383 nosque
2680 2309 2796 2364 illis
2821 2309 3168 2366 commissos
3187 2310 3462 2380 dignetur
3484 2308 3736 2374 tueri,in

2077 2400 2352 2455 omnibus
2401 2399 2570 2454 nobis
2621 2398 3068 2455 adversitatibus
3120 2397 3447 2470 propitiari.
3484 2397 3613 2452 Illis
3663 2397 3741 2452 de

2078 2493 2280 2544 nostra
2311 2487 2587 2544 ﬁdelitate
2609 2489 2785 2543 donet
2814 2487 3112 2554 ﬁduciam,
3140 2491 3197 2542 et
3228 2487 3396 2542 nobis
3430 2486 3490 2541 in
3525 2502 3739 2542 eorum

2077 2578 2358 2650 obsequio
2381 2576 2786 2650 perseverandi
2810 2580 3043 2648 praestet
3063 2575 3743 2632 constantiam.Tribuat

2079 2666 2210 2722 illos
2241 2667 2412 2722 nobis
2433 2665 2803 2736 tranquillos,
2823 2682 3046 2738 nosque
3076 2665 3160 2721 eis
3190 2665 3363 2720 faciat
3391 2680 3523 2720 esse
3556 2665 3740 2719 devo-

2078 2759 2188 2810 tos.
2213 2755 2282 2810 Et
2298 2754 2346 2810 si
2370 2753 2701 2827 fragilitatis
2719 2771 2916 2824 causa,
2941 2759 3040 2809 aut
3067 2753 3180 2825 ipsi
3204 2754 3263 2808 in
3283 2753 3476 2820 nobis,
3502 2757 3611 2808 aut
3627 2769 3742 2809 nos

2079 2848 2279 2900 contra
2308 2843 2438 2899 illos
2471 2843 2695 2915 aliquid
2731 2843 2998 2914 iniquum
3029 2842 3461 2910 commisimus,
3486 2842 3574 2897 sic
3605 2843 3740 2912 ejus

2078 2933 2387 2990 clementia
2417 2932 2698 2998 deleatur,
2733 2936 2797 2987 ut
2819 2932 2979 2988 nulla
2999 2933 3125 3003 jam
3158 2931 3215 2986 in
3230 2936 3552 3004 posterum
3587 2930 3740 2985 ultio

2077 3021 2282 3078 exinde
2313 3026 2688 3094 praeparetur.
2705 3021 3084 3077 Dimittamus
3103 3021 3318 3091 debita,
3339 3023 3405 3075 ut
3425 3019 3739 3076 dimittan-

2076 3115 2194 3177 tur,
2228 3127 2340 3166 non
2371 3111 2737 3166 vindicamus
2770 3110 2988 3176 omnia,
3013 3127 3085 3166 ne
3116 3110 3314 3166 omnia
3333 3109 3738 3165 vindicentur.

2079 3200 2203 3256 Non
2237 3199 2603 3255 vindicentur
2632 3200 2887 3256 maxima
2919 3216 3021 3272 pro
3049 3198 3439 3266 minimis,sed
3465 3203 3745 3254 servetur

325 3287 404 3345 tis
437 3287 742 3344 obsidibus
763 3305 949 3361 usque
975 3291 1046 3345 ab
1079 3293 1325 3345 mortem
1349 3289 1524 3344 ﬁdem
1555 3304 1836 3344 servasse.
1859 3286 1968 3342 Ve-
2001 3272 2043 3337 Ο
2083 3289 2371 3345 modestia
2402 3292 2460 3344 et
2487 3289 2545 3343 in
2574 3289 2822 3361 magnis.
2855 3288 3062 3344 Nullus
3089 3290 3243 3360 quod
3274 3287 3439 3343 alteri
3463 3288 3738 3355 debetur,

325 3382 660 3433 rumtaman
692 3378 741 3434 si
761 3377 894 3434 talis
914 3378 1232 3450 expetenda
1256 3381 1346 3433 est
1374 3376 1672 3449 obligatio,
1693 3393 1726 3432 a
1741 3375 1970 3432 stolidis

321 3471 377 3522 et
407 3467 694 3538 perversis
720 3471 1018 3538 Deumque
1045 3484 1160 3522 non
1192 3466 1536 3522 curantibus
1562 3466 1970 3520 tantummodo

318 3555 605 3627 exigenda
633 3559 744 3612 est.
767 3557 870 3610 Vir
899 3560 1092 3611 autem
1120 3557 1376 3627 prudens
1409 3560 1465 3609 et
1492 3554 1970 3626 catholicus,quaa

323 3659 429 3716 pro
456 3643 551 3698 Dei
573 3644 993 3716 omnipotentis
1015 3644 1222 3701 timore
1234 3661 1472 3716 suaeque
1485 3643 1692 3698 anima;
1716 3643 1970 3714 periculo

327 3749 446 3787 non
480 3732 753 3799 custodit,
787 3750 890 3805 pro
921 3733 1098 3789 nullis
1128 3734 1343 3806 poterit
1386 3749 1616 3788 servare
1645 3732 1969 3787 obsidibus.

329 3820 664 3876 Cavendum
698 3827 788 3876 est
817 3837 952 3893 ergo
983 3821 1091 3877 hoc
1143 3822 1422 3877 omnibus
1468 3819 1838 3885 Christianis,
1871 3821 1970 3876 sed

325 3908 702 3980 pontiﬁcibus
719 3909 879 3964 nullo
897 3911 1068 3966 modo
1091 3910 1317 3965 aestimo
1341 3909 1834 3980 praasumendum.
1859 3908 1973 3964 Sic-

325 4002 391 4052 ut
420 3997 575 4052 enim
629 4003 900 4070 apostatae
947 3999 1246 4069 dicuntur,
1279 3998 1379 4068 qui
1431 4001 1564 4068 post
1613 3997 1972 4068 baptismum

322 4084 534 4140 Christi
568 4090 875 4158 suceptum
931 4103 1140 4142 rursus
1187 4086 1258 4140 ad
1305 4099 1670 4156 paganorum
1720 4082 1888 4148 ritus,
1919 4089 1978 4139 et

328 4173 618 4229 idolorum
636 4180 1056 4232 convertuntur
1071 4174 1387 4239 culturam,
1403 4171 1486 4227 sic
1503 4171 1680 4226 etiam
1702 4176 1978 4242 apostataa

2080 3382 2398 3450 praesumat
2445 3379 2874 3450 concupiscere,
2934 3379 3073 3450 quia
3124 3378 3260 3432 hinc
3304 3376 3496 3432 solent
3537 3376 3744 3449 jurgia

2081 3483 2314 3539 semper
2356 3483 2632 3522 crescere.
2667 3467 2930 3523 Sufficiat
2979 3467 3296 3538 unicuique
3343 3467 3501 3538 quod
3557 3483 3738 3522 suum

2081 3559 2193 3623 est,
2226 3572 2329 3611 nec
2377 3557 2649 3612 invadere
2680 3556 2935 3626 aliquem
2967 3556 3212 3612 delectet
3259 3557 3414 3626 quod
3466 3573 3591 3610 non
3625 3559 3736 3610 est.

2081 3644 2189 3708 Qui
2213 3645 2367 3700 enim
2386 3645 2602 3716 injuste
2623 3647 2837 3716 gaudet
2866 3646 3184 3717 acquirere,
3205 3644 3352 3700 solet
3371 3643 3552 3700 etiam
3578 3645 3738 3716 quod

2073 3735 2234 3804 juste
2249 3737 2406 3790 tenet
2434 3734 2872 3790 amittere.Nam
2896 3734 3026 3789 licet
3037 3733 3307 3806 judicum
3334 3734 3554 3805 poterit
3567 3749 3741 3788 voces

2081 3822 2336 3887 inficere,
2385 3821 2647 3877 divinum
2696 3839 2809 3878 non
2855 3822 3067 3878 valebit
3105 3821 3396 3893 judicium
3449 3822 3738 3894 effugere.

2085 3911 2190 3965 Det
2219 3909 2386 3965 nobis
2416 3908 2701 3966 Dominus
2731 3912 2803 3966 ab
2836 3912 3048 3967 exteris
3099 3927 3322 3983 pacem,
3357 3914 3414 3965 et
3438 3911 3601 3966 inter
3631 3927 3742 3966 nos

2085 4014 2255 4054 suam
2287 3999 2546 4053 conferat
2577 3999 2938 4056 charitatem.
2970 3999 3054 4055 Sit
3097 4016 3283 4055 unum
3315 4015 3414 4054 cor
3439 3999 3740 4064 omnium,

2085 4091 2152 4141 ut
2185 4085 2502 4158 diligamus
2557 4088 2732 4142 Deum
2782 4094 2838 4144 et
2882 4089 3232 4161 proximum.
3288 4089 3471 4160 Digne
3503 4103 3746 4159 semper

2084 4174 2396 4230 laudemus
2438 4173 2773 4243 Dominum,
2807 4182 2866 4233 et
2894 4179 3308 4234 benedicamus
3357 4193 3581 4233 nomen
3615 4178 3746 4248 ejus

333 4264 611 4319 dicuntur
640 4269 697 4320 et
745 4265 1099 4332 sacerdotes,
1133 4262 1233 4334 qui
1282 4259 1598 4317 Ecclesiam
1647 4259 1980 4316 deserentes
2087 4263 2148 4318 in
2179 4261 2482 4318 saeculum.
2515 4265 2719 4319 Amen.

331 4367 663 4422 censuram,
713 4354 786 4410 ad
835 4352 1152 4408 militarem
1203 4365 1265 4406 se
1313 4349 1622 4404 conferunt
1671 4347 1976 4405 actionem.
