3956 6230
86 401 180 464 125

679 398 1095 462 EXPOSITIO
1139 397 1218 460 IN
1264 398 1690 460 EPISTOLAS
1735 397 1992 461 PAULI.
2028 433 2104 441 —
2133 398 2211 458 ΙΝ
2257 397 2506 459 EPIST.
2540 397 2644 458 AD
2691 396 2882 458 ROM.

3373 393 3484 453 126

2535 549 2856 557 _—_—.————————

1407 719 2162 820 ATTONIS

865 962 1934 1050 VERCELLENSIS
2057 961 2724 1047 EPISCOPI

1335 1181 2236 1316 EXPOSITIO

285 1453 2057 1622 EPISTOLABUM
2179 1454 2380 1617 S.
2500 1449 3320 1617 PAULI.

1599 1747 2008 1764 ψ

743 1888 917 1948 lSTE
961 1889 1195 1947 LIBER
1236 1889 1473 1948 PAULI
1521 1888 1867 1947 RETINET
1910 1887 2249 1946 DlCTATA
2294 1888 2523 1946 BEATI

747 1968 1376 2040 TRACTATUSQUE
1423 1969 1658 2029 SIMUL
1705 1967 2045 2028 DISERTO
2093 1965 2441 2028 SIRMA'I‘E
2487 1965 2871 2026 COMPTOS.

1121 2299 1660 2387 EPISTOLA
1722 2301 1864 2383 AD
1928 2297 2501 2385 ROMANOS.

663 2663 1191 2722 ARGUMENTUM.

175 2808 362 2863 Primo
398 2808 844 2863 discutiendum
868 2813 955 2863 est
977 2825 1155 2880 quare
1178 2810 1435 2881 Epistola
1455 2812 1523 2864 ad
1553 2812 1757 2865 Roma-

112 2914 210 2952 nos
239 2898 296 2952 in
328 2897 624 2969 principio
657 2902 927 2968 ponatur,
961 2915 1092 2953 cum
1125 2899 1439 2970 Apostolus
1480 2918 1593 2955 non
1628 2917 1755 2954 eam

111 2987 382 3058 primum,
415 2989 523 3042 sed
557 2990 690 3058 post
722 2987 1006 3057 quasdam
1039 2988 1183 3043 alias
1228 2989 1545 3059 scripserit.
1580 2989 1760 3044 Aiunt

111 3077 260 3131 enim
311 3079 466 3148 quod
519 3077 774 3148 primam
829 3077 1126 3149 scripserit
1159 3079 1229 3132 ad
1263 3078 1550 3134 Hebrreos.
1599 3079 1759 3135 Hanc

111 3166 490 3237 quaestionem
516 3164 785 3220 nonnulli
808 3166 915 3220 hoc
939 3166 1110 3220 modo
1133 3166 1391 3222 solvunt:
1417 3168 1598 3222 Roma
1616 3184 1761 3238 pene

109 3256 283 3311 totius
313 3261 492 3327 caput
524 3259 652 3310 erat
685 3255 912 3326 imperii
939 3273 950 3323 ;
995 3255 1271 3327 quoniam
1324 3257 1572 3312 Romani
1621 3262 1761 3311 tunc

109 3360 248 3416 pene
261 3344 546 3400 omnibus
560 3343 834 3415 gentibus
853 3343 1243 3415 imperabant;
1259 3346 1504 3416 ideoque
1516 3346 1762 3416 dignum

108 3433 235 3500 fuit,
286 3437 371 3500 ut,
419 3435 493 3488 ob
547 3449 746 3487 eorum
811 3434 1186 3489 reverentiam
1240 3434 1497 3504 Epistola
1544 3435 1614 3489 ad
1665 3452 1764 3490 eos

110 3522 326 3594 scripta
358 3522 559 3592 prima
588 3526 917 3592 poneretur.
951 3521 1064 3576 Alii
1090 3540 1242 3591 vero,
1264 3529 1328 3578 ut
1357 3523 1634 3595 Origenes
1671 3542 1762 3579 as-

110 3611 270 3677 serit,
303 3614 728 3680 pertractantes
771 3611 967 3679 ﬁdem,
1027 3617 1085 3666 et
1128 3613 1337 3667 merita
1395 3612 1763 3683 singularum

111 3699 399 3771 gentium,
433 3716 564 3770 quae
595 3700 987 3771 crediderunt,
1035 3706 1088 3755 et
1139 3702 1208 3756 ad
1263 3718 1409 3772 quas
1456 3701 1766 3771 Apostolus

114 3788 318 3843 direxit
357 3787 665 3860 epistolas,
699 3791 1021 3845 secundum
1071 3791 1408 3846 earumdem
1459 3791 1656 3859 ﬁdem,
1711 3796 1767 3844 et

115 3878 318 3933 merita
347 3895 449 3934 eas
480 3878 756 3933 ordinare
787 3879 1182 3934 decreverunt.

182 3984 426 4040 Romani
477 3989 678 4040 autem
731 3986 976 4040 minoris
1025 3991 1191 4041 erant
1239 3987 1373 4042 ﬁdei
1422 3991 1478 4042 et
1525 3986 1764 4042 meriti:

115 4073 378 4129 nonnulli
412 4074 577 4129 enim
609 4091 810 4129 eorum
844 4076 985 4130 adeo
1036 4076 1210 4130 rudes
1240 4081 1423 4146 erant,
1458 4081 1522 4130 ut
1553 4092 1614 4130 se
1645 4092 1766 4130 cre-

113 4164 314 4219 derent
345 4181 462 4219 non
495 4163 603 4218 Dei
633 4165 840 4235 gratia,
874 4165 975 4220 sed
1008 4164 1131 4219 suis
1162 4165 1386 4220 meritis
1417 4181 1544 4220 esse
1582 4164 1766 4219 salva-

112 4255 232 4319 tos;
265 4253 517 4323 ideoque
553 4253 888 4322 Epistolam,
913 4270 1039 4324 quae
1062 4254 1129 4307 ad
1161 4270 1259 4309 eos
1281 4253 1498 4323 scripta
1527 4259 1634 4324 est,
1660 4253 1769 4323 pri-

111 4358 265 4397 mam
298 4347 653 4413 posuerunt.
699 4342 916 4398 Deinde
947 4343 1234 4413 gradatim
1267 4343 1648 4397 ascendentes
1680 4359 1768 4397 se-

113 4432 368 4486 cundum
403 4432 612 4498 fidem,
646 4434 703 4486 et
731 4431 938 4487 merita
968 4432 1376 4505 gentilium,ut
1407 4431 1631 4487 dictum
1661 4435 1769 4500 est,

114 4520 538 4578 ordinaverunt
565 4519 881 4590 Epistolas.

182 4627 324 4683 Hinc
356 4632 469 4698 est,
501 4627 661 4698 quod
696 4626 1013 4698 Epistolam
1057 4627 1128 4682 ad
1179 4626 1448 4681 Hebraeos
1494 4626 1769 4697 scriptam

117 4714 383 4772 ultimam
402 4717 1046 4788 posuerunt,quoniam
1067 4715 1152 4770 illi
1169 4716 1407 4787 majoris
1427 4718 1594 4770 erant
1613 4714 1769 4781 ﬁdei,

116 4805 306 4860 meriti
333 4810 392 4861 et
423 4804 709 4874 scientiae,
739 4806 895 4861 unde
924 4809 981 4860 et
1012 4805 1085 4861 ab
1114 4803 1387 4876 Apostolo
1421 4803 1580 4859 omni
1602 4803 1774 4859 laude

115 4895 532 4965 praeferuntur.
548 4895 680 4964 Sed,
702 4895 841 4966 quia
861 4910 994 4950 cum
1017 4893 1276 4965 Epistola
1296 4893 1616 4966 legitur,ita
1644 4909 1774 4962 pro-

115 4985 371 5039 nuntiari
387 4983 834 5054 soletzEpistola
853 4984 1007 5039 beati
1029 4983 1193 5040 Pauli
1217 4983 1616 5053 apostoli:ipsa
1638 4998 1777 5053 quo-

116 5088 222 5143 que
253 5074 668 5146 pronuntiatio
701 5073 967 5140 sollicite,
1019 5077 1075 5128 et
1126 5072 1368 5129 solerter
1412 5071 1778 5128 discutienda

113 5166 214 5217 est.
247 5164 506 5234 Epistola
537 5162 753 5218 Graece.
787 5162 985 5218 Latine
1006 5162 1219 5218 dicitur
1247 5163 1601 5233 supermissa.
1633 5161 1774 5214 Nam

113 5252 212 5322 Epz'
237 5256 436 5309 Greece
471 5251 677 5308 Latine
709 5251 923 5307 dicitur
951 5267 1136 5323 super,
1165 5253 1304 5307 stola
1334 5255 1528 5307 autem
1552 5251 1726 5304 missa
1759 5267 1776 5302 :

116 5341 197 5395 sic
225 5342 384 5397 enim
411 5339 670 5412 epistola
694 5339 926 5406 dicitur,
960 5341 1112 5396 sicut
1141 5339 1523 5411 epitaphium,
1557 5344 1613 5393 et
1652 5337 1776 5406 epi-

112 5428 470 5485 thalamium
527 5445 540 5483 :

115 5533 290 5588 super
316 5517 592 5574 tumulos
612 5520 976 5573 mortuorum
996 5518 1299 5584 scribitur;
1333 5515 1777 5587 epithalamium

117 5623 270 5676 vero,
302 5609 469 5680 quod
512 5622 692 5677 super
719 5606 951 5674 nuptias
998 5609 1068 5662 ad
1120 5607 1448 5663 thalamum
1499 5604 1775 5662 canitur:

120 5701 272 5772 quod
306 5700 547 5771 primus
596 5695 807 5750 cecinit
850 5695 1116 5756 Salomon
1168 5715 1266 5756 rex
1319 5695 1496 5753 Israel
1545 5695 1603 5751 in
1649 5694 1780 5748 lau-

1779 2668 1835 2734 Α
1865 2668 1996 2722 dem
2030 2667 2227 2735 sponsi
2260 2670 2316 2720 et
2347 2681 2596 2736 sponsm,
2629 2663 2685 2717 id
2719 2666 2830 2731 est,
2858 2658 3072 2716 Christi
3117 2662 3174 2712 et
3220 2654 3508 2711 Ecclesiae.

1865 2757 1976 2811 Sed
2010 2756 2389 2826 quaerendum
2422 2759 2509 2809 est
2541 2769 2720 2823 quare
2749 2758 2865 2804 tam
2901 2749 3099 2816 hujus,
3136 2762 3312 2817 quam
3345 2749 3512 2799 cazte-

1869 2863 2066 2900 rorum
2085 2843 2480 2914 apostolorum
2507 2843 2721 2912 scripta
2742 2838 2978 2911 speciali
3003 2837 3258 2908 quodam
3280 2833 3514 2889 nomine

1869 2935 2124 3006 epistolae
2156 2938 2456 2989 vocantur.
2484 2934 2548 2986 Et
2574 2936 2706 3002 apte
2737 2929 2972 3000 quidem
2998 2925 3306 2997 :quoniam
3341 2940 3516 2993 super

1870 3024 2078 3094 legem,
2111 3028 2167 3077 et
2198 3022 2532 3094 prOphetas,
2575 3036 2677 3074 nec
2722 3035 2836 3073 non
2887 3033 3062 3087 super
3109 3014 3358 3087 gratiam
3391 3013 3518 3082 ejus

1871 3113 2087 3177 addita,
2121 3117 2177 3165 et
2209 3113 2389 3166 missa
2438 3115 2575 3164 sunt
2622 3109 2692 3162 ad
2746 3107 3062 3162 resecanda
3103 3104 3261 3164 vitia,
3293 3119 3419 3172 quae
3453 3119 3520 3155 ex

1870 3200 2335 3271 transgressione
2369 3196 2660 3268 Evangelii
2714 3195 2934 3250 noviter
2981 3193 3336 3247 oriebantur.
3372 3190 3516 3244 Nam

1873 3307 1989 3361 qua
2019 3289 2339 3343 intentione
2364 3292 2493 3358 post
2522 3289 2817 3355 acceptam
2843 3284 3029 3354 legem
3054 3280 3344 3352 prephetea
3368 3279 3517 3332 dirc-

1874 3379 1946 3433 cti
1990 3382 2154 3444 sunt;
2189 3376 2413 3431 scilicet
2445 3380 2508 3428 ut
2535 3389 2734 3428 eorum
2784 3369 3075 3425 vaticiniis
3128 3370 3521 3422 resecarentur

1873 3467 2012 3521 vitia
2065 3483 2131 3520 ex
2183 3465 2328 3534 legis
2380 3461 2845 3533 transgressione
2893 3463 3018 3512 orta
3064 3455 3334 3520 :eadcm,
3389 3458 3521 3523 post

1876 3559 2168 3624 acceptam
2204 3551 2492 3622 Evangelii
2528 3549 2774 3620 gratiam
2806 3547 3032 3600 directa:
3065 3549 3204 3598 sunt
3240 3541 3516 3613 epistolae,

1876 3649 1940 3698 ut
1970 3659 2168 3698 earum
2209 3639 2538 3705 sententiis,
2587 3644 2761 3709 atque
2810 3637 3109 3707 praeceptis
3153 3631 3524 3702 expiarentur

1874 3732 2032 3800 vitia,
2065 3749 2193 3802 qua}
2219 3747 2286 3785 ex
2316 3729 2460 3801 legis
2491 3727 2957 3799 transgressione
2987 3719 3517 3778 nascebantur.No-

1875 3823 2120 3878 tandum
2157 3824 2371 3885 autem,
2392 3818 2530 3889 quia
2561 3816 2801 3890 pulchre
2830 3813 3141 3886 Apostolus
3171 3812 3367 3865 decem
3392 3815 3520 3862 tan-

1876 3915 2001 3964 tum
2033 3908 2306 3964 Ecclesiis
2337 3907 2545 3961 direxit
2575 3905 2870 3976 epistolas.
2905 3904 3050 3958 Nam
3073 3905 3323 3972 quatuor
3345 3897 3519 3952 disci-

1878 3999 2034 4071 pulis
2057 3998 2246 4053 misit:
2270 4002 2332 4050 ut
2355 3997 2502 4050 sicut
2523 3994 2625 4048 ﬁlii
2645 3992 2820 4050 Israel
2845 3991 3069 4047 liberati
3095 3991 3166 4044 ab
3189 3986 3522 4059 AZgyptiaca

1878 4088 2156 4144 servitute
2186 4089 2557 4140 transeuntes
2593 4099 2749 4138 mare
2782 4083 3139 4146 Rubrum,et
3168 4077 3416 4147 suscepti
3447 4075 3520 4128 ab

1879 4193 2072 4232 eremo
2101 4176 2298 4229 decem
2329 4174 2502 4227 verba
2531 4171 2675 4241 legis
2708 4172 3074 4239 acceperunt,
3101 4167 3314 4237 quibus
3341 4165 3410 4217 ad
3436 4181 3523 4218 sa-

1877 4265 2062 4320 lutem
2086 4264 2541 4325 instruerentur;
2575 4259 2653 4312 ita
2675 4258 2790 4312 veri
2816 4254 3176 4316 Israelitzedd
3208 4251 3523 4320 est,ﬁdeles

1878 4353 2104 4408 liberati
2139 4352 2211 4405 ab
2241 4348 2592 4422 Egyptiaca,
2625 4347 2680 4401 id
2713 4350 2802 4401 est
2850 4345 3180 4398 daemonum
3223 4339 3522 4410 servitute,

1881 4447 1936 4498 et
1966 4445 2339 4496 transeuntes
2370 4454 2531 4493 mare
2561 4435 2858 4506 baptismi,
2888 4431 3042 4504 quod
3078 4430 3206 4485 ideo
3257 4429 3521 4482 Rubrum

1881 4530 2114 4594 dicitur,
2149 4528 2285 4600 quia
2314 4528 2599 4598 sanguine
2627 4523 2858 4580 Domini
2889 4527 2977 4578 est
3006 4518 3386 4583 rubricatum,
3423 4533 3522 4571 su-

1881 4619 2183 4691 sceptique
2213 4618 2284 4672 ab
2315 4631 2508 4672 eremo
2539 4613 2842 4686 praesentis
2863 4610 3122 4668 Ecclesiae
3141 4609 3340 4663 decem
3363 4606 3527 4676 Epis-

1881 4709 2134 4765 tolarum
2151 4706 2458 4762 sententiis
2471 4705 2926 4760 intormarentur
2942 4701 3013 4757 ad
3026 4700 3205 4755 vitam
3225 4700 3498 4752 aeternam
3511 4737 3524 4761 ,

1883 4807 1940 4855 et
1970 4798 2218 4854 salutem
2250 4800 2610 4868 perpetuam.
2664 4797 2810 4864 Apte
2857 4793 3033 4847 etiam
3083 4785 3526 4860 quatuordecim

1886 4888 2121 4959 scripsit
2155 4904 2167 4942 :
2202 4903 2337 4941 nam
2366 4885 2519 4941 sicut
2549 4882 2784 4939 denario
2815 4879 3155 4952 Decalogus,
3184 4877 3267 4931 ita
3295 4878 3530 4947 quater-

1885 4976 2049 5032 nario
2079 4976 2342 5031 doctrina
2370 4973 2663 5045 Evangelii
2695 4971 3054 5043 designatur.
3079 4964 3527 5032 Quatuordecim

1886 5083 2021 5138 ergo
2053 5064 2342 5137 Epistolas
2374 5063 2610 5134 scripsit
2659 5059 2993 5132 Apostolus,
3027 5062 3092 5113 ut
3129 5057 3254 5128 ipso
3286 5069 3528 5109 numero

1888 5154 2256 5210 concordiam
2288 5153 2517 5225 1egis,et
2541 5151 2740 5223 gratia:
2760 5151 3205 5212 demonstraret,
3230 5158 3409 5215 seque
3441 5142 3529 5195 ni-

1887 5243 2208 5299 hilominus
2236 5242 2500 5312 ejusdem
2532 5240 2697 5311 legis,
2726 5243 2782 5292 et
2810 5237 3009 5309 gratiaa
3043 5230 3533 5305 impletorem,do-

1890 5337 2129 5399 ctorem,
2159 5334 2216 5386 et
2245 5331 2651 5400 expositorem.
2684 5329 2897 5383 Beatus
2929 5325 3161 5390 dicitur,
3187 5320 3355 5392 quasi
3385 5320 3532 5374 bene

594 5428 954 5500 epitaphium
1003 5445 1259 5502 namque
1306 5445 1562 5495 carmen,
1618 5426 1769 5498 quod
1804 5413 1846 5480 C
1885 5427 2079 5494 aptus,
2110 5419 2197 5474 vel
2226 5419 2374 5473 bene
2425 5422 2659 5482 auctus;
2693 5421 2750 5472 et
2779 5431 2978 5470 revera
3022 5411 3116 5467 ille
3165 5411 3371 5502 beatus
3422 5412 3530 5502 est,

1889 5509 1989 5580 qui
2021 5512 2177 5562 caret
2198 5506 2473 5562 omnibus
2491 5505 2743 5568 malis,et
2760 5502 3019 5558 abundat
3040 5498 3314 5555 omnibus
3338 5498 3530 5553 bonis.

1888 5594 2202 5668 Apostolus
2235 5595 2432 5665 itaque
2477 5607 2607 5645 vere
2659 5592 2863 5644 beatus
2910 5593 3051 5651 erat,
3085 5585 3365 5655 quoniam
3396 5589 3455 5640 et
3487 5583 3533 5637 si

1890 5685 2309 5757 temporalibus
2339 5681 2702 5740 afﬁciebatur
2731 5677 3009 5745 adversis,
3037 5680 3233 5731 tamen
3254 5673 3531 5744 spiritua-
