3956 6230
419 411 540 472 127

1431 417 1768 482 ATTONIS
1813 380 2403 481 vnaanLsums
2447 417 2804 482 EPISGOPI

3723 419 3867 483 128

417 543 574 602 libus
587 545 917 617 replebatur
934 547 1490 621 honis(64').Paulus
1511 552 1746 610 Hebraeo
1770 569 2059 620 sermone,
2090 555 2146 620 Α
2248 553 2315 608 Et
2345 553 2482 625 quia
2505 553 2801 624 praefatam
2826 512 3038 608 Urbem
3056 556 3302 625 uterque
3324 551 3577 625 populus
3599 552 3865 611 habita-

423 635 622 692 Latine
649 636 865 692 dicitur
889 637 1264 707 admirabilis,
1286 640 1405 695 sive
1426 643 1728 699 electus.Et
1757 649 1886 714 apte
1919 661 2062 714 quo-

422 724 557 780 dam
590 726 868 797 przesagio
899 727 1262 783 admirabilis
1292 728 1483 785 dictus
1511 737 1618 798 est,
1653 733 1931 802 quoniam
1977 732 2065 787 in-

424 813 644 882 cipiens
673 816 745 870 ab
775 815 1151 888 Jerosolymis
1180 832 1282 888 per
1311 818 1576 889 singulas
1608 821 2066 892 circumquaque

422 903 689 974 regiones
719 921 902 974 usque
931 905 1001 959 ad
1039 904 1328 973 Illyricum
1361 907 1706 962 mirabiliter
1735 910 2067 979 przedicavit

425 991 798 1063 Evangelium
825 1010 838 1047 :
863 993 981 1047 sive
1011 994 1144 1062 quia
1170 994 1354 1050 multa
1387 996 1735 1062 miranda,id
1771 1002 1858 1053 est
1875 1000 2061 1069 signa,

425 1084 476 1134 et
510 1080 771 1152 prodigia
803 1081 1188 1138 fecit.Electus
1210 1089 1404 1138 autem
1429 1085 1555 1141 ideo
1583 1085 1774 1142 dictus
1795 1092 1902 1154 est,
1928 1105 2067 1159 quo-

425 1169 582 1224 niam
607 1169 824 1224 electus
838 1175 970 1225 esta
986 1173 1227 1228 Domino
1245 1175 1314 1227 ad
1337 1175 1765 1245 praedicationis
1785 1177 2065 1232 ofﬁcium.

423 1257 584 1313 Unde
616 1259 736 1326 ipse
765 1259 900 1313 alibi
934 1259 1074 1314 dicit
1104 1279 1116 1316 :
1149 1262 1301 1316 Sicut
1331 1265 1496 1332 elegit
1538 1281 1634 1319 nos
1683 1267 1744 1320 in
1792 1269 1906 1336 ipso
1945 1276 2072 1322 ante

421 1348 621 1402 mundi
646 1351 1086 1404 constitutionem
1119 1352 1377 1422 (Ephes.1,
1401 1354 1475 1422 4).
1506 1353 1647 1408 llinc
1670 1359 1724 1409 et
1747 1354 1803 1408 in
1827 1356 2070 1410 Actibus

424 1435 826 1507 apostolorum
859 1437 1111 1507 Spiritus
1145 1446 1390 1496 sanctus
1419 1441 1698 1514 loquitur,
1723 1444 1957 1500 dicens:
1983 1445 2074 1500 Se-

424 1530 647 1594 gregate
675 1527 816 1580 mihi
845 1527 1161 1583 Barnabam
1189 1537 1241 1584 et
1280 1531 1538 1600 Paul-um,
1573 1532 1628 1586 in
1661 1548 1794 1604 opus
1836 1533 1904 1588 ad
1933 1534 2075 1604 quod

426 1614 568 1682 elegi
596 1629 683 1668 eos
713 1615 845 1681 (Act.
878 1633 1002 1686 x111,
1029 1617 1104 1688 2).
1139 1617 1351 1674 Paulus
1381 1636 1512 1675 vero
1544 1620 1601 1674 in
1638 1621 1842 1677 Latino
1860 1639 2075 1677 sermo-

429 1718 501 1757 ne
533 1719 566 1756 a
595 1703 825 1758 modico
850 1703 1042 1759 dictus
1063 1709 1177 1761 est:
1199 1712 1286 1762 est
1306 1709 1461 1762 enim
1485 1725 1676 1764 sermo
1698 1710 2072 1777 humilitatis;

430 1792 586 1846 unde
617 1792 823 1847 beatus
853 1795 1215 1865 Augustinus
1241 1796 1382 1851 dicit
1415 1813 1426 1850 :
1464 1797 1642 1853 Usum
1678 1799 1884 1854 Latinzn
1909 1799 2074 1855 locu-

429 1879 608 1979 tionis
639 1881 958 1988 advertite}.
980 1900 1112 1938 nam
1144 1883 1360 1988 Paulus
1389 1887 1654 1942 modicus
1685 1888 1899 1942 dicitur
1932 1904 1946 1942 :
1987 1888 2072 1944 sic
2103 1923 2150 1988 Β

431 1968 586 2024 enim
619 1968 873 2024 solemus
904 1971 1126 2027 dicere:
1151 1971 1323 2027 Paulo
1347 1978 1476 2042 post
1505 1975 1710 2031 videbo
1744 1980 1818 2045 te,
1841 1980 1898 2032 et
1930 1993 2073 2048 pau-

431 2056 552 2112 lum
587 2056 681 2112 hic
723 2063 1012 2129 exspecta,
1061 2059 1115 2114 id
1167 2065 1275 2126 est,
1337 2067 1468 2131 post
1525 2063 1821 2119 modicum
1867 2066 2073 2121 videbo

426 2150 502 2211 te,
535 2151 590 2201 et
621 2147 913 2202 modicum
943 2147 1035 2202 hic
1065 2151 1606 2220 exspecta.Pulchre
1636 2153 1836 2225 itaque
1885 2172 1917 2209 a
1949 2171 2070 2209 mo-

425 2235 553 2290 dico
583 2235 772 2291 dictus
797 2242 905 2304 est,
938 2238 1214 2308 quoniam
1268 2255 1492 2311 magnae
1538 2241 1650 2296 fuit
1696 2243 2070 2300 humilitatis.

427 2323 589 2378 Unde
618 2328 676 2379 et
706 2324 831 2396 ipse
864 2325 1002 2380 alibi
1038 2325 1179 2380 dicit
1231 2343 1243 2380 :
1295 2329 1404 2397 Ego
1447 2331 1596 2385 enim
1642 2348 1763 2386 sum
1806 2334 2075 2388 minimus

424 2411 822 2482 apostolorum,
864 2416 962 2484 qui
1004 2431 1113 2470 non
1159 2432 1280 2471 sum
1325 2417 1520 2488 dignus
1569 2421 1754 2476 vocari
1801 2423 2075 2491 apostolus

427 2499 472 2569 (ι
531 2499 649 2554 Cor.
700 2518 792 2570 xv,
842 2502 920 2571 9).
984 2503 1257 2573 Apostolus
1315 2506 1526 2561 Graece.
1595 2508 1793 2563 Latine
1859 2509 2076 2563 dicitur

428 2590 648 2657 missus,
683 2589 753 2644 Et
782 2590 1021 2660 pulchre
1050 2593 1266 2648 missus
1298 2595 1491 2650 dictus
1515 2601 1620 2662 est,
1647 2597 1786 2668 quia
1815 2615 1932 2653 non
1954 2615 2072 2652 sua}

431 2678 626 2733 carnis
656 2677 939 2734 instinctu
969 2682 1219 2751 venit,ut
1248 2684 1734 2754 pseudoapostoli,
1770 2703 1873 2742 nec
1895 2704 1928 2741 a
1949 2687 2074 2741 dia-

431 2766 586 2835 bolo,
611 2766 700 2822 vel
731 2769 803 2823 ab
835 2768 1092 2837 homine,
1125 2771 1225 2826 sed
1254 2788 1288 2826 a
1316 2772 1431 2828 Deo
1461 2774 1679 2830 missus
1711 2780 1818 2846 est,
1842 2781 1908 2831 ut
1938 2793 2072 2831 eum

430 2857 706 2927 gentibus
755 2857 1111 2928 praedicaret.
1176 2860 1336 2916 Unde
1394 2862 1671 2919 Dominus
1718 2865 1778 2919 in
1827 2865 2072 2920 Actibus

432 2944 833 3016 apostolorum
865 2947 1006 3003 dicit
1036 2964 1050 3002 :
1083 2949 1212 3004 Ecce
1240 2965 1336 3019 ego
1367 2951 1437 3005 ad
1459 2960 1640 3023 gentes
1682 2954 1840 3024 longe
1866 2956 2074 3025 positas

426 3037 648 3090 mittam
677 3043 726 3091 te
755 3037 1063 3106 (65).Quod
1097 3054 1305 3094 nomen
1339 3056 1442 3112 per
1471 3058 1532 3096 se
1563 3045 1820 3113 positum
1843 3059 2075 3115 semper

428 3122 488 3178 in
536 3123 689 3179 bono
738 3125 1035 3198 accipitur.
1083 3129 1376 3185 Romanos
1422 3130 1598 3186 Italos
1646 3147 1776 3188 esse
1823 3137 2069 3205 constat,

428 3213 706 3284 quoniam
728 3215 914 3270 Roma
934 3215 992 3271 in
1016 3218 1270 3289 quadam
1296 3218 1470 3275 Italiae
1501 3225 1664 3292 parte
1686 3221 1799 3277 sita
1819 3226 2073 3293 est,quo-

425 3318 555 3358 rum
589 3302 922 3376 imperium,
957 3310 1021 3360 ut
1049 3306 1190 3362 dicit
1219 3307 1423 3364 beatus
1449 3291 2068 3383 Augustinus,quanto
2099 3291 2142 3358 θ

423 3392 481 3446 in
513 3391 832 3463 primordio
863 3395 1099 3451 brevius
1126 3397 1254 3466 fuit,
1280 3403 1338 3453 et
1367 3399 1698 3470 angustius,
1730 3403 1893 3455 tanto
1915 3405 2068 3471 post-

423 3482 663 3537 modum
699 3485 892 3555 majus
921 3487 978 3538 et
1001 3483 1364 3542 latius.Adeo
1390 3488 1545 3543 enim
1577 3492 1972 3556 excreverunt,
2003 3493 2070 3544 ut

423 3587 569 3642 pene
597 3575 788 3627 totum
820 3572 935 3627 sibi
966 3573 1284 3630 subderent
1320 3577 1542 3645 orbem,
1595 3579 1806 3649 partim
1855 3578 2068 3650 gladiis

423 3659 834 3727 interimendo,
871 3661 1080 3731 partim
1105 3665 1214 3719 sub
1245 3665 1530 3721 tributum
1563 3667 2069 3740 redigendo.Unde

423 3752 482 3803 et
511 3752 643 3819 apte
673 3750 916 3804 Romani
948 3750 1086 3806 dicti
1119 3757 1276 3822 sunt,
1309 3756 1464 3827 quod
1497 3756 1956 3827 interpretantur
1975 3772 2070 3810 su-

424 3835 662 3904 blimes,
702 3836 821 3892 sive
850 3842 1138 3909 tonantes,
1170 3845 1447 3914 quoniam
1470 3844 1620 3899 sicut
1639 3844 1858 3899 tonitru
1881 3843 2068 3898 homi-

427 3941 533 3980 nes
561 3929 759 3997 terret,
790 3927 872 3983 ita
899 3944 1098 3986 eorum
1131 3931 1307 3987 timor
1332 3937 1522 3988 totum
1547 3933 1824 3988 invaserit
1843 3933 2065 3987 orbem.

427 4014 710 4070 Praeterea
753 4016 1077 4090 sciendum,
1129 4022 1267 4094 quia
1316 4021 1594 4078 Romanis
1643 4039 1759 4077 non
1811 4021 2066 4092 primum

425 4103 737 4175 Apostolus
765 4107 1143 4180 Evangelium
1176 4110 1668 4181 annuntiavit,aut
1697 4111 1830 4165 ﬁdei
1854 4109 2070 4164 funda-

428 4197 690 4249 mentum
721 4195 930 4266 posuit,
964 4199 1086 4264 sed,
1122 4203 1187 4253 ut
1214 4200 1452 4270 quidam
1485 4200 1709 4270 dicunt,
1745 4197 2069 4268 Petrus,alii

424 4297 562 4338 vero
577 4283 1220 4360 Barnabas,autaliquis
1233 4288 1604 4361 septuaginta
1621 4287 2066 4360 discipulorum.

427 4372 504 4428 Et
545 4373 668 4428 ﬁeri
716 4375 955 4446 quidem
1005 4377 1217 4449 potuit,
1268 4382 1352 4443 ut,
1388 4377 1735 4448 pradicante
1781 4377 2067 4444 Barnaba,

428 4467 532 4518 aut
561 4461 760 4534 aliquo
790 4464 1211 4536 discipulorum
1244 4465 1498 4533 Domini,
1521 4466 1696 4521 ﬁdem
1727 4465 1936 4521 Christi
1965 4481 2069 4520 su-

427 4551 740 4622 sceperint,
767 4556 824 4608 et
854 4570 887 4608 a
917 4557 1082 4609 Petro
1111 4553 1171 4608 in
1203 4554 1405 4609 eadem
1438 4555 1552 4609 ﬁde
1572 4553 1690 4608 sint
1719 4553 2069 4622 conﬁrmati,

2175 642 2293 708 bat,
2324 642 2508 697 Judaei
2544 647 2716 714 atque
2747 641 2992 714 gentiles
3023 641 3346 713 plurimum
3379 643 3530 697 inter
3559 659 3623 699 se
3655 642 3863 699 dissi-

2175 732 2400 800 dentes,
2448 737 2503 787 et
2553 731 2720 802 quasi
2769 736 3096 802 pugnanter
3143 731 3510 802 dimicantes,
3545 731 3674 788 haec
3728 733 3859 788 sibi

2176 820 2512 876 insultando
2543 826 2598 875 et
2629 819 2958 875 altercando
2979 820 3226 891 objicere
3257 819 3861 876 solebant.Dicebant

2177 909 2331 964 enim
2360 910 2543 964 Judaei
2579 926 2590 962 :
2627 910 2742 964 Nos
2773 925 2959 981 genus
2989 908 3261 978 electum,
3295 909 3546 981 populus
3571 910 3855 981 acquisi-

2174 998 2373 1068 tionis,
2409 997 2572 1069 plebs
2605 1003 2808 1052 sancta
2855 1014 2923 1052 ex
2970 998 3148 1069 stirpe
3181 998 3647 1068 patriarcharum
3681 1003 3853 1069 orta,
3950 1027 3951 1034 ι

2177 1103 2324 1158 quos
2355 1087 2640 1142 Dominus
2682 1086 2884 1141 multis
2934 1087 3116 1157 signis
3148 1092 3204 1140 et
3234 1086 3514 1158 prodigiis
3545 1087 3619 1142 ab
3653 1092 3856 1160 Egy-

2178 1177 2368 1248 ptiaca
2399 1176 2676 1232 servitute
2705 1175 3000 1242 liberavit;
3037 1192 3142 1230 nos
3167 1175 3338 1231 siccis
3369 1176 3616 1246 pedibus
3672 1194 3854 1232 mare

2178 1264 2721 1330 transivimus;cum
2738 1264 3006 1319 inimicos
3022 1269 3252 1319 nostros
3271 1264 3600 1335 gravissimi
3617 1267 3853 1321 ﬂuctus

2179 1353 2564 1419 involverent;
2591 1353 2836 1408 nobisin
2863 1353 3089 1408 deserto
3113 1353 3298 1424 legem
3323 1354 3502 1421 dedit,
3534 1358 3591 1408 et
3614 1371 3853 1410 manna

2181 1444 2254 1498 de
2283 1442 2424 1498 coelo
2454 1441 2630 1513 pluit;
2664 1459 2878 1514 aquam
2904 1443 2974 1498 de
2997 1447 3160 1513 petra
3180 1457 3454 1499 emanare
3481 1442 3638 1510 fecit;
3667 1444 3852 1500 nobis

2181 1536 2397 1586 terram
2427 1531 2592 1597 lacte,
2630 1535 2688 1586 et
2716 1530 2886 1586 melle
2941 1535 3274 1586 manantem
3326 1531 3617 1603 promisit,
3670 1537 3733 1588 et
3786 1533 3852 1589 in

2183 1620 2472 1685 eamdem,
2521 1618 2673 1674 sicut
2720 1619 3088 1690 promiserat,
3130 1619 3470 1674 introduxit.
3524 1621 3605 1675 Ex
3664 1621 3850 1677 nobis

2183 1707 2571 1778 prophetae,ex
2597 1707 2765 1762 nobis
2796 1724 2858 1762 se
2885 1707 3079 1778 ipsum
3101 1706 3158 1760 in
3177 1724 3350 1763 carne
3371 1712 3685 1763 venturum
3711 1727 3850 1781 pro-

2184 1796 2362 1864 misit,
2395 1800 2449 1851 et
2479 1795 2714 1852 veniens
2762 1812 2830 1851 ex
2879 1796 3048 1850 nobis
3080 1812 3314 1851 carnem
3347 1797 3620 1869 sumpsit,
3658 1803 3845 1870 atque

2181 1885 2334 1941 inter
2353 1901 2460 1940 nos
2480 1889 2874 1940 commoratus
2893 1883 3082 1940 multa
3097 1884 3265 1956 signa
3281 1889 3337 1940 et
3355 1885 3651 1942 mirabilia
3674 1887 3841 1955 fecit,

2183 1990 2407 2045 nosque
2437 1973 2494 2029 in
2527 1973 2836 2044 Evangelio
2867 1973 3036 2044 ﬁlios,
3069 1989 3169 2030 vos
3200 1975 3394 2045 potius
3415 1990 3588 2030 canes
3625 1975 3843 2048 appel«

2182 2061 2345 2130 lavit,
2378 2067 2434 2117 et
2463 2063 2588 2117 ideo
2621 2062 2911 2117 consortio
2944 2066 3141 2117 nostro
3173 2061 3334 2133 digni
3368 2079 3483 2119 non
3514 2065 3846 2136 estis,quia

2183 2167 2414 2220 semper
2442 2151 2598 2206 idola
2626 2168 2773 2206 vana
2802 2156 2857 2205 et
2888 2156 3051 2206 muta
3082 2151 3369 2206 coluistis.
3401 2152 3485 2206 Ad
3528 2151 3650 2207 haec
3696 2170 3846 2225 gen-

2181 2239 2314 2295 tiles
2345 2240 2806 2312 respondebant:
2825 2240 2974 2295 Vera
2995 2256 3122 2295 esse
3145 2240 3440 2296 credimus
3461 2257 3587 2312 quae
3610 2241 3836 2308 dicitis;

2183 2332 2445 2384 attamen
2478 2333 2697 2400 quanto
2729 2330 2953 2399 majora
2973 2345 3110 2400 erga
3131 2345 3230 2384 vos
3265 2329 3366 2384 Dei
3395 2329 3680 2385 beneﬁcia
3701 2348 3844 2386 nar-

2184 2416 2637 2484 raveritis,tanto
2659 2433 2759 2471 vos
2783 2417 3100 2472 deteriores
3133 2417 3456 2472 ostendetis
3478 2434 3490 2472 :
3510 2418 3657 2489 ipsis
3678 2420 3842 2475 enim

2182 2506 2449 2577 pedibus,
2483 2506 2702 2578 quibus
2732 2523 2893 2562 mare
2938 2523 3040 2577 per
3086 2507 3307 2561 siccum
3339 2508 3662 2577 transistis,
3705 2514 3843 2565 ante

2184 2594 2340 2649 idola
2369 2594 2637 2650 saltando
2669 2594 2927 2662 lusistis;
2962 2595 3088 2667 ipso
3121 2612 3359 2667 ore,quo
3391 2613 3609 2651 manna
3641 2613 3839 2654 come-

2184 2683 2696 2751 distia,laudantes
2727 2684 2864 2738 deos
2896 2699 3104 2739 aureos
3133 2683 3414 2740 dicebatis
3448 2701 3460 2738 :
3491 2683 3558 2739 Hi
3590 2690 3733 2740 sunt
3761 2686 3840 2742 dii

2182 2773 2290 2839 tui,
2324 2771 2525 2843 Israel,
2557 2771 2656 2844 qui
2689 2773 3018 2828 eduxerunt
3061 2776 3116 2828 te
3157 2774 3226 2828 de
3273 2777 3430 2852 terra
3463 2773 3727 2846 Egypti;
3760 2781 3838 2845 et,

2183 2866 2247 2917 ut
2277 2866 2483 2917 caetera
2513 2861 3046 2932 praetermittamus,
3082 2862 3208 2932 ipso
3234 2879 3337 2934 per
3362 2863 3709 2934 mysterium
3743 2863 3836 2918 in-

2182 2950 2536 3007 carnationis
2567 2955 2905 3024 apparente,
2940 2967 3056 3006 non
3106 2949 3299 3006 solum
3348 2950 3649 3023 suscipere
3697 2968 3835 3008 eum

2181 3039 2477 3107 noluistis,
2513 3041 2638 3108 sed,
2667 3041 2824 3111 quod
2855 3044 2943 3095 est
2967 3039 3246 3105 deterius,
3272 3043 3456 3095 morte
3486 3040 3838 3112 turpissima

2182 3129 2635 3186 condemnastis.
2654 3129 2769 3185 Nos
2799 3145 2932 3185 vero
2962 3128 3126 3185 nulla
3146 3129 3274 3200 ejus
3305 3128 3474 3202 signa
3500 3135 3831 3200 cernentes,

2181 3219 2306 3274 sola
2335 3217 2493 3273 fama
2526 3217 2784 3274 nominis
2817 3218 2944 3288 ejus
2975 3217 3193 3288 audita,
3210 3218 3411 3274 statim
3439 3217 3830 3274 credidimus:

2182 3307 2336 3363 unde
2369 3310 2566 3362 nostro
2598 3305 2888 3362 consortio
2942 3305 3103 3379 digni
3149 3323 3265 3362 non
3311 3305 3474 3373 estis,
3508 3322 3615 3362 nec
3662 3307 3831 3364 nobis

2180 3395 2524 3468 aequiparari
2556 3395 3085 3468 potestis.Audiens
3111 3395 3292 3468 igitur
3320 3394 3642 3468 Apostolus
3679 3395 3832 3453 inter

2180 3501 2280 3541 eos
2305 3485 2453 3540 hanc
2483 3483 2936 3551 dissensionem,
2973 3484 3142 3556 quasi
3187 3501 3289 3557 pro
3337 3483 3531 3556 lapide
3561 3485 3830 3557 angulari

2181 3575 2424 3632 Domino
2470 3575 2738 3631 videlicet
2763 3575 2905 3630 Jesu
2936 3574 3166 3631 Christo
3215 3574 3506 3647 legatione
3555 3574 3828 3649 fungens,

2181 3665 2335 3721 sicut
2366 3665 2489 3737 ipse
2519 3664 2817 3720 dicitzPro
2850 3663 3057 3720 Christo
3086 3665 3233 3720 enim
3257 3664 3526 3735 legatione
3542 3666 3829 3735 fungimur

2179 3756 2252 3824 (ll
2281 3755 2400 3810 Cor.
2433 3772 2489 3821 v,
2520 3756 2642 3823 20);
2678 3753 2896 3826 (Ephes,
2919 3771 2996 3820 v1,
3039 3754 3132 3824 20)
3168 3769 3181 3809 :
3215 3769 3277 3809 se
3313 3752 3578 3808 medium
3607 3755 3824 3825 posuit,

2180 3847 2449 3914 atque,ut
2469 3860 2567 3899 eos
2598 3844 2669 3898 ad
2704 3843 2864 3914 pacis
2887 3841 3258 3898 concordiam
3289 3845 3347 3898 et
3375 3842 3512 3897 ﬁdei
3541 3842 3826 3899 unitatem

2179 3937 2495 3999 revocaret,
2527 3932 2677 3988 hanc
2706 3932 2789 3987 eis
2819 3931 3026 3987 direxit
3055 3930 3387 4003 epistolam,
3411 3931 3469 3986 in
3493 3947 3612 4002 qua
3633 3936 3827 3987 osten-

2183 4019 2269 4075 dit
2297 4037 2396 4076 eos
2427 4036 2630 4076 omnes
2662 4037 2789 4075 esse
2819 4024 3170 4091 peccatores,
3202 4024 3260 4075 et
3287 4035 3454 4093 egere
3485 4017 3677 4092 gratia
3710 4021 3829 4076 Dei.

2181 4108 2346 4164 Unde
2377 4109 2548 4181 paulo
2581 4109 2824 4165 inferius
2855 4109 2998 4164 dicit
3030 4127 3042 4173 ;
3078 4109 3199 4164 Non
3223 4113 3304 4164 est
3333 4109 3616 4165 distinctio
3653 4109 3829 4167 Judaei

2179 4200 2230 4254 et
2263 4199 2451 4254 Graeci
2480 4199 2652 4266 (Rom.
2698 4215 2753 4264 x,
2787 4199 2894 4269 12).
2931 4198 3126 4254 Omnes
3164 4199 3314 4254 enim
3355 4203 3732 4270 peccaverunt,
3781 4203 3829 4254 et

2179 4289 2338 4358 egent
2377 4288 2557 4357 gratia
2587 4287 2685 4342 Dei
2715 4287 2845 4358 (66).
2880 4285 3147 4342 Ostendit
3177 4285 3563 4342 nihilominus
3593 4303 3692 4343 eos
3716 4305 3824 4343 non

2182 4375 2306 4432 suis
2337 4375 2588 4443 meritis,
2621 4376 2721 4430 sed
2751 4374 2850 4431 Dei
2885 4375 3071 4449 gratia
3099 4375 3386 4444 salvatos;
3418 4375 3668 4449 ideoque
3697 4375 3824 4432 nul-

2181 4465 2299 4521 lam
2351 4464 2557 4519 debere
2608 4480 2738 4519 esse
2783 4463 3233 4520 dissensionem.
3267 4463 3432 4522 Unde
3471 4463 3625 4520 circa
3654 4465 3824 4521 ﬁnem

2181 4553 2359 4624 hujus
2407 4553 2676 4625 Epistola:
2736 4553 2794 4607 in
2845 4552 3177 4609 civitatibus
3228 4553 3586 4610 exhortando
3637 4553 3819 4610 dicit:

426 4639 525 4695 sed
575 4640 763 4712 magis
806 4658 842 4696 a
887 4641 1068 4697 Paulo
1117 4641 1488 4698 corroborati.
1530 4643 1793 4697 Attamen
1837 4658 2070 4714 quoquo
2100 4661 2147 4726 Β
2179 4644 2410 4714 Propter
2438 4642 2578 4714 quod
2606 4643 2866 4712 suscipite
2893 4643 3148 4709 inuicem,
3181 4643 3324 4698 sicut
3350 4646 3404 4698 et
3431 4642 3677 4698 Christus
3703 4659 3823 4698 sus-

427 4729 600 4784 modo
630 4731 874 4786 verbum
907 4731 1205 4803 Evangelii
1253 4733 1325 4786 ad
1376 4747 1475 4786 eos
1525 4731 1804 4801 pervenit,
1832 4735 1908 4786 set
1955 4732 2065 4803 ipsi

427 4817 665 4890 quidem
698 4825 1112 4891 susceperunt;
1167 4821 1267 4876 sed
1320 4825 1520 4890 postea
1549 4820 1802 4891 corrupti
1844 4826 1983 4876 sunt
2037 4837 2071 4876 a

423 4909 951 4980 pseudoapostolis,
986 4914 1044 4964 et
1081 4909 1329 4974 inducti,
1362 4913 1426 4964 ut
1453 4908 1638 4982 legem
1670 4914 1725 4965 et
1755 4911 2070 4982 prophetas

423 4998 738 5053 carnaliter
751 4997 1412 5070 intelligerent.Plurimi
1432 5015 1684 5070 namque
1713 5000 2068 5066 Iudaeorum,

423 5087 528 5159 qui
557 5086 1229 5158 crediderunt,gentibus
1260 5105 1420 5158 teque
1448 5089 1700 5146 credulis
1731 5090 2071 5146 asserebant

424 5175 574 5230 nihil
603 5175 884 5247 prodesse
926 5175 1099 5229 ﬁdem
1145 5175 1353 5232 Christi
1403 5179 1719 5251 suscipere,
1769 5183 1942 5246 atque
1996 5177 2074 5232 ad‘

422 5262 720 5335 Evangelii
754 5263 1003 5333 gratiam
1036 5263 1283 5323 transire
1312 5268 1535 5339 absque
1565 5267 1787 5323 carnali
1817 5269 2070 5322 circum-

422 5352 664 5411 cisione.
700 5350 862 5406 Unde
913 5358 969 5408 et
1005 5353 1289 5412 instanter
1332 5343 1614 5430 'Apostolo
1663 5356 2066 5423 detrahebant,

423 5440 582 5510 quod
613 5444 818 5510 gentes
849 5443 914 5497 ad
962 5444 1134 5500 ﬁdem
1185 5447 1396 5504 Christi
1448 5445 1795 5518 susceperit,
1848 5445 2070 5516 absque

425 5527 680 5583 carnalis
711 5528 856 5602 legis
886 5532 1301 5592 observatione.

498 5632 638 5773 264*)
671 5637 732 5693 In
764 5640 1024 5712 margine
1055 5645 1399 5715 autographi
1433 5643 1513 5698 ibi
1543 5641 1758 5712 legitur
1784 5657 1912 5712 cap.
1944 5641 1987 5694 Ι.

519 5704 608 5773 65)
640 5714 762 5768 Act.
792 5728 932 5773 xxix,
966 5715 1035 5769 24
1067 5729 1080 5768 :
1115 5715 1388 5773 Quoniam
1418 5731 1518 5773 ego
1545 5715 1608 5770 in
1632 5714 1883 5768 nationes
1917 5713 1987 5767 lo,

519 5704 608 5777 65)
640 5714 762 5768 Act.
792 5704 932 5781 xxii,
966 5715 1035 5769 24
1067 5729 1080 5768 :
1115 5704 1388 5781 Quoniam
1418 5731 1518 5782 ego
1545 5704 1612 5770 iri
1626 5704 1883 5768 nationes
1917 5713 2078 5782 longe

2176 4734 2321 4804 cepit
2348 4745 2442 4786 vos
2473 4732 2535 4786 in
2565 4729 2824 4786 honorem
2853 4731 2952 4786 Dei
2977 4731 3152 4801 (Rom.
3185 4747 3278 4797 xv,
3307 4730 3386 4803 7).

2250 4820 2408 4890 (CAP.
2443 4819 2510 4890 Ι.)
2544 4820 2750 4874 Paulus
2775 4834 2962 4876 servus
2994 4819 3201 4877 Christi
3211 4825 3214 4830 '
3252 4821 3376 4876 Iesu
3426 4823 3644 4876 vocatus
3671 4835 3820 4894 apos-

2180 4911 2338 4966 tolus.
2371 4913 2682 4980 segregatus
2713 4910 2772 4964 in
2799 4911 3160 4982 Bvangelium
3189 4909 3306 4966 Dei.
3343 4909 3406 4965 In
3437 4909 3626 4965 fronte
3649 4910 3824 4981 hujus

2178 4997 2450 5071 Epistolis
2465 4997 2651 5053 oritur
2671 4999 3124 5071 quaestio,quare
3148 4998 3248 5072 qui
3269 4999 3432 5071 prius
3456 4998 3824 5072 Saulus,post

2179 5087 2614 5144 conversionem
2649 5087 2842 5144 dictus
2873 5089 2949 5143 sit
2979 5087 3211 5143 Paulus.
3235 5087 3472 5158 Legitur
3499 5088 3736 5159 quidem
3763 5089 3820 5145 in

2177 5177 2372 5233 Veteri
2401 5177 2775 5233 Testamento
2789 5177 3183 5249 quorumdam
3206 5177 3514 5233 nominum
3531 5177 3688 5232 facta
3704 5194 3823 5233 mu-

2175 5267 2412 5335 tatio,ut
2440 5267 2655 5321 Abram
2687 5271 2888 5338 postea
2918 5265 3108 5324 dictus
3139 5270 3228 5322 est
3257 5265 3635 5338 Abraham,et
3665 5267 3820 5323 Sarai

2177 5354 2523 5421 Sara,Jacob
2539 5370 2774 5426 quoque
2793 5355 3060 5413 Israel.In
3078 5359 3233 5411 Novo
3254 5359 3428 5412 etiam
3451 5355 3818 5412 Testamento

2177 5445 2286 5499 hoc
2317 5443 2776 5511 invenitur,nam
2800 5445 2900 5517 qui
2932 5446 3094 5518 prius
3126 5445 3349 5512 Simon,
3373 5449 3579 5517 postea
3630 5445 3818 5503 dictus

2177 5537 2268 5588 est
2297 5531 2528 5601 Petrus;
2563 5533 2666 5589 ﬁlii
2695 5535 2972 5591 Zehedzei.
3007 5534 3261 5591 Joannes
3290 5538 3347 5591 et
3373 5533 3631 5591 Jacobus
3681 5535 3817 5593 Boa-

2177 5625 2395 5694 mittam
2426 5645 2496 5694 te.
2527 5641 2613 5696 Ita
2639 5640 2911 5698 Vulgata.

2249 5710 2364 5782 (66)
2395 5711 2549 5766 Rom.
2596 5727 2683 5780 ιιι,
2725 5710 2817 5784 22,
2859 5713 2949 5785 23,
2995 5718 3049 5767 et
3095 5718 3252 5780 egent
3277 5712 3457 5784 gloria
3492 5712 3615 5770 Dei.
3644 5713 3817 5788 Vulg.
