3956 6230
180 307 298 367 133

796 304 1218 366 EXPOSITIO
1262 306 1340 366 ΙΝ
1385 306 1815 368 EPISTOLAS
1866 308 2329 370 PAULl.——IN
2378 310 2629 372 EPIST.
2661 314 2764 372 AD
2810 314 3000 375 ROM.

3491 321 3608 380 I34

185 439 344 495 ﬁdei.
378 439 490 493 Sed
525 454 634 510 pro
679 442 841 510 quo?
870 442 983 492 Pro
1010 440 1255 509 nomine,
1291 440 1502 511 inquit,
1536 441 1677 510 ejus,
1709 444 1843 495 tan—
1875 443 1928 508 Α
1962 442 2282 512 praafertur.
2310 444 2419 498 Sed
2450 446 2593 501 dicit
2616 448 2860 505 fortasse
2883 450 3093 521 aliquis
3120 466 3133 503 ε
3160 452 3276 503 Cur
3295 451 3608 519 Apostolus

188 546 368 600 quam
400 528 625 583 diceret
658 544 674 581 :
708 526 928 582 Idcirco
958 528 1208 598 gratiam
1241 532 1297 583 et
1328 529 1718 600 apostolatum
1751 546 1845 584 ac-

189 618 337 690 cepi,
370 623 436 672 ut
467 634 677 673 omnes
708 617 983 672 obediant
1016 618 1171 683 ﬁdei,
1204 622 1260 671 et
1291 618 1528 674 credant
1561 618 1617 672 in
1663 634 1795 673 eum
1832 636 1845 673 :

191 714 248 763 et
278 708 619 779 quicunque
651 705 1045 777 praedestinati
1096 710 1152 760 et
1195 706 1454 761 salvandi
1486 712 1647 776 sunt,
1682 708 1848 779 signo

192 796 456 852 nominis
478 798 609 866 ejus
632 796 961 866 signentur.
988 798 1055 847 Et
1088 812 1157 849 ne
1188 795 1332 849 forte
1353 795 1475 850 haec
1496 797 1683 866 gratia
1710 796 1850 850 solis

190 884 416 941 Judaais
467 901 748 939 concessa
790 883 1101 953 videretur,
1144 885 1203 937 in
1252 885 1503 939 omnibus
1553 885 1848 955 gentibus:

192 992 405 1029 rursus
428 990 498 1029 ne
514 974 757 1028 Romani
783 973 1118 1027 viderentur
1138 973 1381 1044 excepti,
1397 974 1699 1044 subjunxit
1716 975 1847 1044 (75):

192 1067 259 1120 In
291 1063 493 1134 quibus
533 1064 663 1117 estis
710 1070 759 1117 e.‘
810 1079 897 1116 vos
936 1064 1118 1117 vocati
1153 1064 1280 1117 Iesu
1310 1064 1541 1127 Christi,
1576 1064 1730 1134 quod
1762 1068 1851 1118 est

194 1156 398 1225 aperte
429 1151 658 1206 dicere:
693 1151 797 1214 Qui
831 1151 1096 1206 omnium
1128 1152 1389 1221 gentium
1416 1151 1699 1215 Salvator,
1723 1154 1852 1223 ejus

200 1246 257 1295 et
289 1258 392 1294 vos
423 1240 562 1294 estis
592 1240 800 1307 vocati,
825 1239 1097 1311 quamvis
1129 1256 1241 1295 non
1278 1241 1334 1294 in
1358 1241 1718 1307 Judaaorum,
1751 1242 1851 1296 sed

200 1330 265 1383 in
291 1329 553 1399 gentium
578 1344 820 1383 numero
844 1328 1081 1383 inventi.
1101 1329 1302 1400 Igitur,
1320 1330 1458 1401 quia
1476 1330 1700 1385 dixerat
1721 1332 1854 1401 quis

204 1417 485 1473 scriberet
510 1434 522 1472 :
558 1418 789 1486 Paulus,
818 1416 1113 1488 inquiens,
1136 1433 1293 1472 serus
1320 1417 1521 1473 Christi
1542 1420 1690 1484 Iesu,
1716 1424 1852 1489 etc.,

207 1510 273 1560 ut
327 1506 657 1561 ostenderet
705 1506 920 1577 quibus
969 1505 1272 1570 scriberet,
1307 1506 1513 1562 addit:
1572 1508 1852 1579 Omnibus,

203 1596 305 1665 qui
346 1595 473 1649 sunt
520 1597 710 1649 Roma:
754 1594 973 1648 dilectis
1019 1594 1117 1648 Dei
1154 1596 1354 1649 vocatis
1383 1597 1586 1650 sanctis
1618 1596 1767 1665 (76);
1802 1601 1858 1650 et

201 1683 458 1753 reliqua.
486 1681 587 1736 His
616 1680 808 1736 verbis
840 1681 1097 1736 divinam
1131 1683 1502 1738 commendat
1533 1683 1855 1739 misericor-

201 1770 390 1837 diam,
424 1774 483 1824 et
511 1769 783 1824 meritum
816 1769 1145 1825 humanum
1176 1776 1436 1826 evacuat.
1470 1772 1615 1827 Nam
1649 1777 1854 1826 notan—

201 1860 376 1922 dum,
407 1858 548 1929 quia
578 1875 691 1912 non
723 1858 821 1927 ait,
854 1857 1234 1931 diligentibus
1266 1860 1470 1931 Deum,
1497 1862 1594 1915 sed
1630 1861 1857 1916 dilectis

202 1947 308 2003 Dei
345 1966 357 2001 :
413 1964 525 2001 non
573 1947 727 2001 enim
757 1947 882 2001 ideo
913 1947 1109 2002 dilecti
1143 1953 1301 2013 sunt,
1336 1949 1475 2019 quia
1507 1949 1856 2017 dilexerunt,

205 2036 309 2092 sed
368 2036 509 2107 quia
560 2034 753 2089 dilecti
804 2040 963 2104 sunt,
1014 2034 1230 2091 idcirco
1290 2036 1653 2103 dilexerunt;
1708 2038 1860 2091 unde

202 2125 463 2180 Joannes
486 2141 497 2178 :
522 2125 839 2196 Diligamus
863 2126 1325 2195 Deum,quoniam
1352 2129 1465 2197 ipse
1489 2129 1648 2197 prior
1667 2126 1860 2181 dilexit

206 2230 306 2269 nos
355 2214 404 2285 (I
429 2215 587 2269 Joan.
626 2230 700 2279 ιν,
737 2214 843 2283 10).
880 2214 989 2268 Sed
1039 2214 1179 2285 quid
1226 2219 1335 2281 est,
1369 2216 1521 2286 quod
1555 2215 1635 2269 ait
1666 2218 1861 2270 vocatis

205 2305 415 2359 sanctis
438 2305 463 2355 γ
503 2300 779 2373 Nunquid
814 2302 999 2357 sancti
1030 2303 1216 2357 vocati
1248 2304 1436 2358 sunt?
1464 2304 1587 2359 Non
1622 2304 1858 2375 utique;

209 2391 316 2447 sed
339 2391 525 2445 vocati
555 2394 694 2445 sunt
724 2390 930 2444 sancti.
956 2390 1177 2446 Similis
1200 2392 1353 2445 enim
1378 2396 1463 2447 est
1498 2391 1616 2445 htBC
1647 2391 1861 2447 locutio

208 2479 298 2534 illi
327 2478 634 2547 Zacharias,
660 2479 758 2549 qui
788 2479 870 2533 ait
894 2497 906 2533 :
945 2480 1193 2535 Visitavit
1214 2483 1262 2534 et
1290 2482 1419 2549 fecit
1442 2480 1865 2551 redemptionem

202 2569 392 2640 plebis
440 2582 559 2624 suae
606 2568 757 2637 (Luc.
808 2585 847 2637 1,
898 2569 1011 2639 48),
1063 2586 1176 2624 non
1217 2586 1344 2639 quae
1385 2587 1492 2624 sua
1525 2570 1729 2635 fuerat,
1762 2571 1859 2625 sed

210 2673 393 2729 quam
415 2656 705 2712 visitando
738 2657 951 2711 fecerat
979 2674 1169 2712 suam.
1193 2658 1447 2713 Joannes
1475 2659 1647 2713 etiam
1681 2658 1821 2713 dicit
1849 2676 1861 2713 :

215 2749 281 2803 Ut
311 2748 454 2815 ﬁlios
484 2747 604 2810 Dei,
634 2748 729 2817 qui
760 2754 919 2801 erant
937 2746 1192 2817 dispersi,
1214 2757 1569 2817 congregaret
1597 2750 1656 2802 in
1689 2764 1865 2802 unum

211 2836 395 2907 (Joan.
428 2852 506 2902 xx,
538 2834 630 2904 52)
666 2853 678 2890 :
714 2849 903 2905 neque
933 2835 1089 2890 enim
1122 2836 1369 2907 dispersi
1406 2836 1598 2891 adhuc
1631 2836 1734 2890 ﬁlii
1769 2836 1862 2892 Dei

210 2928 401 2993 erant,
436 2923 535 2978 sed
570 2925 978 2995 congreganda
1026 2924 1085 2979 in
1127 2941 1311 2979 unum
1344 2925 1556 2981 fecerat
1586 2943 1684 2981 eos
1716 2926 1865 2981 ﬁlios

211 3014 340 3069 Dei.
375 3013 442 3067 Et
494 3012 771 3067 Salomon
806 3028 818 3066 :
871 3014 1163 3069 Mulierem
1190 3017 1390 3084 fortem
1420 3016 1541 3085 quis
1586 3017 1869 3070 inveniet?

214 3104 403 3173 (Prov.
451 3118 608 3167 xxx1,
662 3101 774 3171 1Ο.)
828 3101 953 3156 Νοη
1003 3103 1159 3157 enim
1217 3103 1428 3158 mulier
1476 3103 1618 3172 bene,
1668 3105 1723 3158 id
1781 3109 1869 3159 est

214 3195 422 3246 sancta
451 3188 730 3256 Ecclesia,
768 3190 932 3246 fortis
982 3208 1015 3246 a
1061 3191 1309 3247 Domino
1348 3192 1582 3248 inventa
1621 3198 1727 3259 est,
1762 3193 1863 3248 sed
1896 3174 1938 3240 (ἶ

213 3281 346 3353 ipse
380 3280 727 3334 inveniendo
761 3278 892 3333 fecit
923 3296 1047 3335 eam
1104 3281 1331 3336 fortem.

292 3369 557 3424 Ostensis
576 3368 828 3439 denique
845 3369 1061 3440 quibus
1080 3370 1528 3439 scriberet,nihil
1549 3375 1867 3443 supererat,

218 3458 338 3513 nisi
370 3463 434 3512 ut
456 3456 705 3512 salutem
735 3463 992 3528 poneret,
1018 3459 1187 3530 cujus
1220 3460 1344 3514 loco
1367 3461 1562 3530 posuit
1594 3476 1791 3531 pacem
1816 3464 1872 3514 et

218 3546 499 3619 gratiam,
532 3546 810 3613 subdens,
839 3549 1023 3618 gratia
1050 3548 1218 3618 vobis,
1250 3558 1299 3603 et
1345 3566 1457 3620 pax
1499 3566 1532 3603 a
1580 3552 1682 3604 Deo
1713 3550 1873 3604 Patre

222 3644 437 3703 nostro,
469 3643 518 3690 et
546 3636 773 3689 Domino
799 3641 932 3692 Iesu
964 3636 1199 3693 Christo.
1234 3638 1394 3701 Quod
1428 3638 1568 3693 dicit
1598 3656 1631 3693 a
1660 3639 1771 3693 Dco
1801 3639 1870 3692 ad

221 3724 479 3798 gratiam
512 3728 568 3779 et
611 3741 813 3795 pacem
848 3725 1172 3795 respondet.
1207 3727 1277 3781 Et
1309 3731 1440 3797 apte
1470 3727 1705 3799 quidem
1738 3743 1871 3799 gra-

220 3814 372 3868 tiam
406 3829 437 3866 a
461 3818 569 3868 Deo
600 3812 761 3880 dicit,
786 3814 1065 3885 quoniam
1100 3818 1334 3869 noverat
1363 3831 1489 3870 esse
1521 3815 1593 3869 ab
1626 3814 1874 3869 homini-

220 3903 358 3969 bus;
376 3902 1115 3974 quemadmodumJudices
1131 3918 1403 3973 personas
1418 3904 1871 3973 considerantes,

220 3989 314 4046 vel
347 3992 665 4063 cupiditate
698 3991 941 4060 astricti,
978 3990 1173 4058 illecti,
1205 3992 1292 4047 vel
1346 3993 1554 4048 timore
1586 3993 1872 4065 perterriti

221 4081 448 4151 gratias
480 4079 821 4135 hominibus
849 4084 1122 4151 praestare
1144 4079 1352 4136 solent.
1377 4080 1658 4137 Similiter
1686 4087 1743 4138 et
1774 4100 1873 4154 pa-

225 4184 357 4222 cem
390 4185 421 4222 a
451 4168 564 4224 Deo
595 4172 778 4239 optat,
813 4169 1089 4239 quoniam
1123 4174 1360 4225 noverat
1391 4186 1517 4226 csse
1552 4188 1749 4243 pacem
1803 4172 1873 4226 ab

221 4256 589 4327 hominibus,
614 4258 685 4312 de
712 4274 827 4328 qua
847 4258 1129 4313 Dominus
1159 4258 1217 4312 in
1240 4258 1583 4330 Evangelio:
1611 4260 1725 4315 Non
1750 4278 1876 4331 qua-

222 4348 340 4401 lem
367 4362 555 4417 pacem
585 4347 832 4401 mundus
860 4346 973 4413 dat,
1006 4362 1101 4415 ego
1147 4346 1211 4401 do
1260 4349 1409 4402 vobis
1439 4352 1621 4415 (Joan.
1656 4367 1729 4417 1v,
1766 4352 1873 4417 10).

220 4437 297 4491 Et
317 4436 660 4505 notandum,
676 4435 817 4507 quia
836 4434 1139 4507 principali
1158 4435 1390 4507 egregio
1409 4437 1611 4491 ordine
1628 4438 1875 4508 gratiam

1959 530 2147 584 Patris
2177 536 2427 595 tantum,
2456 539 2511 589 et
2544 536 2667 590 Filii
2694 539 3049 594 mentionem
3077 539 3228 608 tecit,
3253 544 3309 594 et
3341 555 3455 593 non
3479 540 3607 611 Spi-

1960 619 2108 674 ritus
2130 621 2360 675 sancti?
2380 623 2481 676 Cui
2508 627 3012 697 respondendum:
3035 628 3180 691 Quia
3202 629 3392 699 gratia
3414 633 3471 684 et
3496 646 3605 700 pax

1958 710 2111 763 dona
2136 710 2231 763 Dei
2264 715 2439 777 sunt;
2474 713 2693 768 donum
2728 721 2918 770 autem
2945 716 3039 770 Dei
3074 723 3159 771 est
3183 718 3436 788 Spiritus
3469 736 3603 774 san-

1960 801 2110 862 ctus,
2138 799 2292 868 quod
2329 800 2608 855 Dominus
2640 802 2998 871 manifestat,
3032 822 3165 858 cum
3198 806 3339 859 dicit
3370 808 3441 861 ad
3475 824 3605 861 mu-

1962 884 2161 940 lierem
2187 888 2612 944 Samaritanam
2645 907 2657 945 :
2690 892 2750 945 Si
2778 894 2944 947 scires
2964 893 3165 947 donum
3189 896 3290 949 Dei
3318 896 3502 963 (Joan.
3532 912 3604 961 1v,

1966 975 2073 1045 10),
2122 980 2229 1030 etc.
2281 977 2363 1043 Si,
2414 994 2548 1049 ergo
2601 980 2790 1049 gratia
2843 986 2899 1035 et
2948 999 3057 1052 pax
3109 983 3260 1037 dona
3311 990 3449 1039 sunt
3484 985 3605 1051 Dei,

1963 1066 2191 1115 constat
2223 1062 2421 1133 procul
2452 1065 2627 1120 dubio
2660 1068 2798 1137 quia
2829 1069 3142 1139 Apostolus
3189 1071 3369 1126 totius
3416 1073 3607 1127 Trini-

1963 1150 2100 1205 tatis
2134 1152 2266 1205 fecit
2308 1154 2685 1209 mentionem.

2037 1284 2219 1354 Igitur
2242 1286 2407 1340 ﬁnita
2428 1287 2775 1344 salutatione
2804 1290 3041 1360 pulchre
3067 1294 3382 1363 Apostolus
3415 1313 3611 1351 narra-

1964 1372 2141 1426 tionis
2190 1390 2307 1427 sua:
2357 1376 2658 1431 exordium
2709 1395 2741 1432 a
2786 1379 3108 1449 gratiarum
3151 1384 3321 1453 cmpit
3360 1386 3609 1451 actione,

1966 1461 2165 1515 dicens
2202 1478 2211 1515 :
2266 1464 2518 1517 Primum
2560 1466 2775 1535 quidem
2818 1470 3035 1539 gratias
3065 1485 3163 1539 ago
3196 1472 3296 1526 Deo
3329 1488 3465 1539 meo,
3498 1480 3609 1529 etc.

1965 1550 2173 1604 Gratia:
2224 1558 2362 1605 sunt
2410 1551 2634 1623 laudes,
2697 1573 2842 1625 quas
2904 1560 3015 1612 Deo
3077 1559 3395 1616 offerimus.
3431 1567 3492 1616 ln
3545 1579 3611 1617 eo

1968 1638 2183 1708 itaque,
2218 1641 2370 1709 quod
2405 1643 2717 1711 Apostolus
2750 1648 2967 1715 gratias
3017 1649 3136 1718 agit
3186 1649 3299 1705 Deo
3352 1668 3453 1721 pro
3502 1652 3613 1707 ﬁde

1971 1726 2387 1797 Romanorum,
2423 1746 2526 1783 nos
2561 1748 2867 1787 monemur
2898 1740 2963 1789 ut
2991 1736 3060 1790 de
3092 1737 3366 1794 omnibus
3400 1742 3615 1795 nostris

1887 1809 1933 1872 B
1966 1820 2082 1869 tam
2121 1818 2413 1887 prosperis
2448 1836 2621 1889 quam
2670 1822 2947 1891 adversis,
2980 1830 3037 1878 ct
3086 1826 3156 1880 de
3206 1827 3477 1894 aliorum,
3513 1830 3612 1884 sed

1968 1909 2199 1957 tantum
2233 1908 2545 1975 prosperis,
2582 1908 2695 1962 Deo
2744 1912 2959 1979 gratias
3004 1914 3213 1967 referre
3246 1919 3610 1972 studeamus.

1969 1993 2079 2045 Sed
2111 2009 2289 2061 quare
2322 1994 2633 2063 Apostolus
2668 2012 2779 2049 non
2814 1998 3095 2063 absolute,
3132 2003 3231 2055 sed
3270 2020 3401 2057 cum
3454 2007 3611 2075 adje-

1970 2081 2156 2135 ctione
2182 2082 2261 2135 ait
2283 2083 2389 2136 Deo
2412 2099 2526 2137 meo
2542 2090 2566 2135 Υ
2585 2085 2831 2151 Scilicet,
2850 2094 2911 2140 ut
2934 2091 3284 2157 ostenderet,
3303 2093 3439 2163 quia
3461 2095 3615 2149 Deus

1972 2175 2178 2225 natura
2209 2172 2473 2226 omnium
2508 2178 2616 2237 est,
2644 2174 2939 2229 voluntate
2970 2193 3102 2231 vero
3136 2184 3191 2233 et
3223 2183 3452 2247 merito,
3478 2200 3615 2253 pau-

1971 2275 2193 2327 corum,
2220 2259 2273 2313 id
2311 2265 2398 2313 est
2428 2261 2792 2316 solummodo
2820 2263 3159 2321 electorum.
3186 2268 3316 2322 Ilaac
3343 2285 3477 2340 ergo
3511 2288 3617 2326 vox

1971 2346 2204 2402 illorum
2240 2354 2469 2403 tantum
2501 2357 2609 2414 est,
2638 2351 2707 2404 de
2740 2352 2955 2421 quibus
2987 2354 3271 2410 Dominus
3302 2358 3481 2414 dicit:
3510 2360 3615 2429 Ego

1969 2453 2089 2490 sum
2121 2439 2261 2491 Deus
2290 2439 2581 2503 Abraham,
2619 2444 2758 2494 Deus
2790 2443 2957 2511 Isaac,
2992 2453 3040 2497 et
3070 2445 3208 2499 Deus
3237 2448 3399 2501 Iacob
3426 2466 3444 2501 .·
3480 2466 3615 2503 nam

1970 2524 2030 2578 in
2077 2525 2169 2579 his
2218 2527 2405 2581 tribus
2448 2544 2651 2583 omnes
2682 2531 3263 2601 comprehenduntur
3291 2536 3475 2590 electi.
3514 2537 3617 2592 Per

1972 2630 2145 2684 quem
2178 2615 2394 2684 gratias
2428 2622 2579 2686 agat,
2614 2619 2869 2672 ostendit
2902 2636 2913 2673 :
2958 2626 3066 2675 Per
3092 2626 3282 2678 Iesum
3315 2624 3613 2681 Christum.

1973 2700 2163 2756 laudis
2225 2721 2477 2774 namque
2533 2723 2653 2759 sum
2711 2708 3063 2764 sacriﬁcium
3124 2711 3238 2766 Deo
3299 2714 3614 2783 otl‘erebat;

1974 2792 2241 2862 ideoque,
2267 2798 2330 2846 ut
2360 2800 2588 2863 gratum
2614 2796 2795 2865 ﬁeret,
2824 2814 2923 2867 per
2954 2815 3196 2854 manum
3229 2804 3445 2857 summi
3480 2822 3617 2875 pon-

1972 2880 2147 2934 tiﬁcis
2179 2881 2381 2935 oﬁ‘crre
2412 2882 2672 2953 cupiens,
2707 2884 2899 2939 aiebat
2926 2904 2936 2940 :
2974 2892 3081 2943 Per
3106 2890 3286 2944 Iesum
3321 2891 3614 2949 Christum.

1979 2967 2137 3023 Unde
2169 2986 2275 3023 nos
2299 2986 2606 3025 monemur
2637 2978 2701 3026 ut
2724 2974 2951 3043 quoties
2975 2978 3252 3033 orationis
3277 2986 3507 3046 nostra},
3531 2982 3618 3036 vel

1976 3057 2223 3111 actionis
2254 3057 2502 3129 alicujus
2535 3060 2886 3116 sacriﬁcium
2921 3063 3035 3119 Deo
3077 3067 3281 3122 offerre
3324 3069 3618 3137 volumus,

1980 3162 2080 3217 per
2108 3148 2235 3215 ejus
2267 3162 2504 3201 manum
2551 3150 2883 3205 olferamus.

2050 3279 2163 3348 (79)
2198 3278 2338 3333 Hinc
2370 3280 2634 3335 Ecclesiae
2668 3286 3028 3339 consuetudo
3060 3289 3378 3361 descendit,
3415 3298 3477 3347 ut
3527 3313 3621 3349 sa-

1979 3368 2241 3422 cerdotes
2267 3367 2514 3438 singulis
2536 3369 2806 3438 precibus
2828 3372 3181 3444 adjungant:
3207 3380 3313 3431 Per
3333 3381 3624 3439 Dominum

1980 3464 2226 3510 nostrum
2252 3457 2433 3509 Iesum
2465 3456 2765 3512 Christum.
2792 3463 2900 3513 Pro
2932 3462 3147 3531 quibus
3179 3471 3374 3521 autem
3404 3470 3624 3539 gratias

1982 3549 2138 3616 agat,
2162 3544 2528 3600 manifestat:
2555 3548 2659 3599 Pro
2681 3549 2932 3603 omnibus
2953 3551 3120 3605 vobis.
3144 3553 3247 3607 Ubi
3274 3559 3619 3626 notandum,

1982 3635 2121 3707 quia
2144 3651 2255 3687 non
2288 3634 2388 3695 ait,
2413 3651 2514 3705 pro
2546 3636 2929 3707 sapientibus,
2956 3656 3058 3711 pro
3089 3642 3365 3700 divitibus
3394 3664 3405 3701 :
3441 3665 3510 3703 ne
3540 3650 3623 3704 vi-

1984 3725 2217 3777 deretur
2247 3740 2628 3794 personarum
2662 3731 2931 3799 acceptor
2972 3730 3073 3785 sed
3119 3734 3488 3804 generaliter,
3521 3755 3624 3809 pro

1981 3812 2178 3879 vobis;
2207 3828 2271 3866 ac
2299 3812 2346 3867 si
2370 3811 2603 3882 diceret,
2631 3813 2688 3868 in
2722 3816 2948 3872 unitate
2974 3818 3103 3873 ﬁdei
3133 3823 3489 3879 constitutis.
3514 3830 3628 3883 Cur

1985 3906 2177 3955 autem
2212 3901 2430 3972 gratias
2462 3907 2614 3974 agat,
2648 3905 2909 3975 aperitur
2945 3924 3079 3963 cum
3126 3912 3435 3981 subditur;
3489 3915 3629 3981 Quia

1983 3988 2113 4058 ﬁdes
2134 3993 2309 4043 vestra
2338 3992 2710 4046 annuntiatur
2737 3994 2796 4045 in
2818 3996 3074 4049 universo
3104 4000 3324 4054 mundo.
3352 4001 3519 4059 Fides
3541 4010 3631 4060 est

1985 4077 2290 4132 Trinitatis
2323 4078 2633 4145 confessio,
2665 4086 2721 4133 et
2752 4082 2930 4137 totius
2961 4084 3192 4154 pietatis
3238 4106 3303 4143 ac
3354 4090 3630 4149 bonitatis

1986 4166 2456 4231 fundamentum,
2491 4171 2665 4235 atque
2706 4168 2924 4239 religio.
2967 4173 3132 4229 Fides
3164 4175 3397 4232 illarum
3432 4197 3628 4236 rerum

1985 4258 2092 4319 est,
2118 4272 2243 4325 quae
2277 4272 2389 4309 non
2420 4254 2707 4309 videntur.
2736 4255 2893 4310 Unde
2924 4260 3234 4329 Apostolus
3268 4281 3279 4317 :
3323 4269 3414 4319 Est
3445 4271 3631 4323 autem

1986 4344 2120 4414 ﬁdes
2167 4344 2499 4415 sperandum
2552 4344 2860 4399 substantia
2882 4362 3085 4417 rerum,
3110 4357 3495 4420 argumentum
3524 4373 3637 4412 non

1985 4436 2371 4505 apparentium
2426 4433 2606 4503 (Hebr.
2656 4452 2734 4501 x1,
2790 4436 2859 4504 1).
2912 4435 3079 4491 Fides
3111 4438 3343 4503 dicitur,
3377 4457 3444 4497 eo
3474 4446 3631 4513 quod

224 4524 357 4597 paci
391 4523 707 4595 praeposuit
740 4540 751 4579 :
803 4524 993 4595 gratia
1023 4524 1179 4578 enim
1212 4528 1319 4593 est,
1352 4540 1470 4595 qua
1500 4526 1612 4595 (77)
1644 4530 1877 4595 peccata
1909 4548 1954 4611 Β
1989 4523 2123 4577 ﬁtid
2144 4524 2296 4593 quod
2315 4522 2529 4576 dicitur
2545 4527 2645 4577 aut
2663 4525 3219 4595 promittitur.Quod
3244 4534 3438 4585 autem
3457 4532 3630 4589 dicit:

220 4613 538 4679 laxantur;
571 4630 682 4685 pax
713 4619 933 4679 autem,
961 4630 1078 4684 qua
1102 4613 1548 4668 reconciliamur
1570 4614 1705 4669 Deo.
1738 4619 1874 4669 Pec-

223 4707 356 4759 cata
377 4701 530 4757 enim
555 4706 757 4757 nostra
783 4702 1111 4757 diviserunt
1132 4719 1237 4757 nos
1265 4720 1298 4757 a
1324 4704 1432 4757 Deo
1454 4704 1589 4774 (78),
1615 4708 1670 4758 et
1696 4703 1878 4759 aversi

223 4808 466 4847 eramus
516 4792 587 4846 ab
630 4808 718 4846 eo.
754 4791 899 4854 Quia
942 4808 1078 4864 ergo
1111 4792 1250 4845 dum
1286 4809 1386 4863 per
1416 4793 1663 4863 gratiam
1700 4793 1762 4846 ﬁt
1794 4810 1879 4847 re-

222 4880 431 4937 missio
463 4885 863 4953 peccatorum,
889 4880 1338 4936 reconciliamur
1364 4881 1499 4949 Deo,
1527 4883 1653 4953 ipsa
1683 4898 1881 4936 recon-

222 4970 446 5026 ciliatio
502 4987 614 5043 pax
662 4968 921 5024 dicitur:
974 4969 1216 5039 ideoque
1266 4968 1505 5041 pulchre
1536 4971 1725 5042 gratia
1755 4971 1881 5042 paci

298 5095 411 5165 (75)
444 5093 907 5175 Inautographo
953 5100 1083 5164 post
1115 5095 1695 5175 vei'bu‘mhsubjunmit,
1729 5096 1881 5175 quod

224 5164 646 5238 compendiose
696 5164 992 5238 scriptum
1052 5170 1175 5231 est,
1235 5164 1496 5235 additur,
1558 5169 1666 5235 ait,
1727 5164 1878 5236 quod

225 5256 329 5310 per
362 5236 627 5295 errorem
681 5236 827 5291 forte
876 5238 1253 5293 amanuensis
1284 5254 1587 5309 perperam
1621 5238 1880 5292 additum

224 5316 333 5366 est.

292 5385 405 5451 (76)
437 5380 839 5451 Conferantur
858 5394 983 5451 quae
1016 5385 1343 5451 sequuntur
1376 5397 1508 5433 cum
1542 5380 1886 5451 interpreta-

219 5449 392 5519 tione,
430 5470 565 5525 quze
624 5449 877 5525 inferius
927 5449 1195 5521 habetur,
1228 5452 1538 5507 verborum
1574 5470 1585 5506 :
1640 5449 1887 5525 his,_qui

214 5523 523 5583 secundum
538 5523 891 5597 propositum
908 5526 1078 5597 vocati
1091 5531 1220 5580 sunt
1236 5525 1412 5597 sancti
1420 5529 1495 5587 ,et
1511 5523 1883 5597 sequentium

213 5601 284 5661 ad
319 5617 450 5676 cap.
487 5590 617 5657 vin.
644 5590 870 5649 Exinde
899 5593 1052 5651 enim
1084 5611 1287 5654 eruere
1317 5594 1446 5665 erit,
1471 5590 1739 5670 quas—nam
1767 5594 1885 5654 illis

1988 4615 2049 4665 In
2082 4614 2334 4667 universo
2362 4612 2593 4678 mundo,
2618 4612 2665 4667 si
2699 4613 3044 4684 simpliciter
3073 4617 3307 4687 quidem
3342 4618 3632 4693 intelliga-

1993 4718 2146 4767 mus,
2181 4702 2482 4756 universas
2534 4702 2739 4755 mundi
2786 4703 2968 4758 voluit
3022 4704 3266 4777 intelligi
3319 4714 3531 4779 partes.
3567 4711 3637 4766 Et

1993 4794 2144 4845 certe
2175 4789 2361 4861 potuit
2394 4790 2538 4857 ﬁeri,
2573 4791 2852 4861 quoniam
2885 4795 3127 4848 Romani
3162 4801 3299 4851 tunc
3335 4814 3477 4869 pene
3508 4816 3631 4853 om-

1992 4878 2166 4933 nibus
2188 4880 2458 4949 gentibus
2493 4880 2877 4950 imperabant,
2904 4886 2967 4935 ut
2997 4883 3152 4938 fama
3178 4885 3309 4941 ﬁdei
3340 4903 3541 4943 eorum
3564 4890 3635 4944 ad

1994 4967 2294 5023 universas
2329 4969 2529 5023 mundi
2572 4970 2951 5040 pervolaverit
2982 4978 3193 5043 partes.
3232 4975 3550 5032 Possumus
3580 4982 3638 5032 et

1992 5092 2895 5173 temporibusfuciitdoctorum
2947 5100 3002 5149 et
3057 5096 3318 5153 Ecclesiae
3349 5099 3637 5155 sententia

1994 5166 2063 5219 de
2097 5164 2167 5218 iis
2200 5182 2325 5222 quae
2359 5164 2531 5219 hodie
2562 5168 2785 5219 tantam
2820 5167 2979 5220 litem
3013 5173 3262 5222 movent.

2066 5236 2175 5305 (77)
2211 5236 2269 5288 In
2304 5236 2663 5309 autograpbo
2694 5236 2818 5291 loco
2844 5254 2947 5307 qua
2970 5236 3181 5307 legitur
3201 5243 3347 5309 quia.
3374 5240 3513 5294 Mihi
3548 5245 3637 5294 ta-

1996 5322 2127 5360 men
2156 5307 2364 5359 menda
2390 5307 2512 5359 visa
2532 5311 2619 5361 est
2645 5308 3041 5373 amanuensis,
3067 5314 3122 5363 et
3153 5307 3363 5364 melius
3388 5310 3639 5365 auctoris

1994 5394 2232 5433 sensum
2268 5376 2345 5429 ita
2388 5378 2609 5431 referri.

2066 5449 2177 5516 (78)
2212 5446 2397 5501 Verba
2419 5452 2715 5517 peccata...
2739 5454 2850 5503 Deo
2874 5448 2932 5503 in
2957 5450 3219 5521 margine
3243 5451 3501 5507 inferiori
3524 5449 3637 5505 sita

1995 5523 2151 5574 sunt.

2067 5587 2178 5665 (79)
2210 5588 2274 5646 In
2306 5604 2491 5664 marg.
2525 5604 2650 5663 cap.
2686 5590 2755 5646 ΙΙ.
