3956 6230
357 334 472 394 135

1368 329 1708 390 ATTONIS
1757 327 2343 390 VERGELLENSIS
2386 323 2742 388 EPISCOPI

3649 310 3784 384 1736

364 481 468 537 per
497 462 898 535 synecdochen
933 460 1154 518 dictum
1185 459 1527 533 intelligere,
1562 464 1626 515 ut
1655 479 1688 516 a
1718 465 1836 517 toto
1868 478 1997 532 par-
2029 462 2083 528 Α
2113 460 2399 516 funderet.
2433 459 2549 514 Hoc
2579 454 2790 530 itaque
2809 458 2961 513 dicto
2991 471 3054 514 se
3102 456 3356 513 ostendit
3384 455 3772 530 impletorem

359 560 477 610 tem
521 553 899 624 accipiamus.

428 642 706 713 Sequitur
737 659 750 697 :
806 642 967 696 Testis
995 641 1137 694 mihi
1171 647 1247 694 est
1275 639 1438 702 Deus,
1469 641 1561 694 cui
1588 641 1765 695 servio
1795 641 1855 694 in
1881 641 2001 710 spi-

359 733 474 786 ritu
497 747 613 786 meo
645 733 702 786 in
723 730 1014 801 Evangelio
1033 730 1172 785 Filii
1197 729 1334 800 ejus,
1359 733 1470 784 etc.
1499 728 1600 783 llic
1621 729 1999 800 quaerendum

358 824 466 887 est,
481 835 662 891 quare
679 819 903 890 juravit
917 815 1253 889 Apostolus,
1277 833 1411 871 cum
1434 817 1720 872 Dominus
1741 817 1801 872 in
1823 818 2001 872 Evan-

356 909 506 981 gelio
538 908 879 980 praecipiat:
929 907 1106 962 Nolite
1151 908 1348 974 iurare
1398 908 1620 961 omnino
1672 908 1848 973 (Joan.
1881 923 1996 974 xxv,

358 1000 467 1069 17).
483 997 758 1070 Nunquid
782 999 981 1051 contra
1001 995 1234 1051 Domini
1257 999 1609 1066 praeceptum
1634 995 2000 1067 egitAposto-

357 1088 489 1143 lus?
513 1087 769 1151 Minime,
793 1085 899 1140 Sed
929 1084 986 1138 in
1009 1100 1075 1139 eo
1101 1084 1257 1155 quod
1284 1084 1568 1140 Dominus
1589 1084 1861 1155 praecepit
1881 1099 1996 1138 non

357 1193 484 1232 esse
506 1175 848 1246 jurandum,
872 1179 929 1228 et
950 1171 1268 1245 Apostolus
1290 1173 1522 1243 iuravit,
1548 1173 1720 1228 datur
1751 1172 1996 1244 intelligi

354 1266 491 1336 quia
505 1264 783 1320 Dominus
800 1280 917 1317 non
936 1263 1211 1335 praecepit
1227 1279 1297 1316 ne
1310 1261 1786 1332 quisjuramento
1799 1265 2001 1316 utatur

353 1356 409 1409 in
443 1353 810 1418 necessariis,
842 1351 945 1407 sed
995 1355 1062 1406 ut
1107 1367 1278 1406 nemo
1301 1352 1709 1422 juramentum
1742 1353 1998 1422 appetat,

353 1443 523 1516 quasi
553 1457 859 1498 summum
889 1441 1134 1496 bonum.
1165 1443 1313 1495 Sunt
1364 1439 1520 1494 enim
1567 1439 1833 1511 quaedam
1883 1455 1995 1508 res,

350 1549 478 1604 quae
512 1536 569 1586 et
596 1531 656 1585 in
688 1547 752 1586 se
781 1534 839 1584 et
870 1545 972 1600 per
1003 1545 1064 1584 se
1093 1529 1256 1583 bona:
1288 1531 1444 1595 sunt,
1478 1533 1536 1583 et
1565 1528 1692 1583 ideo
1723 1532 1997 1600 appeten-

351 1622 460 1692 dae,
492 1625 558 1674 ut
586 1619 871 1687 virtutes;
908 1621 1048 1674 sunt
1078 1616 1224 1687 aliis,
1261 1633 1361 1673 nec
1405 1617 1465 1672 in
1516 1633 1597 1687 se,
1631 1634 1735 1672 nec
1786 1633 1889 1689 per
1935 1632 1997 1672 se

351 1711 538 1776 bonae,
570 1708 671 1763 sed
711 1723 815 1778 pro
845 1705 976 1762 aliis
1006 1705 1366 1773 necessariae,
1397 1705 1549 1761 sicut
1578 1704 1763 1773 cibus,
1800 1709 1993 1777 potus,

347 1803 407 1855 et
436 1799 874 1853 vestimentum.
899 1794 1028 1850 Haec
1049 1795 1204 1850 enim
1238 1795 1563 1850 necessaria
1589 1798 1728 1850 sunt
1758 1795 1829 1849 ad
1864 1811 1993 1850 sus-

349 1886 733 1941 tentationem
765 1883 891 1939 vita
923 1883 1246 1955 praesentis,
1281 1883 1378 1938 sed
1412 1900 1548 1948 non,
1583 1888 1650 1938 ut
1693 1900 1995 1938 summum

351 1975 594 2042 bonum,
618 1973 958 2045 appetenda.
983 1971 1259 2026 Similiter
1279 1972 1778 2043 etjuramentum,
1809 1989 1913 2027 nec
1936 1972 1995 2026 in

353 2082 435 2130 se,
462 2079 564 2118 nec
595 2078 698 2134 per
727 2078 788 2116 se
818 2061 1033 2116 bonum
1055 2065 1180 2128 est;
1215 2061 1315 2115 sed
1341 2061 1475 2132 quis
1509 2065 1698 2133 potest
1723 2077 1789 2116 eo
1822 2060 1906 2115 uti
1937 2061 1995 2115 in

353 2149 745 2208 necessariis?
776 2150 933 2207 verbi
966 2149 1173 2222 gratia,
1206 2149 1295 2204 vis
1334 2149 1591 2220 aliquem
1647 2149 1877 2205 trahere
1925 2149 1998 2205 ad

351 2241 545 2307 fidem,
580 2243 637 2294 et
665 2238 762 2294 ille
793 2239 898 2293 tibi
930 2239 1164 2294 credere
1208 2255 1323 2293 non
1362 2239 1508 2304 vult,
1542 2239 1656 2293 nisi
1696 2240 1900 2310 jures;
1933 2243 1998 2293 tu

349 2345 508 2402 ergo,
542 2329 591 2384 si
642 2344 710 2384 ea
753 2327 1096 2394 intentione,
1132 2343 1248 2398 qua
1297 2326 1634 2398 Apostolus,
1681 2329 1995 2399 juraveris.

352 2435 468 2474 non
499 2433 678 2472 erras.
712 2415 855 2470 Hinc
887 2415 1170 2471 Dominus
1201 2416 1261 2470 in
1293 2415 1598 2488 Evangelia
1630 2416 1806 2473 dicit:
1838 2417 2000 2487 Quod

356 2508 442 2562 his
469 2507 712 2577 amplius
741 2508 842 2572 est,
865 2522 896 2559 α
927 2505 1080 2559 malo
1111 2513 1187 2559 est
1210 2505 1417 2576 (Matth.
1445 2523 1499 2571 v,
1523 2506 1633 2576 37).
1659 2503 1766 2560 Ubi
1799 2510 1999 2561 notan-

356 2597 524 2660 dum,
557 2595 694 2666 quia
725 2610 838 2648 non
871 2594 973 2663 ait,
1008 2595 1218 2649 malum
1247 2597 1347 2659 est,
1380 2594 1503 2661 sed,
1537 2611 1572 2648 a
1612 2596 1755 2649 malo
1784 2603 1862 2649 est
1879 2612 1900 2656 ,°
1933 2612 1997 2651 ac

357 2685 408 2740 si
440 2685 658 2739 diceret
682 2699 693 2737 :
729 2683 891 2749 Quod
913 2687 976 2737 tu
1003 2684 1193 2753 juras,
1221 2684 1292 2738 ab
1322 2682 1484 2739 illius
1505 2682 1657 2738 malo
1679 2685 1995 2751 descendit,

357 2773 453 2843 qui
482 2778 537 2828 te
549 2774 749 2843 jurare
771 2773 976 2843 coegit.
995 2771 1278 2827 Dominus
1299 2771 1477 2844 igitur
1498 2771 1709 2828 idcirco
1731 2774 2000 2845 praecepit

359 2879 476 2918 non
494 2861 1058 2932 essejurandum,ne
1076 2860 1208 2932 quis
1225 2878 1328 2932 per
1343 2861 1996 2933 assiduitatemjurandi

357 2953 417 3006 in
452 2951 775 3022 perjurium
809 2949 1050 3004 incidat.
1073 2949 1240 3015 Nam,
1265 2949 1414 3004 sicut
1440 2949 1538 3020 qui
1571 2967 1684 3004 non
1714 2950 1995 3022 loquitur,

357 3058 474 3096 non
507 3038 810 3106 mentitur,
844 3037 925 3094 ita
954 3037 1054 3110 qui
1085 3055 1200 3093 non
1222 3038 1404 3109 jurat,
1438 3055 1552 3094 non
1585 3039 1862 3110 perjurat.
1887 3041 2000 3096 Sed

358 3130 497 3201 quid
529 3134 636 3195 est,
671 3129 824 3200 quod
857 3143 918 3183 se
947 3128 1264 3199 Apostolus
1293 3128 1351 3182 in
1395 3127 1604 3199 spiritu
1637 3129 1850 3184 servire
1881 3128 1996 3184 Deo

2110 549 2268 605 illius
2300 548 2592 621 praecepti,
2627 548 2779 620 quod
2812 546 2952 602 alibi
2983 545 3197 614 docuit,
3228 545 3428 600 dicens
3463 562 3475 601 :
3517 545 3650 600 Sine
3680 547 3778 601 ina-

2108 639 2451 693 termissione
2481 644 2635 693 orate
2663 637 2709 708 (1
2743 637 2919 692 Thess.
2950 653 3009 702 v,
3041 637 3150 705 17).
3191 636 3301 690 Sed
3335 647 3515 706 quare
3544 635 3773 691 Roma-

2108 726 2202 782 nis
2230 726 2491 782 indicare
2520 725 2722 794 voluit,
2756 725 2911 798 quod
2954 739 3185 797 semper
3231 739 3335 796 pro
3385 724 3470 780 eis
3515 729 3715 780 oraret
3742 724 3774 779 ?

2109 815 2216 879 Qui
2239 815 2397 870 enim
2423 830 2659 870 necesse
2683 817 2773 871 est
2793 813 2998 870 amicis
3020 813 3236 869 nostris
3266 812 3543 880 indicare,
3569 813 3618 869 si
3653 829 3769 886 pro

2107 904 2192 959 eis
2220 904 2508 959 oramus?
2540 904 2652 959 Hoc
2699 903 2830 958 ideo
2858 900 3170 974 Apostolus
3217 902 3354 974 egit,
3387 905 3453 956 ut
3505 902 3770 958 Romani

2069 1051 2075 1057 ,
2106 993 2296 1068 magis
2325 1009 2460 1048 eum
2491 992 2820 1062 diligerent,
2852 997 2910 1047 et
2938 992 3067 1063 ejus
3099 991 3401 1063 praeceptis
3429 991 3772 1050 obedirent.

2106 1073 2290 1153 Magis
2320 1081 2537 1154 quippe
2567 1095 2676 1136 nos
2704 1079 2974 1146 audiunt,
3005 1080 3104 1151 qui
3135 1078 3410 1152 diligunt,
3438 1095 3616 1152 quam
3650 1080 3768 1153 qui

2104 1171 2238 1226 odio
2268 1171 2504 1226 habent.
2538 1173 2805 1226 Attamen
2833 1169 3145 1242 Apostolus
3176 1169 3558 1225 intentionem
3589 1173 3651 1225 et
3681 1171 3767 1224 ﬁ-

2106 1275 2243 1315 nem
2269 1260 2358 1315 sui
2383 1257 2606 1331 placiti,
2633 1272 2747 1315 non
2773 1260 2830 1313 in
2854 1275 2935 1325 se,
2960 1259 3059 1314 sed
3082 1258 3141 1313 in
3164 1258 3408 1314 Domino
3429 1258 3767 1330 constituit,

2107 1353 2173 1404 ut
2201 1364 2305 1420 per
2333 1348 2702 1405 dilectionem
2734 1365 2900 1404 suam
2937 1348 3280 1420 perduceret
3309 1362 3410 1404 eos
3459 1348 3529 1403 ad
3577 1347 3766 1404 dilec-

2107 1436 2329 1493 tionem
2362 1436 2483 1493 Dei.

2177 1525 2453 1598 Sequitur
2485 1541 2498 1580 :
2551 1526 2864 1593 Obsecrans,
2898 1529 2959 1580 ut
2999 1527 3051 1580 si
3093 1524 3358 1597 quomodo
3389 1525 3614 1581 tandem
3643 1527 3767 1583 ali-

2104 1615 2324 1686 quando
2352 1630 2675 1686 prosperum
2701 1617 2808 1670 iter
2831 1613 3063 1670 habeam
3102 1615 3164 1668 in
3211 1615 3489 1670 voluntate
3516 1615 3617 1670 Dei
3663 1629 3766 1671 ve-

2102 1703 2298 1758 niendi
2317 1703 2388 1758 ad
2417 1719 2524 1759 vos.
2549 1704 2930 1759 Proﬁciscens
2955 1702 3269 1775 Apostolus
3293 1704 3364 1759 ad
3387 1703 3760 1776 praedicatio-

2111 1792 2203 1848 nis
2233 1792 2514 1859 ofﬁcium,
2545 1793 2786 1865 optabat
2821 1792 3093 1865 precibus
3138 1797 3196 1848 et
3247 1792 3762 1850 obsecrationibus

2106 1879 2386 1949 obtinere,
2420 1885 2486 1936 ut
2530 1897 2875 1954 prosperum
2924 1881 3033 1937 iter
3082 1881 3320 1937 haberet
3365 1881 3636 1938 veniendi
3679 1882 3757 1939 ad

2108 1970 2419 2026 Romanos.
2463 1971 2572 2026 Sed
2604 1985 2784 2042 quare
2815 1971 3060 2042 addidit,
3093 1973 3151 2025 in
3183 1972 3461 2027 voluntate
3488 1971 3627 2026 Dei?
3656 1970 3761 2028 Vid-

2107 2059 2335 2130 delicet,
2370 2060 2509 2131 quia
2537 2063 2775 2115 noverat
2814 2077 2942 2117 esse
2980 2060 3425 2132 prosperitatem
3473 2059 3600 2117 sine
3651 2077 3762 2117 νοι-

2107 2151 2330 2212 1untate
2361 2149 2508 2204 Dei:
2561 2165 2694 2205 ecce
2739 2149 2894 2204 enim
2948 2147 3087 2204 mali
3132 2148 3555 2221 temporalibus
3585 2149 3763 2208 bonis

2109 2242 2526 2311 prosperantur
2554 2239 2709 2310 (80);
2743 2239 2844 2294 sed
2875 2239 2998 2294 haec
3030 2238 3386 2311 prosperitas
3420 2255 3536 2294 non
3571 2243 3660 2296 est
3689 2257 3763 2297 ex

2105 2329 2400 2384 voluntate
2430 2327 2552 2384 Dei.
2585 2329 2862 2401 Sequitur
2892 2347 2905 2385 :
2961 2328 3216 2385 Desidere
3246 2330 3397 2384 enim
3428 2327 3612 2386 videre
3638 2346 3756 2403 vos,

2107 2426 2168 2473 ut
2202 2419 2417 2489 aliquid
2458 2420 2768 2489 impertiar,
2798 2421 2905 2473 etc.
2941 2418 3055 2472 Cur
3101 2417 3471 2474 desiderabat
3519 2431 3618 2476 eos
3670 2418 3759 2475 vi-

2106 2507 2241 2562 dere
2260 2507 2288 2560 ‘?
2317 2506 2613 2577 Numquid
2649 2505 2898 2561 levitatis
2928 2507 3148 2576 studio,
3177 2507 3329 2562 sicut
3358 2505 3628 2564 homines
3661 2524 3764 2580 pa-

2106 2600 2301 2651 rentes
2334 2613 2492 2662 suos,
2517 2595 2710 2650 studio
2741 2595 3065 2667 epulandi?
3094 2594 3239 2651 Non.
3263 2595 3376 2652 Sed
3407 2595 3532 2669 ipse
3562 2591 3761 2654 reddit

2105 2701 2367 2751 causam,
2403 2684 2621 2752 dicens,
2652 2687 2714 2738 ut
2757 2684 2969 2756 atiquid
3010 2686 3304 2756 impertiar
3344 2685 3500 2742 vobis
3550 2689 3756 2757 gratiae

2105 2775 2418 2845 spiritalis:
2453 2773 2509 2827 id
2539 2777 2646 2837 est,
2671 2778 2734 2828 ut
2765 2774 3088 2829 doctrinam
3115 2778 3172 2830 et
3201 2771 3553 2831 miraculum
3584 2777 3757 2833 vobis

2106 2862 2361 2918 tribuam
2395 2863 2786 2934 patrationum
2811 2863 2942 2934 (81).
2968 2864 3052 2918 Ad
3087 2863 3225 2934 quid
3259 2867 3451 2920 autem
3484 2861 3606 2922 haec
3636 2864 3757 2920 im-

2107 2950 2306 3022 pertiri
2333 2950 2490 3020 velit,
2515 2950 2792 3022 aperitur,
2813 2967 2945 3005 cum
2976 2951 3286 3007 subditur:
3321 2953 3399 3008 Ad
3427 2955 3766 3025 conﬁrman-

2107 3039 2199 3094 dos
2246 3055 2354 3107 vos,
2387 3038 2602 3111 quibus
2651 3038 2842 3094 verbis
2894 3039 3148 3095 ostendit
3195 3057 3294 3096 eos
3343 3040 3534 3097 adhuc
3588 3058 3762 3115 egere

2108 3127 2244 3182 ﬁdei
2267 3127 2725 3195 conﬁrmatione,
2749 3129 3020 3199 quamvis
3051 3144 3149 3185 eos
3175 3129 3446 3201 superius
3477 3127 3761 3189 laudibus

358 3219 584 3285 asserit,
619 3234 753 3273 cum
787 3217 1056 3282 servitus,
1092 3216 1348 3288 corporis
1379 3216 1457 3272 sit
1499 3216 1780 3281 ofﬁcium,
1813 3217 1996 3272 oratio
2028 3202 2070 3269 C
2110 3215 2450 3288 praetulerit,
2475 3232 2542 3271 ea
2571 3216 2793 3272 scilicet
2822 3216 3161 3283 intentione,
3186 3223 3361 3288 utea,
3384 3233 3514 3291 qua
3545 3217 3605 3274 in
3639 3216 3760 3277 illis

355 3324 510 3377 vero,
543 3307 757 3362 mentis
780 3305 808 3359 ‘t
835 3308 1108 3361 Attamen
1138 3305 1444 3360 sciendum
1474 3305 1614 3376 quia
1661 3307 1855 3377 majus
1885 3305 1993 3361 ali-

355 3397 494 3469 quid
517 3395 698 3452 voluit
719 3396 1138 3462 demonstrare,
1155 3394 1376 3450 scilicet
1393 3394 1508 3449 vim
1532 3411 1652 3450 sum
1676 3395 1996 3450 devotionis

351 3491 408 3542 et
444 3485 785 3542 affectionis.
819 3485 1014 3540 Potest
1059 3484 1214 3539 enim
1263 3484 1475 3555 aliquis
1522 3483 1648 3539 sine
1695 3483 1995 3539 devotione

352 3574 442 3631 vel
462 3574 765 3630 affectione
791 3588 955 3628 orare
979 3589 992 3626 :
1016 3576 1415 3628 verumtamen
1440 3571 1566 3626 sine
1586 3571 1678 3626 his
1700 3572 1758 3625 in
1787 3571 1993 3643 spiritu

273 3709 278 3714 .
354 3663 472 3718 Deo
503 3663 716 3718 servire
755 3678 926 3716 nemo
976 3665 1182 3732 potest.
1216 3662 1288 3716 Ut
1333 3677 1468 3733 ergo
1521 3660 1831 3731 Apostolus
1879 3677 1995 3716 suae

356 3751 573 3807 mentis
603 3751 989 3820 devotionem,
1012 3751 1492 3821 affectionemque
1521 3750 1869 3821 ostenderet,
1895 3751 1995 3806 ad-

348 3841 492 3911 jecit
518 3857 531 3894 :
563 3841 626 3895 In
644 3840 936 3909 Evangelio
955 3839 1061 3908 ﬁlii
1082 3841 1216 3910 ejus.
1241 3839 1378 3894 Sine
1399 3838 1709 3909 Evangelio
1742 3855 1995 3910 namque

355 3934 470 3985 Deo
502 3929 716 3984 servire
747 3927 944 3984 nullus
975 3933 1184 3999 potest.
1205 3929 1320 3983 Cur
1349 3933 1546 3983 autem
1573 3928 1757 3983 Deum
1787 3932 1995 3984 testem

355 4017 661 4085 vocaverit,
694 4019 969 4088 ostendit,
1002 4017 1365 4089 subjungens
1400 4033 1411 4072 :
1465 4016 1618 4084 Quod
1655 4018 1776 4072 sine
1823 4019 1996 4071 inter-

357 4109 616 4163 missione
633 4108 958 4163 memoriam
979 4109 1140 4173 vestri
1158 4108 1304 4177 facio
1327 4121 1538 4177 semper
1567 4108 1628 4160 in
1656 4107 1997 4161 orationibus

354 4199 512 4268 meis,
545 4202 601 4253 et
629 4196 874 4268 reliqua.
899 4195 1047 4260 Quid
1079 4199 1188 4263 est,
1212 4195 1366 4266 quod
1399 4211 1461 4249 se
1492 4195 1632 4249 dicit
1661 4211 1911 4266 semper,
1943 4199 1999 4250 et

357 4285 483 4341 sine
513 4285 967 4352 intermissione,
997 4285 1340 4340 memoriam
1381 4283 1568 4338 facere
1600 4283 1995 4340 Romanorum

358 4377 415 4431 in
448 4374 808 4431 orationibus
829 4373 995 4431 suis?
1024 4373 1303 4443 Nunquid
1325 4387 1440 4426 non
1464 4372 1875 4442 manducabat,
1898 4377 1999 4429 aut

359 4464 645 4520 bibebat?
676 4463 758 4521 Ne
795 4481 932 4536 ergo
963 4461 1321 4518 contrarium
1356 4459 1639 4533 videatur,
1671 4460 1996 4534 intelligen-

2105 3304 2448 3376 corrigenda
2495 3309 2680 3370 erant,
2716 3305 2946 3361 facilius
2992 3305 3202 3379 corrigi
3251 3315 3508 3380 possent.
3543 3308 3607 3363 In
3639 3323 3758 3382 quo

2105 3394 2255 3448 facto
2303 3409 2410 3448 nos
2458 3409 2788 3464 monemur,
2821 3399 2886 3450 ut
2934 3395 3161 3466 quoties
3191 3395 3251 3450 in
3284 3395 3550 3468 personis
3582 3397 3761 3454 nobi-

2103 3481 2247 3537 lium
2263 3481 2459 3554 aliqua
2471 3482 2949 3554 reprehensibilia
2962 3484 3249 3557 corrigere
3261 3483 3756 3558 volumus,prius,

2105 3572 2154 3626 si
2186 3587 2303 3642 qua
2326 3576 2464 3626 sunt
2494 3571 2550 3626 in
2582 3571 2696 3627 illis
2730 3573 2900 3641 bona,
2926 3572 3200 3629 laudibus
3231 3575 3631 3646 praeferamus.
3655 3575 3754 3632 Se-

2105 3661 2306 3732 quitur
2331 3677 2344 3716 :
2375 3660 2434 3716 Id
2461 3669 2560 3727 est,
2591 3662 2761 3716 simul
2789 3663 3065 3718 consolari
3093 3664 3150 3717 in
3182 3664 3348 3718 vobis.
3377 3663 3758 3722 Desiderabat

2106 3749 2308 3820 utique
2326 3749 2642 3821 Apostolus
2665 3766 2725 3806 se
2747 3750 3033 3806 consolari
3059 3751 3116 3805 in
3142 3751 3442 3818 Romanis,
3463 3756 3522 3808 et
3545 3753 3755 3810 Roma-

2105 3855 2212 3893 nos
2262 3838 2322 3893 in
2373 3854 2454 3904 se,
2487 3843 2544 3893 et
2591 3853 2707 3894 non
2757 3856 2825 3894 ex
2875 3857 2993 3895 una
3034 3843 3261 3895 tantum
3305 3845 3487 3912 parte,
3521 3843 3624 3898 sed
3661 3858 3767 3914 per

2104 3942 2480 3982 communem
2513 3926 2711 3997 ﬁdem,
2745 3932 2801 3981 et
2849 3927 3034 3982 sancti
3074 3927 3324 3999 Spiritus
3366 3928 3754 3987 illuminatio‘

2104 4031 2237 4069 nem
2271 4031 2284 4069 :
2332 4014 2488 4070 unde
2518 4031 2652 4069 mox
2688 4014 2962 4070 subditur
2995 4035 3007 4072 :
3059 4021 3168 4071 Per
3193 4032 3333 4088 eam,
3368 4033 3485 4090 quae
3519 4020 3758 4076 invicem

2104 4107 2203 4172 est,
2235 4103 2364 4173 ﬁdes
2395 4111 2588 4174 vestra,
2621 4108 2786 4176 atque
2814 4120 2933 4159 mea
2957 4105 3090 4176 (82).
3124 4105 3288 4161 Tunc
3317 4106 3473 4162 enim
3504 4109 3755 4179 Aposto-

2106 4191 2199 4247 lus
2241 4192 2301 4246 in
2333 4191 2610 4248 Romanis
2641 4192 3055 4262 consolaretur,
3089 4193 3138 4250 si
3170 4195 3600 4266 praedicationis
3631 4211 3751 4254 suae

2106 4281 2366 4337 ofﬁcium
2393 4280 2454 4336 in
2486 4281 2570 4338 eis
2600 4287 2858 4338 cerneret
2886 4282 3224 4350 solidatum,
3256 4289 3313 4340 et
3349 4283 3463 4358 ipsi
3508 4285 3569 4342 in
3600 4289 3756 4360 Apo-

2107 4369 2277 4438 stolo,
2303 4371 2352 4428 si
2373 4387 2436 4427 se
2455 4371 2716 4442 ejusdem
2739 4371 3122 4444 apostolatus,
3142 4376 3200 4428 et
3218 4373 3524 4447 dignitatis
3545 4373 3758 4433 intelli-

2104 4464 2307 4532 gerent
2356 4461 2474 4516 fore
2523 4461 2835 4533 participes
2884 4461 3017 4534 (83).
3078 4461 3190 4535 (84)
3246 4462 3570 4536 Sequitur:
3623 4465 3758 4523 Nolo

359 4555 498 4609 dum
532 4558 640 4619 est,
675 4554 813 4625 quia
843 4553 969 4608 sine
999 4550 1433 4605 intermissione
1463 4549 1624 4616 dicit,
1646 4549 1705 4604 id
1737 4553 1845 4621 est,
1873 4551 1998 4607 sine
2030 4573 2076 4638 Β
2105 4553 2290 4605 autem
2328 4566 2420 4607 vos
2464 4551 2742 4620 ignorare,
2772 4553 2992 4622 fratres,
3026 4553 3158 4624 quia
3186 4551 3323 4624 saepe
3365 4555 3632 4626 proposui
3660 4569 3761 4610 ve-

359 4643 535 4699 ullius
556 4643 671 4698 diei
694 4640 996 4697 intervallo
1017 4656 1030 4694 :
1057 4638 1256 4694 nullus
1277 4639 1493 4710 quippe
1510 4638 1633 4694 dies
1655 4639 1997 4710 prteteribat,

360 4749 474 4804 quo
490 4730 805 4805 Apostolus
826 4747 930 4802 pro
945 4727 1226 4784 Romanis
1239 4727 1354 4782 Deo
1372 4727 1650 4799 speciales
1667 4745 1868 4800 preces
1889 4747 2004 4786 non

430 4912 542 4984 (80)
577 4911 1165 4984 Prosper_itatem__esse
1209 4906 1330 4984 sine
1376 4907 1656 4984 voluntate
1691 4910 1787 4964 Dei
1820 4926 1832 4965 :
1887 4927 2004 4967 non

358 4976 445 5038 ibi
488 4976 934 5054 intelligendum
986 4976 1243 5054 aliquam
1299 4977 1636 5054 hominibus
1674 4984 2006 5054 contingere

360 5049 809 5138 prosperitatem
840 5049 1085 5138 nolente,
1105 5049 1218 5138 Deo
1250 5067 1262 5104 :
1299 5067 1485 5138 neque
1514 5049 2006 5138 enimnita‘eloqui

400 5121 551 5182 otuit
581 5128 786 5195 auctor
815 5125 1032 5195 noster,
1066 5121 1164 5195 qui
1190 5121 1304 5195 hac
1334 5121 1579 5195 epistola
1608 5124 1761 5178 infra
1791 5121 1944 5180 bona
1973 5143 2006 5180 a

400 5145 551 5182 οιυιι
581 5145 786 5180 aucwr
816 5145 1032 5186 uuswr,
1066 5145 1164 5192 qu:
1197 5145 1304 5176 nuc
1334 5145 1579 5195 eplswm
1609 5145 1761 5178 mlra
1791 5145 1944 5180 Dona
1973 5145 2004 5180 8.

359 5145 475 5253 Deo
504 5195 680 5251 malis
710 5191 1050 5247 hominibus
1077 5193 1221 5260 dari,
1246 5195 1426 5248 cibum
1458 5194 1700 5262 scilicet,
1727 5197 2004 5264 laetitiam,

359 5275 630 5339 tempora
651 5279 876 5339 serena,
900 5267 954 5318 et
982 5263 1276 5321 fructifera
1306 5267 1512 5322 asserit
1536 5282 1552 5339 :
1582 5268 1682 5322 sed
1713 5271 2007 5338 tempora-

364 5334 1110 5409 lem-prpsperitatemxam
1133 5353 1245 5392 non
1269 5354 1396 5393 esse
1419 5334 1867 5409 intelligendum
1897 5343 2005 5405 est,

359 5403 541 5482 quam
564 5403 718 5482 Deus
746 5403 869 5482 vult
898 5423 1002 5463 nos
1028 5410 1453 5480 concupiscere,
1475 5414 1532 5482 et
1558 5403 1799 5482 propter
1828 5403 2006 5480 quam

358 5477 468 5538 nos
498 5477 730 5549 creavit,
757 5477 857 5534 sed
889 5481 1080 5549 potius
1111 5477 1388 5536 aeternam
1420 5477 1754 5536 felicitatem
1786 5477 2005 5535 et'san-

357 5547 770 5620 ctiﬁcationem
804 5547 1063 5606 nostram
1099 5568 1112 5606 :
1166 5553 1284 5609 haec
1316 5559 1399 5608 est
1424 5552 1572 5607 enim
1600 5551 1860 5607 voluntas
1886 5553 2008 5620 Dei,

355 5619 713 5693 sanctiﬁcatio
742 5628 924 5681 vestra
950 5640 970 5682 :
1000 5623 1074 5681 ad
1105 5623 1128 5681 Ι
1157 5623 1371 5694 Thess,
1404 5639 1481 5693 ιν,
1514 5623 1568 5695 3,
1599 5636 1779 5694 quam
1811 5637 1947 5681 cum
1977 5639 2013 5682 a

2107 4641 2236 4696 nire
2264 4641 2339 4696 ad
2365 4656 2476 4710 vos,
2500 4647 2553 4695 et
2573 4640 2881 4712 prohibitus
2908 4657 3030 4696 sum
3057 4657 3228 4714 usque
3254 4640 3450 4698 adhuc.
3478 4644 3560 4698 Ac
3590 4642 3640 4700 si
3671 4643 3760 4699 di-

2115 4732 2315 4785 ceret:
2367 4727 2508 4783 Nolo
2561 4744 2663 4782 vos
2710 4744 2837 4784 esse
2886 4730 3139 4802 ignaros,
3172 4731 3450 4803 quoniam
3480 4730 3762 4789 intentio-

2114 4906 2286 4962 nobis
2315 4904 2653 4980 desiderari
2700 4905 2840 4980 velit
2885 4907 3059 4980 Deus,
3093 4907 3270 4979 hujus
3300 4907 3760 4980 comparatione,

2114 4983 2268 5034 recte
2297 4977 2921 5048 diciturtemporalem
2970 4977 3303 5036 felicitatem
3352 4977 3469 5036 non
3519 4996 3651 5038 esse
3695 4995 3767 5037 ex

2115 5050 2414 5104 voluntate
2443 5047 2565 5103 Dei.

2189 5121 2299 5191 (81)
2333 5120 2599 5175 Fortasse
2648 5118 2984 5192 legendum,
3021 5121 3421 5178 miraculorum
3465 5123 3616 5179 vobis
3665 5125 3767 5180 tri-

2119 5191 2279 5246 buam
2306 5208 2379 5262 pa
2389 5192 2702 5246 (rationem.

2191 5261 2416 5332 (82)’Ibi
2447 5267 2638 5336 tentus
2665 5261 2926 5334 Vulgatze
2958 5263 3135 5318 habet
3166 5280 3179 5318 :
3223 5280 3318 5334 per
3344 5281 3487 5332 eam,
3520 5281 3646 5336 quae
3676 5267 3764 5322 in-

2118 5337 2291 5391 vicem
2319 5337 2416 5404 est,
2447 5334 2608 5401 ﬁdem
2635 5339 2896 5406 vestram,
2927 5340 3090 5406 atque
3115 5352 3315 5391 meum.

2191 5407 2304 5482 (8:3)
2335 5406 2398 5482 in
2428 5405 2788 5477 autographo
2819 5405 2900 5482 ita
2929 5405 3235 5482 intelligere
3271 5408 3414 5482 forte
3443 5409 3765 5482 participes,

2120 5475 2643 5549 quodalienum'a
2677 5475 2946 5549 “genuina
2975 5475 3221 5535 lecticae
3251 5475 3396 5535 mihi
3426 5475 3622 5537 visum
3650 5475 3767 5537 est.

2193 5547 2306 5622 (84)
2337 5546 2400 5602 In
2432 5551 2550 5604 aut.
2584 5546 2770 5622 marg.
2804 5565 2854 5605 c.
2889 5549 2985 5605 III.
