3956 6230
138 289 236 347 137

709 285 1128 346 EXPOSITIO
1175 285 1248 344 IN
1294 281 1726 345 EHSTOLAS
1775 283 2028 345 PAULI.
2065 316 2140 327 —
2172 285 2243 342 IN
2292 282 2540 344 EPIST.
2589 286 2691 343 AD
2741 287 2927 344 ROM.

3409 293 3524 354 138

140 433 279 484 nem,
311 421 368 472 et
395 420 597 472 votum
635 416 814 471 habui
846 415 1115 471 veniendi
1151 416 1220 470 ad
1253 432 1376 481 vos,
1399 417 1495 471 sed
1517 413 1772 486 prohibi-
1806 415 1858 480 Α
1890 431 2025 483 ergo
2055 427 2164 481 est,
2191 430 2325 468 cum
2362 415 2681 486 unicuique
2713 416 3013 487 proprium
3047 418 3176 487 ejus
3209 419 3521 477 tribuitur:

137 518 220 563 tus
273 523 400 563 sum
461 521 654 577 usque
713 505 905 560 adhuc
958 506 1368 576 praedicatione
1431 510 1768 559 castorarum

136 596 402 668 gentium,
435 611 568 664 quas
603 611 739 649 cum
775 594 1156 661 crediderint,
1190 599 1245 648 et
1280 611 1408 650 mea
1440 593 1770 666 praadicatio

136 685 185 738 in
212 684 289 740 eis
317 683 668 739 confirmata
702 681 898 749 fuerit,
928 683 1156 738 veniam
1193 684 1261 737 ad
1296 700 1418 738 vos.
1467 683 1536 737 Ut
1575 687 1769 738 autem

137 773 470 841 ostenderet,
506 772 649 842 quia
679 787 794 826 non
829 772 1028 826 studio
1062 771 1313 825 levitatis
1346 771 1586 838 veniret,
1621 771 1772 838 adje-

137 861 236 916 cit:
262 863 320 918 Ut
347 862 595 932 aliquem
625 860 877 930 fructum
908 859 1142 914 habeam
1172 868 1224 914 et
1255 862 1312 913 in.
1346 860 1512 922 vobis,
1544 861 1684 912 sie-nt
1723 862 1772 912 et

138 952 190 1004 in
217 952 427 1006 caeteris
465 949 760 1018 gentibus;
819 953 1098 1019 tanquam
1153 948 1411 1003 diceret:
1470 947 1611 1000 Eum
1661 947 1774 999 fru-

139 1043 303 1109 ctum,
350 1054 528 1109 quem
579 1053 674 1092 me
714 1037 783 1090 de
819 1037 1041 1090 cmteris
1081 1036 1353 1106 gentibus
1395 1039 1770 1105 accepturum

140 1127 315 1192 credo,
351 1143 495 1198 quas
531 1127 605 1180 ab
646 1124 1062 1195 Hierosolymis
1096 1140 1281 1194 usque
1333 1125 1402 1177 ad
1459 1123 1770 1191 Illyricum,

141 1217 283 1286 quod
314 1220 400 1269 est
429 1218 606 1285 caput
634 1214 1036 1283 Europze,mea
1063 1211 1469 1282 praedicatione
1493 1213 1562 1265 ad
1601 1211 1771 1264 ﬁdem

141 1303 344 1359 Christi
371 1302 590 1373 vocavi,
625 1317 759 1356 eum
795 1301 940 1356 etin
986 1300 1152 1355 vobis
1202 1299 1446 1368 habebo,
1495 1299 1773 1370 largiente

143 1393 331 1446 divina
359 1390 777 1446 misericordia.

209 1480 507 1551 Sequitur:
544 1480 746 1535 Graecis
776 1495 838 1533 ac
869 1479 1144 1543 barbaris,
1176 1478 1515 1548 sapientibus
1543 1487 1593 1532 et
1635 1477 1772 1532 insi-

136 1570 398 1640 pientibus
437 1570 647 1625 debitor
697 1585 835 1622 sam.
889 1568 1114 1622 Grmcos
1159 1566 1413 1638 appellat
1458 1566 1770 1637 sapientes,

137 1675 229 1713 eos
259 1657 499 1725 scilicet,
528 1657 628 1728 qui
661 1655 1078 1728 philosophiam
1110 1656 1425 1710 studebant
1474 1654 1770 1724 doctrinae,

1885 505 2034 556 unde
2066 509 2122 556 et
2145 505 2344 576 justus
2379 504 2611 570 dicitur,
2639 521 2704 558 eo
2727 506 2880 574 quod
2900 507 3001 574 jus
3020 508 3326 561 custodiat.
3353 509 3530 564 Justi-

1880 593 1962 646 tia
1992 599 2185 646 autem
2223 593 2321 647 Dei
2353 592 2621 647 Christus
2653 597 2760 662 est,
2796 610 2920 665 qua:
2954 595 3240 651 reveletur
3270 597 3328 652 in
3359 599 3446 669 eo,
3469 598 3528 655 id

1881 686 1969 735 est
2001 699 2103 751 per
2135 681 2302 750 illud,
2337 681 2559 736 scilicet
2592 698 2696 753 per
2727 683 3127 754 Evangelium.
3180 686 3341 751 Quod
3399 705 3533 744 vero

1882 769 2040 840 dicit,
2095 788 2162 825 er
2208 770 2311 840 ﬁde
2361 773 2416 824 in
2476 770 2655 839 fidem,
2707 771 2822 826 tale
2871 777 2981 843 est,
3034 773 3204 846 quale
3249 780 3306 830 et
3363 776 3527 843 illud,

1882 859 2034 930 quod
2070 859 2205 913 alibi
2241 859 2362 912 ait:
2394 861 2496 914 Nos
2525 864 2709 914 autem
2740 861 2976 916 revelata
3006 866 3149 932 [acie
3191 866 3529 936 speculantes

1881 949 2114 1016 gloriam
2147 948 2262 1012 Dei,
2288 951 2754 1016 trans/armantur
2780 951 2836 1002 iu
2867 950 3116 1005 eamdem
3166 954 3466 1024 imaginem
3494 971 3528 1009 a

1882 1037 2058 1103 gloria
2092 1037 2148 1089 in
2170 1038 2425 1104 gloriam,
2459 1046 2718 1108 tanquam
2747 1055 2782 1092 α
2817 1040 3037 1093 Domini
3061 1042 3273 1112 Spiritu
3305 1044 3376 1112 (II
3405 1043 3525 1098 Cor.

1887 1140 1966 1186 ιιι,
1999 1124 2099 1186 18).
2139 1128 2178 1176 Α
2211 1123 2395 1193 gloria
2425 1124 2563 1178 dicit
2597 1125 2887 1195 Evangelii
2921 1128 2990 1181 ad
3027 1127 3271 1198 gloriam
3305 1136 3527 1186 aeterna:

1887 1213 2395 1266 remunerationis.
2431 1213 2714 1268 Similiter
2743 1220 2799 1269 et
2829 1216 2944 1280 hic,
2995 1235 3061 1272 ex
3113 1219 3224 1273 fide
3274 1217 3418 1290 legis
3468 1225 3526 1274 in

1886 1300 2059 1354 fidem
2087 1301 2403 1371 Evangelii,
2436 1301 2520 1356 vel
2556 1319 2622 1356 ex
2655 1303 2765 1357 ﬁde
2794 1304 3103 1360 verborum
3153 1311 3209 1361 et
3260 1324 3526 1380 operum,

1883 1388 1943 1442 in
1973 1389 2146 1444 [idem
2180 1395 2403 1444 aeterna:
2429 1391 2851 1461 retributionis,
2882 1394 2999 1449 sive
3031 1413 3097 1450 ex
3128 1396 3240 1450 ﬁde
3271 1396 3529 1452 hominis

1884 1477 1940 1530 in
1977 1477 2146 1532 fidem
2175 1479 2290 1532 Dci.
2329 1480 2394 1534 Et
2425 1485 2489 1533 ut
2521 1497 2690 1535 suam
2744 1483 3138 1540 narrationem
3184 1485 3528 1557 prophetico

1884 1566 2218 1621 testimonio
2268 1570 2692 1640 comprobaret,
2753 1571 3003 1641 adjecit:
3055 1575 3206 1629 Sicut
3269 1577 3531 1648 scriptum

1883 1663 1991 1709 est:
2031 1657 2213 1711 Justus
2241 1667 2427 1712 autem
2458 1675 2526 1712 ea:
2566 1660 2673 1729 ﬁde
2707 1663 2857 1715 rivit.
2885 1662 3047 1725 Quod
3079 1663 3238 1731 dicit,
3288 1681 3358 1720 ea:
3405 1664 3528 1734 ﬁde,

139 1746 253 1801 sive
283 1745 383 1816 qui
409 1745 636 1816 legibus
667 1745 1004 1810 utebantur,
1039 1745 1319 1799 barbaros
1349 1759 1506 1809 vero,
1539 1743 1770 1798 idiotas.
1806 1787 1852 1851 Β
1886 1760 1999 1798 non
2031 1743 2131 1798 illa
2161 1751 2249 1800 est
2279 1745 2675 1818 intelligenda,
2711 1765 2834 1818 qua:
2868 1751 3041 1805 verbo
3070 1756 3243 1807 tenus
3276 1757 3529 1822 tenetur,

140 1835 204 1889 Et
233 1839 297 1888 ut
325 1834 596 1906 aperiret,
629 1849 772 1905 quos
802 1833 1014 1888 dixerit
1054 1832 1308 1898 Grmcos,
1353 1848 1419 1886 ac
1471 1832 1774 1899 barbaros,

142 1924 264 1978 ideo
313 1922 564 1977 addidit:
626 1921 966 1991 Sapientiwa
1023 1930 1076 1974 et
1135 1922 1519 1992 insipientibus
1565 1921 1778 1976 debitor

140 2029 272 2066 sum.
303 2011 406 2065 His
435 2010 653 2082 quippe
688 2011 914 2064 debitor
940 2014 1067 2064 erat
1099 2025 1200 2080 per
1247 2010 1542 2081 patientiae
1602 2009 1777 2065 virtu-

147 2106 286 2156 tem:
320 2104 379 2155 et
405 2116 605 2155 revera
634 2098 797 2153 nulla
863 2100 1050 2168 major
1106 2103 1195 2154 est
1243 2099 1544 2169 patientia,
1597 2116 1775 2170 quam

145 2189 450 2244 stultorum
485 2189 743 2259 impetus
777 2189 1089 2244 sustinere.
1126 2187 1378 2259 Ita,quod
1403 2190 1462 2243 in
1478 2205 1583 2253 me,
1599 2205 1780 2259 prom-

139 2291 284 2350 ptam
315 2283 464 2334 estet
495 2279 666 2346 vobis,
692 2279 790 2348 qui
815 2279 1001 2333 Romae
1032 2278 1178 2345 estis,
1209 2277 1602 2347 evarigetiz-are.
1629 2279 1707 2331 Ac
1729 2277 1776 2332 si

141 2368 352 2422 diceret
375 2385 387 2422 :
424 2366 586 2421 Sicut
613 2367 843 2421 debitor
873 2383 1002 2421 sum
1029 2365 1395 2437 sapientibus
1417 2370 1474 2420 et
1498 2365 1777 2437 insipien-

141 2456 295 2511 tibus
324 2474 337 2522 ;
369 2455 450 2510 ita
478 2456 705 2511 debitor
735 2471 867 2510 sum
899 2454 1292 2527 evangelizare
1341 2459 1398 2509 et
1440 2454 1627 2519 vobis,
1680 2453 1775 2526 qui

143 2545 329 2600 Roma
361 2544 523 2610 estis,
557 2545 713 2614 quod
747 2544 806 2599 in
831 2560 922 2599 me
940 2549 1276 2616 promptum
1301 2547 1409 2599 est.
1435 2547 1501 2598 Et
1525 2542 1663 2615 quia
1684 2560 1782 2614 po-

143 2639 283 2689 terat
313 2632 528 2705 aliquis
559 2633 790 2688 dicere:
825 2635 1006 2698 Quem
1038 2632 1123 2687 vis
1152 2632 1592 2703 evangelizare‘?
1619 2632 1779 2687 Nun-

141 2723 271 2794 quid
300 2722 603 2779 Christum
654 2721 1041 2777 cruciﬁxum?
1089 2722 1274 2785 Quare
1319 2738 1433 2777 non
1483 2721 1780 2777 erubescis

89 2804 94 2811 ’
142 2829 266 2867 eum
291 2811 638 2867 cruciﬁxum
670 2810 1063 2884 evangelizare
1083 2810 1110 2864 ?
1134 2812 1216 2865 Ad
1250 2810 1371 2866 haec
1392 2811 1517 2883 ipse
1539 2827 1780 2882 respon-

140 2902 268 2956 det:
297 2902 413 2957 Νοη
443 2903 601 2956 enim
649 2901 898 2956 erubesco
945 2901 1324 2970 E-vangelium,
1377 2899 1532 2970 quod
1579 2900 1781 2970 utique

137 2991 202 3045 ad
233 2990 642 3046 confusionem
676 2988 940 3060 gentium
971 2989 1193 3044 dictum
1241 2994 1348 3052 est,
1382 3005 1507 3059 qua:
1556 2989 1778 3058 Jovem,

137 3080 448 3134 Saturnum
467 3085 526 3134 et
544 3082 786 3133 caeteros
806 3079 946 3132 deos
968 3077 1360 3148 colebant,sed
1386 3094 1587 3132 eorum
1625 3077 1781 3150 flagi-

1886 1832 1986 1886 sed
2011 1849 2135 1903 quae
2169 1835 2443 1904 operibus
2475 1836 2848 1908 adimpletur,
2884 1840 3022 1909 quia
3044 1840 3326 1896 ﬁdessine
3348 1841 3532 1913 operi-

1885 1922 1996 1977 bus
2027 1926 2258 1976 mortua
2289 1927 2377 1977 est
2408 1924 2467 1978 in
2504 1925 2820 1996 semetipsa
2850 1927 2987 1997 (Jac.
3022 1946 3083 1996 11,
3139 1930 3225 1996 17,
3275 1932 3366 1996 20,
3414 1931 3526 2000 ‘26).

1883 2010 2195 2081 Sequitur:
2253 2012 2542 2066 Rerelatur
2594 2017 2744 2068 enim
2800 2015 2887 2069 ira
2938 2015 3037 2071 Dei
3064 2016 3130 2070 de
3182 2018 3313 2072 creto
3367 2034 3532 2088 super

1885 2115 2102 2153 omnem
2134 2101 2473 2171 impietatem
2503 2105 2551 2155 et
2583 2103 2916 2172 inj-ustitiam
2946 2104 3248 2158 hominum.
3300 2105 3532 2160 Dixerat

1889 2187 2160 2259 superius
2193 2187 2431 2243 revelari
2464 2189 2629 2260 justo
2678 2205 2779 2261 per
2826 2191 3198 2263 Evangelium
3235 2192 3529 2264 justitiam

1890 2275 2028 2332 Dei:
2059 2293 2426 2348 consequens
2459 2282 2601 2343 erat,
2635 2283 2699 2333 ut
2730 2281 3061 2352 ostenderet
3093 2281 3274 2353 impio
3291 2281 3529 2337 revelari

1888 2365 2036 2420 iram
2071 2365 2194 2433 Dei,
2233 2367 2332 2420 sed
2365 2368 2438 2421 de
2496 2366 2660 2433 ccelo,
2709 2367 2956 2440 ideoque
3004 2369 3254 2424 addidit:
3308 2370 3530 2426 Revela-

1890 2459 2000 2520 tur,
2035 2459 2143 2509 etc.
2177 2454 2281 2510 Ubi
2313 2454 2557 2512 solerter
2587 2460 2676 2514 est
2705 2457 3310 2528 animadvertendum,
3351 2475 3531 2530 quare

1889 2543 2096 2598 dixerit
2121 2561 2133 2610 ;
2171 2545 2447 2599 reveletur
2475 2551 2576 2600 aut
2605 2547 2692 2600 ira
2726 2548 2846 2611 Dei,
2877 2551 2976 2601 aut
3004 2547 3072 2603 de
3095 2548 3246 2603 aeto.
3294 2546 3531 2603 Revela-

1889 2638 1986 2686 tur
2017 2633 2143 2687 ideo
2176 2633 2337 2701 dicit,
2371 2634 2508 2705 quia
2555 2635 2710 2706 quod
2762 2635 2924 2707 prius
2982 2636 3170 2692 fuerat
3213 2636 3530 2702 occultum,

1891 2736 1991 2792 per
2015 2721 2388 2793 Evangelium
2437 2723 2670 2778 factum.
2705 2730 2793 2779 est
2841 2729 3131 2796 apertum,
3183 2726 3323 2795 sive,
3375 2726 3528 2797 quod

1891 2810 2078 2864 fuerat
2096 2810 2291 2866 minus
2316 2816 2541 2878 notum,
2563 2829 2665 2884 per
2688 2813 3067 2885 Evangelium
3086 2817 3174 2870 est
3197 2814 3534 2870 manifesta-

1889 2904 2036 2952 tum.
2071 2899 2159 2953 Ira
2191 2904 2384 2954 autem
2406 2901 2463 2953 in
2485 2905 2616 2970 Deo,
2647 2918 2761 2956 non
2786 2902 3036 2974 proprie,
3061 2903 3160 2958 sed
3192 2903 3532 2959 translative

1891 2987 2140 3041 dicitur:
2174 2986 2233 3040 in
2265 2987 2584 3042 divinitatis
2617 2990 2832 3061 quippe
2857 2995 3128 3046 naturam
3156 2991 3318 3046 nulla
3339 2991 3534 3064 passio

1890 3076 2064 3130 cadit.
2097 3075 2332 3138 Quoties
2362 3092 2498 3147 ergo
2530 3077 2610 3131 ira
2647 3078 2703 3131 in
2737 3077 2851 3133 Deo
2882 3079 3116 3146 dicitur,
3150 3096 3252 3151 pro
3283 3080 3536 3135 vindicta

141 3169 217 3224 tia
256 3169 522 3224 conﬁteri
555 3167 942 3221 verebantur:
978 3166 1146 3238 quasi
1169 3165 1388 3221 diceret
1426 3149 1777 3238 Apostolus:
1812 3149 1854 3213 C
1894 3163 2232 3235 accipienda
2261 3169 2366 3219 est.
2401 3166 2470 3219 Et
2527 3165 2765 3236 pulchre
2814 3168 2954 3222 dicit
3001 3169 3070 3222 de
3113 3149 3256 3223 ciale
3312 3168 3532 3240 accipi:

137 3245 259 3311 Non
289 3259 580 3312 erubesco
613 3255 924 3327 praedicare
949 3255 1245 3310 Christum
1278 3256 1642 3322 cruciﬁxum,
1665 3260 1722 3310 et
1752 3274 1785 3309 a

134 3346 377 3400 mortuis
399 3345 796 3402 resurrexisse
823 3362 836 3409 ;
871 3344 1171 3415 quoniam,
1204 3345 1312 3399 etsi
1331 3345 1387 3398 in
1412 3343 1593 3398 altero
1615 3344 1784 3398 dede-

133 3450 234 3490 cus
263 3439 376 3503 est,
409 3435 472 3488 in
507 3433 693 3488 altero
722 3439 917 3488 tamen
960 3433 1189 3505 insigne
1218 3432 1468 3488 virtutis.
1524 3434 1782 3488 Fuerunt

132 3525 287 3578 enim
318 3521 618 3588 nonnulli,
648 3521 743 3591 qui
777 3523 902 3593 ejus
935 3522 1316 3588 nativitatem,
1350 3521 1679 3593 passionem
1724 3525 1782 3576 et

125 3616 381 3668 mortem
403 3611 1146 3681 verebantur,contraquos
1164 3609 1475 3681 Apostolus
1499 3609 1779 3666 dicit:Non

125 3701 375 3757 erubesco
405 3700 788 3771 Evangelia-in.
818 3705 931 3754 Cur
961 3716 1076 3754 non
1134 3699 1531 3770 erubescebat,
1583 3703 1776 3754 osten-

124 3790 239 3846 dit:
272 3793 465 3846 Virtus
492 3792 647 3846 enim
677 3789 775 3844 Dei
801 3791 898 3858 est,
928 3793 1039 3844 etc.
1074 3787 1359 3843 Virtutem
1394 3787 1491 3842 Dei
1523 3787 1779 3860 appellat

123 3879 445 3934 divinitatis
477 3881 832 3950 potentiam,
865 3895 982 3948 qua
1010 3877 1276 3932 Christus
1300 3877 1600 3933 surrexita
1621 3894 1775 3932 mor-

121 3968 253 4023 tuis.
283 3970 352 4024 Et
383 3984 594 4024 revera
626 3966 788 4022 nulla
810 3967 1000 4037 major
1018 3966 1202 4021 virtus
1217 3983 1345 4021 esse
1368 3970 1579 4038 potest,
1600 3983 1775 4037 quam

119 4063 345 4112 mortuo
368 4057 622 4114 reddere
642 4055 846 4123 vitam;
876 4060 935 4110 et
959 4059 1070 4110 Deo
1092 4054 1332 4125 quidem
1351 4054 1498 4110 nihil
1517 4055 1774 4126 dignius,

121 4162 296 4216 quam
328 4145 480 4202 mori
513 4161 625 4218 pro
656 4161 774 4199 suae
805 4143 1085 4215 imaginis
1111 4143 1495 4214 reparatione.
1518 4145 1602 4198 Ad
1635 4144 1778 4215 quid

120 4234 195 4288 sit
223 4234 348 4288 haec
379 4236 598 4302 virtus,
631 4233 1028 4288 demonstrat:
1082 4234 1144 4288 In
1184 4234 1418 4288 salutem
1467 4235 1620 4288 omni
1663 4249 1778 4288 ere-

119 4324 295 4378 denti.
327 4323 505 4379 Omni
538 4321 709 4388 dicit,
741 4326 804 4375 ut
837 4320 1037 4377 nullus
1067 4324 1341 4393 exceptus
1373 4322 1682 4376 videretur.
1715 4322 1783 4375 Et

118 4428 187 4466 ne
216 4416 538 4484 putaretur
572 4410 904 4466 differentia
932 4427 1060 4466 esse
1089 4410 1242 4464 inter
1269 4409 1501 4464 Judaaos
1533 4414 1590 4464 et
1633 4411 1782 4464 Grae-

1893 3252 2172 3324 quoniam
2196 3257 2315 3307 tam
2342 3253 2640 3319 beneficia,
2664 3271 2836 3325 quam
2862 3256 3084 3327 plagas,
3103 3261 3159 3311 et
3181 3257 3537 3327 quicquead-

1891 3357 2060 3395 versa
2089 3342 2160 3396 de
2190 3341 2332 3396 coelo
2368 3341 2710 3412 accipimus.
2746 3343 3004 3413 Mystice,
3027 3360 3128 3414 per
3149 3344 3359 3398 ccelum
3382 3345 3534 3400 desi-

1890 3434 2105 3500 gnatur
2126 3430 2390 3484 doctrina
2411 3430 2762 3501 evangelica,
2787 3432 2905 3486 sive
2927 3430 3191 3486 Ecclesiae
3207 3433 3370 3487 fides.
3388 3436 3536 3504 Apte

1891 3519 2088 3589 itaque
2119 3518 2266 3572 iram
2291 3518 2392 3573 Dei
2425 3535 2602 3590 super
2632 3519 2880 3592 impium
2912 3521 2982 3576 de
3012 3520 3150 3576 cmlo
3199 3520 3341 3577 dicit
3371 3538 3534 3577 reve-

1889 3607 1994 3661 lari
2024 3625 2036 3673 ;
2063 3607 2200 3678 quia
2231 3622 2334 3679 per
2363 3608 2566 3662 tubam
2597 3608 2938 3681 evangelica
2971 3609 3424 3678 praedicationis,
3476 3615 3534 3667 et

1887 3696 2062 3751 fidem
2077 3695 2340 3750 Ecclesiae
2363 3696 3087 3768 manifestatur,quantum
3104 3699 3533 3756 condemnandi

1887 3784 2006 3841 sint
2059 3783 2349 3840 idolorum
2401 3785 2674 3842 cultores.
2719 3786 2934 3842 Aliter:
2987 3788 3067 3844 De
3108 3788 3251 3844 ecelo
3300 3789 3387 3845 ira
3428 3789 3530 3846 Dei

1886 3889 2063 3945 super
2092 3873 2340 3945 impium
2374 3875 2681 3942 revelatur,
2713 3876 2852 3948 quia
2870 3878 2942 3932 ab
2975 3877 3100 3950 ipso
3132 3879 3336 3933 mundi
3364 3895 3528 3934 exor-

1885 3963 2003 4031 dio,
2038 3980 2140 4034 per
2165 3963 2422 4019 visibiles
2454 3970 2770 4035 creaturas,
2803 3966 3114 4022 invisibilis
3136 3968 3325 4039 potuit
3350 3984 3530 4039 agno-

1887 4052 1967 4108 sci
1999 4053 2253 4108 Creator.
2289 4053 2458 4122 Nam,
2492 4069 2624 4108 cum
2658 4058 2777 4108 tam
2805 4055 2962 4110 clara
2995 4060 3141 4111 Deus
3163 4057 3426 4111 condidit
3450 4057 3532 4112 si-

1888 4143 2047 4208 dera,
2073 4140 2238 4196 facile
2260 4157 2329 4196 ex
2348 4140 2494 4210 ipsis
2520 4141 2790 4211 cognosci
2815 4143 3022 4212 potuit,
3049 4145 3202 4214 quod
3225 4147 3350 4217 ipse
3373 4143 3534 4200 solus

1889 4231 2066 4297 Deus,
2101 4234 2157 4284 et
2186 4227 2350 4284 solus
2381 4233 2537 4284 esset
2569 4229 2923 4284 adorandus.
2955 4230 3141 4300 Super
3172 4248 3297 4302 quae
3337 4235 3535 4288 autem

1889 4317 2177 4373 reveletur
2232 4318 2318 4371 ira
2366 4317 2467 4372 Dei
2521 4316 2799 4388 aperitur,
2851 4334 2983 4372 cum
3029 4318 3326 4386 subditur,
3373 4335 3540 4390 super

1890 4423 2103 4463 omnem
2150 4408 2484 4477 impietatem
2534 4411 2583 4461 et
2634 4407 2982 4478 injustitiam.
3033 4405 3138 4461 Ubi
3189 4408 3537 4477 notandum,

117 4516 232 4570 eos,
293 4502 414 4558 ait:
474 4500 678 4557 Judazo
722 4502 989 4570 primum,
1048 4507 1102 4555 et
1151 4498 1352 4554 Graeco.
1407 4499 1584 4554 Graeci
1635 4499 1782 4553 duas
1819 4516 1860 4578 υ
1893 4496 2033 4567 quia
2083 4497 2199 4550 duo
2249 4495 2412 4562 dixit,
2470 4498 2809 4568 impietatem
2856 4505 2907 4552 et
2952 4497 3317 4568 injustitiam.
3371 4501 3538 4568 Nam,

120 4590 411 4646 faciebant
446 4588 800 4657 divisiones,
834 4589 893 4643 in
929 4604 988 4643 se
1016 4593 1073 4644 et
1120 4588 1423 4654 barbaris;
1475 4587 1786 4659 Apostolus

120 4693 251 4733 vero
275 4684 397 4735 tres
433 4677 606 4741 fecit,
623 4676 680 4730 in
707 4677 929 4742 Judzeo,
956 4677 1173 4743 Graeco,
1199 4681 1255 4730 et
1279 4677 1543 4732 barbaro.
1567 4676 1713 4731 Nam
1738 4675 1788 4730 si

125 4767 300 4822 Grzeci
337 4771 671 4840 propterea
701 4766 973 4820 barbaris
1000 4766 1456 4838 praeferebantur
1485 4765 1622 4836 quia
1660 4765 1789 4836 phi-

115 4854 436 4929 losophicas
467 4854 806 4912 studebant
823 4853 1423 4926 doctrinae,etlegibus
1446 4854 1790 4923 utebantur,

117 4947 245 5015 jure
275 4950 333 5001 et
359 4943 563 5000 Judaei
596 4943 814 4998 Graecis
862 4944 1270 5012 praeferuntur,
1296 4943 1393 5013 qui
1419 4942 1645 5013 legibus
1668 4945 1792 4996 ute-

125 5034 359 5100 bantur,
394 5038 455 5090 et
491 5051 522 5088 a
560 5032 684 5088 Deo
719 5023 1127 5104 promulgatis.
1163 5031 1412 5102 Ideoque
1444 5031 1524 5085 ait
1549 5033 1794 5102 Aposto-

124 5121 214 5180 lus
239 5141 252 5179 :
285 5123 494 5181 Iudaeo
526 5122 802 5193 primum.

1895 4584 2030 4639 licet
2059 4584 2254 4640 omnis
2282 4583 2556 4656 impietas
2605 4585 2915 4656 injustitia,
2951 4603 3063 4640 non
3101 4590 3294 4641 tamen
3346 4585 3541 4641 omnis

1900 4672 2192 4743 injustitia
2213 4677 2301 4728 est
2324 4673 2985 4744 impietaslmpietatem
3014 4691 3149 4748 ergo
3170 4679 3335 4730 vocat
3356 4675 3543 4732 incre-

1905 4761 2210 4816 dulitatem
2241 4779 2253 4826 ;
2279 4761 2631 4832 injustitiam
2662 4780 2815 4830 vero,
2849 4763 3217 4835 iniquitatem
3250 4771 3308 4820 et
3336 4766 3545 4838 nequi-

1904 4850 2067 4905 tiam.
2102 4856 2286 4922 Super
2311 4869 2560 4923 quorum
2589 4853 2899 4908 hominum
2927 4853 3289 4927 impietatem
3314 4859 3369 4910 et
3390 4855 3544 4928 inju-

1904 4940 2127 4994 stitiam
2153 4941 2240 4995 ira
2263 4941 2365 4996 Dei
2398 4942 2707 5008 revelatur,
2727 4943 3001 5010 ostendit,
3021 4961 3228 5012 eorum,
3248 4945 3548 5016 inquiens,

1904 5031 2000 5100 qui
2022 5032 2310 5085 veritatem
2331 5031 2432 5085 Dei
2453 5032 2509 5084 in
2539 5032 2815 5100 injustitia-
2833 5031 3077 5087 detinent
3096 5034 3228 5106 (85).
3255 5035 3337 5105 Inj
3348 5039 3548 5090 ustum

1907 5119 2123 5190 quippe
2155 5124 2261 5185 est,
2296 5124 2360 5173 ut
2389 5119 2596 5189 honor,
2630 5119 2728 5190 qui
2761 5120 3013 5176 Creatori
3040 5123 3300 5191 debetur,
3321 5128 3550 5178 creatu-

195 5213 492 5285 Sequitur
519 5227 533 5266 :
568 5211 802 5266 Iustitia
828 5210 977 5264 enim
1003 5211 1103 5266 Dei
1132 5211 1189 5265 in
1209 5224 1267 5264 eo
1287 5206 1578 5263 reveletur
1603 5223 1672 5262 ea:
1699 5206 1800 5264 ﬁde
1907 5225 1981 5262 re
2008 5208 2322 5262 tribuatur.
2351 5207 2436 5261 Illi
2470 5224 2605 5280 ergo
2627 5209 2950 5275 veritatem,
2975 5210 3034 5264 id
3057 5215 3147 5266 est
3185 5211 3551 5267 divinitatem

129 5304 185 5356 in
206 5303 396 5373 ﬁdem.
422 5297 684 5356 Justitia
710 5297 944 5370 dicitur,
967 5297 1304 5370 quasijuris
1327 5300 1540 5354 status.
1558 5295 1801 5353 Justitia
1909 5295 2009 5351 Dei
2033 5295 2142 5365 (86)
2175 5294 2234 5348 in
2275 5294 2567 5364 injustitia
2596 5296 2880 5362 detinent,
2913 5298 3036 5368 qui,
3056 5303 3322 5357 Creatore
3353 5300 3552 5356 relicto

210 5461 324 5532 (85)
359 5462 438 5533 In
465 5457 846 5533 autograpbo
879 5461 1010 5514 ante
1039 5459 1284 5515 verbum
1317 5457 1595 5527 injustitia
1642 5457 1804 5512 deest
1913 5457 2097 5533 deest,
2131 5459 2188 5509 et
2210 5455 2292 5509 ita
2322 5452 2606 5508 habetur:
2637 5455 2996 5512 Divinitatem
3028 5461 3136 5515 Dei
3164 5461 3441 5533 injustitia
3469 5458 3558 5514 de-

138 5532 488 5604 przepositio
519 5532 608 5604 in.

203 5596 323 5682 (86)
353 5603 469 5660 Hic
499 5600 692 5658 etiam
715 5601 1042 5674 praepositio
1065 5604 1146 5674 in,
1171 5615 1340 5658 secus
1366 5613 1434 5653 ac
1454 5596 1513 5652 in
1535 5596 1802 5670 Vulgata,

460 5728 720 5788 Parnm.
789 5725 1101 5794 CXXXIV.

1914 5529 2110 5584 tinent.

3210 5732 3246 5789 5
