3956 6230
401 303 517 364 139

1423 297 1760 360 ATTONIS
1803 296 2390 359 VERCELLENSIS
2433 295 2783 357 EPISCOPI

3685 296 3818 358 140

400 433 663 491 serviunt
683 433 963 488 creatura:
997 430 1129 501 (87).
1161 430 1328 497 Quia,
1362 429 1504 501 quod
1554 432 1742 485 notum
1786 432 1863 484 est
1920 429 2033 497 Dei,
2067 433 2121 499 Î‘
2220 427 2528 500 Sequitur:
2563 428 2812 483 Dicente:
2842 427 2992 482 enim
3038 441 3096 481 se
3144 441 3253 482 esse
3303 427 3595 497 sapientes,
3643 427 3819 483 stulti

400 525 758 592 manifestum
785 524 861 576 est
892 520 948 575 in
977 519 1112 574 illis.
1145 518 1245 573 Hic
1267 518 1739 573 subaudiendum
1775 524 1886 583 est,
1909 534 2039 585 esse,

404 617 471 667 ut
499 610 578 666 sit
607 624 848 665 sensus:
882 606 1143 663 Essentia
1172 611 1236 661 et
1258 605 1466 661 notitia
1494 605 1594 661 Dei
1617 606 1928 663 manifesta
1956 610 2046 662 est

405 699 543 754 illis.
578 701 692 752 Cur
719 701 916 752 autem
950 695 1026 751 sit
1056 693 1362 749 manifesta
1392 693 1647 750 ostendit
1679 713 1692 751 :
1726 696 1867 751 Deus
1894 696 2045 750 enim

404 789 521 844 illis
538 787 936 857 manifestavit.
961 783 1092 851 Sed,
1117 784 1409 854 quomodo
1432 783 1908 849 manifestaverit,
1929 800 2044 838 non

405 871 1476 933 evidenterostendit.Subaudiendum
1488 888 1623 943 ergo
1642 878 1730 928 est
1750 888 1762 927 :
1779 871 2044 927 faciendo

407 982 579 1039 opus,
607 979 712 1037 per
740 963 893 1036 quod
924 961 1049 1033 ipse
1081 960 1265 1033 possit
1295 959 1530 1033 agnosci
1562 962 1815 1016 Creator.
1841 958 2045 1015 Omnis

408 1056 626 1128 quippe
654 1055 917 1107 creatura
945 1049 1220 1121 praedicat
1248 1066 1310 1105 se
1342 1065 1455 1104 non
1490 1064 1618 1104 esse
1671 1048 2001 1105 Creatorem
2028 1065 2041 1117 ;

406 1140 730 1216 praesertim
750 1155 882 1195 cum
905 1137 1052 1193 nihil
1069 1143 1471 1193 creaturarum
1484 1137 1683 1194 omnia
1699 1137 1758 1192 in
1771 1136 2045 1193 omnibus

403 1227 842 1302 superet.Verbi
867 1226 1291 1299 gratia,cmlum
1316 1226 1593 1299 praecellit
1614 1225 2042 1297 magnitudine,

401 1317 512 1386 sol,
543 1317 707 1385 luna,
730 1320 787 1371 et
806 1314 986 1372 stellas
1009 1315 1292 1382 claritate,
1316 1322 1468 1372 terra
1491 1313 1786 1370 fertilitate
1810 1331 1823 1367 :
1858 1331 1924 1371 ac
1948 1329 2048 1385 per

409 1407 520 1463 hoc
551 1405 851 1462 evidenter
879 1404 1225 1472 ostenditur,
1247 1405 1401 1476 quod
1424 1404 1622 1459 omnia
1642 1404 1858 1458 habent
1876 1402 2047 1458 Crea-

403 1502 611 1563 torem,
644 1493 745 1566 qui
775 1510 843 1549 ea
871 1492 1149 1561 condidit,
1183 1493 1331 1566 regit
1358 1498 1417 1548 et
1436 1493 1745 1564 gubernat,
1769 1495 1826 1547 et
1852 1491 2051 1547 omnia

410 1584 701 1658 praecedit.
734 1582 1048 1654 Sequitur:
1078 1582 1387 1637 Invisibilia
1414 1581 1563 1637 enim
1592 1582 1766 1652 ipsius
1816 1596 1917 1652 per
1962 1597 2045 1649 ea,

409 1688 537 1748 quae
562 1674 709 1744 facta
736 1673 882 1737 sunt,
913 1688 947 1726 a
974 1675 1228 1727 creatura
1268 1670 1466 1726 mundi
1509 1670 1788 1726 intellecta
1841 1671 2051 1742 conspi-

409 1766 652 1819 ciuntur.
686 1762 1027 1831 Sempiterna
1055 1775 1263 1831 quoque
1293 1759 1467 1815 virtus
1495 1761 1633 1831 ejus,
1684 1765 1735 1814 et
1783 1759 2049 1815 divinitas

407 1851 705 1907 intellecta
733 1848 1177 1920 conspiciuntur
1216 1866 1250 1904 a
1280 1853 1547 1904 creatura
1589 1849 1814 1917 mundi,
1862 1864 1965 1919 per
1985 1864 2053 1903 ea

410 1958 539 2013 qua;
570 1940 724 1995 facta
752 1943 928 1995 sunt:
960 1956 992 1992 a
1022 1943 1286 1993 creatura
1315 1938 1532 2009 quippe
1553 1938 1780 2006 mundi,
1835 1937 1890 1991 id
1941 1940 2049 2004 est,

415 2030 489 2086 ab
520 2030 646 2101 ipso
674 2027 882 2083 mundi
912 2026 1168 2093 exordio,
1202 2043 1305 2099 per
1332 2026 1589 2082 visibiles
1621 2032 1941 2092 creaturas,
1971 2027 2054 2080 in-

408 2116 655 2174 visibilis
687 2115 924 2188 agnosci
955 2114 1147 2187 potuit
1173 2115 1429 2171 Creator.
1466 2115 1633 2178 Nam,
1667 2131 1802 2169 cum
1855 2113 2051 2169 Domi-

408 2224 523 2263 nus
546 2210 668 2261 tam
700 2203 947 2276 pulchra
974 2203 1297 2259 condiderit
1331 2204 1638 2269 elementa,
1671 2209 1736 2257 ut
1764 2218 1833 2257 ea
1862 2202 2051 2257 homi-

408 2314 533 2364 nes,
566 2293 735 2367 quasi
767 2294 906 2349 deos
937 2293 1270 2357 adorarent,
1306 2291 1472 2347 facile
1503 2292 1773 2363 cognosci
1807 2296 2051 2363 poterat,

410 2385 553 2455 quia
577 2379 1116 2451 incomparabiliter
1146 2379 1447 2451 pulchrior
1495 2385 1621 2435 erat
1670 2379 1787 2446 ille,
1837 2380 1939 2451 qui
1988 2396 2055 2435 ea

412 2469 694 2528 condidit.
726 2468 1009 2525 Virtutem
1038 2467 1237 2538 itaque
1266 2471 1431 2524 vocat
1478 2467 1801 2524 divinitatis
1851 2472 2053 2540 poten-

413 2561 580 2629 tiam,
607 2575 734 2630 quae
756 2556 956 2612 omnia
971 2557 1155 2627 regit;
1180 2555 1543 2612 divinitatem
1566 2573 1718 2623 vero,
1743 2557 1932 2628 ipsam
1955 2558 2054 2612 Dei

417 2649 806 2718 majestatem,
836 2661 962 2716 qua
995 2644 1177 2717 replet
1206 2645 1498 2700 universa.
1525 2644 1654 2700 Haec
1674 2646 1852 2717 enim,
1876 2645 1934 2700 id
1965 2650 2057 2701 est

414 2736 624 2802 virtus,
659 2738 717 2789 et
747 2732 1043 2800 divinitas,
1078 2749 1181 2805 per
1206 2731 1469 2788 visibiles
1517 2738 1814 2789 creaturas
1858 2738 2055 2806 potue-

416 2829 557 2881 runt
574 2822 810 2895 agnosci
835 2838 849 2878 :
872 2822 973 2878 sed
989 2822 1127 2892 quia
1148 2839 1263 2878 non
1287 2826 1425 2877 sunt
1443 2822 1656 2894 agnita,
1679 2822 1894 2879 idcirco
1915 2826 2056 2879 sunt

413 2910 877 2970 inexcusabiles:
915 2911 1066 2965 unde
1094 2915 1151 2966 et
1181 2910 1489 2966 subditur:
1523 2913 1607 2967 Ita
1627 2921 1686 2966 ut
1704 2913 1818 2967 sint
1835 2914 2056 2968 inexcu-

412 3002 627 3057 sabiles.
661 3000 776 3056 Cur
805 3003 998 3055 autem
1033 2998 1153 3053 sint
1181 2998 1627 3068 inexcusabiles,
1679 3000 2049 3056 manifestat:

415 3093 560 3161 Quia
586 3090 718 3145 dum
746 3090 1117 3160 cognovissent
1144 3088 1332 3155 Deum,
1362 3105 1476 3143 non
1502 3090 1643 3144 sicut
1668 3093 1840 3145 Deum
1889 3089 2056 3160 glori-

2147 516 2671 588 factisunt,etc.Pro
2691 515 2899 588 peritia
2922 532 3174 587 namque
3190 514 3553 571 diversarum
3580 516 3811 571 artium

2151 623 2214 662 se
2234 606 2528 676 sapientes
2542 622 2669 661 esse
2681 605 3001 675 jactabant,
3020 604 3268 676 ideoque
3288 603 3459 660 stulti
3485 604 3621 660 facti
3634 609 3809 661 sunt.

2152 696 2451 761 Quomodo
2468 699 2664 750 autem
2686 693 2850 748 stulti
2873 692 3007 747 factl
3033 691 3170 760 sint,
3194 693 3475 765 aperitur,
3503 710 3638 749 cum
3661 695 3813 750 sub-

2153 784 2351 840 ditur:
2412 788 2479 841 Et
2532 785 2881 838 mutaverunt
2934 782 3173 851 gloriam
3217 783 3657 854 incorruptibilis
3701 784 3814 840 Dei

2152 875 2209 927 in
2241 872 2670 927 similitudinem
2700 872 2959 939 imaginis
3017 870 3397 942 corruptibilis
3443 872 3706 940 hominis,
3752 882 3815 929 et

2151 961 2453 1029 volucrum,
2489 967 2540 1016 et
2571 960 3002 1032 quadrupedum,
3026 964 3078 1015 et
3097 962 3451 1033 serpentium.
3476 960 3579 1017 His
3603 962 3814 1019 verbis

2153 1051 2393 1106 denotat
2419 1050 2738 1121 Apostolus
2767 1048 3168 1121 philosophos,
3195 1055 3251 1105 et
3273 1051 3571 1123 redarguit
3598 1056 3813 1123 poetas

2153 1139 2440 1213 gentium,
2472 1139 2793 1206 Socratem,
2825 1137 3146 1209 Platonem,
3177 1139 3572 1208 Aristotelem,
3618 1140 3811 1195 Zeno-

2155 1244 2311 1296 nem,
2345 1225 2677 1299 Virgilium,
2709 1226 3006 1293 Catonem,
3056 1226 3326 1282 Ovidium
3381 1226 3700 1295 Nasonem,
3749 1234 3815 1285 et

2155 1316 2521 1387 cacteros,qui
2543 1313 2864 1371 divinitatis
2887 1314 3169 1370 honorem
3186 1315 3434 1371 mortuis
3454 1315 3811 1373 hominibus

2154 1404 2235 1459 im
2242 1405 2464 1475 pendeb
2472 1407 2869 1476 ant,putantes
2882 1420 2979 1459 eos
2992 1403 3180 1476 magis
3203 1403 3314 1459 sibi
3337 1404 3613 1476 prodesse
3629 1421 3812 1478 posse

2156 1498 2292 1565 post
2314 1497 2584 1561 mortem,
2610 1508 2785 1563 quam
2806 1491 2946 1547 dum
2971 1492 3163 1548 adhuc
3184 1491 3442 1549 viverent
3465 1509 3479 1549 :
3505 1510 3643 1549 nam
3665 1511 3812 1551 cum

2155 1581 2433 1653 viverent,
2467 1580 2697 1638 nullum
2728 1581 2813 1636 eis
2843 1579 3163 1636 divinitatis
3183 1582 3606 1653 impendebant
3625 1582 3811 1639 honoâ€”

2157 1687 2301 1727 rem.
2336 1674 2405 1725 Et
2434 1675 2592 1737 nota,
2625 1669 2763 1741 quia
2793 1687 2908 1726 non
2933 1670 3035 1737 ait,
3059 1670 3119 1724 in
3141 1670 3588 1728 similitudinem
3609 1671 3810 1728 homi-

2158 1760 2273 1826 nis,
2305 1759 2426 1825 sed,
2461 1761 2521 1814 in
2548 1758 2973 1814 similitudinem
3008 1760 3270 1829 imaginis
3302 1760 3619 1816 hominum:
3670 1778 3810 1834 spe-

2162 1848 2306 1903 ciem
2321 1848 2537 1919 quippe
2559 1847 2799 1902 bumani
2822 1848 3079 1919 corporis
3102 1848 3351 1904 formare
3374 1866 3490 1905 non
3514 1855 3808 1924 poterant,

2164 1936 2262 1991 sed
2280 1936 2727 1991 similitudinem
2753 1937 3048 2008 imaginis,
3071 1938 3499 1996 cuidivinitatis
3521 1939 3807 1997 honorem

2163 2023 2767 2095 impendebant.Quod
2782 2031 2975 2082 autem
2998 2030 3199 2098 gentes
3217 2026 3666 2085 similitudinem
3689 2030 3809 2102 (89)

2163 2112 2434 2168 humanae
2452 2112 2727 2185 imaginis
2750 2131 2852 2185 pro
2877 2119 2991 2170 Deo
3013 2115 3287 2185 colerent,
3311 2117 3809 2187 ostenditDaniel,

2164 2201 2263 2271 qui
2295 2201 2435 2256 dicit
2464 2202 2806 2273 Babylonios
2838 2204 3114 2260 adorasse
3164 2205 3615 2264 similitudinem
3648 2207 3809 2264 Belis

2163 2291 2326 2361 (Dan.
2369 2308 2482 2353 xw,
2515 2293 2609 2359 2):
2642 2291 2736 2347 Bel
2786 2309 3041 2364 namque
3093 2301 3257 2365 pater
3306 2295 3416 2350 fuit
3463 2296 3595 2352 Nini
3648 2298 3813 2370 regis

2160 2379 2551 2452 Assyriorum.
2587 2381 2833 2447 Rursus,
2866 2383 3020 2453 quod
3053 2388 3350 2454 serpentes
3369 2382 3626 2442 colerent
3646 2386 3810 2443 idem

2162 2467 2365 2524 Daniel
2393 2469 2774 2538 demonstrat,
2808 2470 2907 2541 qui
2942 2470 3210 2542 praefatos
3262 2472 3607 2547 Babylonios
3663 2477 3811 2533 dicit

2162 2558 2437 2613 adorasse
2466 2558 2801 2621 draconem.
2833 2560 3152 2632 quemipse
3177 2561 3487 2619 interfecit.
3521 2563 3811 2621 Colebant

2164 2645 2549 2702 nihilominus
2615 2647 3035 2704 similitudines
3099 2651 3577 2723 quadrupedum,
3650 2654 3813 2711 sicut

2162 2734 2413 2807 Egyptii
2443 2741 2655 2807 Apem.
2688 2736 2826 2807 Apis
2857 2738 3073 2815 etenim
3126 2756 3224 2794 rex
3274 2740 3385 2796 fuit
3430 2742 3809 2815 Argivorum,

2163 2821 2263 2893 qui
2296 2822 2540 2877 navibus
2568 2823 2638 2878 de
2654 2823 2873 2880 Graecia
2891 2830 3089 2882 vectus
3107 2826 3166 2881 in
3187 2827 3521 2902 Egyptum,
3545 2830 3626 2885 ibi
3651 2848 3812 2888 mor-

2160 2914 2301 2964 tuus
2322 2914 2412 2965 est
2459 2915 2516 2965 et
2546 2910 2813 2982 sepultus
2842 2931 2854 2968 :
2907 2918 2965 2969 et
2994 2914 3134 2980 quia
3182 2915 3347 2986 prius
3376 2919 3426 2972 ei
3471 2919 3811 2977 sacrificare

2163 3002 2653 3070 cceperuntquam
2675 3000 2960 3073 templum
2982 3002 3170 3073 ipsius
3187 3003 3588 3075 aedificaretur,
3614 3008 3815 3066 dictus

2165 3090 2253 3141 est
2282 3086 2557 3159 Serapis:
2592 3088 2747 3145 Seras
2776 3089 2933 3145 enim
2976 3091 3169 3148 Graece
3206 3094 3517 3165 sepulcrum
3565 3095 3813 3156 dicitur.

413 3183 730 3252 ï¬caverunt,
763 3188 867 3234 aut
894 3180 1105 3248 gratias
1124 3181 1373 3248 egerunt,
1396 3182 1505 3232 etc.
1528 3177 1815 3234 Virtutem
1838 3178 2055 3249 quippe
2083 3174 2127 3237 C
2164 3175 2311 3230 Huic
2345 3182 2577 3232 taurum
2606 3178 2933 3236 sacriï¬care
2963 3179 3264 3239 solebant:
3298 3184 3450 3239 unde
3463 3183 3660 3257 etipse
3680 3191 3816 3243 tau-

415 3267 727 3325 invisibilis
757 3269 1023 3323 essentia:
1054 3284 1159 3338 per
1187 3266 1469 3334 visibiles,
1494 3270 1559 3321 ut
1578 3267 1802 3322 dictum
1819 3272 1930 3333 est,
1956 3282 2055 3339 po-

414 3363 652 3414 tuerunt
679 3371 995 3429 agnoscere
1023 3360 1341 3411 creaturas.
1363 3356 1530 3423 Nam,
1553 3356 1822 3427 quamvis
1846 3371 2059 3410 nomen

417 3448 520 3505 Dei
552 3445 743 3502 adhuc
763 3449 917 3501 esset
942 3444 1233 3515 ignotum,
1254 3444 1439 3499 virtus
1460 3450 1655 3500 tamen
1679 3450 1805 3500 erat
1822 3444 2061 3499 manife-

417 3544 546 3596 sta:
580 3538 736 3592 unde
765 3551 881 3591 non
912 3534 1245 3605 ignorantia
1263 3535 1394 3605 (88),
1414 3534 1515 3589 sed
1540 3534 1610 3590 de
1641 3532 2063 3607 glorificationc

422 3626 954 3700 reprehenduntur,
986 3639 1122 3677 cum
1151 3621 1401 3678 dicitur:
1434 3624 1551 3678 Non
1578 3626 1716 3678 sicut
1744 3624 1917 3678 Deum
1943 3622 2059 3693 glo-

416 3718 792 3789 riï¬caverunt,
824 3713 881 3767 id
912 3718 1020 3778 est,
1050 3711 1310 3767 debitum
1339 3711 1420 3766 illi
1462 3714 1743 3769 honorem
1790 3728 1902 3766 non
1955 3711 2061 3764 im-

420 3806 708 3880 pederunt
731 3803 877 3859 Cum
908 3801 1064 3858 enim
1095 3806 1246 3857 Deus
1276 3801 1389 3858 illis
1423 3818 1536 3857 non
1569 3801 1761 3857 solum
1821 3798 2059 3855 utilissi-

414 3911 649 3951 marum
670 3891 1114 3964 disciplinarum
1130 3891 1396 3963 peritiam
1419 3890 1710 3959 tribuerit,
1734 3889 1834 3945 sed
1856 3890 2054 3957 etiam,

413 3989 481 4040 ut
509 3984 580 4039 de
608 3998 841 4038 summo
871 3981 1021 4036 bono
1054 3985 1409 4048 tractarent;
1455 3980 1590 4051 ipsi,
1624 3979 1865 4046 bonum,
1900 3979 2053 4048 quod

413 4071 729 4143 habebant,
752 4087 863 4126 non
892 4076 1024 4138 Deo,
1054 4070 1154 4125 sed
1181 4069 1293 4125 sibi
1312 4069 1657 4129 tribuentes,
1685 4082 2051 4137 nequaquam

412 4161 513 4218 Dei
540 4161 796 4234 gratuita
824 4159 1103 4226 bonitate,
1133 4157 1233 4213 sed
1267 4157 1393 4213 suis
1424 4172 1486 4211 se
1518 4153 1743 4209 meritis
1760 4154 2053 4225 accepisse

406 4251 741 4317 credebant,
775 4249 1021 4322 ideoque
1046 4251 1410 4304 evanuerunt
1441 4269 1454 4312 ;
1493 4245 1646 4299 unde
1692 4260 1824 4298 mox
1854 4244 2050 4315 sequi-

401 4345 529 4396 tur:
590 4338 692 4395 Sed
749 4341 1094 4394 evanuerunt
1138 4337 1199 4391 in
1254 4333 1668 4406 cogitationibus
1743 4333 1878 4399 suis,
1939 4337 2047 4388 etc.

2170 3281 2293 3334 rus,
2326 3266 2464 3336 Apis
2497 3267 2716 3322 dictum
2748 3273 2858 3335 est,
2891 3285 3065 3340 quem
3096 3271 3347 3343 [Egyptii
3378 3290 3481 3344 pro
3518 3273 3630 3329 Deo
3662 3275 3816 3331 coleâ€”

2168 3353 2482 3410 bant.llinc
2503 3360 2609 3427 est,
2634 3357 2788 3429 quod
2812 3355 2916 3411 filii
2941 3358 3117 3414 Israel
3141 3360 3199 3415 in
3215 3361 3441 3417 deserto
3467 3362 3815 3420 similitudi-

2171 3459 2302 3498 nem
2333 3444 2500 3499 vituli
2531 3446 2811 3502 fecerunt.
2858 3448 3197 3504 Adorabant
3227 3455 3284 3505 et
3312 3450 3600 3519 volucres,
3651 3453 3809 3510 sicut

2168 3533 2419 3604 Egyptii
2449 3550 2733 3605 coracem,
2768 3536 2868 3608 qui
2929 3536 3131 3592 Latine
3180 3538 3396 3594 dicitur
3446 3542 3809 3612 nycticorax,

2169 3622 2337 3693 quasi
2369 3624 2553 3678 noctis
2565 3641 2791 3693 corvus,
2812 3629 2869 3681 et
2890 3626 3135 3681 Romani
3158 3643 3445 3684 anserem.
3465 3630 3591 3686 Non
3613 3632 3811 3688 solum

2168 3711 2312 3779 haec,
2340 3712 2438 3767 sed
2470 3717 2526 3767 et
2555 3712 2671 3769 alia
2700 3713 2887 3769 multa
2915 3713 3222 3784 colebant;
3257 3718 3409 3774 unde
3462 3719 3603 3774 dicit
3651 3721 3815 3778 Salo-

2168 3817 2334 3856 mon:
2367 3801 2610 3856 Mortuus
2629 3812 2909 3859 mortuum
2929 3804 3090 3876 ï¬ngit
3116 3807 3370 3862 manibus
3391 3809 3603 3880 iniquis
3651 3810 3809 3884 (Sap.

2166 3906 2260 3957 xv,
2291 3890 2411 3961 17):
2444 3895 2499 3945 et
2548 3890 2893 3948 Psalmista:
2954 3893 3266 3951 Simulacra
3311 3899 3557 3967 gentium
3603 3908 3811 3972 argen-

2164 3987 2279 4033 tum
2307 3987 2358 4034 et
2386 3995 2588 4033 aurum
2617 3981 2790 4047 (Psal.
2823 3997 2982 4053 cxm,
3019 3985 3092 4053 1).
3142 3988 3426 4043 Praeterea
3474 3986 3810 4059 sciendum,

2165 4066 2307 4137 quia
2337 4084 2492 4122 nunc
2525 4068 2699 4123 etiam
2732 4069 3001 4127 homines
3048 4072 3203 4130 idola
3242 4074 3459 4147 colunt,
3505 4076 3809 4150 diligendo

2162 4155 2352 4227 magis
2381 4160 2703 4213 creaturam
2747 4176 2927 4231 quam
2976 4164 3348 4220 Creatorem:
3380 4165 3543 4221 verbi
3589 4169 3806 4239 gratia,

2160 4242 2429 4314 glutones
2483 4247 2672 4319 magis
2712 4246 2965 4320 diligunt
3012 4256 3275 4307 ventrem
3325 4270 3504 4325 quam
3571 4255 3802 4314 Deum:

2159 4330 2417 4402 glutonis
2447 4349 2582 4407 ergo
2613 4340 2768 4393 Deus
2808 4343 3010 4394 venter
3062 4345 3191 4409 est;
3239 4344 3395 4399 unde
3440 4345 3804 4416 Apostolus:

402 4427 646 4484 Nullum
675 4427 890 4499 quippe
921 4426 1118 4496 majus
1143 4438 1489 4479 evanescere
1519 4426 1627 4488 est,
1662 4436 1838 4492 quam
1870 4438 1905 4475 a
1931 4422 2049 4477 Deo
2159 4424 2403 4508 Quorum
2424 4425 2565 4480 Deus
2591 4430 2780 4483 venter
2803 4433 2880 4483 est
2918 4437 2969 4485 et
2994 4432 3172 4500 gloria
3210 4432 3270 4487 in
3308 4435 3632 4506 confusione
3689 4436 3808 4508 (90)

400 4520 705 4588 acceptum
740 4515 959 4571 bonum
994 4511 1105 4568 sibi
1134 4511 1414 4567 tribuere.
1458 4512 1532 4564 Et
1579 4510 1928 4601 obscuratum
1971 4518 2049 4566 est
2075 4536 2123 4601 D
2154 4505 2415 4583 ipsorum.
2470 4514 2722 4588 Si'ergo
2768 4516 3027 4589 glutonis
3070 4525 3222 4577 Deus
3271 4526 3489 4591 venter,
3535 4528 3594 4579 et
3640 4505 3805 4582 avari

399 4608 666 4678 insipiens
694 4621 788 4660 cor
816 4619 1025 4660 eorum.
1060 4601 1220 4670 Ecce,
1264 4599 1407 4653 dicit
1441 4596 1778 4670 Apostolus,
1810 4615 1907 4654 cor
1944 4615 2045 4656 eo-
2075 4596 2113 4601 â€
2153 4616 2381 4672 aurum,
2414 4619 2481 4657 ac
2511 4619 2613 4675 per
2637 4604 2746 4660 hoc
2795 4605 3035 4679 impuri,
3086 4613 3145 4665 et
3203 4610 3453 4667 adulteri
3501 4611 3659 4670 Deus
3708 4619 3805 4671 est

396 4711 529 4750 rum
562 4696 961 4750 obscuratum.
993 4690 1102 4745 Sed
1163 4688 1312 4743 unde
1360 4688 1743 4744 obscuratum
1793 4688 1871 4743 sit
1926 4705 2041 4744 non
2151 4694 2429 4748 scortum.

394 4785 671 4840 ostendit.
708 4780 1169 4853 Intelligendum
1199 4793 1335 4848 ergo
1360 4782 1469 4844 est,
1503 4777 1642 4849 quia
1662 4777 2035 4835 obscuratum
2219 4780 2534 4852 Sequitur:
2564 4781 2792 4853 Propter
2815 4784 2955 4855 quod
2983 4787 3229 4843 tradidit
3256 4805 3343 4845 eos
3391 4789 3505 4863 (91)
3543 4792 3688 4848 Deus
3738 4797 3802 4850 in

395 4871 553 4927 nube
600 4872 872 4927 humanae
903 4866 1133 4922 laudis:
1169 4882 1273 4936 pro
1321 4865 1571 4936 acceptis
1616 4869 1831 4938 quippe
1869 4868 2036 4924 bonis
2144 4868 2423 4925 desideria
2468 4869 2647 4925 cordis
2693 4887 2901 4941 eorum,
2945 4880 3056 4930 etc.
3112 4878 3276 4942 Quod
3327 4878 3487 4948 dicit,
3537 4882 3794 4953 tradidit,

390 4959 711 5016 humanam
752 4958 992 5014 laudem
1024 4954 1382 5025 quaerebant,
1416 4957 1473 5008 et
1501 4953 1627 5008 ideo
1680 4955 1896 5010 factum
1946 4960 2037 5012 est
2145 4956 2595 5029 intelligendum
2614 4964 2721 5027 est,
2742 4962 2892 5017 tradi
2908 4966 3161 5035 permisit
3182 4984 3202 5020 :
3226 4967 3380 5023 sicut
3400 4968 3618 5025 dicitur
3638 4971 3798 5029 Deus

386 5047 674 5120 insipiens
704 5064 801 5102 cor
830 5059 1052 5100 eorum.
1090 5041 1376 5112 Insipiens
1405 5042 1561 5097 enim
1593 5059 1691 5099 cor
1712 5043 1856 5099 illud
1880 5050 2034 5100 recte

388 5137 622 5205 dicitur,
658 5135 815 5207 quod
848 5136 1153 5202 acceptum
1184 5130 1405 5185 bonum
1438 5132 1550 5186 sibi
1578 5131 1806 5204 tribuit,
1840 5138 1897 5188 et
1927 5150 2031 5204 pro

383 5239 471 5298 eo,
499 5241 616 5281 non
648 5222 772 5288 Dei,
806 5219 907 5275 sed
939 5235 1109 5274 suam
1139 5218 1384 5291 gloriam
1408 5221 1635 5292 quaerit.

454 5332 568 5399 (87)
600 5330 662 5384 In
695 5330 815 5399 aut.
852 5341 1037 5399 marg.
1070 5343 1119 5381 c.
1152 5327 1243 5382 IV.

452 5396 567 5482 (Î²á½¸)
597 5396 1011 5482 Verisimiliter
1041 5401 1426 5482 praeponenda
1447 5396 1875 5482 praepositione
1891 5403 2023 5482 ante

378 5468 625 5527 verbum
674 5470 1010 5543 ignorantia,
1043 5468 1176 5541 quae
1200 5475 1398 5527 tamen
1447 5468 1737 5543 particula
1766 5468 1932 5525 deest
1962 5469 2021 5526 in

384 5541 771 5620 nutassepho-
935 5613 945 5620 .
1106 5617 1113 5620 .
1310 5612 1323 5620 .
1452 5541 1467 5543 â€œ

447 5556 899 5695 á¼±á½²á¼·á¿§Ï„Î¹Î¾á½²á¼“á½²á½³Ï„Î±Ï‰
930 5613 990 5671 in
1021 5612 1385 5691 autographa
1416 5609 1750 5684 praepositio
1782 5611 1844 5669 in
1874 5628 2018 5686 pm.

2142 5044 2453 5102 indurasse
2471 5063 2570 5102 cor
2593 5047 2937 5123 Pharaonis,
2962 5069 3028 5108 eo
3050 5056 3202 5124 quod
3225 5056 3438 5113 durum
3463 5075 3579 5115 non
3602 5062 3799 5117 molli-

2140 5132 2350 5189 ficavit.
2367 5136 2478 5191 Sed
2492 5135 2551 5191 in
2566 5136 2673 5193 hoc
2689 5139 2840 5195 dicto
2857 5140 3447 5201 animaduertendum
3462 5151 3551 5203 est
3568 5155 3795 5221 quanta

2143 5222 2221 5277 sit
2250 5223 2457 5281 divina:
2484 5226 2719 5298 pietatis
2742 5229 3043 5287 miseratio
3067 5249 3081 5288 :
3107 5250 3221 5289 non
3243 5235 3401 5291 enim
3422 5238 3672 5295 tradidit
3690 5256 3791 5297 eos

2138 5328 2293 5412 cedit
2320 5330 2562 5455 Viterbum
2583 5334 3030 5406 similitudinem,
3056 5339 3213 5396 unde
3232 5347 3620 5415 expungenda
3638 5346 3788 5403 mihi

2138 5417 2261 5455 V188.
2291 5415 2353 5455 es
2389 5442 2401 5455 .

2134 5417 2261 5456 V188.
2291 5415 2401 5456 est.

2204 5471 2594 5555 (90).Philipp.
2628 5492 2712 5543 Î¹Î¹Î¹,
2746 5478 2844 5555 19..
2895 5479 2969 5555 In
3011 5481 3375 5555 autographa
3421 5484 3678 5546 habetur
3727 5492 3789 5547 in

2128 5544 2511 5608 confusionem
2531 5544 2701 5603 secus
2732 5564 2800 5602 ac
2829 5549 2890 5604 in
2919 5544 3190 5608 Vulgata".

2199 5614 2313 5690 (91)
2343 5618 2409 5672 In
2435 5617 2796 5692 autographa
2825 5636 2933 5693 eos,
2964 5614 3070 5682 sed
3100 5623 3161 5684 in
3192 5624 3444 5701 Vulgata
3471 5629 3628 5690 illos.
