3956 6230
80 351 178 409 Hi

689 341 1103 403 EXPOSITIO
1149 343 1222 399 ΙΝ
1273 339 1700 400 EPlS'l‘OLAS
1746 338 1976 401 PAULI
2038 375 2110 384 —-
2158 344 2231 402 IN
2278 344 2522 404 El‘lST.
2572 347 2675 405 AD
2724 348 2910 408 llOM.

3387 357 3501 412 162

76 486 215 536 Deus
250 479 312 533 in
351 477 680 546 contraria,
713 475 812 531 sed
844 475 901 528 in
938 473 1136 529 suavia
1165 477 1220 527 et
1251 471 1614 527 delectabilia
1641 489 1652 526 :
1682 476 1737 526 et
1766 475 1819 538 Α
1853 472 1995 525 sculi
2033 473 2086 527 in
2124 475 2417 530 masculos
2441 477 2792 548 turpidinem
2853 481 3266 550 operabantur,
3327 484 3406 540 ita
3447 492 3504 541 et

74 573 172 626 hoc
202 573 293 624 est
327 567 494 639 quod
529 566 697 633 dicit,
732 567 790 618 in
833 564 1106 619 desideria
1163 564 1337 617 cordis
1387 579 1589 617 eorum.
1626 562 1740 616 Cur

71 665 257 713 autem
292 673 402 712 eos
467 654 622 710 tradi
683 652 1037 726 permiserit,
1100 651 1352 706 ostendit
1395 668 1406 704 :
1448 653 1509 707 Ut
1554 660 1738 705 contu-

71 747 244 804 meliis
264 762 512 817 carpora
543 761 647 798 sua
677 744 934 814 afﬁciant
965 742 1079 810 (92)
1113 744 1172 794 in
1228 742 1547 812 semetipsis.
1595 745 1738 795 Con-

71 835 318 892 tumelias
353 839 506 890 sunt
540 830 878 905 opprobria.
915 829 1299 886 Contumeliis
1331 845 1467 900 ergo
1499 845 1740 900 corpora

68 944 166 980 sua
189 921 603 993 ai‘ticiunt,qui
633 925 869 992 peccata
893 918 1379 990 peccatis,etvitia
1397 918 1548 972 vitiis
1565 934 1738 972 accu-

68 1015 304 1070 mulant.
340 1013 540 1067 Omne
571 1010 730 1064 enim
766 1015 1092 1080 peccatum,
1125 1008 1280 1077 quod
1343 1007 1516 1060 homo
1549 1006 1738 1076 primo

69 1103 409 1171 committit,
439 1099 554 1154 nisi
580 1098 692 1154 cito
720 1114 819 1169 per
839 1096 1244 1168 pmnitentiam
1299 1095 1642 1166 corrigatur,
1679 1098 1741 1146 lit

63 1210 235 1247 causa
252 1191 488 1263 peccati
509 1207 521 1252 ;
538 1187 820 1260 quoniam
838 1201 985 1240 exeo
1011 1186 1274 1239 nascitur
1294 1185 1541 1239 alterum
1564 1184 1736 1254 :quod

64 1282 168 1335 nisi
202 1296 420 1334 rursus
453 1277 808 1348 corrigatur,
847 1276 910 1328 iit
969 1292 1140 1345 poma
1199 1273 1416 1345 peccati
1477 1279 1531 1327 et
1562 1289 1739 1326 causa

64 1369 304 1441 peccati,
343 1385 518 1439 pmna
549 1362 936 1436 praicedentis
971 1368 1028 1416 et
1061 1379 1241 1417 causa
1269 1362 1590 1432 sequentis.

130 1456 454 1528 Sequitur:
493 1454 601 1522 Qui
654 1454 1129 1507 eommularerunt
1176 1453 1462 1505 veritatem
1522 1451 1622 1504 Dei
1678 1451 1734 1503 in

67 1545 454 1600 mendacium.
481 1543 799 1598 Veritatem
829 1544 995 1593 vocat
1035 1539 1360 1593 divinitatis
1391 1538 1728 1610 potentiam.

67 1634 392 1689 Veritatem
428 1648 569 1704 ergo
603 1630 698 1686 Dei
729 1630 785 1684 in
819 1628 1195 1684 mendacium
1247 1632 1590 1692 commutat,
1633 1627 1730 1697 qui

70 1723 336 1778 debitum
371 1719 637 1776 Creatori
660 1719 935 1775 honorem
962 1716 1170 1772 tribuit
1201 1722 1496 1771 creatum.
1530 1717 1597 1770 Et
1627 1716 1734 1770 hoc

67 1816 171 1877 est,
199 1811 371 1882 quod
405 1808 709 1878 sequitur:
747 1810 804 1862 Et
834 1807 1143 1872 coluerunt,
1174 1810 1226 1859 et
1250 1807 1559 1860 servierunt
1585 1821 1730 1860 crea-
1767 1842 1813 1904 Β

63 1905 235 1966 tura},
259 1901 453 1970 potius
471 1913 634 1969 quam
660 1895 916 1952 Creatori.
946 1894 1048 1950 His
1066 1895 1257 1950 verbis
1276 1893 1587 1966 Apostolus
1619 1911 1734 1949 non

68 1989 436 2043 condemnat
468 1991 829 2050 creaturam;
865 1984 963 2055 qui
1025 1984 1182 2038 enim
1238 1989 1565 2038 creaturam
1597 2000 1733 2037 con-

71 2077 331 2143 demnat,
365 2075 628 2130 Creatori
665 2074 937 2143 injuriam
974 2072 1130 2138 facit,
1166 2072 1306 2142 quia
1356 2071 1526 2127 bonis
1577 2071 1735 2127 illius

76 2166 222 2220 male
241 2165 472 2220 utitur:
507 2169 764 2218 attamen
791 2163 913 2232 ipse
946 2161 1288 2231 novitjuste
1319 2160 1649 2232 disponere,
1681 2170 1737 2216 et

75 2255 341 2310 ordinare
375 2252 658 2308 militiam
708 2268 930 2317 eorum,
995 2267 1144 2321 quos
1203 2250 1357 2304 videt
1411 2250 1581 2305 bonis
1612 2250 1736 2304 suis

78 2346 290 2414 injuste
324 2344 436 2398 uti.

137 2432 459 2504 Sequitur:
499 2432 603 2498 Qui
657 2431 772 2502 (93)
825 2439 902 2485 est
960 2431 1100 2485 Deus
1154 2430 1267 2500 (91)
1327 2429 1638 2484 benedictus
1677 2431 1736 2484 in

74 2523 294 2579 sa’cula.
326 2521 520 2575 Amen.
558 2520 765 2574 Iisdem
797 2517 1234 2590 verbis,quibus
1267 2535 1421 2572 nunc
1445 2518 1515 2574 de
1545 2518 1733 2585 Patre,

77 2611 208 2666 alibi
230 2610 413 2665 etiam
431 2609 502 2664 de
521 2608 662 2663 Filio
685 2607 1097 2675 utitur,dieens
1114 2623 1126 2663 :
1145 2608 1738 2677 Quorumpatres,etea;

77 2701 266 2772 quibus
299 2699 572 2768 Christus,
606 2699 705 2769 qui
733 2705 812 2752 est
847 2697 1158 2752 benedictus
1205 2697 1262 2749 in
1318 2695 1520 2749 siccata
1560 2711 1735 2750 saccu-

79 2789 268 2844 lorum.
294 2790 470 2858 (Rom.
498 2805 577 2855 1x,
610 2789 688 2858 5).
711 2788 788 2841 Ac
819 2802 921 2858 per
949 2785 1058 2841 hoc
1087 2784 1254 2840 Pater
1282 2789 1339 2840 et
1371 2783 1550 2839 Filius
1582 2800 1736 2839 unus

81 2885 162 2934 est
190 2879 365 2934 Deus.

144 2968 253 3038 (95)
276 2967 567 3039 Sequitur
597 2982 610 3032 ;
637 2969 932 3036 Proytcrea
967 2964 1198 3018 tradidit
1219 2979 1308 3018 eos
1357 2962 1468 3032 (96)
1514 2963 1653 3016 Deus
1676 2964 1733 3016 in

77 3057 352 3127 passiones
385 3054 737 3125 ignominiae.
796 3053 1021 3107 Dixerat
1073 3051 1382 3124 superius:
1427 3056 1731 3105 commuta-

76 3150 263 3201 verunt
291 3147 591 3200 veritatem
633 3143 735 3196 Dei
765 3145 822 3196 in
851 3141 1233 3196 mendacium:
1291 3140 1509 3211 quibus
1539 3140 1730 3195 verbis

78 3235 322 3290 ostendit
350 3251 452 3290 eos
485 3233 619 3287 ideo
647 3231 972 3295 derelictos,
1014 3230 1151 3300 quia
1183 3207 1494 3284 Dominum
1528 3227 1730 3284 dereli-
1761 3207 1802 3272 α

79 3323 628 3395 quernut;ideoque
651 3319 826 3375 dicit:
860 3321 1176 3390 Proliterea,
1209 3324 1316 3373 etc.
1338 3318 1577 3372 Tradidit
1599 3335 1730 3372 vero

76 3414 153 3468 ita
177 3411 396 3484 acccipi
420 3411 691 3479 debet,ut
711 3409 930 3463 dictum
954 3406 1376 3462 est.Passiones
1399 3406 1730 3477 ignominiaa

76 3507 232 3558 vocat
255 3504 527 3573 peccata,
553 3515 683 3568 quae
706 3498 948 3552 inferius
971 3496 1269 3567 descripta
1292 3500 1450 3550 sunt.
1479 3496 1730 3567 Ignomi-

81 3590 168 3647 nia
195 3591 359 3646 dicta
382 3593 499 3651 est,
530 3603 596 3641 eo
615 3585 767 3656 quod
795 3585 868 3640 sit
889 3585 1013 3640 sine
1037 3583 1291 3650 nomine,
1316 3583 1468 3639 sicut
1494 3583 1728 3639 infamis

79 3679 197 3733 sine
228 3679 416 3745 fama,
451 3679 509 3730 et
538 3673 815 3746 ignobilis
840 3673 966 3728 sine
1025 3672 1360 3728 nobilitate:
1395 3673 1730 3744 quicunque

87 3767 234 3822 enim
258 3766 318 3821 in
349 3769 584 3836 stupro,
620 3762 1084 3831 fornicatione,et
1103 3760 1386 3817 adulterio
1409 3762 1729 3832 deprehen-

87 3855 258 3924 ditur,
282 3859 438 3910 recte
469 3842 691 3907 dicitur
718 3850 995 3922 ignobilis
1021 3855 1078 3906 et
1097 3850 1528 3921 ignominiosus
1554 3867 1568 3917 ;
1593 3850 1732 3922 quia

79 3947 226 3999 caret
255 3942 592 3998 nobilitate.
651 3944 932 3995 Praeterea
987 3955 1158 3994 omne
1213 3943 1511 4010 peccatum
1561 3938 1732 4011 igno-

80 4031 253 4086 minia
282 4031 522 4098 dicitur,
560 4030 701 4101 quia
721 4033 879 4084 caret
902 4028 1138 4083 nomine
1164 4032 1388 4082 natura:
1415 4045 1428 4094 ;
1455 4029 1731 4098 quoniam

78 4135 188 4174 non
215 4125 304 4175 est
333 4137 367 4174 a
397 4119 517 4174 Deo
551 4121 836 4184 creatum,
896 4117 996 4172 sed
1057 4134 1089 4170 a
1149 4115 1378 4171 diabolo
1409 4115 1730 4174 inventum.

80 4209 375 4270 Quomodo
388 4214 590 4263 autem
606 4205 809 4261 traditi
823 4204 1036 4261 suntin
1055 4205 1362 4276 passiones
1378 4204 1732 4277 ignominiaa,

80 4299 352 4368 aperitur,
384 4314 523 4352 cum
557 4295 837 4351 subditur
865 4311 876 4350 :
913 4297 1058 4350 Nam
1078 4296 1304 4364 feminae
1325 4309 1510 4349 eorum
1534 4295 1734 4350 immu-

79 4389 320 4441 taverunt
343 4383 680 4441 naturalem
701 4400 857 4438 usum
879 4385 935 4437 in
957 4400 1082 4438 cum
1114 4400 1274 4437 usum
1315 4385 1412 4454 qui
1457 4387 1532 4438 est
1551 4393 1736 4439 contra

81 4483 348 4530 naturam.
379 4476 482 4529 llic
514 4473 836 4545 Apostolus
862 4489 962 4544 per
983 4471 1371 4544 periphrasim
1397 4471 1594 4528 vitavit
1617 4490 1735 4529 rem

81 4567 323 4635 turpem.
359 4564 475 4619 Sed
507 4561 990 4632 sciendum,quia
1010 4561 1104 4616 hic
1132 4561 1294 4616 locus
1309 4559 1464 4616 varie
1489 4578 1523 4616 a
1551 4561 1740 4617 docto-
1769 4577 1814 4640 D

83 4651 235 4706 ribus
257 4653 568 4724 expositus
590 4651 1299 4721 est.Attamen,quomodo
1324 4649 1738 4722 intelligendus

84 4740 154 4794 sit
182 4741 504 4813 Apostolus
539 4738 902 4809 manifestat,
936 4757 1067 4794 cum
1096 4738 1400 4810 subjungit
1428 4755 1441 4794 :
1476 4739 1741 4795 Similiter

82 4834 256 4883 autem
278 4830 589 4885 etmasculi
619 4829 808 4883 relicto
837 4830 1087 4884 naturali
1114 4845 1238 4893 usu,
1271 4832 1378 4882 etc.
1411 4828 1557 4883 Dum
1582 4829 1734 4884 enim

83 4916 234 4986 dicit,
268 4920 556 4986 similiter,
587 4917 890 4973 evidenter
919 4917 1197 4987 ostendit,
1232 4917 1370 4989 quia
1427 4917 1580 4974 sicut
1611 4935 1739 4974 ma-

148 5165 255 5241 (92)
289 5167 656 5241 In_Vulgata
687 5169 1078 5238 postpositum
1111 5171 1199 5224 est
1225 5167 1464 5224 verbum
1514 5185 1742 5241 corpora

84 5233 247 5309 alteri
276 5233 560 5309 afﬁciant.

151 5308 258 5382 (93)
290 5306 352 5382 lu
385 5306 764 5382 autographo
795 5307 919 5365 loco
951 5314 1048 5382 qui
1073 5310 1324 5366 habetur
1353 5310 1498 5380 quis.

153 5378 262 5449 (94)
293 5380 357 5435 In
389 5378 664 5452 Vulgata
679 5379 816 5452 Deus
838 5378 1336 5451 non-nominatur,
1360 5378 1463 5438 seu
1515 5381 1595 5438 ita
1639 5382 1739 5439 ha-

87 5445 270 5516 betur,
302 5453 399 5516 qui
429 5445 874 5507 est'benedictus.

157 5520 264 5589 (95)
298 5520 363 5577 In
396 5528 523 5578 aut.
561 5537 752 5592 marg.
786 5539 834 5577 c.
857 5524 923 5579 V.

157 5591 265 5661 (96)
294 5594 354 5648 In
383 5593 653 5661 Vulgata
684 5593 835 5650 illos.

176 5591 265 5665 99)
294 5594 354 5648 In
383 5593 653 5665 Vulgata
684 5591 835 5665 illos.

176 5593 265 5661 96)
294 5594 354 5648 In
383 5593 653 5665 Vulgata
684 5593 835 5650 illos.

157 5593 268 5738 (97)
299 5665 366 5724 In
397 5662 775 5737 autographa
804 5664 1015 5739 legitur
1043 5667 1329 5737 accensis,
1387 5668 1542 5738 quod
1602 5667 1745 5723 mihi

1851 562 2076 616 l‘eniinuc
2111 569 2262 634 turpi
2320 565 2609 622 desiderio
2668 568 2917 624 feminas
2974 572 3342 642 appetebant.
3398 579 3502 630 No-

1853 651 2095 705 tandum
2117 652 2464 723 igitur,quia
2489 673 2601 709 non
2630 656 3112 721 ait,mutaverunt
3133 661 3500 732 conjugalem

1851 757 2046 804 usum,
2070 742 2168 794 sed
2197 746 2504 798 naturalem
2527 764 2548 807 ;
2577 744 2912 817 quicunque
2929 747 3081 802 enim
3109 751 3371 806 membra
3392 769 3501 808 sua

1849 827 1968 882 illis
2027 832 2314 886 membris
2363 831 2587 898 miscet,
2643 849 2769 903 qua:
2831 839 2980 890 Deus
3012 837 3227 893 creavit
3257 839 3326 893 ad
3360 857 3498 911 pro-

1851 919 2129 972 creandas
2154 920 2517 984 scboles,etsi
2542 921 2659 976 sint
2684 923 2946 979 membra
2969 926 3308 996 meretricis,
3326 934 3498 984 natu-

1851 1006 1990 1060 ralis
2012 1013 2098 1060 est
2117 1011 2568 1080 usus,quamvis
2595 1010 2830 1066 illicitus
2857 1015 3204 1070 concubitus
3223 1037 3236 1080 ;
3255 1016 3498 1087 quivere

1851 1094 1965 1148 illis
1989 1097 2115 1165 conj
2129 1098 2448 1167 ungit,qua3
2471 1105 2621 1154 Deus
2647 1117 2759 1154 non
2784 1103 2995 1156 creavit
3014 1103 3084 1157 ad
3111 1107 3498 1175 procreandas

1850 1183 2100 1250 soboles,
2125 1185 2232 1238 etsi
2257 1188 2521 1240 membra
2550 1187 2666 1241 sint
2688 1188 2904 1256 uxoris,
2931 1207 3042 1244 non
3067 1197 3262 1246 tamen
3285 1199 3372 1248 est
3395 1211 3494 1249 na-

1848 1272 2053 1327 turalis
2079 1275 2316 1328 osusl‘It
2342 1275 2467 1329 ideo
2491 1277 2631 1330 dicit
2651 1278 2962 1348 Apostolus
2989 1297 3000 1334 :
3027 1281 3298 1336 Similiter
3312 1287 3495 1337 autem

1846 1366 1894 1415 et
1920 1363 2171 1431 masculi,
2207 1366 2396 1419 relicto
2428 1368 2679 1420 naturali
2723 1383 2824 1421 usu
2869 1371 3109 1438 feminis,
3162 1378 3498 1427 exarserunt

1845 1452 1902 1503 in
1927 1451 2214 1506 desideriis
2233 1455 2370 1521 suis,
2403 1454 2638 1508 invicem
2661 1457 2894 1511 masculi
2925 1459 2982 1512 in
3013 1460 3282 1514 masculos
3313 1465 3496 1532 turpi-

1845 1539 2088 1593 tudinem
2120 1547 2427 1611 operantes.
2461 1543 2824 1609 E.rarserunt,
2857 1545 3071 1616 inquit,
3105 1547 3157 1601 id
3192 1553 3281 1602 est
3312 1549 3497 1604 incre-

1845 1628 2009 1681 dibili
2042 1630 2248 1684 ardore
2280 1630 2541 1687 libidinis
2563 1634 2792 1689 accensi
2825 1640 2964 1690 sunt
2993 1637 3126 1707 (97),
3152 1637 3322 1707 juxta
3354 1637 3496 1694 illud

1852 1717 2186 1788 prophetae:
2248 1720 2535 1775 Ambulate
2586 1724 2644 1775 in
2705 1724 2916 1778 lumine
2971 1723 3117 1791 ignis
3167 1729 3334 1781 vestri
3365 1727 3501 1781 etin

1843 1807 2104 1873 ﬂammis,
2165 1824 2297 1878 quas
2355 1810 2710 1865 succendistis
2759 1812 2891 1881 (98).
2955 1812 3020 1866 Et
3076 1812 3247 1868 item:
3302 1815 3496 1870 Omnes

1843 1896 2215 1952 adulterantes
2268 1899 2395 1967 (lsa.
2458 1917 2507 1967 ι,
2569 1901 2677 1968 11),
2755 1903 2911 1972 quasi
2991 1901 3250 1958 clibanus
3332 1906 3497 1961 corda

1842 2002 2048 2040 eorum.

1917 2073 2232 2146 Sequitur:
2270 2077 2332 2129 Et
2389 2076 2708 2142 mercedem,
2766 2094 2928 2147 quam
2985 2082 3249 2149 Oportuit,
3287 2084 3496 2136 erroris

1848 2165 1936 2215 sui
1961 2164 2017 2216 in.
2045 2165 2346 2234 semetipsis
2379 2166 2712 2234 recipientes.
2741 2166 3084 2235 Mercedem,
3117 2184 3292 2238 quam
3325 2185 3498 2240 opor-

1846 2251 2045 2316 tuit,in
2064 2253 2398 2324 semetipsis
2421 2258 2764 2324 receperunt
2779 2255 2889 2325 (99)
2907 2273 2920 2322 ;
2937 2255 3074 2325 quia
3088 2255 3496 2328 derelinquen-

1844 2344 1933 2394 tes
1966 2344 2169 2404 Deum,
2203 2341 2462 2396 derelicti
2495 2346 2633 2396 sunt
2664 2343 2735 2397 ab
2767 2359 2871 2410 eo;
2905 2344 2976 2398 ad
3009 2343 3116 2398 hoc
3148 2344 3306 2399 enim
3337 2345 3497 2401 dere-

1845 2427 2165 2499 liquerunt,
2191 2434 2254 2483 ut
2277 2428 2904 2500 derelinquercntur,et
2930 2430 3043 2498 his,
3077 2449 3204 2504 qua:
3235 2449 3493 2504 sequun-

1844 2522 1960 2581 tur,
1994 2517 2339 2572 criminibus
2373 2517 2600 2584 irretiti,
2635 2524 3019 2590 agnoscerent
3069 2536 3245 2592 quem
3277 2520 3493 2577 dereli-

1845 2606 2267 2675 queruut.Nam
2292 2607 2429 2677 quia
2452 2612 2774 2678 peccatum,
2801 2609 2955 2680 quod
2980 2609 3168 2681 primo
3190 2610 3494 2667 commise-

1846 2698 2003 2760 runt,
2039 2694 2350 2751 noluerunt
2380 2696 2555 2768 digna
2587 2697 2988 2753 satisfactione
3017 2698 3321 2770 corrigere,
3363 2699 3492 2756 ideo

1835 2785 1998 2854 justo
2034 2785 2131 2838 Dei
2154 2785 2376 2855 judicio
2408 2786 2602 2841 traditi
2627 2793 2765 2842 sunt
2794 2787 2885 2842 his
2915 2788 3094 2851 vitiis,
3129 2805 3232 2860 pro
3275 2789 3493 2860 quibus

1844 2873 2103 2929 atrocius
2133 2874 2505 2945 punirentur.

1915 2963 2226 3034 Sequitur:
2264 2965 2324 3018 Et
2355 2965 2496 3018 sicut
2538 2980 2646 3018 non
2688 2965 3055 3032 probaverunt
3083 2968 3252 3022 Deum
3296 2967 3493 3024 habere

1843 3051 1901 3107 in
1923 3053 2181 3108 notitiam
2203 3052 2371 3123 (100),
2397 3052 2626 3108 tradidit
2649 3070 2738 3108 eos
2770 3055 2917 3125 (101)
2941 3056 3079 3110 Deus
3111 3057 3170 3110 in
3202 3057 3491 3127 reprobum

1841 3156 2078 3195 sensum.
2108 3140 2440 3194 Notandum
2464 3140 2573 3196 hoc
2605 3141 2730 3197 loco
2761 3143 2899 3213 quia
2936 3161 3048 3198 non
3105 3145 3205 3213 ait,
3239 3161 3355 3199 non
3386 3162 3487 3200 co-

1842 3234 2166 3300 gnoverunt
2191 3233 2391 3296 Deum,
2418 3230 2543 3294 sed,
2566 3247 2673 3284 non.
2697 3232 3069 3293 probaverunt
3095 3234 3266 3288 Deum
3290 3233 3490 3290 habere

1842 3322 1898 3373 in
1921 3321 2192 3372 notitiam.
2223 3324 2397 3372 Deum
2417 3335 2671 3388 namque
2691 3336 3062 3390 cognoscere,
3083 3326 3170 3375 est
3199 3337 3302 3392 per
3321 3337 3488 3377 crea-

1841 3415 2006 3463 turas
2037 3406 2360 3478 intelligere
2417 3407 2784 3473 Creatorem;
2836 3407 3018 3462 Deum
3077 3425 3209 3463 vero
3242 3409 3489 3480 probare

1842 3497 2056 3552 habere
2085 3496 2141 3548 in
2177 3494 2401 3565 notitia,
2435 3494 2620 3550 oculis
2649 3511 2782 3550 eum
2835 3496 3043 3551 mentis
3093 3513 3321 3568 semper
3341 3515 3485 3568 prte-

1840 3590 2066 3640 sentem
2098 3583 2332 3649 habere,
2366 3587 2421 3638 et
2451 3583 2734 3647 timendo,
2768 3583 2903 3638 vitia
2931 3584 3240 3640 declinare.
3266 3585 3484 3658 Repra-

1840 3675 1978 3728 bum
2012 3676 2204 3726 autem
2229 3688 2490 3736 sensum,
2515 3671 2653 3727 dicit
2684 3689 3040 3744 perversum,
3102 3675 3172 3730 de
3202 3691 3317 3746 quo
3349 3690 3486 3734 mox

1839 3762 2114 3818 subditur
2138 3777 2150 3814 :
2191 3761 2252 3817 Ut
2277 3759 2491 3834 faciant
2519 3777 2604 3826 ea,
2635 3779 2753 3833 qua:
2773 3779 2882 3819 non
2911 3764 3235 3820 conveniunt
3260 3781 3270 3820 :
3298 3764 3354 3820 id
3375 3770 3481 3832 est,

1841 3868 1968 3923 qua:
1991 3851 2148 3922 leges
2180 3851 2388 3905 divina:
2411 3858 2803 3908 exsecrantur.
2831 3852 2975 3910 Nam
3000 3855 3268 3926 quamvis
3289 3856 3492 3914 omnia

1843 3945 2079 4012 peccata
2101 3940 2215 3995 Deo
2238 3940 2617 3997 exsecrabilia
2637 3947 2796 4008 sunt,
2825 3942 2925 3998 illa
2944 3947 3139 3998 tamen
3165 3961 3279 4015 prae
3298 3946 3488 4000 omni-

1843 4029 1956 4084 bus
1986 4027 2435 4084 exsccrabiliora
2464 4034 2621 4096 sunt,
2641 4046 2766 4100 qua:
2799 4031 2949 4086 ﬁunt
2971 4037 3172 4088 contra
3193 4038 3492 4094 naturam.

1845 4123 2088 4190 Propter
2118 4117 2238 4172 haec
2271 4117 2426 4172 enim
2459 4118 2645 4171 factus
2676 4122 2765 4172 est
2821 4119 3232 4189 cataclysmus,
3295 4121 3349 4175 id
3381 4126 3492 4192 est,

1847 4206 2155 4262 diluvium.
2190 4205 2434 4276 Propter
2464 4205 2604 4274 haec,
2637 4209 2892 4274 quatuor
2921 4207 3202 4278 civitates,
3237 4208 3495 4266 Sodoma

1846 4296 2085 4363 scilicet,
2113 4300 2169 4350 et
2190 4293 2534 4360 Gomorrha,
2560 4293 2780 4347 Adama
2809 4299 2865 4348 et
2895 4295 3150 4362 Seboim,
3174 4296 3494 4365 subversae,

1846 4400 1980 4455 igne
1993 4390 2051 4439 et
2073 4381 2353 4454 sulphure
2375 4385 2638 4436 crematae
2663 4386 3070 4454 sunt.Propter
3091 4382 3210 4437 haec
3231 4383 3497 4453 quotidie

1847 4473 2190 4528 hominibus
2223 4470 2416 4526 multae
2445 4469 2786 4542 pestilentize
2817 4476 2872 4526 et
2901 4470 3096 4527 clades
3127 4471 3420 4527 eveniunt.

1920 4561 2226 4632 Sequitur:
2263 4561 2501 4632 chletos
2533 4563 2683 4616 omni
2716 4562 3030 4631 iniquitate,
3065 4566 3174 4616 etc.
3211 4559 3500 4631 Iniquitas

1847 4656 1937 4706 est
1969 4649 2278 4706 malitiosa)
2311 4650 2523 4704 mentis
2553 4656 2751 4704 votum
2784 4655 2959 4722 atque
3015 4649 3302 4722 voluptas.
3333 4650 3502 4710 Dicta

1850 4744 2046 4795 autem
2080 4744 2168 4794 est
2200 4739 2504 4810 iniquitas,
2564 4739 2732 4810 quasi
2794 4758 2906 4794 non
2959 4740 3204 4812 aequitas
3231 4757 3242 4795 :
3273 4744 3329 4795 et
3359 4741 3503 4812 quia

1850 4833 2026 4900 caput
2060 4833 2116 4883 et
2147 4829 2310 4883 radix
2342 4834 2430 4882 est
2459 4829 2722 4884 omnium
2784 4829 3094 4900 malorum,
3145 4831 3279 4901 jure
3310 4831 3504 4902 prima

1851 4919 2108 4990 ponitur.
2143 4919 2297 4973 Inter
2321 4918 2688 4989 iniquitatem
2715 4923 2910 4974 autem
2935 4925 2991 4974 et
3011 4926 3313 4992 peccatum
3344 4920 3504 4977 dill‘e-

1848 5183 2042 5225 errore
2075 5165 2304 5238 lapsum
2336 5166 2675 5238 visumest.

1924 5239 2037 5364 (98)
2069 5237 2192 5293 Dem
2221 5255 2320 5305 v11,
2357 5239 2406 5291 4.
2441 5237 2611 5309 Vulg.
2662 5240 2856 5296 Omnes
2912 5239 3308 5307 adulterantes,
3341 5245 3506 5312 quasi

1881 5312 1924 5366 li
1941 5326 2099 5364 ianus
2128 5325 2417 5362 succensus
2444 5326 2482 5363 a
2510 5319 2784 5366 coauente.

1850 5326 2099 5366 ctwanus
2128 5326 2417 5362 succensus
2444 5326 2482 5363 a
2510 5326 2784 5366 coauente.

1929 5327 2099 5364 uanus
2128 5327 2417 5362 succensus
2444 5327 2482 5363 a
2510 5327 2784 5380 coquente.

2068 5380 2258 5466 Verba
2307 5380 2631 5466 mercedem.
2784 5392 3100 5466 receperunt
3129 5383 3187 5437 in
3239 5383 3505 5466 margine

1853 5449 2110 5526 inferiori
2141 5449 2486 5526 autographi
2516 5450 2794 5526 leguntur
2825 5449 3085 5526 indicata
3117 5471 3148 5508 a
3179 5458 3336 5519 nota,
3369 5449 3499 5526 qua:

1854 5521 2245 5599 interlinearis
2275 5519 2525 5599 habetur
2543 5519 2705 5599 inter
2726 5525 2899 5599 verba
2929 5527 3268 5597 recipientes,
3295 5529 3351 5580 et
3370 5519 3507 5599 quia

1923 5594 2072 5666 (100)
2102 5590 2560 5666 Vulgatahabet
2591 5594 2651 5650 in
2680 5595 2912 5652 notitia.

1926 5662 2074 5739 (ιω)
2107 5662 2279 5739 Vulg.
2314 5663 2458 5725 illos.
