3956 6230
410 330 521 387 143

1423 321 1760 383 ATTONIS
1809 319 2396 383 VERCELLENSIS
2444 321 2794 384 EPISCOPI

3701 325 3838 383 144

400 458 589 514 rentia
614 457 844 513 est.Est
872 456 1030 512 enim
1049 455 1330 527 iniquitas
1362 455 1517 527 quod
1548 455 1770 509 dictum
1801 456 2045 525 est,pec-
2076 456 2137 521 Α
2169 453 2350 509 Distat
2398 457 2594 509 autem
2648 454 2803 511 inter
2857 454 3127 520 insidias,
3177 454 3443 510 fraudem
3490 457 3551 511 et
3591 453 3829 511 dolum.

400 551 756 604 catum.vero
789 545 1048 618 corporis
1074 543 1385 617 prolapsio.

474 635 748 707 Sequitur
780 652 793 690 :
822 634 1053 690 Malitia.
1104 632 1328 688 Malitia
1374 636 1463 688 est
1508 648 1788 703 perversae
1838 629 2050 687 mentis

404 724 678 797 cogitatio
713 741 725 780 :
760 724 915 779 unde
944 722 1122 779 distat
1153 738 1187 777 a
1216 720 1599 793 malignitate,
1625 737 1751 792 quae
1783 724 1871 775 est
1901 721 2053 790 ejus-

404 815 537 870 dem
563 829 842 884 perversae
875 809 1243 884 cogitationis
1274 807 2054 886 opus.Fomicatione.Forni-

407 902 620 972 carius,
656 901 775 957 sive
804 898 1115 956 fornicaria
1144 896 1379 965 dicitur,
1411 898 1581 967 cujus
1612 914 1824 968 corpus
1856 896 2053 968 publi-

407 1006 543 1047 cum
573 994 678 1046 est.
712 988 857 1044 Dicti
891 992 1087 1043 autem
1119 989 1259 1042 sunt
1286 1003 1319 1041 a
1353 986 1674 1041 fornicibus
1703 983 2053 1050 arcuatis,id

407 1083 513 1151 est,
548 1077 818 1146 curvatis,
852 1077 913 1133 in
965 1076 1182 1149 quibus
1234 1076 1389 1148 apud
1420 1074 1695 1146 antiquos
1747 1073 2055 1145 lupanaria

404 1168 891 1223 construebantur
931 1166 1003 1221 ad
1058 1164 1495 1238 prostituendas
1538 1162 1893 1219 meretrices.
1953 1162 2055 1218 Est

402 1262 594 1313 autem
626 1254 899 1329 specialis
919 1253 1342 1319 fornicatio,est
1362 1256 1419 1309 et
1435 1250 2052 1325 generalis.Specialis,

399 1344 690 1417 corruptio
720 1348 811 1401 est
830 1342 1013 1399 animi
1039 1348 1095 1399 et
1124 1342 1420 1415 corporis;
1456 1341 1743 1413 generalis
1774 1356 1930 1405 vero,
1961 1344 2053 1396 est

400 1432 593 1490 omnis
620 1433 918 1504 corruptio
952 1431 1187 1498 mentis,
1229 1436 1287 1486 et
1316 1446 1490 1486 omne
1517 1436 1851 1502 peccatum,
1903 1430 2055 1501 quod

402 1525 636 1596 separat
679 1522 827 1593 (102)
884 1520 1186 1576 hominem
1215 1537 1249 1574 a
1279 1519 1416 1576 Deo.
1477 1518 1640 1574 Unde
1698 1518 2053 1575 Psalmista:

400 1611 602 1668 Perch
630 1626 814 1666 omnes
842 1611 1177 1681 fornicantes
1208 1608 1305 1663 abs
1334 1612 1386 1663 te
1414 1608 1584 1680 (103).
1620 1609 1886 1662 Avaritia.
1903 1612 2057 1661 Ava-

406 1700 541 1756 ritia
568 1698 801 1773 proprie
830 1702 920 1755 est
951 1697 1141 1754 aliena
1183 1714 1406 1769 rapere,
1467 1701 1525 1752 et
1551 1712 1660 1752 sua
1689 1713 1803 1751 non
1834 1694 2055 1767 largiri.

407 1789 635 1844 Dicitur
665 1791 859 1844 autem
889 1786 1131 1842 avaritia
1154 1784 1323 1857 quasi
1345 1786 1471 1841 auri
1504 1785 1817 1856 cupiditas,
1840 1789 1895 1840 et
1926 1788 2057 1855 apte

408 1882 543 1949 post
562 1876 1006 1932 fornicationem
1033 1874 1271 1946 ponitur
1295 1898 1309 1942 ;
1341 1873 1479 1944 quia
1495 1873 1615 1927 hzec
1637 1873 1752 1927 duo
1780 1873 1852 1927 ad
1874 1872 2057 1928 idolo-

411 1982 546 2021 rum
577 1965 867 2036 pertinent
927 1962 1217 2017 culturam
1252 1978 1263 2016 :
1299 1962 1454 2017 unde
1482 1960 1637 2017 idem
1697 1960 2009 2031 Apostolus
2041 1979 2055 2016 :

408 2071 581 2126 neque
604 2054 927 2126 fornicator,
984 2067 1157 2123 neque
1211 2050 1550 2117 immundus,
1608 2066 1781 2122 neque
1837 2066 2057 2115 avarus,

407 2145 546 2216 quod
574 2150 651 2199 est
677 2142 951 2197 idolorum
980 2140 1126 2211 (104)
1157 2142 1411 2206 servitus,
1446 2140 1643 2193 habent
1683 2135 2063 2195 lwredilatcm

405 2236 465 2289 in
494 2248 656 2303 regno
690 2231 911 2297 Christi,
945 2232 997 2285 et
1044 2230 1141 2283 Dei
1181 2228 1407 2299 (Ephes.
1458 2245 1511 2296 v,
1543 2229 1621 2297 5).
1676 2228 1949 2300 Nequitia
1976 2232 2064 2283 est

404 2323 620 2379 mentis
650 2320 962 2385 calliditas,
993 2318 1083 2406 vel
1118 2317 1354 2373 astutia.
1389 2318 1620 2372 Astutia
1650 2321 1847 2372 autem
1868 2318 1939 2406 in
1972 2333 2067 2406 nea

406 2411 596 2484 quitia
624 2426 741 2465 non
772 2407 874 2463 illa
919 2405 1303 2478 intelligenda
1348 2411 1459 2472 est,
1503 2409 1574 2462 de
1631 2423 1750 2479 qua
1789 2404 2064 2462 Salomon

409 2501 553 2557 dicit
577 2516 590 2556 :
614 2500 837 2554 Astutus
865 2496 1053 2552 omnia
1079 2498 1197 2564 agit
1224 2512 1351 2553 cum
1368 2496 1595 2551 consilio
1619 2496 1801 2568 (Prov.
1823 2496 2063 2566 2011,16),

418 2590 524 2647 sed
557 2588 775 2644 astutia
803 2585 1184 2658 deceptionis.
1217 2585 1287 2640 Et
1334 2585 1550 2640 dicitur
1607 2583 2064 2657 nequitia,quasi

415 2696 534 2735 non
564 2676 834 2749 aequitas.

489 2766 771 2839 Sequitur
800 2781 814 2821 :
849 2762 1052 2821 Plenas
1080 2763 1315 2819 invidia.
1349 2762 1569 2818 Invidia
1588 2762 1743 2818 dicta
1761 2765 1850 2818 est
1874 2779 1908 2817 a
1930 2778 2064 2817 con-

414 2857 635 2915 tuendo
665 2853 904 2910 alterius
963 2852 1317 2909 felicitatem.
1380 2851 1564 2907 Habet
1611 2855 1805 2908 autem
1862 2851 1972 2907 sub
2004 2866 2066 2906 se

421 2948 571 3003 duas
601 2941 1072 3017 species,doloris
1102 2944 1159 2997 et
1179 2939 1635 2997 timoris.0mnis
1654 2941 1810 2996 enim
1832 2940 2066 2996 invidus

421 3035 626 3091 videns
655 3032 899 3090 alterius
927 3030 1286 3099 felicitatem,
1343 3034 1446 3085 aut
1492 3027 1674 3097 dolet,
1720 3034 1822 3085 aut
1849 3030 2017 3086 timet
2048 3044 2062 3082 :

427 3123 583 3180 dolet
598 3122 854 3194 aliquem
879 3122 1161 3193 majorem
1183 3136 1272 3189 se;
1295 3119 1465 3175 timet
1481 3134 1614 3174 vero
1644 3119 1932 3176 minorem
1952 3119 2066 3176 sibi

2160 542 2391 597 Insidiae
2425 560 2680 615 namque
2700 542 2811 600 loci
2843 549 3002 611 sunt,
3035 544 3197 599 fraus
3228 543 3628 611 vero,violatio
3660 544 3835 613 ﬁdei,

2160 630 2331 688 dolus
2361 637 2451 688 est
2479 632 2775 688 simulatio
2806 632 3007 689 animi.
3032 632 3551 705 Malignitate.Quid
3583 633 3661 691 sit
3690 650 3829 691 ma-

2160 719 2547 792 lignitas,jam
2577 721 2849 794 superius
2878 721 3103 777 dictum
3127 726 3237 778 est.
3268 721 3547 794 Sequitur
3577 739 3590 778 :
3618 721 3835 779 Susur-

2160 825 2340 864 rones.
2373 810 2624 866 Susurro
2652 814 2759 879 est,
2808 812 2909 882 qui
2966 810 3171 866 nonin
3228 810 3395 877 facie,
3452 811 3554 868 sed
3580 810 3640 865 in
3673 828 3828 868 aure

2161 898 2416 953 detrahit
2440 916 2453 954 :
2479 899 2634 954 unde
2664 903 2722 955 et
2751 915 2785 953 a
2813 916 2955 954 sono
2985 899 3217 955 aurium
3240 914 3454 977 nomen
3476 900 3725 972 accepit,
3755 916 3828 957 eo

2161 986 2317 1056 quod
2349 987 2458 1042 sub
2489 1003 2628 1043 aure
2658 992 2844 1044 sonet.
2877 988 3020 1043 Hinc
3049 988 3318 1059 est,quod
3350 987 3637 1044 Dominus
3661 1006 3827 1061 pra-

2163 1074 2317 1147 cepit
2349 1091 2362 1130 :
2394 1076 2471 1130 Ne
2527 1078 2603 1131 sis
2656 1078 2998 1143 criminator,
3060 1085 3156 1131 aut
3211 1093 3443 1132 susurro
3492 1079 3552 1132 in
3599 1078 3828 1149 populis

2164 1163 2352 1233 (Leuit.
2383 1181 2501 1231 xxx,
2536 1165 2644 1235 10).
2690 1166 3045 1221 Detractor-cs.
3085 1164 3387 1222 Detractor
3415 1169 3525 1234 est,
3559 1166 3682 1236 qui,
3716 1167 3831 1221 bo-

2165 1269 2307 1307 num
2339 1252 2579 1310 alterius
2600 1253 2821 1310 malum
2844 1253 3111 1321 dicit,aut
3136 1253 3238 1325 qui
3270 1269 3553 1327 magnum
3574 1253 3829 1311 alterius

2166 1342 2387 1396 bonum
2409 1342 2551 1397 dicit
2566 1359 2693 1398 esse
2715 1343 3330 1415 parvum.Quicunque
3352 1346 3550 1400 autem
3571 1343 3642 1399 de
3662 1342 3826 1400 malo

2166 1429 2407 1485 alterius
2438 1429 2582 1486 falso
2603 1431 2823 1486 malum
2845 1430 3348 1503 loquitur,similis
3368 1435 3459 1487 est
3478 1431 3822 1498 detractori;

2168 1518 2216 1573 si
2248 1535 2378 1575 vero
2410 1520 2481 1574 de
2511 1519 2752 1576 alterius
2803 1519 2956 1577 malo
3013 1520 3315 1577 veritatem
3356 1520 3535 1589 dicat,
3580 1538 3707 1585 non
3738 1530 3832 1578 est

2167 1608 2475 1676 detractor,
2508 1609 2605 1665 sed
2655 1609 2918 1665 veritatis
2976 1612 3249 1666 assertor.
3284 1609 3631 1681 Quicunque
3661 1609 3839 1669 enim.

2167 1695 2420 1767 simplici
2459 1696 2783 1753 intentione
2815 1698 3036 1754 bonum
3066 1697 3289 1765 laudat,
3319 1702 3378 1755 et
3405 1696 3630 1754 malum
3662 1698 3837 1758 vitu-.

2166 1790 2349 1856 perat,
2378 1784 2738 1843 voluntatem
2769 1804 2938 1843 suam
2971 1786 3178 1843 divina:
3202 1787 3433 1843 veritati
3487 1788 3827 1861 conjungit.

2166 1874 2272 1928 Deo
2303 1873 2547 1930 odibiles.
2585 1875 2685 1929 llic
2715 1876 3060 1947 notandum,
3095 1876 3237 1948 quia
3260 1893 3375 1933 non
3405 1876 3490 1932 ait
3526 1876 3824 1945 absolute,

2167 1962 2411 2033 odibiles,
2434 1964 2536 2019 sed
2556 1964 2857 2035 praamisit,
2891 1965 3095 2035 Deo,ad
3126 1965 3606 2022 dinstinctionem
3628 1965 3827 2021 homi-

2171 2068 2335 2106 num.
2364 2051 2608 2108 Plurimi
2638 2070 2893 2125 namque
2912 2057 3051 2109 sunt
3070 2052 3319 2110 odibiles
3348 2054 3603 2126 Deo,qui
3625 2054 3826 2110 dilecti

2173 2145 2313 2196 sunt
2336 2142 2638 2207 mundo,et
2657 2142 2978 2197 econtrario
3010 2142 3179 2198 multi
3211 2147 3323 2198 Deo
3354 2143 3550 2199 dilecti
3574 2148 3736 2215 sunt,
3769 2148 3832 2199 et

2175 2230 2395 2284 mundo
2416 2229 2794 2295 odibiles.Qui
2819 2235 3014 2288 autem
3044 2231 3165 2289 hac
3191 2232 3390 2287 omnia
3416 2232 3558 2288 vitia
3578 2232 3824 2299 habent,

2174 2320 2327 2372 recte
2359 2317 2474 2372 Deo
2520 2317 2768 2373 odibiles
2798 2319 3097 2375 dicuntur.
3126 2319 3571 2377 Contumeliosos.
3604 2320 3829 2378 Contu-

2177 2405 2403 2462 meliosi
2428 2410 2569 2462 sunt
2595 2409 2906 2464 verborum
2937 2408 3175 2480 injuriis
3204 2408 3443 2480 proclivi
3475 2426 3489 2465 :
3522 2426 3661 2466 nam
3690 2426 3831 2467 cou-

2174 2494 2427 2550 tumeliaa
2456 2500 2595 2551 sunt
2623 2497 2935 2569 opprobria
2967 2501 3026 2553 et
3051 2497 3327 2553 convicia.
3354 2499 3653 2570 Superbos.
3714 2500 3827 2557 Su-

2174 2584 2375 2656 perbia
2404 2589 2460 2640 et
2490 2584 2683 2642 omnis
2712 2586 2957 2642 illicitus
2999 2590 3053 2643 et
3103 2586 3473 2645 inordinatus
3501 2588 3823 2661 appetitus.

2176 2674 2291 2730 Hoc
2323 2678 2517 2731 autem
2545 2674 2753 2731 vitium
2783 2679 2905 2732 tam
2934 2690 3107 2747 grave
3137 2680 3246 2742 est,
3305 2681 3390 2750 ut,
3455 2694 3589 2735 cum
3621 2679 3828 2737 omnia

2173 2763 2314 2819 vitia
2341 2781 2376 2819 a
2404 2764 2716 2820 contrariis
2743 2763 3057 2821 virtutibus
3104 2771 3479 2838 superentur,
3536 2767 3597 2824 id
3627 2766 3825 2827 solum

2174 2856 2378 2908 contra
2407 2853 2605 2908 omnia
2633 2852 2890 2910 dimicet.
2925 2853 3086 2910 Unde
3116 2859 3269 2911 recte
3314 2855 3583 2928 genitrix,
3617 2860 3678 2912 et
3723 2874 3833 2915 nu-

2174 2941 2287 2998 trix
2314 2941 2529 2998 dicitur
2548 2943 2815 2999 omnium
2834 2942 3189 3013 vitiorom,et
3208 2946 3618 3017 consumptrix
3642 2945 3828 3003 bono-

2175 3048 2328 3087 rum.
2363 3031 2563 3103 Itaque
2586 3031 2696 3088 hoc
2714 3031 2923 3088 vitium
2952 3036 3094 3088 tunc
3114 3033 3535 3102 nascitur,cum
3556 3034 3833 3094 homines

2176 3138 2239 3176 se
2267 3119 2402 3193 plus
2430 3137 2609 3192 quam
2639 3121 2824 3178 Deum
2871 3121 3125 3195 diligunt
3155 3138 3169 3178 :
3203 3123 3305 3193 qui
3336 3123 3450 3196 ipsi
3502 3123 3595 3180 sui
3625 3124 3835 3183 volunt

414 3213 548 3269 ﬁeri
574 3209 1090 3284 aequalemﬂmnis
1118 3208 1563 3264 auteminvidus
1586 3208 1864 3280 parvulus
1885 3212 1993 3278 est,
2012 3213 2069 3266 et
2098 3194 2141 3261 C
2177 3209 2360 3271 videri
2407 3210 2783 3283 principium.
2811 3211 3122 3284 Sequitur:
3146 3194 3585 3270 Elatos._Elatus
3614 3214 3833 3272 dicitur

423 3302 515 3359 sui
536 3301 754 3357 invidia
785 3298 1049 3355 moritur.
1084 3297 1286 3353 Omnis
1309 3296 1485 3353 etiam
1516 3297 1749 3353 invidus
1780 3315 1947 3355 rosor
1975 3303 2068 3354 est

419 3392 511 3448 sui
544 3408 557 3447 :
593 3391 750 3446 unde
778 3389 1018 3461 quidam
1050 3391 1221 3459 poeta
1249 3387 1331 3442 ait
1364 3404 1376 3441 :
1409 3387 1636 3443 Justius
1665 3387 1885 3443 invidia
1916 3386 2065 3446 nihil

420 3484 527 3549 est,
556 3497 683 3552 quas
714 3479 980 3552 protinus
1003 3478 1198 3549 ipsum
1227 3479 1525 3532 auctorem
1556 3475 1907 3548 rodit,atque
1938 3477 2063 3531 ani-

414 3585 574 3625 mam
604 3564 1587 3625 cruciatﬂomicidio.Homicidium
1618 3582 1652 3620 a
1680 3565 1833 3620 caede
1872 3565 2060 3620 homi-

413 3658 506 3714 nis
533 3657 768 3713 dicitur.
794 3656 894 3711 Est
923 3659 1117 3711 autem
1143 3659 1263 3709 tam
1295 3653 1617 3727 spirituale,
1652 3670 1829 3725 quam
1856 3670 2061 3726 corpo-

413 3746 535 3802 rale
568 3762 582 3801 :
611 3746 713 3801 sed
744 3742 1278 3815 incomparabiliter
1331 3744 1479 3815 (105)
1519 3743 1714 3813 majus
1752 3746 1843 3798 est
1888 3743 2060 3814 spiri-

413 3834 573 3891 tuale
604 3850 618 3889 :
652 3850 789 3890 nam
820 3831 1104 3904 corporali
1153 3832 1435 3888 occiditur
1464 3848 1676 3904 corpus
1706 3833 2059 3902 quandoque

416 3923 764 3979 moriturum
791 3941 805 3990 ;
838 3921 1127 3994 spirituali
1158 3939 1289 3977 vero
1321 3922 1519 3977 anima
1560 3922 1619 3976 in
1662 3927 1946 3976 aeternum
1974 3922 2058 3975 vi-

416 4017 600 4069 ctura.
631 4012 778 4068 Hinc
806 4016 896 4068 est
921 4012 1076 4083 quod
1107 4011 1387 4067 Dominus
1417 4012 1476 4066 in
1499 4011 1809 4083 Evangelia
1839 4011 1911 4065 de
1939 4011 2059 4065 dia-

411 4102 546 4159 bolo
575 4101 754 4157 dicit:
788 4102 885 4157 Ille
939 4101 1208 4158 homicida
1252 4100 1467 4158 eratab
1514 4101 1677 4155 initio
1724 4101 1903 4169 (Joan.
1933 4116 2055 4166 VIII,

410 4193 519 4265 44).
552 4191 831 4248 Diabolus
861 4193 1075 4265 quippe
1110 4191 1519 4248 tantummodo
1577 4190 1752 4245 verba
1790 4188 2054 4260 protulit,

408 4286 467 4338 et
494 4281 883 4355 protaplastos
904 4281 1213 4337 interfecit.
1237 4288 1318 4335 Ac
1340 4295 1443 4350 per
1466 4278 1570 4334 hoc
1592 4278 1764 4333 datur
1784 4276 2052 4350 intelligi,

407 4372 548 4444 quia
576 4371 912 4444 quicunque
942 4370 1096 4427 malo
1127 4387 1233 4425 suo
1263 4369 1437 4423 vcrbo
1492 4366 1579 4423 vel
1638 4366 1900 4439 exemplo
1946 4365 2052 4421 ali-

405 4477 579 4533 quem
610 4460 820 4533 perdit,
843 4464 1002 4516 recte
1031 4459 1249 4514 dicitur
1278 4455 1591 4511 homicida.
1648 4456 1718 4511 Et
1756 4460 1888 4528 apte
1920 4459 2053 4526 post

2175 3298 2344 3370 quasi
2375 3302 2536 3355 extra
2565 3316 2628 3355 se
2656 3298 2906 3357 delatus.
2939 3299 3124 3356 Elatio
3154 3301 3310 3357 enim
3334 3306 3424 3358 est
3454 3302 3671 3359 mentis
3701 3319 3831 3360 ere-

2173 3388 2306 3444 ctio.
2334 3388 2497 3452 Quod
2527 3389 2732 3444 vitium
2761 3392 2901 3445 tunc
2931 3389 3209 3457 nascitur,
3234 3407 3369 3446 cum
3399 3407 3567 3447 mens
3597 3407 3703 3463 per
3733 3409 3834 3450 su-

2172 3477 2435 3550 perbiam
2458 3477 2685 3533 tumida
2712 3477 2897 3534 credit
2925 3493 2990 3533 sc
3052 3495 3181 3535 esse
3207 3479 3364 3550 quod
3395 3496 3512 3537 non
3542 3480 3829 3539 est.Unde

2172 3572 2303 3637 apte
2326 3570 2457 3639 post
2485 3566 2822 3639 superbiam
2849 3567 3260 3640 (106)ponitur,
3283 3570 3356 3624 de
3386 3585 3505 3641 qua
3532 3570 3823 3628 nascitur.

2169 3657 2474 3713 Inventores
2501 3659 2791 3714 molarum.
2827 3661 2943 3713 Hoc
2998 3657 3152 3713 dicto
3191 3658 3449 3714 ostendit
3484 3660 3827 3732 Apostolus,

2170 3745 2309 3816 quia
2341 3763 2454 3801 non
2486 3745 2684 3802 omnia
2712 3749 2948 3818 peccata
2976 3745 3191 3802 diaboli
3223 3746 3507 3803 instinctu
3535 3765 3827 3822 peragun-

2167 3838 2283 3894 tur.
2317 3835 2590 3900 Queedam
2622 3836 2779 3890 enim
2810 3836 3079 3892 homines
3136 3836 3249 3892 sibi
3279 3836 3582 3893 inveniunt
3616 3857 3629 3905 ;
3666 3839 3829 3896 unde

2169 3927 2534 3979 monstratur
2560 3925 2788 3995 pejores
2818 3940 2947 3979 esse
2977 3924 3230 3990 diabolo,
3262 3926 3366 3997 qui
3417 3942 3479 3981 se
3508 3928 3827 3984 confitetur

2169 4028 2203 4065 a
2229 4013 2345 4067 Deo
2367 4013 2659 4084 accepisse
2685 4014 3256 4084 potestatem,dicens
3278 4016 3608 4072 secundum
3640 4016 3824 4073 Evan-

2168 4099 2384 4170 gelium
2417 4101 2581 4155 Luca:
2615 4117 2628 4155 ε
2665 4102 2787 4157 Haec
2815 4103 3001 4158 omnia
3027 4102 3169 4159 mihi
3195 4103 3435 4159 tradicta
3454 4110 3660 4171 sunt,et
3678 4105 3748 4161 do
3767 4109 3826 4162 ei

2165 4191 2259 4243 cui
2285 4190 2421 4245 volo.
2457 4191 2577 4245 Ilaec
2612 4206 2705 4260 ego
2762 4192 2870 4247 tibi
2921 4191 3077 4259 dabo,
3108 4194 3159 4249 si
3183 4193 3474 4266 precidem
3501 4194 3825 4253 adoraveri:

2164 4294 2252 4332 me
2279 4279 2426 4349 (Luc.
2459 4296 2535 4351 1v,
2564 4280 2643 4348 6).
2675 4280 2819 4336 Hinc
2841 4285 2932 4337 est
2959 4282 3135 4353 quod,
3194 4288 3261 4338 ut
3312 4283 3420 4339 Job
3449 4288 3749 4353 tentaret,
3785 4302 3825 4342 ει

2168 4368 2277 4422 Deo
2339 4367 2503 4439 petiit
2558 4373 2903 4440 potestatem
2938 4414 2952 4439 ,
2976 4375 3035 4426 et
3063 4388 3099 4427 a
3152 4371 3401 4429 Domino
3429 4372 3714 4446 expulsus
3747 4375 3822 4431 ab

2163 4455 2519 4526 hominibus,
2538 4474 2653 4514 non
2681 4458 2796 4514 nisi
2818 4460 2946 4528 ejus
2968 4461 3168 4530 jussu,
3199 4478 3382 4517 ausus
3399 4466 3489 4518 est
3510 4464 3828 4521 semittere

400 4550 680 4607 invidiam
710 4550 986 4623 ponitur;
1022 4547 1160 4619 quia
1187 4562 1291 4619 per
1311 4544 1593 4600 invidiam
1624 4544 1961 4617 pervenitur
1981 4545 2052 4600 ad
2081 4555 2130 4620 D
2162 4545 2223 4599 in
2266 4562 2489 4617 porcos.
2526 4548 2856 4604 Parentibus
2905 4564 3017 4605 non
3045 4546 3371 4606 obedientes.
3407 4549 3549 4607 Nam
3582 4552 3686 4623 qui
3716 4570 3822 4609 su-

399 4639 795 4696 homicidium.
830 4635 1110 4694 Diabolus
1140 4635 1357 4707 quippe
1387 4650 1491 4705 per
1540 4633 1821 4690 invidiam
1865 4639 2052 4706 proto-

400 4727 622 4800 plastes
678 4726 1016 4785 interfecit:
1066 4721 1452 4779 nihilominus
1508 4726 1564 4777 et
1614 4722 1753 4778 Cain
1812 4724 2045 4780 fratrem

397 4834 595 4873 suum.
628 4818 1008 4875 Contentione.
1053 4810 1357 4868 Contentio
1387 4814 1495 4878 est,
1529 4828 1663 4867 cum
1693 4829 1809 4867 non
1836 4813 2045 4870 veritas

398 4907 698 4978 quaeritur,
731 4908 833 4965 sed
864 4901 1212 4960 animositas
1234 4901 1532 4972 fatigatur.
1564 4902 1711 4958 Dolo.
1745 4901 1923 4958 Dolus
1957 4909 2047 4960 est

397 4996 718 5063 simulatio,
778 4995 899 5050 sive
956 4991 1117 5046 fraus
1175 4989 1377 5045 animi.
1410 4989 1525 5045 Hoc
1579 4996 1771 5048 autem
1803 4992 2046 5048 distata

399 5084 616 5154 dolore,
675 5083 830 5155 quod
890 5077 1057 5133 dolor
1115 5083 1206 5134 est
1252 5076 1699 5137 incommoditas
1757 5081 2038 5153 corporis,

463 5352 611 5425 (ωε)
643 5351 706 5425 In
737 5345 1109 5425 autographa
1130 5351 1362 5425 επρρνρεο

464 5416 613 5492 (103⁷)
644 5419 775 5476 Psal
828 5416 1005 5493 Lam,
1040 5421 1128 5476 27.
1188 5416 1439 5493 Vulgata
1483 5420 1704 5477 habet:
1742 5416 2044 5474 Perdidisti

384 5490 577 5551 omnes
594 5490 704 5564 ξι]μί
728 5490 1075 5564 fornicamur
1101 5494 1196 5548 abs
1228 5497 1298 5548 te.

459 5559 1131 5642 (104)'Yerbalpertiiicnt_
1153 5606 1166 5619 .
1213 5606 1246 5642 ._
1274 5607 1286 5619 .
1320 5563 1597 5642 idolorum
1630 5559 1856 5642 adjecta
1900 5563 2039 5642 sunt

383 5635 443 5694 in
466 5630 738 5710 margine
770 5630 1053 5706 interiori,
1083 5635 1349 5709 ejusdem
1379 5639 1578 5691 tamen
1624 5630 1997 5691 eharacteris.

2159 4635 2483 4708 perioribus
2513 4635 2669 4693 vitiis
2716 4637 2923 4693 irretiti
2954 4644 3113 4708 sunt,
3138 4640 3301 4711 justo
3332 4640 3432 4696 Dei
3452 4641 3708 4712 judicio,
3743 4643 3820 4698 ad

2156 4723 2265 4780 hoc
2294 4742 2481 4797 usque
2511 4725 2874 4797 perveniunt,
2908 4730 2973 4782 ut
3002 4727 3175 4784 etiam
3206 4730 3546 4802 parentibus
3578 4730 3703 4786 sint
3732 4731 3826 4787 in-

2154 4814 2515 4871 obedientcs.
2552 4815 2713 4870 Unde
2743 4815 3070 4872 deteriones
3097 4822 3238 4873 sunt
3271 4818 3497 4887 bestiis,
3520 4835 3653 4890 quas
3673 4836 3823 4877 suos

2154 4900 2409 4973 diligunt
2437 4903 2856 4974 progenitores.
2879 4904 3218 4976 lnsipientes.
3252 4906 3540 4979 Insipiens
3573 4907 3818 4980 dicitur,

2154 5005 2220 5045 eo
2252 4992 2407 5061 quod
2440 4992 2517 5046 sit
2545 4991 2672 5047 sine
2702 5009 2927 5065 sapore.
2987 4993 3327 5066 Quicunque
3354 5012 3492 5068 ergo
3537 5014 3573 5052 a
3601 5014 3821 5071 sapore

2154 5078 2436 5150 spiritalis
2520 5081 2792 5138 doctrinae
2866 5083 3100 5150 recedit,
3171 5084 3305 5154 jure
3355 5088 3598 5141 vocatur
3659 5087 3815 5143 insi-

2223 5348 2369 5421 (105)
2399 5349 2462 5405 In
2494 5348 2857 5424 autographa
2887 5349 3010 5424 loco
3042 5350 3551 5424 incomparabiliter
3593 5352 3819 5424 legitur

2149 5420 2661 5493 incorporabiliter.‘
2674 5420 2882 5493 Videat
2912 5420 3092 5475 lector
3112 5420 3235 5493 quaé
3268 5422 3471 5478 melior
3500 5424 3582 5480 sit
3610 5420 3815 5484 lectio.

2221 5491 2367 5572 (10(5)
2406 5492 2595 5573 Verba
2652 5491 2956 5573 tumida..."
3028 5491 3376 5573 superbiam,
3415 5494 3475 5550 in
3535 5500 3818 5573 margine

2147 5562 2433 5690 spperiori
2464 5564 2688 5636 paginae
2718 5562 3026 5636 habentur,
3050 5562 3315 5635 ejusdem
3350 5562 3562 5624 tamen
3595 5562 3818 5630 chara-

2147 5648 2175 5690 c
2206 5649 2340 5690 eris.

2145 5648 2340 5691 cteris.
