3956 6230
140 395 253 458 149
317 432 330 438 -

768 395 1184 460 EXPOSITIO
1227 396 1306 458 IN
1351 395 1777 458 EPISTOLAS
1821 394 2082 458 PAULI.
2114 429 2191 441 —
2217 398 2295 458 IN
2339 397 2584 460 EPIST.
2621 399 2725 460 AD
2773 395 2963 458 ROM.

3452 396 3567 458 150

139 532 232 602 qui
261 531 424 587 timet
471 531 678 598 Deum,
711 535 763 586 et
805 536 1066 602 operatur
1118 532 1412 598 iustitiam,
1446 540 1692 601 acceptus
1734 538 1814 584 est
1843 530 1897 596 Α
1927 532 2124 603 gratia:
2151 531 2462 601 Evangelii.
2488 532 2738 598 Scilicet,
2762 531 2905 602 quod
2935 530 3034 585 tibi
3064 545 3176 584 non
3206 530 3308 595 vis,
3333 529 3436 584 alii
3457 546 3572 584 non

140 620 244 674 illi.
279 619 356 674 Ut
388 625 600 675 autem
635 621 956 692 Apostolus
1001 620 1109 674 hoc
1162 621 1420 690 apertius
1452 620 1810 685 demonstra,

141 713 242 766 ret.
268 709 599 779 subjunxit
619 725 631 762 :
651 711 976 780 Quicunque
993 711 1143 764 enim
1164 710 1282 763 sine
1303 710 1414 778 lege
1431 713 1815 779 peccaverunt-

139 799 259 852 εἰπε
289 801 412 868 lege
445 799 750 870 peribunt,
782 808 834 852 et
875 800 1180 868 quicunque
1209 799 1266 851 in
1299 798 1412 864 lege
1437 805 1816 867 peccmu’runt-

138 903 235 959 per
265 888 443 958 legem
467 887 913 956 judicabuntur.
938 886 1039 939 His
1062 885 1250 940 verbis
1285 886 1536 940 ostendit
1568 891 1812 956 Aposto-

140 976 428 1047 lus,quia,
459 993 570 1031 nec
593 975 777 1030 Judaei
803 973 1167 1030 excusabiles
1191 991 1294 1045 pro
1319 975 1815 1046 ignorantia,quia

137 1063 330 1136 legem
364 1070 752 1134 acceperunt,
779 1081 882 1118 nec
903 1063 1172 1135 gentiles,
1197 1064 1334 1133 quia
1367 1079 1468 1134 per
1488 1068 1810 1117 creaturam

141 1159 469 1226 potuerunt
502 1169 826 1225 agnoscere
860 1153 1210 1207 Creatorem.
1239 1152 1426 1222 Hujus
1476 1158 1669 1206 autem
1705 1151 1813 1205 loci

143 1258 391 1297 sensum
426 1243 724 1296 Dominus
757 1242 812 1295 in
847 1240 1157 1313 Evangelio
1189 1241 1546 1310 manifestat,
1571 1241 1769 1294 dicens
1797 1259 1808 1294 :

142 1332 368 1398 Servus,
402 1334 500 1401 qui
531 1332 805 1401 cognoscit
835 1331 1164 1385 voluntatem
1198 1332 1441 1397 Domi-ni,
1474 1338 1524 1384 et
1558 1331 1696 1399 facit
1724 1331 1811 1383 di-

142 1436 281 1489 gna,
313 1421 500 1490 plagis
548 1419 834 1490 vapulabit
863 1420 1050 1473 multis
1063 1436 1083 1479 ;
1113 1420 1214 1489 qui
1256 1424 1436 1474 autem
1465 1434 1571 1472 non.
1621 1435 1812 1488 cogno-

143 1510 250 1564 scit
283 1508 628 1563 voluntatem
657 1509 883 1562 Domini
909 1509 1018 1573 sui,
1046 1517 1097 1562 et
1127 1509 1266 1578 facit
1295 1507 1480 1578 digna,
1509 1508 1691 1578 plagis
1722 1525 1807 1571 ra,

139 1597 363 1668 putabit
393 1599 593 1664 paucis
623 1598 774 1667 (Luc.
807 1613 910 1662 xu,
944 1597 1051 1666 48).
1085 1597 1193 1650 Sed
1236 1613 1387 1662 ecce,
1423 1595 1504 1650 sic
1535 1597 1806 1650 videntur

144 1686 275 1742 haec
310 1685 580 1757 Apostoli
608 1686 782 1740 verba
811 1701 1039 1750 sonare,
1067 1702 1132 1740 ac
1163 1685 1210 1740 si
1244 1686 1497 1740 atrocius
1529 1684 1805 1756 puniendi

145 1775 272 1830 sint
299 1773 585 1846 gentiles,
609 1790 780 1844 quam
803 1774 988 1829 Judaei
1013 1791 1024 1827 :
1052 1774 1122 1828 de
1153 1773 1267 1828 illis
1294 1773 1448 1828 enim
1481 1773 1641 1837 dicit,
1661 1777 1808 1844 peri-

1922 623 2115 692 facias.
2153 622 2218 675 Et
2253 623 2533 676 Dominus
2565 622 2622 675 in
2663 620 2971 691 Evangelio
3003 620 3142 674 dicit
3175 636 3186 674 :
3221 622 3572 689 Quaecunque

1922 712 2090 766 vultis
2121 721 2179 764 ut
2208 713 2421 780 faciant
2468 712 2622 765 vobis
2648 711 2911 775 homines,
2946 711 3141 764 eadem
3185 713 3236 763 et
3282 725 3371 763 vos
3401 711 3570 778 facile

1927 801 2040 854 illis
2071 802 2277 868 (:‘llalth.
2311 818 2413 864 vn,
2451 800 2556 868 12).
2587 799 2677 853 Ait
2707 816 2841 869 ergo
2877 817 2888 853 :
2926 801 3056 853 Cum
3104 803 3301 867 gentes,
3337 814 3462 869 qm):
3492 799 3566 853 lc-

1924 904 2042 954 gem
2073 904 2184 940 non
2234 888 2455 956 habent,
2485 886 2755 940 videlicet
2803 885 3102 956 scriptam,
3131 887 3461 939 naturaliter
3505 902 3569 938 ea

1924 991 2044 1045 qua?
2085 976 2218 1043 legis
2267 981 2394 1028 sunt
2439 976 2675 1044 faciunt,
2711 976 2764 1028 id
2817 980 2904 1029 est
2950 979 3233 1045 praecepta
3282 973 3567 1028 naturalis

1925 1063 2070 1135 legis
2102 1064 2439 1118 custodiunt
2475 1081 2484 1118 :
2524 1065 2791 1133 ejusmodi
2821 1065 2989 1133 legem
3039 1081 3149 1118 non.
3196 1065 3471 1128 habentes,
3511 1062 3565 1116 id

1923 1159 2031 1219 est,
2048 1153 2277 1223 qualem
2303 1154 2455 1207 Deus
2479 1154 2635 1207 dedit
2660 1169 2760 1224 per
2777 1153 3032 1223 Moysen,
3055 1153 3164 1223 ipsi
3181 1154 3433 1207 sibisunt
3456 1154 3564 1217 lex,

1921 1245 2016 1314 qui
2045 1243 2332 1297 ostendunt
2362 1260 2494 1313 opus
2542 1243 2680 1310 legis
2724 1245 2982 1313 scriptum
3021 1245 3075 1296 in
3126 1241 3380 1296 cordibus
3425 1242 3561 1306 suis,

1920 1335 2296 1386 testimonium
2339 1333 2599 1387 reddente
2646 1333 2759 1385 illis
2787 1334 3118 1386 conscientia
3168 1335 3426 1402 ipsorum.
3461 1330 3565 1384 Hic

1921 1422 2296 1492 qumrcndum
2322 1427 2427 1488 est,
2444 1421 2514 1476 de
2535 1421 2751 1492 quibus
2773 1419 3223 1492 cogitationibus
3246 1420 3565 1490 dicatApo-

1921 1510 2106 1564 stolus
2141 1527 2152 1562 :
2190 1516 2384 1564 utrum
2420 1511 2490 1564 de
2525 1510 2661 1575 illis,
2689 1528 2812 1580 qua:
2844 1526 2999 1564 nunc
3031 1513 3189 1574 sunt,
3215 1512 3313 1562 aut
3344 1509 3413 1562 de
3445 1507 3561 1574 bis,

1919 1616 2045 1668 qum
2081 1600 2283 1652 futura:
2316 1605 2472 1653 sunt.
2500 1600 2567 1653 Et
2589 1615 2783 1653 revera
2816 1600 2885 1653 de
2917 1599 3029 1664 his,
3059 1615 3183 1670 quae
3216 1614 3370 1652 nunc
3404 1601 3560 1662 sunt,

1919 1688 2221 1758 loquitur:
2271 1689 2547 1759 quoniam
2600 1705 2709 1742 non
2764 1686 2952 1742 solum
2999 1705 3124 1758 quae
3175 1687 3427 1759 agimus,
3459 1686 3560 1742 sed

1918 1776 2092 1831 etiam
2127 1793 2252 1847 quae
2285 1776 2632 1846 cogitamus,
2661 1777 2812 1831 sicut
2842 1781 2991 1831 nota:
3021 1781 3077 1830 et
3106 1776 3469 1830 characteres
3503 1774 3560 1828 in

149 1865 312 1931 bunt,
351 1863 425 1917 de
457 1862 680 1917 Judznis
710 1879 858 1928 vero,
892 1863 1316 1928 iudicabuntur;
1349 1863 1500 1916 unde
1533 1863 1807 1933 Origenes
1838 1899 1886 1963 B
1922 1865 2090 1932 ceris,
2126 1865 2205 1919 ita
2259 1865 2316 1918 in
2373 1864 2592 1919 tabulis
2639 1865 2828 1920 cordis
2879 1865 3062 1919 nostri
3110 1866 3470 1929 scribuntur,
3505 1868 3564 1918 et

149 1951 294 2007 dicit
322 1968 334 2007 :
361 1951 494 2006 Non
527 1951 670 2006 mihi
702 1951 926 2006 videtur
950 1950 1255 2022 Apostolus
1287 1950 1366 2005 ita
1396 1951 1678 2016 sensisse;
1706 1952 1805 2006 sed

151 2040 210 2094 in
244 2056 313 2095 eo
347 2040 509 2110 quod
544 2038 1162 2109 dicit,judicabuntur,
1188 2040 1660 2094 subaudiendum
1697 2045 1804 2102 est,

153 2133 218 2184 ut
250 2132 530 2199 pereant;
567 2129 846 2198 quoniam
879 2127 1005 2199 ipsa
1033 2127 1124 2182 lex
1145 2129 1310 2183 docet
1341 2129 1630 2199 quomodo
1653 2127 1808 2199 judi-

155 2217 326 2272 candi
357 2222 524 2272 sunt.
557 2217 640 2272 De
679 2216 954 2288 gentibus
1000 2233 1132 2270 vero
1181 2217 1309 2271 ideo
1341 2216 1500 2286 dicit,
1531 2218 1805 2288 peribunt,

154 2308 292 2376 quia
320 2322 434 2360 non
465 2311 755 2375 resurgent
786 2300 946 2376 impii
972 2307 1030 2360 in
1051 2305 1284 2378 judicio,
1308 2322 1478 2376 neque
1503 2309 1809 2376 peccatores

155 2395 216 2448 in
245 2396 487 2450 concilio
517 2396 663 2466 (125)
689 2396 990 2465 justorum.

227 2482 546 2553 Sequitur:
573 2484 685 2538 Non
715 2485 872 2538 enim
900 2484 1177 2538 auditores
1199 2485 1335 2552 legis
1355 2485 1499 2555 justi
1517 2493 1643 2538 sunt
1663 2485 1809 2555 apud

157 2573 349 2638 Deum,
384 2573 480 2628 sed
514 2574 748 2642 factores
805 2573 939 2643 legis
980 2574 1463 2644 justi/icabuntur.
1497 2573 1642 2636 Quid
1703 2583 1813 2640 est,

161 2662 316 2732 quod
349 2661 602 2717 factores
633 2660 775 2728 legis
815 2662 1230 2731 justiﬁcandos
1259 2661 1418 2728 dicit,
1447 2679 1578 2716 cum
1610 2662 1810 2732 procul

162 2749 341 2804 dubio
363 2750 520 2820 justi
554 2750 711 2804 sint?
742 2753 945 2820 Itaque
967 2748 1076 2803 hoc
1105 2749 1229 2803 loco
1252 2751 1706 2820 justi/icabzmtur
1737 2750 1815 2804 ita

163 2837 613 2909 intelligendum
636 2838 914 2905 est,sicut
932 2837 990 2892 in
1013 2838 1448 2908 Evangelio,ubi
1469 2839 1540 2893 de
1561 2839 1814 2909 quodam

165 2926 457 2982 Pharisaeo
503 2927 722 2999 legitur
756 2943 768 2980 :
801 2928 898 2981 Ille
945 2936 1129 2982 autem
1173 2928 1356 2982 volens
1393 2929 1704 2997 justi/icore
1737 2944 1816 2982 se-

165 3015 364 3087 ipsum,
391 3016 447 3071 id
476 3021 578 3081 est,
615 3017 797 3070 volens
817 3018 1000 3087 justus
1026 3017 1226 3083 videri,
1258 3017 1340 3071 vel
1367 3019 1557 3086 putari
1587 3017 1735 3085 (Luc.
1760 3033 1815 3080 Χ,

164 3106 276 3172 29).
309 3105 599 3160 Similiter
628 3105 737 3160 hoc
767 3104 890 3161 loco
919 3104 1230 3176 Apostolus
1261 3105 1818 3176 dicit,jueti/ieabuu-

167 3197 279 3259 tur,
314 3195 371 3249 id
405 3201 497 3251 est
524 3195 906 3260 creabantur,
939 3196 1185 3249 factores
1215 3194 1378 3265 legis,
1414 3200 1478 3249 ut
1500 3195 1646 3264 justi
1679 3196 1816 3257 sint,

166 3281 251 3338 vel
275 3284 428 3352 justi
462 3283 841 3338 habebuntur
872 3288 928 3337 et
960 3284 1340 3353 putabuntur.

237 3371 527 3442 Sequitur
558 3388 570 3425 :
607 3371 741 3426 Cum
787 3373 938 3426 enim
965 3375 1176 3443 gentes,
1213 3388 1331 3442 quae
1379 3373 1545 3442 legem
1577 3388 1686 3426 non
1717 3373 1820 3425 ha—

169 3462 317 3526 bent,
369 3460 730 3528 naturaliter,
779 3477 903 3530 quae
949 3461 1082 3530 legis
1131 3465 1260 3515 sunt
1305 3463 1535 3530 faciunt,
1569 3465 1677 3515 etc.
1724 3460 1822 3514 llis

167 3547 367 3603 verbis
394 3547 671 3616 ostendit,
706 3546 840 3618 quia
884 3554 1109 3617 gentes,
1143 3547 1486 3602 naturaliter
1537 3552 1824 3618 praecepta

169 3636 322 3708 legis
355 3636 646 3702 faciendo,
680 3653 792 3691 non
848 3636 1234 3708 privabantur
1281 3635 1384 3690 illa
1415 3636 1823 3708 promissione,

175 3742 292 3796 qua
339 3741 447 3796 per
504 3725 847 3796 prophetam
907 3725 1193 3780 Dominus
1242 3724 1521 3796 loquitur,
1576 3725 1820 3779 dicens:

179 3816 281 3869 Hoc
309 3817 390 3870 est
419 3818 829 3879 testamentum,
853 3815 996 3884 quod
1023 3817 1259 3868 statuam
1279 3814 1469 3868 domui
1489 3814 1655 3869 Jacob
1676 3831 1693 3866 :
1712 3817 1826 3884 post

175 3903 290 3959 dies
322 3905 470 3974 illos,
503 3903 645 3958 dabo
677 3904 816 3972 leges
848 3919 992 3958 meas
1035 3905 1093 3956 in
1132 3903 1294 3957 corda
1339 3919 1543 3969 eorum,
1577 3907 1628 3957 et
1657 3905 1716 3956 in
1747 3906 1827 3957 vi-

177 3994 424 4048 sceribus
483 4008 675 4048 eorum
727 3992 1129 4063 superscribam
1178 3993 1305 4046 illas
1359 3994 1500 4062 (Jer.
1554 4009 1669 4059 xxr,
1728 3993 1826 4057 33;

178 4081 338 4134 Hebr.
371 4098 496 4148 vni,
535 4081 647 4149 10).
680 4079 824 4134 Hinc
854 4085 908 4134 et
938 4079 1092 4136 idem
1124 4080 1438 4152 Apostolus
1469 4079 1607 4136 alibi
1638 4081 1780 4135 dicit
1813 4096 1826 4134 :

182 4169 255 4222 Tu
285 4177 489 4236 autem,
523 4185 646 4222 cum
696 4184 836 4222 esses
866 4169 1114 4235 oleaster,
1142 4174 1379 4224 insertus
1425 4186 1479 4223 es
1527 4171 1588 4223 in
1637 4171 1831 4225 bonam

176 4257 385 4312 olivam
436 4259 612 4328 (Rom.
647 4273 726 4320 x1,
761 4258 870 4325 17).
915 4258 1164 4313 Multum
1212 4258 1426 4329 quippe
1479 4258 1832 4313 conveniunt

179 4347 354 4402 verba
373 4345 675 4419 prophetis
694 4345 867 4400 dictis
890 4346 1243 4417 apostolicis.
1263 4345 1384 4401 Illic
1402 4347 1558 4401 enim
1577 4347 1824 4402 dicitur:

181 4436 242 4490 In
266 4437 573 4492 visceribus
615 4451 800 4491 eorum
833 4436 1233 4508 superscriba-m
1263 4451 1353 4490 eas
1382 4453 1399 4488 :
1432 4440 1488 4490 et
1536 4435 1628 4489 hic
1675 4437 1828 4506 Apo-

185 4524 368 4580 stolus
398 4543 412 4581 :
449 4526 560 4593 Qui
588 4524 896 4595 ostendunt,
923 4524 1134 4596 inquit,
1159 4541 1294 4592 opus
1323 4526 1454 4595 legis
1483 4526 1744 4594 scriptum
1774 4526 1834 4578 in

1920 1960 2156 2008 manent
2186 1953 2411 2008 occulta
2447 1970 2634 2023 usque
2666 1954 2736 2006 ad
2768 1953 2921 2006 diem
2947 1953 3154 2022 judicii
3185 1970 3196 2006 :
3233 1957 3372 2006 tunc
3403 1952 3559 2006 enim

1917 2043 2114 2098 omnia
2135 2043 2446 2096 manifesta
2475 2046 2666 2105 erunt,
2689 2045 2744 2095 et
2770 2041 3217 2109 judicabantur,
3241 2041 3395 2095 unde
3428 2056 3561 2094 mox

1917 2131 2190 2187 subditur
2217 2147 2228 2185 :
2263 2132 2324 2185 In
2372 2131 2478 2196 die,
2511 2147 2634 2183 cum
2672 2129 2934 2197 iudicabit
2962 2131 3101 2184 Deus
3132 2129 3342 2182 occulta
3385 2129 3560 2182 homi-

1916 2238 2066 2275 num.
2101 2221 2402 2285 Quomodo
2443 2223 2637 2274 autem
2670 2219 3045 2288 judicaturus
3076 2218 3169 2284 sit,
3203 2217 3559 2281 manifestat,

1917 2311 2219 2365 secundum
2253 2310 2616 2378 h‘mngelium
2645 2324 2845 2374 meum,
2873 2308 2930 2360 id
2963 2311 3068 2372 est,
3103 2307 3427 2361 secundum
3456 2306 3559 2359 do-

1920 2399 2168 2454 ctrinam
2189 2403 2245 2452 et
2267 2397 2736 2468 prmdicationem
2763 2412 2974 2450 meam.
3003 2397 3104 2450 Per
3127 2410 3299 2465 quem
3322 2410 3456 2449 vero
3473 2394 3566 2462 ju-

1921 2489 2220 2542 dicaturus
2253 2487 2726 2552 sit,demonstrat
2762 2504 2774 2540 :
2810 2487 2914 2540 Per
2941 2487 3121 2539 Iesum
3159 2485 3431 2538 Christum
3462 2485 3564 2538 Do-

1921 2579 2132 2632 minum
2165 2581 2412 2631 nostrum
2435 2577 2601 2645 (126).
2627 2575 2737 2629 Sed
2772 2591 2877 2628 cur
2920 2591 3020 2646 per
3049 2590 3182 2628 eum
3228 2573 3371 2627 dicit
3416 2572 3564 2627 cele-

1923 2666 2078 2721 brari
2099 2665 2388 2735 judicium
2405 2665 2432 2719 ?
2453 2663 2685 2717 Scilicet
2706 2663 2847 2733 quia
2868 2662 3152 2717 Dominus
3174 2661 3236 2717 in
3259 2661 3568 2732 Evangelia

1925 2754 2064 2810 dicit
2100 2771 2112 2808 :
2146 2756 2312 2809 Pater
2340 2770 2447 2807 non
2470 2752 2686 2823 judieat
2718 2768 3073 2822 quemquam,
3105 2751 3196 2806 sed
3233 2766 3393 2804 omne
3415 2749 3569 2821 judi-

1924 2847 2070 2899 cium
2099 2843 2245 2898 dedit
2287 2843 2426 2897 Filio
2455 2846 2631 2909 (Joan.
2657 2859 2712 2908 ν,
2735 2843 2847 2909 22),
2871 2841 3121 2895 Solcrter
3168 2839 3346 2912 igitur
3374 2839 3569 2894 discu-

1927 2933 2188 2987 tiendum
2216 2937 2305 2986 est
2335 2930 2627 3002 quomodo
2655 2928 3034 2999 cogitationes
3065 2929 3444 2993 accusabunt,
3471 2930 3574 2982 aut

1927 3022 2239 3076 defendent
2270 3021 2326 3074 in
2361 3021 2452 3074 die
2471 3018 2700 3089 judicii.
2726 3020 2794 3073 Et
2819 3018 3142 3082 sciendum,
3167 3017 3306 3088 quia
3327 3017 3572 3088 quicun-

1930 3125 2040 3180 que
2075 3109 2270 3162 divina
2314 3107 2712 3179 inspiratione,
2751 3111 2853 3160 aut
2901 3122 3008 3160 sua
3054 3105 3422 3175 cogitatione.
3454 3104 3574 3159 sive

1930 3198 2179 3267 alicujus
2204 3197 2607 3269 praedicatione
2629 3194 2977 3250 sollicitatus
2999 3211 3114 3248 non
3136 3193 3466 3259 crediderit,
3486 3209 3576 3247 co-

1850 3264 1892 3332 C
1931 3264 2244 3359 gitatione-s
2277 3303 2394 3340 sum
2419 3284 2780 3339 accusabunt
2801 3299 2956 3352 eum,
2981 3286 3038 3335 et
3058 3282 3205 3351 (127)
3227 3281 3578 3336 condemna-

1931 3378 2102 3440 bunt,
2136 3392 2251 3428 non
2281 3374 2440 3428 velut
2473 3374 2764 3443 ignarum,
2793 3371 2896 3425 sed
2925 3375 2991 3423 ut
3020 3368 3295 3424 rebellem
3323 3386 3334 3422 :
3360 3369 3408 3423 si
3444 3369 3578 3439 quis

1933 3470 2127 3520 autem
2163 3463 2254 3517 his
2287 3462 2634 3518 sollicitatus
2657 3477 2770 3513 non
2806 3458 2996 3526 fuerit,
3020 3463 3215 3512 etnon
3247 3455 3578 3523 crediderit,

1933 3551 2315 3622 cogitationes
2379 3567 2495 3603 sure
2556 3564 2670 3602 non
2729 3562 2862 3600 eum
2924 3544 3254 3607 defendent,
3291 3541 3391 3597 sed
3439 3557 3582 3596 con-

1936 3641 2321 3704 demnabunt,
2355 3638 2494 3708 quia
2536 3653 2638 3708 per
2667 3639 2994 3689 creaturam
3025 3631 3228 3687 debuit
3271 3646 3586 3703 agnoscere

1936 3729 2288 3785 Creatorem.
2327 3727 2598 3797 Alioquin
2641 3725 2740 3796 qui
2781 3722 3091 3778 crediderit
3121 3725 3179 3776 et
3207 3721 3382 3775 ﬁdem
3414 3737 3583 3775 suam

1937 3819 2211 3891 operibus
2244 3815 2591 3888 impleverit,
2639 3814 2835 3870 salvus
2880 3813 3007 3882 erit,
3033 3811 3171 3884 quia
3201 3809 3586 3882 cogitationes

1938 3910 2065 3979 ejus
2097 3907 2407 3962 defendent
2437 3921 2592 3960 eum.

2013 3997 2217 4068 Igitur,
2252 3995 2388 4065 quia
2417 3994 2600 4048 multa
2647 3992 2870 4047 dixerat
2901 3993 2968 4046 de
3014 3989 3248 4062 ﬂagitiis
3296 3988 3584 4059 gentium,

1940 4103 2096 4141 nunc
2125 4083 2355 4140 Judceos
2386 4083 2650 4153 increpat
2683 4083 2752 4134 de
2782 4080 3147 4147 inﬁdelitate,
3179 4079 3544 4148 subjungens
3571 4096 3584 4132 :

1939 4177 2000 4231 Si
2029 4178 2210 4229 autem
2245 4181 2304 4227 tu
2333 4171 2555 4226 Judaeus
2597 4170 3018 4237 eognominaris,
3051 4172 3158 4221 etc.
3194 4167 3257 4220 In
3309 4181 3376 4219 eo
3431 4166 3590 4234 quod

1941 4262 2102 4325 dicit,
2135 4261 2564 4329 cognominaris,
2600 4255 2855 4310 ostendit
2899 4254 3040 4324 quia
3082 4253 3304 4309 Iudaeus
3335 4269 3446 4306 non
3501 4259 3595 4308 est

1942 4365 2177 4412 nomen,
2227 4347 2326 4401 sed
2381 4359 2703 4416 cognomen
2736 4341 2903 4409 (128),
2928 4339 2984 4392 id
3018 4343 3123 4404 est,
3148 4354 3456 4392 commune
3488 4355 3594 4392 no-

1945 4455 2100 4494 men.
2133 4438 2201 4491 Et
2230 4441 2386 4505 nota,
2413 4433 2570 4504 quia,
2596 4431 2749 4486 sicut
2780 4433 2974 4500 partes
3018 4425 3306 4481 allocutus
3337 4429 3426 4480 est
3452 4440 3594 4495 gen-

1944 4528 2114 4597 tium,
2133 4527 2214 4581 ita
2238 4542 2391 4579 nunc
2414 4527 2606 4593 partes
2629 4519 2948 4589 alloquitur
2966 4514 3599 4571 Judaaorum.Ostendit

183 4613 432 4668 cordibus
460 4615 601 4669 suis.
633 4613 738 4667 Hic
772 4629 1025 4684 namque
1056 4612 1372 4685 Apostolus
1405 4613 1476 4668 de
1504 4613 1630 4684 lege
1661 4617 1831 4666 natu-
1866 4633 1912 4696 D
1944 4621 2138 4673 autem
2172 4613 2479 4686 Apostolus
2513 4610 2604 4666 his
2632 4609 2841 4671 verbis,
2866 4611 2980 4696 n'on
3013 4621 3145 4696 esse,
3171 4618 3452 4674 magnum
3483 4601 3595 4657 bo-

188 4702 288 4756 rali
311 4701 787 4774 loquitur,quam
809 4706 957 4757 Deus
976 4701 1290 4772 unicuique
1309 4701 1490 4774 digito
1509 4719 1614 4757 suo
1633 4701 1836 4757 scribit

186 4788 243 4842 in
267 4791 459 4846 corde.
482 4791 612 4872 1182c
638 4794 727 4845 est
754 4789 863 4858 lex,
889 4807 1015 4862 qua:
1047 4791 1274 4862 scripta:
1298 4790 1444 4861 legis
1469 4795 1754 4862 praecepta
1776 4790 1836 4844 in

188 4894 250 4933 se
278 4881 562 4949 continet,
605 4878 845 4951 scilicet,
892 4895 1003 4934 non
1053 4879 1280 4945 occides,
1306 4884 1412 4934 etc.
1446 4880 1576 4933 Hinc
1606 4883 1695 4934 est
1724 4878 1834 4944 lex,

190 4983 313 5038 qua:
346 4969 529 5024 unius
556 4968 653 5023 bei
676 4968 851 5025 habet
873 4968 1235 5038 notitiam,et
1255 4986 1377 5040 quae
1399 4968 1728 5040 propinqua
1749 4971 1837 5023 est.

187 5111 358 5183 Petri,
383 5127 522 5166 cum
550 5115 748 5166 textus
779 5110 874 5165 hic
903 5111 962 5166 in
986 5111 1229 5167 Actibus
1250 5111 1643 5183 apostolorum
1679 5111 1834 5166 inve--

188 5181 382 5238 niatur
411 5200 463 5238 c.
497 5200 553 5249 x,
589 5199 642 5236 γ.
675 5183 744 5236 34
776 5187 832 5237 et
861 5184 949 5248 35,
992 5187 1048 5238 et
1091 5183 1204 5238 divi
1254 5181 1399 5238 Petri
1447 5182 1680 5253 quidem
1714 5184 1830 5253 psit,

189 5254 287 5308 sed
318 5253 532 5337 nonin
558 5254 694 5337 'ejus
715 5253 1018 5337 .Epistolis,
1050 5253 1108 5337 in
1136 5271 1386 5337 quarum
1420 5252 1611 5326 prima
1642 5252 1833 5337 solum

191 5339 238 5377 c.
273 5341 310 5389 1,
345 5343 396 5380 v.
432 5327 520 5395 17,
556 5325 806 5380 habetur
838 5330 1026 5382 textus
1058 5325 1194 5381 huic
1225 5325 1539 5390 consonus,
1573 5325 1829 5380 scilicet:

189 5401 237 5449 et
263 5397 314 5449 si
341 5399 567 5470 Patrem
592 5398 858 5452 invocatis
887 5415 1030 5467 eum,
1055 5399 1150 5470 qui
1174 5399 1294 5453 sine
1322 5399 1631 5468 acceptione
1657 5413 1837 5468 perso-

193 5482 392 5522 narum
413 5468 656 5540 judicat,
689 5475 794 5540 clrc.

263 5537 422 5614 (1253)
447 5541 538 5614 Ps.
575 5557 615 5606 1,
645 5540 702 5603 6,
729 5539 788 5614 in
821 5541 1201 5614 autographo,
1229 5537 1482 5595 consilio.

267 5610 414 5683 (126)
448 5613 591 5679 Quae
635 5611 813 5683 verba
857 5610 1152 5670 Dominum
1203 5621 1452 5669 nostrum
1505 5611 1563 5665 in
1590 5610 1841 5683 Vulgata

201 5680 442 5740 minime
467 5681 868 5741 inveniuntur.

1947 4723 2110 4772 num,
2127 4704 2173 4758 si
2191 4703 2430 4758 Judmus
2453 4701 2668 4764 credat,
2685 4697 2782 4769 qui
2804 4713 2905 4768 per
2925 4695 3108 4767 legem
3135 4693 3458 4747 instructus
3481 4697 3592 4759 est,

1946 4801 2003 4851 et
2025 4792 2340 4849 voluntatis
2373 4791 2465 4845 Dei
2492 4790 2665 4844 habet
2696 4786 2984 4841 notitiam.
3002 4785 3067 4838 Et
3087 4782 3212 4838 vult
3231 4780 3592 4853 subintelligi

1949 4901 2226 4956 magnum
2274 4898 2400 4936 esse
2431 4878 2675 4948 malum,
2711 4877 2757 4932 si
2791 4893 2906 4930 non
2939 4874 3156 4930 credat.
3180 4872 3456 4943 Sequitur
3487 4887 3498 4924 :
3529 4872 3594 4926 Et

1946 4974 2235 5046 requiescis
2266 4973 2323 5025 in.
2355 4972 2486 5041 lege.
2511 4971 2570 5023 In
2600 4967 2725 5039 lege
2756 4965 2855 5020 Dei
2890 4959 3484 5036 rcquiesccbant,qui,
3507 4959 3589 5016 le-

2019 5115 2167 5184 (127)
2201 5113 2283 5168 Ibi
2335 5113 2486 5184 inter
2529 5118 2596 5184 et,
2627 5113 2802 5178 atque
2848 5104 3304 5184 condemnabam,
3345 5101 3594 5184 jacetin

1949 5176 2312 5256 au‘tographo
2344 5181 2630 5254 particula
2673 5176 2959 5256 non,_quie
2982 5193 3132 5256 _nu_m
3178 5177 3327 5256 bene
3357 5176 3594 5227 exstite-

1950 5259 2047 5320 rit,
2081 5246 2656 5325 autjure'expuncta
2684 5246 2876 5325 fuerit,
2906 5248 3143 5311 videsis,
3177 5246 3376 5325 lector.

2020 5276 2047 5320 ι,
2081 5272 2181 5310 aut
2204 5272 2337 5325 jure
2368 5272 2435 5308 ex
2480 5272 2656 5307 uncw.
2684 5272 2876 5313 luerit,
2908 5272 3143 5311 vuwsxs,
3177 5272 3376 5303 lUULUl‘.

2020 5327 2166 5398 (128)
2198 5326 2407 5398 Nature
2439 5272 2533 5398 hic
2561 5321 2822 5398 lubetbin
2872 5337 2987 5398 qua
3017 5317 3594 5398 acceptione‘cogno-

1950 5385 2083 5452 men
2115 5385 2322 5451 siccato
2357 5393 2579 5448 decimo
2607 5393 2871 5465 habitum
2895 5385 3334 5465 'sit._N_0n—_enim
3363 5385 3594 5465 hichpro

1949 5467 2186 5523 nomine
2216 5465 2517 5537 agnatitio,
2543 5465 2661 5519 sive
2690 5461 2920 5537 familia;
2951 5458 3282 5537 distinctivo
3313 5458 3592 5537 sumitur,

1949 5540 2046 5594 sed
2086 5556 2187 5609 pro
2219 5532 2517 5609 communi
2549 5534 2784 5589 nomine
2824 5532 2999 5586 unius
3047 5532 3280 5601 integra:
3313 5532 3591 5590 nationis,

1949 5627 2052 5667 seu
2083 5608 2291 5681 gentis.
