3956 6230
317 340 428 403 151

1333 344 1671 409 ATTONIS
1714 343 2305 409 VERCELLENSIS
2354 345 2711 407 EPISCOPI

3626 338 3778 401 15‘!

313 488 447 546 gem
477 472 835 543 meditando,
868 492 904 532 a
930 475 1089 532 curis
1128 478 1376 533 terrenis
1413 479 1716 534 vacabant.
1746 480 1811 535 Et
1835 479 1957 548 glo-
1985 479 2043 545 Α
2070 494 2196 534 nem
2225 479 2361 548 legis
2396 480 2570 535 Deum
2611 478 2934 534 inhonorus.
2963 473 3382 531 Gloriabantur
3425 470 3627 531 Judaei
3690 470 3771 527 in

316 563 490 620 riaris
524 566 582 619 in
612 565 737 621 Deo.
770 563 957 621 Judzai
988 567 1048 622 in
1079 567 1195 622 Deo
1222 566 1645 639 gloriabantur,
1674 569 1812 641 quia
1841 568 1966 624 suis

322 667 384 709 se
415 653 640 709 meritis
685 654 957 724 salvatus,
989 659 1046 710 et
1076 654 1262 728 legem
1312 656 1608 728 accepisse
1657 658 1965 729 putabant,

320 744 379 797 et
406 741 674 809 eamdem
726 758 788 798 se
836 743 960 799 suis
991 743 1213 800 viribus
1256 744 1500 816 implere
1547 763 1720 817 posse
1769 748 1965 801 crede-

321 830 485 903 bant,
520 830 678 902 juxta
704 831 884 888 illud:
918 833 1034 888 Nou
1060 832 1194 905 fecit
1223 832 1418 889 taliter
1445 836 1597 890 omni
1614 836 1775 907 genti
1795 834 1965 906 (129),

319 925 373 974 et
389 919 612 991 judicia
642 938 752 977 sua
783 937 888 976 non
912 921 1304 978 demonstravit
1333 924 1431 978 eis.
1455 924 1519 978 Et
1549 925 1696 978 nosti
1724 925 1969 978 volunta-

324 1016 430 1064 tem
476 1010 592 1064 Dei.
623 1009 994 1066 Voluntatem
1054 1011 1155 1066 Dei
1214 1013 1610 1083 agnoscebant
1665 1029 1766 1084 per
1820 1010 1968 1084 legis

324 1101 631 1170 praecepta,
663 1097 722 1153 in
776 1098 993 1170 quibus
1042 1099 1370 1155 ostenditur
1417 1100 1557 1172 quid
1605 1100 1744 1156 velit
1788 1101 1966 1157 Deus.

324 1186 605 1257 Sequitur
635 1202 648 1242 :
681 1187 747 1241 Et
773 1188 971 1259 probas
1008 1190 1265 1257 utiliora,
1296 1191 1595 1247 instructus
1634 1206 1737 1261 per
1779 1191 1967 1261 legem.

323 1274 427 1330 Hic
470 1275 817 1346 notandum,
849 1277 990 1348 quia
1036 1295 1153 1334 non
1204 1278 1305 1344 ait,
1336 1278 1523 1350 utilia,
1557 1271 1656 1335 sed
1708 1277 1969 1346 utiliora;

318 1367 384 1419 ut
412 1364 762 1436 ostenderet,
796 1365 935 1435 quia
963 1370 1019 1421 et
1050 1365 1110 1422 in
1160 1368 1289 1440 lege
1319 1372 1540 1424 naturae
1589 1367 1776 1423 multa
1807 1364 1974 1423 utilia

322 1451 721 1522 continentur,
768 1454 1040 1526 quamvis
1099 1456 1353 1524 inﬁrma,
1414 1457 1553 1529 quia
1609 1456 1736 1512 sine
1787 1456 1975 1529 gratia

321 1539 619 1614 Evangelii
653 1540 888 1614 impleri
918 1561 1034 1600 non
1076 1550 1354 1618 possunt;
1406 1546 1466 1601 in
1513 1546 1639 1620 lege
1668 1562 1800 1602 vero
1832 1543 1975 1600 scri-

324 1634 427 1702 pta
457 1629 693 1687 utiliora
731 1635 891 1701 sunt,
924 1633 1024 1689 sed
1071 1635 1415 1706 perfectiora
1461 1634 1519 1690 in
1567 1634 1757 1708 gratia
1788 1634 1977 1689 Evan-

330 1715 494 1790 gelii.

403 1807 642 1879 Conﬁdis
668 1812 722 1864 te
750 1810 931 1883 ipsum
960 1811 1160 1867 ducem
1204 1828 1322 1868 esse
1371 1827 1664 1883 caecorum,
1698 1816 1809 1870 etc.
1847 1813 1975 1868 Haec

330 1895 525 1953 ofﬁcia
553 1896 727 1954 etiam
758 1899 874 1953 veri
904 1898 1049 1971 legis
1072 1898 1315 1957 cultoris
1344 1905 1520 1957 sunt:
1545 1902 1647 1957 sed
1669 1901 1818 1974 (130)
1840 1901 1980 1973 quia

328 1984 475 2043 falso
496 1985 616 2042 haec
636 2003 700 2043 se
721 1986 932 2043 habere
951 1988 1282 2058 jactabant,
1302 1988 1435 2046 ideo
1456 1991 1769 2063 Apostolus
1790 1990 1979 2047 incre-

328 2075 507 2147 pabat
534 2091 656 2143 eos,
680 2074 917 2132 dicens:
944 2075 1183 2134 Confidis
1202 2083 1255 2134 te
1285 2081 1463 2151 ipsum
1486 2079 1677 2136 ducem
1705 2095 1981 2137 caecorum

330 2179 466 2233 esse,
498 2164 681 2219 lumen
717 2180 906 2221 eorum
935 2168 1033 2237 qui
1081 2168 1143 2221 in
1192 2167 1428 2223 tenebris
1473 2177 1619 2236 sunt,
1652 2168 1983 2225 eruditorem

327 2252 733 2324 insipientium,
761 2255 1098 2325 magistrum
1136 2257 1460 2327 infantium,
1488 2258 1714 2328 ctc.§Ac
1744 2257 1791 2312 si
1824 2256 1981 2313 dice-

330 2345 418 2396 ret
442 2358 454 2397 :
479 2341 537 2397 Si
571 2342 689 2397 dux
718 2359 781 2398 es
811 2359 1120 2411 amcorum,
1144 2348 1210 2398 ut
1232 2342 1379 2400 falso
1403 2346 1616 2415 jactas,
1640 2363 1747 2401 cur
1775 2362 1892 2401 non
1919 2350 1982 2399 tu

334 2429 460 2501 ipse
491 2435 715 2486 rectum
746 2432 855 2485 iter
884 2431 1201 2488 ambulas?
1230 2433 1290 2488 Si
1322 2431 1520 2489 lumen
1551 2451 1615 2489 es
1644 2451 1847 2491 eorum
1882 2433 1985 2507 qui

326 2518 390 2574 in
421 2518 679 2574 tenebris
718 2523 878 2590 sunt,
902 2536 1007 2576 cur
1033 2518 1306 2578 tenebras
1354 2522 1722 2579 infidelitatis
1769 2540 1982 2595 seque-

332 2605 459 2662 ris?
487 2606 545 2660 Si
576 2608 837 2663 eruditor
877 2625 940 2664 es
989 2608 1417 2682 insipientium,
1440 2628 1546 2667 cur
1574 2628 1606 2666 a
1637 2612 1847 2668 timore
1874 2617 1981 2669 Do-

333 2694 481 2750 mini
512 2695 756 2763 recedis,
780 2696 905 2770 qui,
923 2698 1093 2768 juxta
1117 2698 1486 2772 prophetam,
1510 2699 1745 2756 initium
1777 2705 1869 2757 est
1899 2718 1987 2757 sa-

331 2782 613 2857 pientiae?
640 2784 698 2839 Si
730 2786 1015 2860 magister
1034 2804 1096 2843 es
1128 2787 1466 2858 infantium,
1489 2805 1594 2844 cur
1614 2794 1676 2844 tu
1709 2790 1986 2863 parvulus

340 2889 404 2929 es
433 2872 768 2930 intellectu?
799 2876 867 2930 Et
896 2874 1037 2947 quia
1078 2876 1199 2932 haec
1228 2877 1340 2933 sibi
1375 2877 1523 2933 falso
1555 2879 1759 2935 adesse
1799 2880 1985 2950 jacta-

341 2961 508 3030 bant,
530 2960 884 3018 videbantur
911 2962 1123 3019 habere
1164 2965 1411 3020 formam
1464 2964 1719 3020 scientia:
1750 2969 1808 3021 et
1835 2966 1987 3020 veri-

336 3047 483 3106 tatis
513 3049 571 3105 in
600 3049 756 3123 lege;
782 3052 937 3107 unde
957 3068 1091 3108 mox
1110 3051 1416 3110 subditur:
1441 3053 1738 3110 [labentem
1753 3058 1990 3127 formam

342 3140 590 3196 scientiae
613 3143 665 3195 et
691 3141 945 3196 veritatis
973 3140 1034 3197 in
1064 3141 1200 3211 lege.

2073 566 2221 640 lege,
2253 568 2391 640 quia
2437 584 2499 624 se
2537 585 2666 624 eam
2725 566 2850 623 suis
2899 563 3124 621 meritis
3182 561 3478 635 accepisse
3525 561 3767 618 crede-

2072 657 2237 728 bant,
2269 661 2325 712 et
2352 658 2478 713 suis
2507 657 2732 712 viribus
2773 655 3016 727 implere
3052 669 3226 725 posse
3255 652 3545 725 putabant
3576 668 3593 707 :
3635 651 3766 706 sed

2076 761 2179 816 per
2207 746 2474 815 ejusdem
2505 745 2652 816 legis
2683 741 3218 817 praevaricationem
3264 744 3447 796 Deum
3476 738 3764 795 inhono-

2075 834 2302 901 rabant,
2336 835 2473 906 quia
2528 833 2696 889 illum
2735 834 2920 889 Deum
2967 848 3097 887 esse
3144 830 3380 886 credere
3427 828 3761 894 nolebant,

2075 922 2169 976 cui
2200 922 2370 977 Pater
2415 922 2682 994 perhibet
2724 921 3153 986 testimonium,
3187 917 3385 974 dicens
3435 934 3450 971 :
3502 919 3607 973 Hie
3664 920 3768 972 est

2075 1010 2252 1066 Filius
2289 1027 2441 1066 meus
2487 1012 2729 1067 dilectus
2756 1009 2974 1083 (Matth.
3021 1025 3161 1073 xvu,
3209 1008 3289 1079 5),
3339 1010 3396 1060 et
3444 1005 3538 1062 cui
3598 1022 3761 1077 pro-

2078 1097 2253 1169 pheta
2307 1097 2490 1155 dicit:
2534 1101 2607 1155 Tu
2662 1116 2784 1155 eras
2833 1100 2994 1165 Deus,
3035 1102 3090 1153 et
3137 1095 3532 1152 nesciebamus.
3563 1094 3762 1159 Quod

2080 1186 2282 1258 utique
2313 1205 2430 1242 non
2479 1188 2550 1244 de
2596 1186 2787 1257 Patre,
2820 1186 2922 1242 sed
2972 1186 3043 1240 de
3090 1185 3233 1241 Filio
3281 1182 3760 1256 intelligendum

2080 1280 2200 1345 est;
2232 1291 2445 1332 nomen
2486 1276 2642 1333 enim
2694 1275 2880 1331 Patris
2928 1290 3161 1346 semper
3208 1271 3327 1328 illis
3374 1271 3486 1327 fuit
3534 1272 3763 1342 cogni-

2080 1369 2237 1433 tum;
2290 1363 2416 1420 Filii
2462 1381 2620 1430 vero,
2652 1366 2942 1437 ignotum.
2976 1363 3139 1419 Unde
3186 1364 3244 1417 et
3300 1360 3407 1432 illi,
3440 1360 3545 1433 qui
3602 1364 3764 1416 ante

2080 1453 2417 1525 passionem
2449 1454 2684 1509 credere
2717 1452 3057 1522 noluerunt,
3089 1450 3290 1524 agnita
3328 1449 3512 1522 gloria
3538 1465 3757 1504 resur-

2083 1542 2360 1598 rectionis
2384 1543 2534 1614 ejus,
2567 1542 2869 1598 credentes
2919 1545 2977 1597 et
3022 1540 3242 1613 gratias
3292 1542 3552 1611 agentes,
3587 1537 3763 1595 dice-

2083 1631 2226 1687 bant
2256 1647 2270 1687 :
2301 1632 2371 1687 Tu
2400 1647 2525 1687 eras
2554 1632 2714 1700 Deus,
2746 1638 2799 1688 et
2826 1631 3225 1687 nesciebamus.

2154 1720 2438 1792 Sequitur
2470 1738 2484 1777 :
2519 1721 2721 1777 Nomen
2751 1721 2901 1776 enim
2945 1721 3048 1775 Dei
3068 1735 3177 1791 per
3201 1732 3293 1775 vos
3324 1716 3762 1789 blasphematur

2085 1809 2229 1865 inter
2255 1817 2461 1881 gentes,
2491 1811 2634 1866 sicut
2658 1811 2924 1882 scriptum
2950 1815 3047 1866 est.
3075 1808 3217 1864 Ecce
3249 1807 3394 1863 dicit
3425 1804 3759 1879 Apostolus

2085 1898 2375 1970 scriptum
2405 1913 2562 1966 esse;
2621 1898 2723 1954 sed
2783 1897 2883 1954 ubi
2939 1913 3057 1954 non
3115 1895 3391 1952 ostendit.
3422 1895 3538 1952 Sed
3564 1894 3755 1950 intel-

2086 1985 2391 2059 ligendum
2437 1990 2635 2042 tamen
2683 1985 2942 2058 reliquit,
2975 1985 3032 2041 in
3089 1984 3241 2041 Isaia
3294 1984 3581 2057 propheta
3608 1984 3758 2053 (Isai

2089 2090 2187 2144 LII,
2218 2076 2298 2144 5).
2320 2075 2465 2131 Cum
2495 2074 2649 2131 enim
2681 2074 2966 2131 Dominus
2995 2091 3098 2147 per
3126 2072 3476 2147 prophetam
3503 2072 3754 2128 Judmos

2088 2162 2433 2235 increparet,
2468 2164 2552 2219 ait
2607 2163 2760 2219 inter
2818 2167 3024 2219 caetera
3064 2180 3077 2219 :
3122 2164 3189 2219 Et
3242 2178 3443 2218 nomen
3488 2170 3755 2218 sanetum

2090 2268 2271 2308 meum
2324 2252 2601 2325 polluislis
2660 2254 2812 2308 inter
2865 2256 3050 2322 gentes
3106 2252 3324 2323 (Ezech.
3380 2268 3573 2320 xxxvr,
3624 2253 3750 2318 22).

2092 2342 2204 2397 Sed
2237 2342 2619 2413 quaerendum
2676 2348 2793 2409 est,
2827 2340 3122 2413 quomodo
3174 2346 3312 2395 tunc
3360 2356 3464 2411 per
3507 2339 3753 2396 Judaaos

2092 2428 2403 2503 pollutum,
2444 2437 2503 2486 et
2551 2430 3026 2503 blasphematum
3060 2434 3151 2485 est
3181 2444 3395 2485 nomen
3444 2429 3547 2484 Dei
3591 2429 3755 2485 inter

2092 2524 2315 2591 gentes,
2348 2523 2448 2575 aut
2478 2519 2773 2591 quomodo
2822 2524 3085 2591 tempore
3113 2517 3396 2591 Apostoli.
3422 2516 3749 2574 Sciendum

2094 2612 2181 2664 est
2210 2615 2428 2679 autem,
2470 2609 2611 2680 quia
2637 2607 2824 2664 Judaei
2856 2607 3059 2664 multis
3088 2607 3246 2663 vitiis
3293 2605 3525 2677 irretiti,
3557 2612 3615 2662 et
3644 2623 3747 2663 va-

2093 2696 2197 2752 riis
2227 2695 2417 2769 plagis
2449 2695 2655 2764 attriti,
2689 2695 2890 2752 traditi
2935 2699 3076 2751 sunt
3123 2695 3182 2751 in
3231 2694 3655 2768 captivitatem,
3684 2694 3746 2750 in

2094 2802 2212 2857 qua
2239 2784 2457 2841 detenti
2489 2785 2709 2840 dabant
2750 2784 3023 2857 gentibus
3063 2784 3429 2841 occasionem
3461 2783 3693 2841 dicendi
3728 2802 3745 2841 :

2097 2873 2240 2929 Ecce
2290 2889 2435 2946 gens
2480 2878 2701 2929 sancta.
2734 2872 2994 2946 Populus
3019 2872 3160 2929 olim
3218 2872 3337 2929 Deo
3393 2871 3746 2945 peculiaris;

2095 2961 2301 3017 multis
2332 2962 2516 3034 signis
2550 2961 2623 3017 ab
2659 2961 2997 3035 [Egyptiaca
3026 2963 3305 3018 servitute
3348 2960 3654 3031 liberatus,
3684 2960 3749 3017 in

2096 3050 2429 3122 captivitate
2456 3053 2709 3118 tenetur,
2739 3056 2796 3107 et
2836 3050 2895 3106 in
2925 3051 3264 3107 servitutem
3316 3050 3590 3106 redactus
3631 3055 3744 3108 est.

2093 3138 2240 3195 Vere
2270 3138 2351 3193 dii
2382 3140 2567 3195 nostri
2598 3144 3019 3211 superaverunt
3047 3144 3230 3196 Deum
3260 3155 3495 3208 eorum;
3528 3143 3587 3196 et
3614 3139 3746 3197 ideo

413 3227 691 3299 Sequitur
722 3243 735 3281 :
770 3229 881 3296 Qui
905 3244 1033 3298 ergo
1067 3229 1247 3285 alium
1270 3228 1443 3296 doces,
1474 3231 1710 3301 teipsum
1749 3246 1859 3286 non
1890 3229 1984 3286 ἀο-
2017 3219 2061 3287 C
2098 3227 2300 3284 traditi
2329 3232 2477 3297 sunt,
2506 3227 2566 3284 in
2610 3244 2822 3284 manus
2870 3233 3122 3284 nostras.
3155 3228 3511 3302 Ignorabant
3564 3227 3747 3299 enim,

341 3332 425 3373 ces
451 3315 638 3388 (131)?
662 3316 746 3372 Ac
776 3317 827 3373 si
873 3316 1093 3374 diceret
1124 3334 1137 3372 :
1170 3318 1286 3375 Cur
1333 3319 1660 3375 doctrinam
1695 3324 1752 3375 et
1778 3319 1993 3392 pradi-

343 3405 631 3462 cationem
663 3409 825 3462 tuam
870 3405 1147 3479 operibus
1188 3407 1484 3464 destruis?
1515 3407 1602 3476 Et,
1636 3412 1702 3464 ut
1730 3408 1840 3465 hoc
1870 3408 1995 3465 evi-

342 3495 579 3551 dentius
608 3494 882 3568 aperiret,
924 3496 1234 3566 subjunxit
1259 3514 1272 3552 :
1297 3498 1408 3567 Qui
1448 3497 1717 3567 praedicas
1745 3514 1856 3554 non
1899 3500 1994 3569 fu-

343 3583 603 3653 randum,
626 3585 861 3654 furaris.
884 3583 1248 3639 Furabantur
1273 3584 1489 3655 Judaei;
1518 3586 1658 3658 quia
1689 3586 1750 3642 in
1780 3587 1909 3659 lege
1943 3591 2001 3642 et

346 3671 671 3745 prophetis,
684 3671 901 3727 Christi
924 3672 1195 3728 notitiam
1214 3672 1609 3731 occultabant.
1626 3676 1696 3731 Et
1713 3673 1821 3731 hoc
1847 3677 2000 3731 furto

350 3758 583 3816 nullum
602 3761 797 3831 majus
818 3776 947 3815 esse
968 3764 1176 3832 potest.
1195 3762 1303 3831 Qui
1319 3762 1458 3818 dicis
1478 3779 1588 3819 non
1606 3763 2003 3819 maeehandum

349 3848 656 3904 maeeharis.
681 3847 1125 3904 Mmchabantur
1149 3850 1357 3915 Judaei.
1381 3852 1497 3923 qai,
1522 3851 1674 3907 male
1719 3852 2002 3924 interpre-

352 3938 533 3994 tando
561 3936 774 4010 legem,
795 3938 1037 4005 verbum
1074 3939 1171 3995 Dei
1200 3941 1684 4012 corrumpebant;
1717 3939 1859 4011 quia
1887 3958 2004 3997 non

355 4025 600 4096 sincere,
626 4025 777 4082 sicut
799 4042 868 4081 ex
897 4026 1035 4098 Deo,
1064 4043 1262 4084 coram
1301 4032 1418 4084 Deo
1452 4028 1512 4083 in
1543 4028 1772 4085 Christo
1804 4029 2003 4101 loque-

354 4115 592 4171 bantur.
627 4114 904 4170 Praeterea
943 4115 1279 4189 quicunque
1330 4117 1461 4184 hoc,
1487 4118 1643 4189 quod
1674 4118 2007 4190 specialiter

353 4208 467 4260 Deo
507 4204 773 4276 debetur,
805 4202 1148 4261 hominibus
1178 4205 1485 4279 impendit,
1511 4205 1716 4279 utique
1747 4206 2004 4263 moecha-

354 4298 469 4349 tur.
495 4290 604 4362 Qui
629 4293 969 4350 abominaris
1000 4295 1174 4363 idola,
1207 4295 1499 4352 subaudis
1528 4294 1814 4367 gentium,
1834 4297 2006 4352 sacri-

354 4383 559 4454 legium
585 4383 744 4454 lacis.
775 4382 1159 4457 Sacrilegium
1206 4384 1426 4439 dicitur
1464 4400 1641 4439 sacrm
1672 4383 1820 4456 legis
1847 4389 2008 4441 tran-

355 4471 636 4544 egressio,
668 4471 811 4539 sive,
851 4489 1027 4529 sacrae
1075 4471 1225 4544 legis
1276 4472 1446 4543 (132),
1474 4473 1564 4527 vel
1622 4472 1706 4527 rei
1764 4474 2006 4529 furtum.

2103 3317 2262 3390 quia,
2294 3315 2344 3372 si
2369 3316 2487 3373 Deo
2537 3332 2769 3390 semper
2815 3317 3153 3384 servissent,
3186 3320 3245 3373 et
3291 3317 3419 3389 ejus
3467 3322 3756 3389 praecepta

2103 3410 2459 3475 servassent,
2518 3422 2652 3462 eum
2720 3406 2938 3478 ubique
2996 3406 3281 3463 haberent
3343 3408 3752 3478 protectorem.

2106 3493 2632 3567 Blasphemabatur
2659 3511 2872 3551 nomen
2915 3495 3016 3550 Dei
3063 3511 3166 3567 per
3193 3511 3313 3562 eos,
3345 3494 3523 3550 etiam
3570 3496 3755 3566 Apos-

2104 3583 2210 3640 toli
2251 3588 2533 3655 tempore,
2563 3583 2703 3655 quia
2747 3582 2908 3656 pleni
2964 3583 3085 3639 zelo
3142 3587 3199 3639 et
3251 3582 3492 3650 invidia,
3525 3599 3755 3656 semper

2108 3673 2439 3745 apostolicae
2482 3672 2759 3728 doctrinas
2806 3671 3179 3728 resistebant.
3212 3674 3374 3738 Quod
3426 3672 3759 3728 manifesta-

2109 3765 2206 3816 tur
2235 3760 2294 3815 in
2324 3760 2473 3816 libro
2502 3763 2755 3816 Actuum
2795 3762 3222 3832 apostolorum,
3253 3760 3356 3816 ubi
3401 3761 3613 3834 legitur
3643 3778 3656 3816 :
3684 3765 3759 3817 Et

2108 3849 2304 3921 repleti
2340 3850 2543 3907 Judaei
2586 3850 2703 3905 zelo
2753 3850 2813 3904 in
2862 3850 3172 3921 Synagoga,
3204 3848 3643 3906 contradieebant
3672 3848 3757 3904 his

2110 3954 2230 4010 qua
2276 3955 2310 3992 a
2354 3939 2529 3993 Paulo
2581 3938 2908 3993 dicebantur
2957 3938 3093 4009 (Act.
3127 3955 3253 4010 xm,
3287 3939 3400 4010 45).
3432 3938 3581 4009 Sive,
3622 3938 3755 4010 quia

2113 4025 2311 4081 minus
2358 4027 2730 4082 credentibus
2786 4026 3008 4082 dabant
3056 4026 3422 4083 occasionem
3477 4026 3751 4083 dicendi:

2112 4114 2404 4169 Evacuata
2433 4118 2490 4169 et
2520 4113 2823 4170 annullata
2853 4119 2943 4170 est
2970 4115 3308 4187 promissio,
3336 4131 3462 4187 quae
3494 4115 3644 4171 facta
3669 4120 3756 4172 est

2113 4201 2389 4271 Abrahae;
2423 4201 2597 4259 fallax
2625 4203 2820 4260 Deus:
2853 4205 3008 4276 quod
3041 4204 3331 4276 promisit,
3365 4203 3615 4277 implere
3640 4221 3750 4261 non

2115 4291 2325 4363 potuit.

2189 4381 2542 4439 Circumeisio
2561 4382 2782 4455 quidem
2791 4381 3031 4455 prodest,
3044 4384 3096 4438 si
3114 4382 3291 4452 legem
3304 4382 3581 4439 custodias
3594 4384 3753 4455 (133).

2115 4472 2193 4525 Ac
2225 4470 2276 4525 si
2309 4470 2526 4527 diceret
2549 4488 2563 4526 :
2586 4471 2646 4527 Si
2673 4470 2820 4544 legis
2850 4475 3139 4544 praecepta
3167 4471 3484 4544 custodias,
3509 4472 3751 4528 circum-
3795 4479 3799 4483 ’

352 4558 522 4626 Nam,
549 4565 613 4615 ut
654 4560 861 4617 beatus
889 4561 1263 4634 Augustinus
1293 4559 1473 4649 dicit:
1507 4562 1855 4630 Legere,sive
1881 4563 2008 4618 sub-
2042 4586 2086 4649 Β
2117 4558 2259 4615 cisio
2290 4560 2558 4649 prodest;
2592 4560 2917 4649 quial‘acit
2964 4565 3021 4616 te
3058 4577 3296 4617 manere
3340 4562 3451 4617 sub
3498 4560 3640 4634 lege.
3667 4563 3749 4618 Tu

354 4650 540 4723 legere
592 4652 782 4721 furari
816 4659 917 4707 est.
949 4650 1115 4706 Unde
1146 4653 1203 4703 et
1233 4647 1556 4721 sacrilegus
1587 4650 1804 4705 dicitur
1831 4666 2007 4707 sacrae
2044 4647 2072 4649 ⁷
2117 4654 2333 4717 autem,
2384 4648 2527 4703 dum
2584 4648 2694 4703 sub
2752 4648 2878 4720 lege
2931 4665 3158 4720 manes,
3211 4649 3568 4721 consideras,
3623 4650 3750 4723 quia

354 4737 503 4811 legis
536 4737 647 4809 fur,
680 4738 799 4795 sive
844 4742 1269 4811 transgressor.
1303 4736 1490 4793 Judaei
1537 4737 1717 4809 igitur
1741 4738 2006 4814 sacrilegi
2117 4753 2345 4794 cessare
2401 4737 2576 4792 debet
2626 4737 2998 4820 circumcisio
3046 4737 3318 4806 carnalis,
3352 4743 3409 4793 et
3452 4738 3749 4794 succedere

354 4832 543 4896 erant,
573 4828 730 4900 quia,
763 4834 822 4886 et
862 4827 1051 4900 legem
1082 4825 1555 4895 corrumpebant,
1588 4831 1645 4882 et
1678 4827 1899 4884 furtum
1946 4830 2005 4884 in
2116 4824 2420 4900 spiritalis,
2454 4842 2584 4898 quae
2612 4826 2680 4882 ﬁt
2708 4842 2812 4899 per
2840 4826 3016 4882 ﬁdem
3044 4826 3280 4882 Christi.
3303 4826 3578 4899 Alioquin
3612 4825 3743 4883 nihil

356 4933 444 4985 ea,
481 4919 544 4971 ut
572 4916 794 4973 dictum
824 4921 934 4988 est,
967 4914 1279 4972 faciebant.
2114 4915 2220 4971 tibi
2279 4914 2653 4986 prodest.Sed
2706 4916 3090 4987 quaerendum
3138 4921 3229 4972 est
3275 4916 3569 4987 quomodo
3605 4915 3745 4972 dicat

424 4998 701 5076 Sequitur
732 5023 745 5062 :
780 5006 890 5073 Qui
918 5006 978 5059 in
1008 5004 1124 5073 lege
1156 5003 1436 5072 gloriaris,
1454 5020 1555 5075 per
1580 5009 2004 5074 prmvarieatio-
2110 5003 2427 5077 Apostolus
2450 5005 2836 5062 :Cireumcisio
2849 5006 3239 5078 prodest,cum
3262 5003 3403 5061 alibi
3427 5004 3617 5062 dicat:
3642 5005 3744 5062 Cir-

2113 5128 2319 5185 calem.
2426 5166 2435 5179 ι

2185 5202 2348 5327 (131)1
2365 5201 2651 5257 Punctum
2690 5198 3104 5272 interrogantis
3138 5198 3199 5255 in
3225 5197 3479 5273 Vulgata
3508 5217 3622 5257 non
3650 5199 3739 5258 ba-

2187 5278 2284 5327 tur
2354 5289 2420 5327 oc
2450 5274 2596 5327 loco.
2629 5273 2731 5327 sed
2763 5273 2879 5327 duo
2911 5278 3149 5327 nuncta.

2112 5272 2284 5328 betur
2312 5272 2420 5328 hoc
2450 5274 2596 5340 loco,
2629 5273 2731 5328 sed
2763 5273 2879 5327 duo
2911 5278 3149 5340 puncta.

2183 5344 2329 5417 (132)
2360 5345 2425 5417 In
2455 5343 2844 5417 _autographo
2901 5342 3050 5409 loco,
3101 5356 3276 5399 sacrae
3330 5342 3490 5417 legis,
3546 5342 3741 5417 legitur

2108 5416 2411 5487 sacrilegis.
2443 5414 2608 5487 Certe
2631 5414 2747 5486 per“
2766 5429 3021 5470 errorem
3077 5414 3456 5471 amanuenSis
3486 5419 3552 5470 ut
3581 5414 3735 5487 paulo

2110 5485 2383 5542 sunerius
2405 5485 2599 5542 videre
2629 5485 2741 5542 est.

2207 5555 2330 5627 133)
2360 5555 2627 5629 Vulgata,
2659 5558 2922 5614 observes.

426 5128 576 5212 (129)
605 5129 755 5212 Psal.
786 5143 962 5212 xcvir,
993 5126 1090 5212 20Ζ
1117 5125 1183 5212 In
1214 5124 1463 5212 Vulgata
1490 5128 1814 5212 versiculus
1845 5132 2002 5212 psal-

355 5197 447 5271 mi
468 5197 671 5271 hujus,
703 5199 786 5254 ita
829 5216 843 5253 :
890 5201 1012 5271 Non
1055 5199 1184 5269 fecit
1230 5197 1423 5254 taliter
1476 5203 1629 5256 omni
1684 5197 1918 5270 nationi,
1952 5212 2003 5260 et

342 5270 564 5342 judicia
594 5286 689 5325 sua
714 5285 828 5325 non
852 5270 1229 5342 manifestavit
1255 5271 1353 5325 eis.

423 5341 572 5417 (130)
606 5342 666 5394 In
700 5338 1083 5417 autographo,
1122 5339 1247 5396 loco
1294 5341 1550 5417 adverbii
1600 5346 1769 5417 quia,
1793 5344 2002 5417 legitur

352 5414 543 5484 quasi;
577 5413 733 5482 quod
782 5427 917 5484 cum
968 5427 1205 5468 sensum
1239 5414 1502 5484 apprime
1550 5413 1808 5472 auctoris
1851 5413 2000 5473 mihi

354 5483 598 5538 reddere
657 5498 769 5538 non
802 5483 1111 5549 videretur,
1146 5483 1291 5540 ideo’
1316 5483 1747 5542 emendandum
1799 5489 1999 5545 censui

358 5553 732 5630 potissimum
765 5551 836 5630 ob
867 5554 1225 5630 adverbium,
1254 5556 1395 5624 ideo,
1427 5559 1583 5630 quod
1628 5559 1914 5630 sequitur,
1944 5565 2002 5615 et

358 5639 495 5680 cum
534 5626 817 5695 superiori
866 5628 997 5699 quia
1048 5627 1386 5685 relationem
1435 5626 1613 5686 habet
1658 5626 1999 5700 grammati-
