3956 6230
115 372 238 434 153
748 370 1167 434 EXPOSITIO
1211 369 1291 432 IN
1338 367 1768 432 EPISTOLAS
1815 366 2070 432 PAULI.
2105 365 2290 430 -ΙΝ
2335 369 2586 434 EPIST.
2634 371 2738 433 AD
2783 371 2977 436 ROM.
3452 373 3570 434 154

115 505 389 561 cumcisio
419 503 584 559 nihil
606 503 860 575 prodest;
889 502 1120 559 videtur
1165 502 1380 576 quippe
1421 503 1531 558 sibi
1578 506 1810 557 contra-
1842 501 1896 566 Α
1925 503 2066 558 cisio
2095 510 2203 570 est,
2237 505 2500 560 omnium
2533 503 2855 561 carnalium
2889 503 3339 560 delectationum
3386 507 3441 558 et
3471 521 3570 560 vo-

121 594 264 650 rius.
321 594 440 648 Sed
497 610 573 648 ne
625 592 953 648 contrarius
1001 593 1316 656 videretur,
1369 593 1604 647 fuerunt
1663 608 1807 646 non-
1919 592 2211 665 luptatum
2262 595 2498 650 abolitio
2557 600 2613 650 et
2654 595 2905 667 expiatio
2937 595 3103 664 (139).
3132 595 3201 648 Et
3231 594 3567 665 quicunque

121 682 291 753 nulli,
345 683 487 754 qui,
531 682 984 754 allegorizando,
1034 683 1313 737 dixerunt
1360 699 1462 753 per
1504 681 1808 737 circumci-
1922 687 2176 738 mentem
2223 701 2390 738 suam
2441 685 2512 738 ab
2564 686 2654 738 his
2703 685 2896 739 reddit
2948 682 3221 751 alienam,
3255 682 3351 736 ille
3382 699 3442 737 se
3474 699 3565 737 ve-

126 772 359 828 sionem
409 773 635 827 debere
686 771 932 842 intelligi
965 788 1161 826 semen
1201 771 1456 838 Abrahze,
1493 772 1546 825 id
1581 776 1669 825 est
1700 769 1808 825 ali-
1921 773 2130 827 raciter
2168 773 2551 828 circumcidit.
2615 775 2693 828 De
2743 773 2850 827 hac
2896 771 3342 827 circumcisione
3391 772 3564 826 etiam

127 877 306 933 quem
360 862 675 925 Judaeum,
725 865 783 916 et
835 878 937 932 per
985 860 1359 932 praeputium,
1393 859 1698 932 gentilem;
1749 863 1812 912 ut
1922 861 2146 932 Moyses
2193 861 2422 917 locutus
2471 868 2578 928 cst,
2614 863 2811 916 dicens
2845 879 2858 916 :
2895 860 3567 916 Circunwiditeduritiam

133 952 210 1005 sit
239 968 469 1006 sensus
509 969 522 1005 :
557 950 615 1005 Si
648 955 935 1022 praecepta
957 949 1102 1020 legis
1134 950 1474 1021 spiritaliter
1497 948 1806 1020 intelligas,
1919 950 2092 1004 cordis
2133 954 2316 1006 vestri.
2355 953 2419 1006 Et
2449 952 2584 1006 item
2622 971 2632 1006 :
2670 952 3144 1006 (.‘ircumcidimini
3191 951 3421 1005 Domino
3465 949 3568 1002 Deo

130 1045 186 1094 et
213 1040 444 1095 Christi
482 1039 755 1094 notitiam
789 1039 845 1094 in
879 1040 962 1094 eis
989 1056 1296 1109 agnoscas,
1327 1043 1495 1108 teque
1537 1055 1638 1109 per
1684 1038 1810 1107 ejus
1920 1044 2089 1094 vestro
2122 1041 2298 1109 (Deut.
2323 1059 2378 1108 χ,
2415 1043 2520 1112 16).
2555 1043 2622 1095 Et
2651 1042 2933 1095 Jcrcmias
2968 1058 2978 1093 :
3015 1039 3396 1093 Circumcidite
3420 1052 3563 1107 pra:-

135 1128 313 1183 lidem
367 1128 595 1184 salvari
645 1145 818 1200 posse
861 1129 1124 1183 conﬁdas
1158 1146 1169 1182 :
1208 1128 1444 1199 prodest
1489 1127 1616 1193 tibi,
1653 1127 1806 1198 quod
1915 1131 2075 1198 putiu
2105 1130 2344 1184 cei-dium
2381 1138 2679 1185 vestrorum
2711 1132 2842 1199 (Jer.
2881 1129 3054 1198 1v,‘l).
3087 1125 3566 1182 Circumcisionis

134 1233 341 1272 semen
373 1233 442 1272 es
474 1215 747 1286 Abrahae,
798 1216 856 1270 id
900 1221 1006 1285 est,
1057 1218 1209 1288 quod
1263 1217 1501 1270 Judaius
1542 1233 1624 1271 es.
1657 1215 1810 1269 Alio-
1921 1222 2114 1272 autem
2149 1219 2382 1288 signum
2417 1220 2544 1273 ideo
2596 1220 2795 1273 datum
2847 1223 2931 1272 est
2975 1217 3212 1282 Judzeis,
3249 1221 3311 1270 ut
3343 1215 3443 1270 illo
3477 1232 3564 1270 se-

139 1306 288 1378 quin
336 1304 490 1360 nihil
541 1306 643 1360 tibi
690 1307 956 1376 prodest;
989 1305 1126 1377 quia
1157 1305 1520 1376 degenerasti
1569 1322 1600 1359 a
1645 1304 1808 1358 nobi-
1921 1313 2295 1362 cernerentur
2326 1310 2397 1362 ab
2429 1309 2704 1363 omnibus
2750 1309 3024 1378 gentibus
3060 1326 3071 1362 :
3107 1306 3259 1376 quod
3311 1321 3455 1376 pene
3505 1304 3564 1358 in

139 1395 312 1451 litate
342 1395 593 1451 seminis
626 1395 896 1461 Abrahae,
929 1399 986 1450 et
1017 1396 1275 1450 transisti
1309 1396 1380 1450 ad
1406 1393 1808 1449 inﬁdelitatem
1921 1395 2047 1467 ipso
2080 1397 2282 1451 mundi
2315 1399 2544 1453 exordio
2576 1399 3011 1469 praeﬁguratum
3043 1400 3132 1450 est
3183 1396 3242 1449 in
3283 1395 3444 1460 Cain,
3475 1393 3567 1447 cui

143 1484 409 1557 gentilis.
464 1485 538 1539 Et
583 1484 694 1539 hoc
753 1488 862 1547 est,
920 1485 1076 1555 quod
1133 1484 1404 1555 sequitur
1446 1501 1458 1537 :
1511 1484 1574 1539 Si
1629 1487 1811 1537 autem
1921 1484 2206 1541 Dominus
2238 1487 2397 1541 dedit
2426 1487 2661 1558 signum
2697 1486 2942 1541 timoris.
2979 1487 3046 1540 Et
3093 1484 3245 1539 sicut
3273 1482 3370 1538 ille
3410 1482 3470 1536 in
3501 1498 3567 1537 eo

134 1575 549 1644 prmaricator
595 1575 732 1644 legis
779 1575 878 1640 sis,
926 1576 1267 1629 circumcisio
1319 1580 1420 1628 tua
1473 1575 1811 1645 praeputium
1921 1574 2086 1644 signo
2120 1576 2506 1645 perseveravit
2559 1591 2744 1646 usque
2795 1575 2864 1629 ad
2916 1579 3186 1641 mortem,
3237 1572 3317 1627 ita
3357 1571 3454 1626 isti
3506 1570 3566 1624 in

139 1664 291 1733 facta
321 1667 427 1718 est.
463 1663 744 1734 Sequitur
793 1681 806 1718 :
862 1662 918 1717 Si
967 1664 1143 1732 igitur
1187 1666 1529 1734 praeputium
1560 1664 1811 1733 justitias
1920 1661 2088 1731 signo
2118 1663 2582 1718 circumcisionis
2615 1664 3067 1734 perseverabunt
3100 1679 3285 1733 usque
3316 1661 3385 1716 ad
3410 1660 3566 1714 diem

141 1750 282 1819 legis
314 1752 612 1820 custodiat,
643 1767 821 1808 nonne
866 1754 1206 1823 praeputium
1254 1754 1410 1808 illius
1461 1755 1522 1808 in
1565 1755 1806 1809 circum-
1912 1751 2144 1820 judicii,
2179 1757 2244 1806 ut
2273 1752 2587 1823 impleatur
2615 1753 2769 1824 quod
2802 1753 2953 1807 idem
3003 1751 3316 1823 Apostolus
3367 1749 3509 1803 dicit
3549 1765 3561 1802 :

140 1840 362 1894 cisione
391 1840 549 1910 (134)
578 1841 956 1912 reputabitur?
986 1841 1362 1911 Praeputium,
1398 1842 1551 1897 sicut
1603 1847 1659 1896 et
1707 1858 1808 1895 su-
1842 1871 1889 1936 Β
1921 1841 2094 1895 Donec
2117 1841 2410 1911 plenitudo
2436 1843 2680 1910 gentium
2711 1843 2966 1908 introeat,
2995 1845 3046 1895 et
3076 1843 3154 1895 sic
3182 1841 3359 1894 omnis
3395 1837 3566 1893 Israel

144 1927 375 1998 perius,
411 1927 631 2000 aliquis
659 1928 892 2001 gentilis
921 1933 1178 1986 vocatur.
1203 1931 1439 1986 Justum
1471 1934 1666 1986 autem
1699 1935 1814 1997 est,
1842 1927 1885 1936 “’
1926 1929 2108 1984 salvus
2136 1931 2234 1999 ﬁat
2264 1931 2438 2000 (Rom.
2473 1948 2549 1999 x1,
2575 1932 2687 2000 25).
2723 1930 2882 1996 Quod
2913 1948 2981 1985 ex
3009 1946 3074 1985 eo
3107 1929 3358 1983 maxime
3404 1944 3563 1982 com-

147 2021 210 2072 ut
268 2016 375 2071 illa
435 2016 698 2073 carnalia
749 2026 1060 2091 pracepta,
1121 2019 1473 2092 spiritaliter
1525 2018 1817 2089 intellige-
1927 2020 2224 2090 probatur,
2255 2019 2394 2090 quia
2423 2018 2621 2074 nullus
2649 2019 2998 2091 principum,
3045 2015 3164 2072 sive
3195 2032 3421 2088 regum,
3456 2016 3566 2070 sub

83 2125 94 2132 π
151 2111 351 2160 rentur
398 2106 724 2179 implenda.
777 2109 847 2163 Et
903 2113 991 2163 est
1036 2125 1249 2164 sensus
1292 2109 1394 2164 :Si
1439 2108 1810 2181 praeputium,
1926 2125 2040 2180 quo
2071 2109 2418 2180 deguerunt,
2452 2108 2642 2164 conati
2674 2113 2814 2163 sunt
2846 2109 3070 2162 auferre
3115 2105 3186 2161 ab
3217 2105 3300 2159 eis
3330 2104 3564 2175 signum

151 2193 207 2247 id
231 2200 342 2265 est,
374 2194 599 2268 aliquis
648 2195 886 2268 gentilis
937 2198 1279 2269 spiritaliter
1329 2198 1474 2270 legis
1528 2205 1815 2271 praecepta
1925 2197 2408 2254 circumcisionis.
2444 2200 2610 2266 Cuius
2644 2199 2764 2252 laus
2790 2213 2898 2251 non
2927 2213 2994 2251 ea:
3021 2195 3344 2256 hominibus,
3376 2193 3469 2248 sed
3498 2210 3568 2248 es:

153 2281 462 2355 intelligat,
498 2289 556 2340 et
585 2284 644 2340 in
677 2285 763 2340 eis
794 2286 1008 2342 Christi
1037 2288 1308 2343 notitiam
1331 2293 1814 2360 agnoscat,seque
1925 2293 2032 2342 Deo
2063 2305 2080 2341 .·
2123 2289 2251 2357 ejus
2301 2287 2540 2354 scilicet,
2590 2288 2688 2358 qui
2737 2287 2806 2342 de
2855 2284 3072 2340 carnali
3121 2282 3566 2338 circumcisione

156 2387 260 2442 per
289 2374 421 2442 ejus
455 2375 627 2430 fidem
670 2373 881 2430 salvari
915 2392 1085 2447 posse
1134 2378 1408 2443 conﬁdat,
1461 2378 1812 2449 praeputium
1924 2393 2038 2431 non
2069 2375 2374 2446 gloriatur,
2408 2381 2465 2431 et
2496 2393 2607 2430 non
2640 2375 2764 2430 suis
2797 2374 3040 2443 meritis,
3073 2372 3172 2428 sed
3227 2371 3325 2427 Dei
3378 2371 3568 2441 gratia

160 2460 324 2516 illius
355 2462 414 2515 in
447 2463 892 2520 circumcisione
940 2465 1334 2538 reputabitur;
1385 2466 1523 2538 quia
1571 2466 1816 2520 transiet
1923 2483 1984 2521 se
2014 2465 2301 2520 salvatum
2333 2465 2613 2536 agnoscit.
2657 2465 2940 2535 Superius
2991 2461 3276 2517 allocutus
3325 2464 3415 2515 est
3463 2459 3565 2512 Ju-

156 2549 229 2603 ad
283 2549 650 2607 nobilitatem
691 2552 922 2625 generis
952 2554 1225 2620 Abrahce;
1259 2560 1316 2610 et
1344 2556 1471 2626 ejus
1504 2554 1659 2609 filius
1688 2556 1812 2609 effi-
1923 2555 2076 2610 dicos
2108 2555 2457 2610 incredulos.
2497 2554 2711 2608 Deinde
2741 2553 2962 2608 dixerat
3011 2551 3176 2606 illum
3209 2565 3336 2605 esse
3367 2564 3568 2603 verum

161 2637 364 2704 cietur,
410 2641 584 2710 juxta
633 2643 786 2712 quod
842 2642 968 2713 ipse
1012 2643 1327 2714 Apostolus
1368 2642 1507 2697 alibi
1541 2643 1720 2697 dicit:
1755 2643 1815 2696 Si
1922 2643 2213 2708 Judaeum,
2242 2643 2413 2713 cujus
2445 2643 2598 2698 bona
2621 2660 2794 2714 opera
2819 2659 2933 2696 non
2966 2641 3027 2695 in
3060 2640 3370 2695 manifesto
3407 2643 3567 2704 sunt,

158 2732 343 2783 autem
401 2746 491 2785 vos
543 2730 771 2801 Christi,
819 2747 944 2802 ergo
990 2733 1226 2788 Abrahae
1280 2748 1462 2788 semen
1517 2734 1664 2800 estis,
1722 2749 1811 2784 ,ςε-
1923 2733 2022 2787 sed
2055 2731 2114 2786 in
2139 2733 2802 2798 abscondito;etveram
2828 2729 3329 2785 circumcisionem
3355 2726 3568 2792 cordis,

161 2818 395 2873 cundum
438 2821 888 2891 promissionem,
919 2821 1164 2876 heredes
1217 2822 1364 2892 (Gal.
1420 2839 1504 2892 ιιι,
1555 2822 1666 2891 29).
1716 2826 1815 2874 Se-
1923 2837 2050 2891 qum
2082 2827 2172 2876 est
2204 2821 2434 2893 spiritu,
2466 2839 2578 2876 non
2613 2822 2824 2876 littera.
2877 2821 2946 2874 Et
2997 2818 3135 2890 quia
3182 2817 3405 2872 dixerat
3454 2833 3568 2870 non

165 2908 361 2978 quitur
421 2925 434 2964 :
497 2911 565 2964 L't
609 2909 902 2980 judicabit,
959 2911 1108 2979 (35)
1162 2912 1301 2982 quod
1352 2927 1422 2966 ex
1478 2919 1684 2966 natura
1739 2917 1818 2964 est
1924 2926 2050 2966 esse
2085 2928 2463 2982 personarum
2497 2911 2890 2982 acceptionem
2925 2909 3077 2981 apud
3107 2908 3403 2973 Deum,ne
3427 2905 3572 2960 forte

161 2999 517 3067 przputium,
573 2999 745 3071 legem
789 3006 1271 3065 consummansle,
1302 3002 1399 3072 qui
1436 3015 1536 3071 per
1580 3001 1815 3054 circum-
1926 2999 2225 3055 credentes
2280 3001 2490 3069 Judaei,
2544 2997 2955 3055 contemnendi
3015 3001 3381 3068 putarentur,
3443 2993 3571 3048 ideo

165 3084 426 3140 cisionem
452 3093 510 3142 et
538 3087 788 3144 litteram
815 3091 1213 3159 praevaricator
1243 3091 1374 3161 legis
1405 3106 1460 3144 es
1489 3088 1658 3159 (136).
1680 3087 1816 3143 Sen-
1925 3086 2206 3153 subdidit,
2257 3089 2638 3159 quaestionem
2691 3087 2800 3141 sibi
2852 3101 3181 3158 preponens
3211 3100 3223 3137 :
3258 3082 3415 3154 (CAP.
3453 3081 3573 3153 Ill.)

171 3188 271 3227 sus
298 3178 389 3230 est
420 3175 516 3231 hic
547 3195 568 3231 ε
602 3177 978 3248 Preputium,
1031 3179 1185 3250 quod
1241 3196 1309 3234 ex
1358 3184 1570 3233 natura
1616 3185 1725 3248 est,
1758 3178 1814 3233 id
1854 3237 1889 3250 Α
1927 3177 2075 3246 (140)
2109 3176 2246 3244 Quid
2275 3193 2403 3245 ergo
2433 3177 2671 3247 amplius
2703 3184 2781 3230 est
2809 3175 3038 3231 Iudaeo?
3067 3176 3170 3228 Aut
3200 3187 3325 3244 quxe
3353 3169 3574 3226 utilitas

169 3265 273 3329 est,
305 3262 524 3336 aliquis
555 3264 813 3338 gentilis,
864 3269 965 3337 qui
1015 3284 1116 3338 per
1165 3273 1439 3322 naturam
1475 3267 1649 3322 habet
1679 3284 1817 3338 prm-
1848 3237 1891 3303 Ο
1931 3273 2005 3320 est
2032 3267 2503 3322 circumcisionis?
2539 3269 2606 3319 Et
2649 3263 2737 3319 vel
2781 3280 2848 3318 ex
2895 3279 3022 3328 sua,
3073 3261 3159 3317 vel
3205 3277 3272 3317 ex
3324 3258 3573 3314 aliorum

168 3350 418 3421 putium,
471 3359 550 3419 te,
602 3353 703 3426 qui
749 3371 854 3426 per
905 3355 1180 3422 litteram,
1227 3362 1284 3412 et
1310 3357 1816 3413 circumcisionem
1931 3354 2318 3425 persona,sibi
2349 3352 2649 3423 respondit
2680 3353 2945 3407 :Multum
2971 3367 3067 3422 per
3097 3365 3310 3404 omnem
3332 3347 3571 3403 modum.

167 3443 575 3510 praevaricator
619 3441 765 3515 legis
811 3460 894 3514 es,
937 3445 1250 3516 judicabit,
1284 3446 1341 3501 id
1397 3451 1507 3515 est,
1542 3447 1816 3502 condem-
1929 3446 1997 3496 Et
2061 3447 2125 3497 ut
2185 3442 2515 3496 ostenderet
2580 3441 2896 3512 quomodo,
2955 3437 3216 3492 subdidit
3251 3454 3262 3492 :
3297 3438 3572 3503 Primum,

163 3531 345 3600 nebit,
390 3548 508 3586 non
550 3535 852 3601 potestate,
913 3534 1014 3589 sed
1074 3536 1508 3608 comparatione
1561 3535 1819 3591 melioris
1928 3534 2059 3604 quia
2086 3532 2293 3586 credita
2342 3536 2472 3585 sunt
2520 3531 2639 3584 illis
2693 3530 2907 3600 eloquia
2939 3528 3052 3582 Dei.
3087 3526 3192 3582 Ubi
3227 3525 3573 3592 notandum,

161 3616 324 3686 facti;
351 3619 524 3690 juxta
551 3621 708 3691 quod
732 3620 1014 3678 Dominus
1038 3623 1096 3678 in
1125 3623 1430 3694 Evangelio
1455 3625 1597 3680 dicit
1634 3643 1646 3681 :
1697 3625 1818 3680 Ideo
1931 3621 2070 3693 quia
2101 3619 2358 3694 primum
2390 3619 2554 3687 dicit,
2595 3618 2695 3674 sed
2746 3618 3070 3672 secundum
3133 3632 3247 3669 non
3296 3614 3574 3678 ostendit,

164 3707 498 3778 ipsijudices
523 3712 686 3764 vestri
718 3715 880 3765 erunt
918 3711 1128 3782 (Matth.
1161 3730 1261 3779 xu,
1293 3714 1392 3768 27:
1429 3718 1558 3767 Luc.
1593 3731 1671 3778 x1,
1709 3715 1816 3784 19).
1930 3711 2082 3781 quod
2117 3707 2681 3779 subintelligendum
2734 3705 2986 3777 reliquit.
3025 3704 3125 3758 llis
3156 3708 3350 3758 autem
3383 3701 3577 3758 verbis

168 3793 230 3848 Et
257 3795 395 3851 item
429 3814 442 3852 :
477 3799 692 3866 Regina
721 3801 906 3854 Austri
931 3805 1114 3870 surget
1174 3804 1235 3855 in
1275 3803 1554 3873 judicium
1579 3819 1703 3856 cum
1734 3820 1819 3872 ge-
1929 3800 2185 3854 ostendit
2217 3799 2549 3870 Apostolus,
2583 3796 2742 3868 quia,
2777 3812 2892 3866 prae
2942 3793 3239 3863 omnibus,
3288 3809 3413 3864 quae
3462 3807 3575 3846 co:-

168 3886 441 3942 ηεναιίσηε
488 3889 604 3943 ἰδία
653 3889 858 3958 (Matth.
923 3907 1065 3957 xm;
1137 3893 1265 3945 Luc,
1318 3909 1472 3960 xxxx,
1533 3896 1642 3946 etc,
1700 3894 1815 3948 Non
1931 3886 2071 3943 litus
2097 3887 2314 3942 Judmis
2344 3886 2558 3940 collata
2589 3889 2747 3952 sunt,
2782 3883 2924 3939 illud
2971 3884 3078 3938 fuit
3128 3882 3487 3954 praecipuum
3522 3887 3581 3936 et

171 3974 331 4044 enim,
381 3980 475 4046 qut
523 3979 586 4032 in
631 3980 931 4048 mani/esto
976 3981 1197 4034 Iudaeus
1245 3990 1342 4047 est,
1383 3998 1558 4052 neque
1605 3997 1730 4051 quae
1761 3985 1820 4035 in
1931 3978 2217 4049 dignitate
2249 3975 2602 4048 przeccllens,
2638 3975 2790 4046 quod
2822 3991 2935 4028 non
2971 3971 3159 4028 solum
3212 3969 3580 4043 patriarchae,

170 4065 473 4133 manifesto,
506 4068 572 4121 i—n
597 4082 782 4134 carne,
811 4070 1152 4124 circumcisio
1200 4070 1368 4140 (137),
1419 4075 1528 4125 etc.
1585 4071 1646 4124 In
1697 4088 1818 4126 ma-
1929 4067 2029 4122 sed
2063 4071 2121 4120 et
2151 4065 2342 4120 omnis
2374 4064 2732 4118 Israeliticus
2777 4061 3031 4133 populus
3080 4061 3175 4115 Dei
3227 4059 3582 4115 allocutione

174 4148 375 4207 nifesto
414 4155 653 4210 ludus
698 4161 805 4223 est,
858 4156 958 4228 qui
1006 4157 1078 4212 de
1122 4157 1340 4213 carnali
1374 4159 1820 4216 circumcisione

172 4237 466 4310 gloriatur,
500 4244 574 4298 de
611 4242 889 4314 qualibus
941 4243 1083 4300 dicit
1138 4246 1454 4317 Apostolus
1509 4263 1522 4302 :
1581 4250 1816 4316 Quorum

171 4327 304 4382 Deus
364 4337 574 4399 venter,
639 4341 691 4388 et
748 4334 932 4401 gloria
1006 4336 1066 4388 in
1139 4337 1513 4406 confusionem
1579 4338 1821 4408 ipsorum

173 4413 435 4491 (Philipp.
470 4438 563 4491 ιιι,
599 4422 709 4490 19).
739 4419 934 4478 Gloria
964 4439 1219 4494 namque
1250 4440 1452 4479 eorum
1504 4425 1561 4480 in
1613 4429 1817 4481 confu-

175 4501 326 4561 sione
373 4515 483 4576 est,
542 4511 682 4582 quia
725 4510 786 4566 in
835 4511 1127 4582 pudendis
1159 4513 1441 4568 membris
1472 4512 1816 4583 gloriantur.

1931 4154 2232 4226 perfrui,et
2263 4153 2447 4223 legem
2480 4169 2513 4205 a
2547 4157 2656 4204 Deo
2692 4149 3118 4220 promulgatam
3152 4147 3449 4219 suscipere
3467 4164 3582 4202 mc-

1931 4248 2194 4299 ruerunt.
2237 4241 2568 4295 Secundum
2617 4255 2750 4292 vero
2798 4241 2888 4292 est
2936 4238 3090 4307 quod
3141 4235 3348 4290 multis
3395 4236 3582 4306 signis

1931 4337 1989 4388 et
2015 4329 2298 4404 prodigiis
2329 4331 2398 4384 ab
2426 4327 2764 4401 {Egyptiaca
2812 4324 3087 4382 servitute
3134 4323 3387 4392 liberati,
3420 4339 3583 4378 mare

1932 4420 2198 4475 Rubrum
2231 4418 2401 4474 siccis
2434 4416 2681 4488 pedibus
2713 4414 3093 4470 transierunt.
3135 4411 3346 4466 Deinde
3389 4415 3585 4466 atten-

1930 4511 2123 4565 denda
2152 4514 2291 4564 sunt
2321 4513 2546 4574 caetera,
2582 4523 2709 4577 quae
2741 4505 2826 4560 eis
2855 4503 3137 4558 divinitus
3171 4499 3381 4556 collata
3421 4506 3581 4571 sunt,

176 4591 239 4647 Et
290 4599 352 4650 ut
394 4600 736 4656 ostenderet
790 4616 993 4655 verum
1045 4600 1337 4667 Judaeum,
1389 4608 1447 4656 et
1502 4602 1822 4674 spiritalem
1853 4603 1899 4668 D
1934 4601 2116 4655 donec
2149 4604 2364 4654 terram
2400 4595 2872 4669 repromissionis
2903 4593 3206 4647 intrarent.

179 4679 700 4754 circumcisionem,
729 4689 1005 4744 continuo
1038 4689 1304 4744 subdidit
1336 4708 1348 4744 :
1383 4691 1487 4746 Sed
1534 4694 1634 4763 qui
1673 4694 1822 4764 (138)

182 4770 237 4824 in
277 4775 612 4842 abscondito,
640 4777 887 4848 Iudaeus,
937 4782 1037 4844 est,
1087 4781 1139 4834 et
1184 4782 1526 4837 circumcisio
1555 4782 1734 4837 cordis
1766 4784 1825 4838 in

181 4860 387 4928 spiritu.
420 4866 532 4920 Hic
564 4866 944 4936 quaerendum
984 4871 1074 4922 est
1122 4867 1263 4938 quid
1313 4868 1390 4923 sit
1436 4870 1823 4928 circumcisio.

183 4944 552 5010 Circumcisio
603 4958 694 5010 est
741 4955 936 5010 carnis
983 4955 1343 5028 exspoliatio,
1395 4975 1527 5030 quae
1574 4962 1824 5031 ﬁguram

182 5039 404 5106 gerebat
431 5060 583 5100 vera:
614 5043 1102 5102 circumcisionis.
1139 5046 1281 5103 Vera
1328 5053 1526 5104 autem
1577 5049 1824 5104 circum-

273 5270 389 5346 131’1)
416 5273 674 5346 Vulgata
703 5273 881 5329 habet
913 5291 924 5329 :
961 5276 1458 5334 Circumcisionem.

276 5342 393 5412 135)
422 5342 601 5423 Vulg.
634 5346 790 5400 inter
814 5346 988 5402 verba
1007 5347 1293 5418 judicabit
1337 5353 1395 5405 et
1444 5350 1602 5423 quod,
1653 5350 1829 5407 habet

189 5425 496 5480 pronomen
527 5418 607 5472 id.

221 5552 231 5563 _
259 5485 395 5566 (1336)
430 5491 564 5566 Post
593 5504 673 5566 es,
696 5487 757 5541 in
779 5487 958 5566 ‘Vulg.
982 5491 1156 5566 _adest
1184 5499 1470 5566 punctum
1502 5493 1828 5564 interroga-

197 5552 384 5632 tionis,
410 5561 566 5632 quod
595 5552 671 5632 in:
693 5552 1055 5632 autogriipbo
1087 5552 1287 5619 nos‘tro
1314 5564 1698 5621 desideratur.

262 5629 400 5710 (3'3?)
428 5629 515 5687 lbi
549 5629 920 5710 desidegatur
941 5629 1186 5710 verbum
1217 5643 1317 5709 est,
1354 5638 1507 5709 quod
1556 5635 1829 5710 praecedit

197 5697 252 5748 in
280 5697 441 5775 Vulg.
471 5703 722 5760 verbum
756 5701 1222 5765 Circumcisionis.

2002 4689 2137 4759 Sed,
2171 4687 2311 4758 quia
2343 4689 2608 4757 poterant
2640 4683 2822 4755 aliqui
2855 4681 3044 4736 dicere
3079 4699 3091 4736 ε
3126 4677 3273 4746 Quid
3307 4677 3422 4732 illis
3446 4694 3582 4748 pro-

1935 4778 2170 4832 fuerunt
2201 4775 2421 4831 credita
2453 4773 2687 4845 eloquia
2734 4773 2856 4840 Dei,
2908 4769 3006 4843 qui
3058 4767 3482 4824 murmurando
3522 4767 3582 4822 in

1933 4868 2166 4922 deserto
2203 4865 2537 4938 perierunt?
2582 4864 2653 4919 ad
2706 4863 2827 4917 haec
2867 4858 3174 4933 Apostolus
3223 4857 3535 4930 respondet
3569 4876 3581 4914 :

1937 4956 2087 5029 Quid
2117 4955 2350 5026 enim,si
2379 4954 2606 5025 quidam
2629 4968 2820 5008 eorum
2851 4965 2958 5006 non
2985 4947 3583 5018 crediderunt,subau-

1935 5045 2115 5113 ditur,
2149 5045 2350 5101 obest?
2377 5043 2636 5115 Nunquid
2667 5040 3026 5097 incredulitas
3057 5040 3281 5096 illorum
3309 5037 3468 5108 ﬁdem
3488 5036 3590 5092 Dei

2006 5278 2154 5350 (138)
2191 5278 2250 5331 [n
2284 5274 2668 5350 autographo,
2701 5289 2814 5350 non
2863 5272 2977 5350 qui,
3027 5269 3128 5325 sed
3157 5269 3310 5350 _qu‘ia
3339 5264 3580 5350 legitur,

1937 5338 2093 5421 quod
2139 5338 2261 5403 non
2305 5338 2496 5400 soluin
2531 5338 2754 5421 contra,
2781 5338 3099 5421 lectionem
3157 5338 3434 5410 Vulgata,
3479 5339 3581 5392 sed

1936 5416 2139 5476 contra
2164 5433 2401 5474 sensum
2438 5431 2673 5486 peccare
2702 5416 2950 5470 videtur.

2034 5491 2156 5563 139)
2182 5489 2345 5554 Vide,
2376 5483 2515 5541 num
2550 5483 3136 5563 melius_e.rspoliatio.
3253 5549 3308 5563 Η
3378 5551 3389 5562 .
3476 5549 3486 5560 ,
3537 5547 3550 5560 0

2034 5494 2156 5557 139)
2182 5494 2345 5554 Vide,
2376 5503 2515 5541 num
2550 5494 2760 5540 melius
2790 5494 3136 5555 exs-potione.

2007 5494 2154 5632 £1.10)
2189 5563 2250 5614 In
2283 5557 2935 5632 aut.7marg.c.Vll._l\l_)
2966 5554 3124 5608 hisce
3152 5549 3343 5607 verbis
3374 5547 3581 5619 incipit

1937 5627 2112 5707 caput
2136 5627 2378 5689 tertium
2410 5627 2594 5702 Epist:
2619 5629 2789 5700 juxta
2818 5627 2989 5696 Vulg.
