3956 6230
229 375 348 440 157

856 383 1279 448 EXPOSITIO
1324 385 1398 447 ΙΝ
1444 385 1874 447 EPISTOLAS
1913 384 2171 450 PAULI.
2203 418 2279 429 —
2309 384 2387 446 IN
2434 386 2683 448 EPIST.
2729 387 2833 448 AD
2878 383 3070 448 ROM.

3553 382 3668 444 158

227 510 411 566 batur
443 527 572 566 non
607 511 762 569 sicut
805 517 1136 585 peccatores
1183 518 1609 574 condemnandi
1655 536 1863 574 sumus
1891 537 1903 586 ;
1937 520 1991 585 Α
2022 523 2202 574 Deum
2233 518 2456 575 sincere
2487 518 2831 590 intelligere,
2859 517 3082 573 sincere
3105 531 3219 572 non
3252 517 3444 586 potest
3475 513 3668 584 inqui-

230 601 334 656 sed
370 606 613 672 quanto
648 602 905 674 amplius
936 621 1266 676 peccamus,
1293 612 1451 661 tanto
1481 610 1702 679 majora
1735 609 1911 662 bene-

234 689 372 745 ficia
403 690 722 763 suscipere
753 691 1057 748 debemus.
1081 696 1144 749 Et
1166 701 1466 766 tamquam
1491 698 1645 752 dicat
1666 697 1908 769 aliquis:

230 779 290 832 Si
325 795 473 850 ergo
512 780 790 850 mentior,
817 798 930 836 non
962 787 1243 854 tanquam
1268 790 1530 856 peccator
1557 787 1911 857 iudicandus

233 884 372 922 sum
402 885 415 934 ;
455 869 608 940 quia
632 870 843 924 veritas
872 871 967 925 Dei
999 871 1055 924 in
1085 888 1213 926 meo
1243 874 1541 929 mendacio
1575 873 1909 929 abundatin

234 957 431 1029 gloria
463 957 669 1028 ipsius
701 976 712 1013 :
750 960 904 1014 unde
936 960 1107 1030 paulo
1139 962 1386 1017 inferius
1416 964 1556 1017 dicit
1591 982 1601 1017 :
1637 964 1700 1018 Si
1729 968 1911 1017 autem

235 1045 388 1115 (148)
418 1049 634 1100 veritas
666 1048 764 1102 Dei
792 1050 852 1102 in
895 1065 1013 1105 meo
1041 1052 1329 1105 mendacio
1376 1052 1617 1106 abundat
1648 1055 1704 1106 in
1735 1053 1912 1122 gloria

238 1135 392 1205 (149)
448 1136 636 1206 ipsius
667 1156 685 1190 :
718 1137 848 1206 quid
888 1138 1065 1192 adhuc
1105 1149 1155 1193 et
1204 1157 1316 1211 ego,
1361 1145 1626 1212 tanquam
1671 1145 1915 1212 peccator

234 1223 466 1294 judicor
489 1226 514 1277 ἓ
536 1228 751 1279 Contra
770 1242 905 1296 ergo
935 1225 1043 1281 hos
1069 1228 1210 1282 dicit
1242 1230 1557 1300 Apostolus
1584 1247 1596 1284 :
1619 1230 1914 1284 secundum

247 1313 535 1367 hominem
563 1313 687 1390 dico
714 1333 731 1367 :
774 1315 942 1370 Absit.
975 1318 1305 1373 Secundum
1361 1318 1680 1382 hominem,
1714 1319 1769 1372 id
1805 1324 1912 1384 est,

252 1401 589 1456 secundum
623 1403 930 1471 rationem,
964 1405 1342 1463 intellectum.
1378 1411 1539 1473 Quod
1575 1408 1700 1463 ideo
1728 1409 1828 1476 ait,
1855 1411 1918 1460 ut

252 1490 598 1546 ostenderet
625 1507 724 1546 eos
757 1493 856 1562 qui
891 1493 1030 1549 talia
1060 1493 1402 1567 loquuntur,
1436 1514 1548 1551 non
1573 1513 1700 1552 esse
1735 1497 1916 1551 homi-

254 1594 382 1634 nes.
417 1584 502 1633 Ac
535 1579 583 1633 si
619 1579 835 1634 diceret
866 1598 877 1635 :
913 1582 1036 1636 Non
1071 1588 1157 1638 est
1187 1583 1286 1650 ita,
1323 1590 1386 1639 ut
1411 1602 1511 1639 vos
1539 1585 1766 1652 dicitis;
1803 1603 1917 1641 non

253 1667 416 1723 enim
450 1673 646 1723 vestro
679 1670 982 1726 mendacio
1024 1679 1080 1727 et
1127 1672 1433 1744 iniquitate
1467 1674 1566 1728 Dei
1600 1675 1832 1739 veritas,
1864 1680 1920 1730 et

248 1755 500 1826 justitia
529 1758 921 1828 approbatur;
955 1761 1095 1832 quia
1115 1762 1300 1817 Deum
1329 1768 1593 1819 nostrum
1627 1781 1740 1819 non
1765 1764 1920 1819 mala

2022 626 2164 663 rere.
2199 608 2343 663 Hinc
2395 614 2450 662 et
2498 609 2779 664 Dominus
2830 609 2886 661 in
2919 605 3230 676 Evangelio
3279 603 3422 658 dicit
3456 621 3468 656 :
3502 603 3668 657 Nemo

2016 702 2188 768 potest
2214 698 2422 752 duobus
2465 699 2700 752 dominis
2731 699 2876 767 (152)
2907 698 3113 751 servire
3141 716 3160 750 :
3195 695 3386 748 Omnes
3417 691 3667 747 declina-

2021 791 2211 842 verunt
2243 787 2417 852 (l‘sal.
2453 805 2575 854 xm,
2609 790 2684 857 3),
2719 787 2774 840 id
2807 792 2913 850 est,
2947 802 2979 839 a
3013 790 3124 838 Deo
3155 784 3666 843 recesserunt.Quo

2021 876 2175 930 dicto
2209 876 2326 930 vult
2354 877 2677 941 ostendere,
2713 876 2852 947 quia
2875 874 3109 929 veniens
3136 871 3415 927 Dominus
3446 887 3546 941 per
3571 870 3661 924 ln-

2021 964 2376 1019 carnatiouis
2431 965 2796 1036 mysterium,
2836 964 3067 1018 Judzeos
3117 961 3341 1016 similes
3390 957 3662 1030 gentibus

2025 1053 2277 1108 invenit:
2317 1055 2468 1108 unde
2500 1053 2634 1108 alibi
2667 1053 2840 1107 dicit:
2869 1053 3143 1108 Conelusit
3166 1051 3445 1120 Scriptura
3477 1046 3662 1100 omnia

2020 1143 2121 1197 sub
2149 1148 2367 1214 peccato
2401 1144 2542 1213 (Gal.
2592 1160 2672 1209 ιιι,
2709 1145 2818 1213 22).
2856 1143 3028 1195 Simul
3078 1139 3302 1194 inutiles
3348 1137 3487 1206 [acti
3514 1138 3662 1201 sunt,

2023 1232 2080 1286 id
2105 1237 2214 1296 est,
2237 1231 2418 1287 Judzoi
2452 1232 2725 1303 gentibus
2750 1231 2971 1285 similes
2995 1228 3127 1284 facti
3148 1232 3305 1283 sunt.
3335 1223 3585 1287 Inutilis,
3605 1225 3669 1276 ut

2024 1321 2262 1392 quidam
2287 1321 2510 1387 volunt,
2537 1322 2607 1375 ab
2627 1320 2782 1376 idolo
2807 1320 3039 1374 dicitur.
3063 1317 3285 1373 Idolum
3309 1313 3532 1369 vanitas
3556 1315 3663 1366 est:

2024 1428 2159 1482 ergo
2189 1415 2243 1465 et
2274 1410 2494 1465 inutilis
2544 1427 2747 1464 vanus.
2781 1410 2897 1464 Non
2945 1419 3043 1473 est,
3077 1409 3172 1478 qui
3215 1407 3390 1476 [aetat
3420 1405 3622 1457 bonum
3653 1417 3664 1465 ;

2025 1517 2134 1555 non
2155 1505 2233 1555 est
2257 1517 2419 1571 usque
2437 1501 2506 1554 ad
2527 1517 2720 1554 unum.
2748 1499 2910 1563 Quod
2935 1497 3164 1559 dicitur,
3189 1510 3360 1566 usque
3379 1491 3453 1547 ad
3469 1506 3663 1554 unum,

2028 1594 2217 1660 potest
2248 1589 2489 1659 intelligi
2514 1589 2924 1658 simul,etcum
2950 1587 3073 1658 ipso
3101 1584 3300 1650 uno,id
3329 1587 3417 1637 est
3445 1578 3664 1635 nullus:

2030 1681 2217 1749 potest
2247 1683 2319 1745 et,
2355 1683 2560 1748 praeter
2592 1693 2795 1740 unum,
2826 1682 2889 1730 ut
2918 1676 3203 1731 referatur
3250 1673 3321 1728 ad
3351 1670 3668 1726 Christum.

2030 1767 2106 1820 Eo
2138 1782 2346 1838 genere
2375 1765 2706 1831 locutionis,
2732 1783 2845 1836 quo
2880 1783 2985 1819 nos
3016 1763 3207 1819 dicere
3235 1761 3494 1816 solemus
3521 1774 3533 1812 :
3561 1757 3672 1811 Iste

262 1860 472 1916 opera,
498 1845 600 1899 sed
633 1847 780 1902 bona
799 1848 1120 1917 delectent;
1149 1867 1251 1906 nec
1282 1851 1340 1906 in
1377 1853 1567 1920 malis,
1595 1855 1694 1909 sed
1724 1855 1778 1908 in
1813 1855 1917 1909 bo-
1957 1884 1999 1946 Β
2031 1872 2167 1927 ager
2198 1870 2385 1925 usque
2416 1855 2486 1908 ad
2520 1870 2677 1908 mare
2709 1854 3112 1923 protenditur;
3146 1851 3244 1906 ubi
3278 1855 3334 1904 et
3368 1863 3526 1904 mare
3558 1860 3672 1899 non

261 1932 360 1987 nis
387 1932 668 2004 operibus
691 1934 989 2006 gloriatur.
1019 1940 1146 2010 Ipse
1177 1940 1392 2012 quippe
1415 1941 1601 1997 malos
1627 1942 1922 2013 puniendo

261 2038 327 2077 se
350 2023 595 2092 justum
647 2025 871 2095 probat.
906 2026 1069 2082 Unde
1117 2045 1252 2084 mox
1299 2031 1616 2086 subditur:
1669 2033 1924 2104 Alioquin

262 2111 536 2182 quomodo
555 2113 835 2183 judicabit
861 2117 1002 2170 Deus
1031 2116 1176 2170 hunc
1205 2119 1469 2174 mundum
1493 2124 1519 2173 ?
1546 2123 1623 2175 Ac
1646 2121 1693 2176 si
1724 2121 1880 2175 dicat
1909 2137 1922 2176 :

265 2199 391 2254 Nisi
428 2200 620 2256 malos
653 2203 878 2273 puniat,
912 2210 977 2259 ut
1008 2222 1068 2260 se
1108 2207 1337 2276 justum
1375 2209 1600 2279 probet,
1635 2209 1924 2280 quomodo

269 2287 1145 2365 celebrabiturjudicium,quod
1165 2294 1287 2366 ipse
1306 2302 1609 2352 venturum
1629 2298 1927 2370 promisit?

270 2381 454 2432 Erant
482 2384 761 2449 prasterea
791 2383 888 2452 qui
923 2383 1068 2438 falso
1101 2384 1374 2440 dicebant
1403 2386 1746 2458 Apostolum
1782 2405 1926 2459 prie-

272 2466 472 2522 dicare
498 2484 511 2521 :
535 2470 829 2525 Faciamus
850 2473 1022 2538 mala,
1046 2479 1106 2527 ut
1135 2476 1360 2528 veniant
1392 2475 1538 2530 bona
1560 2495 1580 2528 .·
1603 2477 1754 2547 quod
1786 2475 1927 2530 nihil

271 2554 434 2610 aliud
449 2561 718 2628 estquam
733 2559 1012 2616 dicere:Si
1029 2561 1308 2633 iniquitas
1327 2565 1929 2634 nostrajustitiamDei

270 2646 1195 2722 commendat,iuiquusDeus,qui
1213 2653 1930 2725 infertiram.Contraquos

271 2749 408 2788 mox
439 2735 708 2790 subdidit
733 2754 744 2790 :
768 2740 846 2791 Et
869 2755 975 2794 non
1006 2742 1146 2795 sicut
1168 2741 1624 2813 blasphemamur,
1649 2743 1928 2798 subaudi-

272 2826 392 2890 tur,
425 2822 509 2878 ita
541 2830 653 2894 est,
683 2829 734 2880 et
762 2827 905 2881 sicut
935 2830 1093 2884 aiunt
1120 2846 1220 2884 nos
1249 2832 1472 2901 quidam
1501 2833 1710 2886 dicere:
1753 2833 1930 2903 facia-

272 2928 396 2966 mus
431 2915 605 2983 mala,
642 2918 701 2968 ut
730 2918 951 2971 veniant
999 2917 1158 2984 bona,
1189 2936 1422 2990 quorum
1467 2920 1750 2975 damnatio
1781 2924 1933 2992 gusta

275 3004 375 3056 est.
401 3003 469 3056 Et
491 3007 582 3057 est
613 3020 860 3060 sensus:
887 3006 1010 3061 Non
1044 3008 1449 3078 praedicamus,
1475 3014 1537 3064 ut
1558 3009 1748 3064 dicitis
1770 3027 1782 3077 ;
1808 3010 1932 3074 sed,

279 3090 419 3161 quia
448 3092 618 3146 vobis
669 3093 741 3148 de
788 3093 1138 3166 impunitate
1188 3096 1554 3167 blandimini,
1589 3103 1644 3153 et
1688 3099 1786 3153 Dei
1834 3115 1933 3170 pa-

280 3179 490 3236 tientia
541 3181 875 3251 abutimini,
909 3183 1026 3252 ille,
1061 3185 1158 3256 qui
1208 3191 1488 3242 venturus
1536 3192 1623 3242 est
1669 3189 1935 3257 judicare

2031 1943 2603 2014 comprehendimus.
2639 1944 2706 1996 Et
2759 1959 2954 1997 revera
3001 1946 3208 2012 praeter
3254 1937 3573 1999 Christum,
3621 1936 3676 1986 et

2032 2033 2156 2087 sine
2187 2032 2417 2087 Christo
2449 2031 2645 2086 nullus
2683 2035 2869 2102 potest
2912 2029 3142 2098 aliquod
3177 2027 3395 2081 bonum
3426 2020 3672 2093 operari.

2031 2121 2364 2193 Sepulcrum
2383 2125 2575 2192 puteus
2593 2123 2778 2189 guttur
2796 2135 3000 2173 eorum.
3027 2115 3379 2179 Notandum,
3399 2112 3535 2184 quia
3559 2124 3675 2163 non

2035 2214 2115 2266 ait
2145 2215 2394 2276 tantum,
2426 2211 2756 2280 sepulcrum,
2789 2208 2889 2262 sed
2923 2206 3168 2268 addidit,
3202 2207 3392 2273 patens
3424 2220 3442 2255 :
3473 2199 3674 2254 volens

2035 2299 2339 2354 ostendere
2371 2298 2527 2352 aliud
2559 2314 2685 2352 esse
2731 2296 3060 2367 sepulcrum
3112 2293 3399 2358 clausum,
3434 2294 3490 2344 et
3518 2287 3678 2344 aliud

2037 2393 2242 2460 patens
2276 2405 2288 2442 :
2323 2392 2524 2459 guttur
2556 2403 2808 2457 namque
2842 2383 3150 2451 malorum,
3173 2381 3230 2436 id
3263 2385 3372 2446 est,
3394 2378 3679 2434 voracitas

2039 2477 2316 2532 inhianlis
2342 2475 2512 2547 gulae,
2546 2479 2602 2530 et
2652 2473 3009 2529 desiderium
3060 2470 3291 2536 mentis,
3343 2473 3482 2523 tunc
3515 2464 3682 2538 quasi

2039 2566 2304 2622 clausum
2338 2564 2671 2636 sepulcrum
2723 2568 2831 2633 est,
2866 2580 2999 2617 cum
3033 2560 3255 2616 malum
3308 2558 3686 2612 irreverenter

2039 2656 2186 2727 (153)
2208 2661 2550 2726 operantur;
2578 2658 2781 2725 patens
2804 2667 3097 2718 vero,cum
3134 2649 3352 2704 malum
3377 2661 3546 2717 agere
3569 2661 3681 2699 non

2039 2745 2268 2799 timent.
2300 2745 2366 2798 Et
2401 2743 2744 2808 notandum,
2770 2742 2908 2813 quia
2938 2738 3271 2812 sepulcrum
3305 2740 3507 2808 patens
3530 2750 3682 2788 mor-

2041 2837 2276 2888 tuorum
2298 2849 2432 2888 ossa
2454 2832 2524 2888 ad
2539 2831 2981 2902 suscipiendum
2995 2831 3312 2898 exspectat;
3339 2823 3610 2880 similiter
3632 2826 3688 2875 et

2043 2921 2181 2976 mali
2216 2939 2329 2976 non
2362 2939 2531 2976 suam
2564 2925 2816 2986 tantum,
2851 2919 2950 2974 sed
2983 2923 3038 2973 ct
3070 2915 3316 2972 aliorum
3349 2914 3686 2984 exspectant

2042 3011 2304 3074 ruinam;
2331 3011 2470 3081 quia
2501 3008 2645 3064 alios
2667 3008 2776 3064 sibi
2801 3007 2924 3062 fieri
2949 3005 3170 3062 similes
3195 3001 3684 3060 desiderant.Lin-

2043 3101 2171 3172 guis
2200 3101 2315 3154 suis
2364 3100 2545 3152 dolose
2592 3098 2843 3166 agebant.
2896 3095 3040 3158 Suis,
3072 3094 3132 3148 id
3181 3098 3290 3159 est,
3326 3090 3517 3146 malis.
3552 3086 3688 3143 Mali

2046 3188 2200 3244 enim
2235 3188 2379 3257 suis,
2412 3187 2470 3240 id
2503 3191 2610 3255 est,
2640 3183 3046 3254 malislinguis
3077 3182 3274 3237 doloso
3305 3183 3524 3251 agunt;
3550 3177 3689 3248 quia

281 3271 675 3336 mundum,ut
695 3271 899 3327 reddat
923 3273 1236 3345 unicuique
1257 3277 1579 3330 secundum
1607 3293 1782 3348 opera
1804 3293 1932 3347 sua,
1969 3247 2010 3313 Ο
2049 3277 2206 3332 aliud
2230 3277 2400 3332 corde
2423 3274 2854 3341 machinantur,
2877 3279 2933 3328 et
2955 3272 3112 3327 aliud
3137 3287 3232 3326 ore
3256 3270 3571 3340 proferunt.
3595 3267 3686 3320 Ve-

271 3357 437 3427 juste
467 3375 572 3414 vos
605 3360 1038 3418 condemnabit.
1071 3363 1192 3417 Non
1227 3380 1362 3435 ergo
1387 3365 1652 3420 dicamus
1686 3383 1698 3420 :
1735 3365 1931 3432 Facio,-

281 3462 420 3500 mus
442 3445 696 3514 mala,ut
714 3449 945 3505 veniant
966 3451 1145 3518 bona;
1173 3453 1271 3508 sed
1298 3453 1472 3516 :Quia
1491 3453 1736 3510 fecimus
1760 3453 1932 3521 mala,

282 3534 387 3589 Dei
418 3536 678 3606 gratuita
709 3537 963 3595 bonitate
1013 3541 1183 3597 nobis
1213 3548 1494 3597 venerunt
1527 3544 1695 3598 bona.
1732 3543 1932 3615 Igitur,

283 3624 427 3695 quia
457 3624 683 3680 dixerat
715 3643 728 3681 :
764 3628 902 3695 Quid
921 3632 1162 3701 amplius
1180 3639 1258 3685 est
1286 3631 1468 3686 Iudaeo
1490 3649 1510 3693 ;
1535 3637 1600 3686 et
1632 3648 1764 3686 mox
1797 3633 1933 3686 sub-

281 3711 434 3768 didit
468 3730 480 3768 :
519 3715 754 3770 Multum
790 3733 888 3788 per
934 3734 1147 3774 omnem
1178 3721 1421 3787 modum,
1453 3737 1523 3775 ne
1573 3720 1717 3774 forte
1749 3720 1935 3775 Judaei

281 3802 444 3858 inani
481 3804 760 3876 superbia
790 3805 973 3862 inflati
1006 3824 1067 3863 se
1097 3809 1374 3880 gentibus
1404 3808 1776 3864 credentibus
1803 3826 1939 3880 pras—

282 3891 527 3957 ferrent,
553 3893 800 3963 adjecit:
825 3897 973 3967 (150)
995 3897 1140 3966 Quid
1169 3900 1338 3969 igitur
1365 3903 1386 3937 9
1407 3899 1788 3955 Prmeellimus
1808 3915 1893 3953 eos
1915 3903 1940 3952 .9

285 3981 353 4034 Et
382 3981 495 4036 sibi
521 3983 648 4054 ipse
672 3986 983 4056 respondet
1009 4003 1021 4040 :
1055 3987 1428 4060 Nequaquam.
1463 3989 1766 4058 Tanquam
1783 3987 1938 4042 dice-

285 4075 374 4124 ret
395 4088 410 4128 :
433 4071 562 4126 Non
593 4071 824 4128 invenio
845 4091 1106 4145 causam,
1133 4093 1249 4148 qua
1275 4095 1378 4133 nos
1405 4076 1504 4148 qui
1529 4081 1738 4132 natura
1757 4077 1941 4133 Judaei

291 4174 521 4231 sumus,
556 4161 928 4218 credentibus
973 4165 1246 4236 gentibus
1281 4167 1656 4237 praeferamus
1689 4181 1702 4219 :
1737 4182 1942 4220 omnes

290 4247 444 4302 enim
471 4252 807 4320 peccatores
826 4268 1060 4323 sumus,
1081 4258 1136 4308 et
1158 4253 1285 4309 sola
1305 4254 1490 4326 gratia
1514 4255 1608 4309 Dei
1633 4255 1938 4325 redempti.

291 4336 454 4394 Unde
489 4354 625 4393 mox
680 4340 955 4396 subditur
986 4359 998 4396 :
1035 4342 1256 4398 Causati
1301 4345 1448 4398 enim
1492 4359 1678 4397 sumus
1704 4345 1942 4409 Iudaeos,

289 4431 453 4498 atque
482 4432 704 4484 Graecos
727 4445 912 4486 omnes
941 4447 1053 4486 esse
1080 4434 1179 4486 sub
1204 4431 1687 4503 peeeato.Causati
1714 4449 1942 4503 sumus,

291 4516 518 4583 dicit,id
541 4520 987 4586 est,manifestis
1000 4521 1195 4576 causis
1217 4522 1666 4584 ostendimus,et
1687 4521 1941 4588 Judaéos,

2043 3382 2247 3421 neu-um
2276 3364 2532 3434 aspidum
2551 3363 2650 3418 sub
2684 3363 2848 3417 labiis
2875 3360 3401 3416 eorum.Vcnenum
3435 3353 3691 3426 appellat

2046 3447 3291 3520 dolum,fraudem,versutiam.Aspisautem
3307 3463 3340 3500 a
3362 3443 3689 3514 spargendo

2045 3558 2333 3598 venenum
2367 3541 2601 3595 dicitur.
2634 3540 2703 3594 Et
2751 3543 2881 3611 apte
2931 3537 3218 3592 malorum
3275 3535 3436 3588 fraus
3467 3546 3688 3586 veneno

2047 3632 2316 3702 aspidum
2364 3633 2756 3700 comparatur,
2789 3627 2948 3698 quia,
2982 3626 3135 3681 sicut
3190 3623 3368 3694 aspis,
3401 3635 3688 3675 venenum

2047 3720 2430 3792 aspergendo,
2456 3735 2666 3789 corpus
2697 3717 2991 3785 interficit,
3016 3715 3098 3770 ita
3130 3719 3185 3769 et
3218 3713 3321 3778 illi,
3346 3710 3501 3766 mala
3521 3709 3695 3764 verba

2047 3808 2413 3882 proferendo,
2447 3812 2504 3862 et
2552 3808 2816 3878 exempla
2863 3805 3192 3878 praebendo,
3225 3803 3451 3857 animas
3499 3798 3695 3853 interi-

2051 3903 2238 3954 munt.
2266 3899 2334 3952 Et.
2356 3896 2507 3952 sicut
2532 3897 2711 3968 aspis,
2735 3913 2806 3950 ne
2829 3912 2995 3951 voces
3022 3892 3445 3948 incantantium
3475 3887 3694 3953 audiat,

2050 4005 2227 4042 unam
2261 4003 2460 4042 aurern
2493 3987 2564 4040 ad
2599 3991 2834 4054 terram,
2869 3984 2954 4040 vel
2987 3984 3056 4038 ad
3091 3981 3342 4054 lapidem
3377 3977 3606 4052 premit,
3640 3981 3695 4030 et

2051 4077 2122 4133 ad
2143 4076 2386 4132 alteram
2409 4076 2656 4129 caudam
2684 4073 2968 4143 mittit,ita
2988 4078 3046 4126 et
3069 4071 3205 4126 mali
3225 4073 3502 4125 obturant
3524 4082 3694 4122 aures

2051 4165 2316 4221 cordiun.
2349 4180 2616 4226 suorum,
2648 4177 2720 4216 ne
2751 4161 2894 4231 legis
2946 4167 3231 4230 praecepta
3261 4157 3521 4212 audiant.
3557 4156 3693 4222 Quo-

2051 4271 2180 4309 rum
2211 4269 2266 4308 os
2295 4251 2704 4313 maledielione,
2733 4256 2781 4302 et
2811 4247 3186 4302 amaritudine
3209 4247 3434 4316 plenum
3461 4247 3558 4312 est,
3588 4243 3696 4296 hoc

2054 4347 2161 4409 est,
2195 4357 2482 4397 venenum
2516 4338 2785 4410 aspidum
2819 4336 2928 4391 sub
2978 4335 3150 4389 labiis
3197 4350 3419 4388 eorum.
3457 4329 3694 4386 Illorum

2056 4432 2270 4504 quippe
2301 4447 2366 4486 os
2389 4426 2794 4485 maledictione
2815 4429 2872 4480 et
2902 4422 3293 4480 amaritudine
3317 4418 3552 4492 plenum
3585 4423 3694 4487 est,

2059 4521 2156 4593 qui
2190 4519 2388 4576 faciles
2435 4524 2491 4573 et
2539 4515 2774 4590 proclivi
2825 4518 2966 4570 sunt
3011 4511 3320 4566 verborum
3369 4506 3600 4577 injuriis
3646 4512 3703 4560 et

290 4609 348 4660 et
376 4611 607 4678 gentes,
639 4612 698 4664 et
727 4609 1044 4680 sapientes,
1077 4614 1134 4666 et
1186 4609 1550 4682 insipientes,
1585 4626 1791 4665 omnes
1839 4609 1948 4665 sub
1980 4619 2025 4682 1)
2057 4609 2460 4681 blasphemiis.
2509 4608 2720 4663 Vetoces
2765 4603 2924 4676 pedes
2965 4618 3152 4656 eorum
3199 4599 3268 4653 ad
3312 4595 3703 4668 eﬂundendum

293 4701 538 4767 peccato
561 4712 712 4754 esse.
730 4699 799 4752 Et
822 4698 957 4754 utid
982 4699 1275 4772 prophetae
1299 4699 1632 4755 testimonio
1655 4699 1948 4770 probaret,

297 4785 571 4856 adjunxit
603 4805 614 4841 :
648 4788 806 4842 Sicut
849 4791 1129 4860 scriptum
1171 4794 1251 4845 est
1280 4807 1299 4844 :
1332 4789 1468 4857 Quia
1517 4806 1626 4844 non
1671 4792 1751 4842 est
1771 4790 1953 4859 justus

298 4876 635 4946 quisquam;
677 4893 790 4931 non
839 4881 923 4933 est
972 4879 1280 4949 intelligens
1314 4896 1332 4932 :
1383 4893 1492 4933 non.
1539 4881 1617 4932 est
1670 4875 1955 4947 requirens

295 4964 492 5035 Deum,
521 4969 631 5021 etc.
667 4965 740 5021 Ut
768 4966 1008 5037 quidam
1052 4966 1288 5039 sapiens
1339 4967 1481 5021 dicit
1511 4982 1524 5020 :
1561 4966 1783 5037 Corpus,
1817 4964 1957 5035 quod

296 5056 586 5127 rumpitur
613 5055 785 5128 (151),
814 5064 1077 5125 aggravet
1094 5058 1363 5124 animum,
1387 5059 1436 5111 et
1461 5055 1716 5127 deprimit
1735 5057 1957 5109 terrena

299 5142 635 5200 inhabitatio
647 5159 864 5200 sensum
879 5146 1063 5200 multa
1079 5148 1425 5218 cogitantem.
1451 5142 1796 5213 Quicunque
1821 5158 1956 5214 ergo

301 5249 364 5288 se
394 5233 651 5306 negotiis
682 5232 1063 5291 saecularibus
1111 5239 1169 5292 et
1196 5234 1444 5291 terrenis
1488 5231 1750 5304 implicat
1780 5231 1956 5295 curis,

373 5427 524 5499 (148)
556 5425 732 5499 Vulg.
767 5429 932 5483 enim.

377 5497 527 5568 (149)
556 5497 736 5569 Vulg.
768 5499 1021 5569 gloriam.

379 5571 530 5642 (150)
563 5571 628 5644 IAn
663 5570 926 5644 margine
955 5576 1182 5644 autogr.
1219 5587 1267 5625 c.
1299 5571 1393 5624 IX.

383 5641 534 5716 (151)
568 5641 712 5716 Sap.
740 5641 936 5716 Ix,_15.
969 5641 1140 5716 Vulg.
1174 5643 1567 5716 corrumpitur.

385 5706 533 5788 (152)
585 5706 774 5768 verba
803 5706 1166 5788 inquireret”
1215 5706 1471 5784 dominis,
1529 5713 1588 5769 in
1619 5706 1967 5780 autograpbi

2059 4700 2400 4768 sanguinem.
2438 4699 2550 4751 lloc
2595 4697 2717 4750 loco
2748 4692 3090 4761 ,notandum
3141 4688 3301 4761 quia,
3349 4704 3463 4741 non
3495 4685 3595 4752 ait,
3631 4685 3702 4740 ad

2061 4789 2414 4846 currendum
2442 4803 2454 4851 ;
2491 4802 2605 4840 non
2637 4784 2792 4839 enim
2843 4782 3018 4854 pedes
3050 4778 3329 4850 corporis,
3361 4776 3463 4832 sed
3511 4775 3704 4830 cordis

2061 4877 2186 4934 vult
2215 4876 2482 4948 intelligi,
2516 4876 2572 4929 id
2605 4877 2716 4942 est,
2747 4873 2950 4944 iniqua
2976 4874 3265 4926 malorum
3298 4864 3605 4922 desideria.
3634 4863 3704 4918 Hi

2065 4968 2240 5040 pedes
2263 4966 2488 5023 veloces
2510 4967 2650 5020 sunt
2671 4963 2740 5018 ad
2765 4959 3184 5018 effundendum
3209 4955 3576 5028 sanguinem,
3603 4953 3704 5024 qui

2066 5063 2185 5112 tam
2207 5055 2519 5125 monendo,
2543 5068 2720 5124 quam
2749 5047 3283 5121 suggerendo,alios
3306 5045 3376 5100 ad
3401 5047 3704 5116 peccatum

2064 5145 2327 5202 trahunt.
2359 5142 2718 5214 Sanguinem
2748 5139 2903 5194 enim
2950 5155 3051 5209 pro
3082 5139 3316 5208 peccato
3346 5132 3471 5188 vult
3500 5129 3704 5201 accipi.

2069 5235 2334 5290 Contritio
2364 5237 2413 5287 et
2443 5232 2742 5302 infelicitas
2783 5229 2842 5283 in
2894 5227 2999 5280 viis
3029 5242 3234 5281 eorum.
3265 5222 3404 5276 Vias
3452 5218 3708 5292 appellat

2071 5417 2333 5490 margine
2371 5413 2662 5490 inferiori,
2695 5412 2979 5490 ejusdem,
3031 5407 3300 5490 quamvis
3351 5401 3704 5470 minutioris,

2071 5481 2442 5555 characteris,
2474 5485 2694 5554 scripta
2715 5481 3188 5555 adinveniuntur.

2143 5561 2290 5632 (153)
2323 5547 2612 5632 Ἐοὶνῐθεεό
2660 5559 2983 5620 reverenter,
3037 5551 3088 5604 id
3133 5553 3243 5615 est,
3289 5566 3413 5604 eum
3471 5547 3712 5603 timore;

2065 5631 2291 5705 judicet
2318 5631 2515 5686 lector.
