3956 6230
243 416 361 481 159

1265 422 1603 488 ATTONIS
1647 422 2230 488 VERCELLENSlS
2274 424 2631 487 EPISCOPI

3532 426 3666 489 180

244 551 592 626 doctrinam,
622 559 683 612 et
700 555 968 630 exempla
993 555 1242 623 vivendi,
1273 558 1333 613 in
1365 560 1582 631 quibus
1612 560 1721 617 viis
1752 561 1879 633 qui-
1909 560 1965 628 Α
1994 572 2108 613 non
2139 557 2240 624 ait,
2282 557 2674 630 consumptio,
2725 556 2848 629 sed,
2881 555 3158 630 cognitio.
3188 555 3314 614 Non
3360 557 3519 615 enim
3550 556 3661 616 lex

242 659 471 716 cunque
502 645 827 714 ambulant,
853 647 1084 704 contriti
1103 652 1160 704 et
1186 648 1447 707 infelices
1467 652 1885 707 redduntur.Et

240 735 393 790 viam
414 737 566 806 pacis
615 751 728 791 non
775 742 1152 810 cognoverunt.
1182 738 1349 794 Viam
1401 740 1673 797 similiter
1716 746 1885 797 vocat

244 823 567 879 doctrinam
595 843 610 893 ;
643 841 843 898 pacem
875 842 1026 895 vero,
1051 827 1367 896 Christum,
1391 830 1462 885 de
1493 847 1608 902 quo
1638 833 1882 903 Aposto-

245 911 339 967 lus
371 929 384 968 :
421 912 670 970 Christus
711 926 788 971 est
830 933 945 987 pare
969 924 1158 972 nostra
1203 917 1416 988 (Ephes.
1452 936 1513 985 ιι,
1545 920 1655 989 14).
1685 920 1753 973 Et
1794 924 1885 975 est

243 1017 455 1059 sensus
489 1019 502 1056 :
537 1004 1005 1061 Praedicationcm
1039 1005 1251 1061 Christi
1282 1007 1577 1080 suscipere
1605 1008 1881 1081 despexe-

243 1094 401 1145 runt.
434 1090 550 1147 Non
577 1101 658 1148 est
686 1095 855 1148 timor
882 1095 980 1150 Dei
1008 1104 1140 1150 ante
1168 1098 1350 1152 oculos
1377 1113 1584 1153 eorum.
1606 1098 1753 1169 Apte
1779 1097 1879 1153 tali

241 1177 504 1235 clausula
533 1186 835 1252 sumptum
867 1183 1153 1239 conclusit
1182 1184 1583 1240 testimonium
1618 1202 1631 1239 :
1667 1186 1881 1242 idcirco

238 1266 395 1322 enim
442 1269 716 1325 omnibus
765 1271 1056 1342 praedictis
1101 1273 1257 1328 vitiis
1302 1273 1508 1329 irretiti
1553 1280 1711 1340 sunt,
1746 1276 1884 1347 quia

237 1354 509 1412 timorem
540 1358 639 1414 Dei
675 1376 791 1416 non
822 1359 1174 1417 habuerunt.
1209 1363 1379 1430 Nam,
1413 1364 1646 1435 quando
1677 1380 1881 1420 servus

237 1450 435 1515 peccat
481 1454 769 1518 praesente
817 1450 1057 1505 domino
1087 1451 1115 1505 ‘?
1161 1452 1504 1524 Quicunque
1550 1451 1730 1523 igitur
1779 1453 1879 1509 Dei

234 1532 505 1591 timorem
539 1553 653 1606 pra:
674 1537 860 1593 oculis
882 1538 1077 1607 habet,
1102 1555 1215 1595 non
1240 1546 1440 1612 peccat
1465 1560 1478 1597 :
1503 1542 1621 1597 imo
1643 1559 1881 1613 peccare

238 1639 354 1678 non
385 1628 597 1695 potest,
619 1627 749 1696 ejus
770 1626 958 1698 gratia
979 1629 1362 1700 praeveniente
1387 1633 1444 1687 et
1464 1631 1879 1702 subsequente,

237 1712 410 1783 cujus
431 1712 608 1769 habet
636 1714 932 1784 timorem,
957 1716 1110 1773 sicut
1137 1715 1234 1773 ille
1266 1718 1365 1790 qui
1395 1719 1627 1775 dicebat
1651 1718 1672 1775 ἐ
1708 1721 1884 1789 Quasi

235 1804 506 1858 tumentes
523 1804 741 1873 ﬂuctus,
762 1806 840 1860 sic
855 1822 1067 1876 semper
1087 1808 1256 1861 Deum
1284 1807 1451 1862 timui
1469 1807 1876 1880 (Job.xxx1,23).

306 1890 581 1990 Poterant
610 1893 790 1990 igitur
814 1894 999 1951 Judaei
1029 1895 1267 1990 dicere:
1299 1895 1593 1969 Apostole,
1627 1897 1782 1990 nihil
1803 1899 1874 1954 ad
1908 1925 1955 1990 Β

234 1997 344 2036 nos
373 1980 580 2037 attinet
608 1981 901 2053 prolatum
946 1985 1350 2041 testimonium
1386 2002 1398 2041 :
1434 2002 1547 2041 non
1581 1986 1735 2043 enim
1767 1986 1880 2043 hoc

233 2069 516 2141 propheta
541 2071 612 2127 de
637 2071 877 2140 Judaeis,
897 2073 1000 2128 sed
1031 2073 1100 2128 de
1131 2073 1403 2145 gentibus
1424 2074 1877 2147 dixit,qunniam

233 2174 525 2229 nusquam
556 2158 769 2231 legitur
812 2161 1054 2217 Judaeus
1101 2162 1320 2218 dixisse
1354 2179 1367 2217 :
1404 2162 1532 2219 Non
1580 2168 1669 2220 est
1703 2166 1873 2221 Deus.

235 2246 452 2302 Idcirco
500 2264 633 2304 mox
675 2249 941 2306 subdidit
986 2266 999 2305 :
1057 2252 1268 2307 Scimus
1325 2261 1527 2322 autem,
1580 2255 1714 2324 quia
1761 2271 1880 2327 quae

233 2335 380 2407 (154)
411 2337 501 2391 lea:
550 2337 818 2408 loquitur,
852 2339 941 2394 his
971 2340 1073 2409 qui
1102 2342 1163 2394 in
1188 2341 1303 2411 lege
1347 2345 1473 2395 sunt
1502 2342 1764 2412 loquitur.
1800 2349 1878 2397 Ac

231 2423 281 2481 si
313 2424 565 2481 diceret:
589 2426 648 2481 Si
672 2427 957 2499 propheta
972 2427 1083 2484 hoc
1115 2428 1187 2484 de
1217 2429 1491 2502 gentibus
1508 2431 1671 2501 dixit,
1692 2431 1878 2487 multo

234 2513 425 2585 magis
455 2513 527 2570 de
550 2515 734 2582 vobis,
759 2516 860 2587 qui
880 2516 941 2570 in
971 2516 1098 2588 lege
1125 2517 1478 2588 gloriamini.
1500 2519 1617 2575 Vos
1638 2521 1879 2588 etenim,

234 2601 343 2657 etsi
377 2618 492 2657 non
538 2602 771 2659 dixistis
814 2605 923 2660 hoc
967 2606 1182 2677 verbis,
1217 2606 1446 2663 dixistis
1497 2608 1682 2664 factis.
1719 2609 1881 2665 Unde

237 2688 376 2744 alibi
404 2689 547 2746 dicit
578 2708 590 2745 :
626 2691 965 2762 Conﬁtentur
990 2710 1047 2748 se
1077 2710 1233 2749 nosse
1260 2697 1436 2752 Deum
1456 2714 1478 2759 ;
1506 2699 1671 2769 factis
1698 2702 1881 2753 autem

234 2786 436 2849 negant
465 2780 591 2847 (Tit.
627 2798 667 2850 ι,
703 2780 813 2852 16).
843 2785 957 2837 Cur
985 2787 1183 2839 autem
1213 2784 1323 2839 hoc
1353 2785 1580 2855 dixerit,
1604 2787 1877 2854 ostendit,

237 2867 609 2939 subjungens
633 2886 646 2925 :
669 2870 733 2927 Ut
750 2886 910 2927 omne
935 2888 993 2928 os
1022 2872 1358 2938 obstruetur,
1390 2877 1499 2930 etc.
1533 2876 1700 2931 Omne
1718 2875 1878 2946 dicit,

236 2955 296 3011 id
319 2961 430 3022 est,
451 2961 573 3013 tam
590 2958 946 3027 Judaeorum,
970 2978 1148 3033 quam
1169 2961 1681 3035 gentilium,etiam
1695 2965 1882 3035 justo-

240 3061 396 3117 rum,
416 3046 777 3117 obstruetur,
808 3049 868 3104 in
889 3048 1064 3106 laude
1084 3050 1197 3122 sui,
1216 3055 1273 3107 et
1292 3067 1409 3107 non
1430 3052 1740 3124 aperiatur,
1765 3053 1879 3109 nisi

235 3133 298 3189 in
318 3132 491 3191 laude
511 3126 815 3208 Dei;quod
837 3142 978 3195 tunc
999 3139 1085 3207 fit,
1110 3156 1244 3195 cum
1266 3139 1466 3197 nullus
1488 3141 1613 3198 suis
1633 3140 1880 3209 meritis,

238 3227 342 3278 aut
367 3223 613 3294 viribus,
643 3227 743 3282 sed
777 3241 981 3285 omnes
996 3227 1097 3285 Dei
1127 3229 1317 3301 gratia
1337 3246 1400 3286 se
1420 3229 1680 3288 aalvatos
1700 3248 1879 3304 agno-

237 3317 428 3369 scunt.
462 3314 531 3370 Et
578 3290 824 3372 subditus
868 3316 968 3386 ﬁat
1012 3290 1192 3375 omnis
1236 3319 1475 3376 mundus
1512 3321 1638 3377 Deo.
1674 3290 1878 3378 omnis
1907 3290 1951 3360 α

237 3403 516 3473 mundus,
550 3403 606 3460 id
649 3409 757 3474 est,
790 3406 982 3463 omnis
1013 3406 1188 3464 homo
1240 3408 1515 3466 habitans
1544 3411 1602 3465 in
1636 3410 1877 3467 mundo.

234 3490 439 3548 Omnis
467 3495 660 3549 autem
685 3495 944 3552 mundus
960 3495 1077 3552 Deo
1101 3495 1376 3554 subditus
1406 3498 1489 3563 ﬁt,
1520 3515 1652 3554 cum
1675 3516 1880 3556 omnes

234 3596 297 3635 se
314 3585 649 3651 peccatores
665 3584 1035 3651 conlitentur,
1058 3589 1115 3640 et
1131 3585 1256 3642 sola
1268 3587 1458 3659 gratia
1478 3588 1577 3644 Dei
1603 3588 1876 3645 salvatos.

237 3668 378 3735 Quia
407 3684 519 3724 non
538 3670 935 3741 justiﬁcabilur
974 3688 1045 3729 ex
1071 3674 1322 3745 operibus
1377 3674 1514 3747 legis
1543 3680 1725 3732 omnis
1754 3693 1880 3732 caro

234 3772 420 3812 coram
436 3755 558 3812 illo.
582 3758 788 3814 Omnis
819 3776 973 3827 caro,
997 3760 1055 3816 id
1077 3766 1186 3827 est,
1209 3764 1403 3819 omnis
1422 3764 1619 3821 homo.
1642 3769 1687 3820 A
1718 3770 1881 3838 parte

236 3848 449 3914 totum,
476 3844 618 3916 sive,
650 3848 843 3904 omnis
869 3849 1048 3904 homo
1096 3851 1407 3908 carnaliter
1433 3854 1632 3910 vivens
1662 3859 1717 3910 et
1747 3872 1880 3911 sen-

238 3931 412 3987 tiens.
437 3937 591 3988 Bene
612 3936 806 3990 autem
828 3935 1077 3991 dicitur:
1102 3953 1208 3994 non
1222 3940 1617 4011 justiﬁcabitur
1643 3957 1712 3997 ex
1753 3958 1881 4014 ope-

238 4020 399 4076 ribus
428 4021 563 4093 legis
583 4025 762 4079 omnis
779 4039 907 4079 caro
936 4040 1119 4081 coram
1148 4027 1282 4091 illo;
1312 4027 1449 4101 quia
1469 4028 1562 4085 lex
1584 4031 1880 4086 neminem

240 4109 312 4166 ad
333 4111 658 4182 perfectum
679 4113 828 4185 (155)
865 4113 1123 4171 adduxit.
1151 4117 1295 4172 Dum
1318 4118 1499 4186 enim,
1527 4118 1668 4189 quid
1694 4119 1881 4175 vitan-

239 4198 380 4253 dum
402 4198 740 4279 sitbaliquis
764 4217 868 4272 per
885 4200 1072 4274 legem
1090 4206 1375 4277 agnoscit,
1399 4206 1511 4261 nisi
1533 4205 1886 4281 divinaigra-

238 4287 319 4343 tia
346 4287 674 4360 adjuvetur,
711 4294 775 4345 ut
804 4295 1023 4362 caveat,
1053 4293 1145 4349 lea:
1173 4295 1338 4366 iram,
1363 4295 1421 4349 id
1452 4293 1884 4363 est,vindictam

237 4382 559 4448 operatur:
594 4379 749 4435 unde
796 4379 970 4452 paulo
1010 4381 1256 4438 inferius
1303 4383 1519 4438 dicitur
1551 4400 1565 4437 :
1599 4384 1711 4438 Lea:
1737 4386 1887 4440 iram

235 4469 512 4536 operatur.
546 4465 647 4523 Ille
675 4467 871 4541 itaque
888 4485 958 4525 ex
986 4470 1261 4543 operibus
1282 4470 1431 4543 legis
1461 4487 1578 4526 non
1601 4470 1887 4541 justilica-

235 4554 414 4623 bitur,
449 4555 570 4627 qui,
603 4572 751 4628 opus
778 4556 925 4631 legis
956 4559 1275 4631 implendo,
1308 4574 1426 4613 non
1475 4557 1675 4631 gratiae
1708 4559 1886 4615 mise-

236 4642 423 4697 rantis
458 4643 581 4711 Dei,
614 4645 714 4700 sed
748 4645 861 4701 sibi
892 4646 1155 4702 ascribit.
1190 4647 1261 4701 Et
1290 4644 1430 4716 quia
1458 4648 1656 4716 potest
1674 4644 1885 4718 aliquis
1915 4665 1962 4729 D

233 4731 413 4786 videri
438 4732 639 4803 justus
662 4736 817 4807 apud
841 4734 1134 4799 homines,
1160 4750 1294 4788 cum
1326 4732 1403 4788 sit
1424 4733 1707 4803 reprobus
1729 4737 1881 4805 apud

234 4819 441 4888 Deum,
474 4820 602 4876 ideo
634 4822 715 4877 ait
747 4839 761 4878 :
797 4823 999 4878 Coram
1044 4821 1173 4876 illo.
1210 4819 1356 4876 Hinc
1404 4820 1477 4874 de
1524 4818 1799 4876 Zacharia
1828 4828 1885 4879 et

234 4906 529 4964 Elisabeth
570 4909 786 4965 dicitur
817 4927 829 4965 :
861 4911 1036 4965 Erant
1073 4908 1219 4978 justi
1244 4907 1403 4962 ambo
1433 4910 1563 4962 ante
1590 4907 1883 4967 Dominum

233 4998 387 5069 (Luc.
420 5015 460 5069 1,
490 4997 569 5070 6).
603 4999 715 5055 Sed
737 4998 876 5070 quia
904 4999 1134 5069 poterat
1163 4995 1235 5049 ad
1267 4995 1389 5049 haec
1406 4993 1622 5065 aliquis
1644 4994 1834 5053 dicere
1864 5015 1878 5054 :

231 5086 533 5151 Quomodo
562 5087 732 5157 dicis,
763 5083 1065 5156 Apostole,
1098 5099 1213 5138 non
1238 5082 1553 5153 justiﬁcari
1583 5082 1879 5143 hominem

231 5189 301 5230 ex
319 5174 597 5246 operibus
616 5173 786 5245 legis,
807 5190 942 5226 cum
963 5176 1253 5243 praecepta
1271 5171 1419 5243 legis
1441 5171 1644 5228 eadem
1665 5173 1803 5243 sint,
1826 5182 1882 5232 et

229 5261 580 5323 Evangelii?
611 5260 832 5315 Idcirco
881 5258 1189 5329 subjunxit
1220 5274 1233 5312 :
1262 5264 1372 5315 Per
1402 5259 1572 5328 legem
1618 5263 1766 5317 enim
1794 5280 1879 5321 co-

227 5353 405 5421 gnitio
432 5349 670 5423 peccati,
699 5347 1074 5416 subauditur,
1107 5347 1192 5401 fit.
1226 5347 1331 5403 Ubi
1363 5350 1709 5421 notandum,
1744 5353 1881 5425 quia

326 5595 427 5650 154

327 5665 432 5720 155

326 5595 427 5650 154

327 5665 432 5720 155

300 5594 454 5808 tsi

488 5590 666 5668 _V_ulg_.
701 5550 1345 5668 Quoniam‘quaecunque.

484 5662 547 5735 Id
581 5662 669 5717 eet
692 5662 1099 5735 perfectionem,

485 5733 550 5791 In
581 5733 807 5808 autbgr.
840 5733 1358 5813 concupiScentiam.

1993 650 2230 718 peccata
2250 646 2628 715 consumit,id
2652 646 3041 715 est,dimittit;
3068 646 3168 702 sed
3192 650 3422 704 tantum
3452 653 3660 705 osten-

1993 735 2099 790 dit.
2141 737 2166 791 .l
2179 735 2352 791 ubere
2383 736 2619 803 quidem
2654 741 2863 806 potest,
2888 736 3096 807 juvare
3126 752 3240 792 non
3272 736 3447 793 valet.
3482 736 3658 795 Unde

1994 823 2130 878 alibi
2164 824 2305 879 dicit
2336 842 2350 880 :
2382 826 2672 882 Peccatum
2718 841 2830 880 non
2876 828 3119 897 cognovi,
3152 827 3265 881 nisi
3292 842 3390 897 per
3419 828 3595 898 legem
3630 844 3655 882 :

1993 912 2303 968 nesciebam
2314 915 2462 969 enim
2473 914 2923 985 concupiscentiae
2944 914 3091 986 (156)
3116 914 3329 970 subesse
3335 921 3623 986 peccatum
3634 959 3652 984 ,

1990 1002 2105 1057 nisi
2117 1003 2208 1058 lea:
2218 1002 2456 1058 diceret:
2474 1004 2590 1058 Non
2603 1004 2963 1075 concupisces.
2973 1004 3202 1059 Poterat
3214 1009 3409 1060 autem
3426 1006 3500 1061 ali
3510 1023 3544 1077 q
3553 1023 3587 1061 u
3596 1007 3654 1062 is

1988 1090 2325 1147 Judzeorum
2340 1092 3655 1166 responderezBenedicitApostolus,quoniam

1992 1195 2095 1251 per
2111 1179 2299 1252 legem
2322 1180 2578 1252 cognitio
2601 1186 2829 1255 tantum
2856 1180 3165 1254 peccati,et
3184 1182 3324 1253 quia
3342 1199 3457 1238 non
3471 1183 3660 1254 justi-

1991 1270 2199 1324 ﬁcatur
2216 1269 2390 1325 homo
2408 1287 2477 1325 ex
2496 1270 2771 1340 operibus
2797 1270 2964 1343 legis.
2982 1270 3267 1335 Quoniam
3290 1269 3383 1326 lex
3406 1277 3655 1344 peccata

1990 1358 2375 1425 ostendit,sed
2390 1375 2503 1414 non
2527 1359 3383 1428 dimittit.Verumtamen,dum
3406 1361 3657 1434 propria

1996 1446 2269 1502 voluntas
2302 1463 2449 1519 opus
2480 1446 3044 1519 legisimplet,homo
3067 1449 3426 1520 justiﬁcatur
3447 1466 3652 1505 coram

1989 1535 2127 1590 Deo.
2161 1535 2293 1591 Ideo
2324 1535 2629 1606 subjunxit
2660 1552 2674 1592 :
2706 1538 2862 1592 Nunc
2909 1541 3091 1592 autem
3113 1538 3343 1609 justitia
3388 1538 3492 1593 Dei
3518 1540 3652 1595 sine

1990 1624 2115 1697 lege
2140 1627 2497 1695 manifestata
2545 1634 2641 1681 est.
2674 1624 2974 1681 Justitiam
3023 1625 3124 1681 Dei
3173 1630 3336 1681 vocat
3367 1628 3645 1698 gratiam,

1989 1730 2106 1769 non
2139 1731 2255 1786 qua
2274 1713 2400 1786 ipse
2420 1715 2804 1785 justificatur,
2832 1715 2933 1770 scd
2964 1731 3083 1786 qua
3102 1714 3399 1772 hominem
3424 1715 3645 1787 induit,

1989 1806 2055 1858 ut
2093 1803 2539 1874 justiﬁcaretur.
2589 1808 2695 1860 Lex
2740 1802 2897 1859 enim
2937 1804 3130 1875 jubet,
3162 1803 3257 1859 cui
3306 1806 3649 1862 succumbit

1988 1891 2341 1960 infirmitas;
2384 1891 2572 1965 gratia
2621 1893 2882 1962 adjuvat,
2913 1909 3016 1964 per
3063 1910 3239 1965 quam
3291 1894 3647 1952 diffunditur

1986 1980 2263 2037 charitas.
2305 1980 2473 2037 Fides
2507 1982 2784 2053 impetrat
2812 1982 2965 2053 quod
3003 1982 3093 2037 lex
3122 1981 3393 2054 imperat.
3427 1985 3643 2057 Testiﬁ-

1984 2077 2110 2125 cata
2136 2086 2176 2126 a
2205 2070 2318 2141 lege
2345 2079 2397 2125 et
2423 2070 2719 2142 prophetis.
2755 2069 2867 2126 Lex
2896 2070 3211 2142 siquidem,
3233 2075 3290 2128 et
3321 2072 3642 2145 prophetiae

1985 2158 2187 2231 gratiae
2242 2158 2546 2229 perhibent
2593 2160 3016 2215 testimonium.
3060 2160 3176 2215 Lex
3223 2158 3403 2228 enim,
3451 2162 3640 2234 perci-

1986 2246 2198 2320 piendo
2220 2248 2389 2319 (157),
2417 2246 2718 2317 minando,
2742 2252 2797 2302 et
2822 2264 2937 2303 non
2957 2248 3358 2320 justiﬁcando,
3384 2252 3645 2308 ostendit

1988 2352 2104 2392 non
2136 2352 2307 2408 posse
2354 2336 2652 2392 hominem
2688 2336 3025 2409 justificari,
3058 2337 3172 2393 nisi
3203 2338 3355 2395 dono
3404 2340 3504 2396 Dei
3538 2358 3644 2413 per

1988 2424 2347 2496 adjutorium
2374 2425 2628 2497 Spiritus
2655 2425 2865 2481 sancti.
2899 2426 3210 2482 Perhibent
3229 2432 3286 2484 et
3316 2426 3640 2501 prophetae,

1990 2512 2292 2586 quoniam,
2323 2530 2448 2585 quae
2479 2512 2564 2568 illi
2595 2513 3007 2587 praedixerunt,
3042 2517 3170 2585 ejus
3200 2516 3486 2573 adventus
3528 2519 3641 2574 im-

1988 2601 2181 2675 plevit.
2216 2602 2283 2657 Et
2331 2602 2471 2675 quia
2520 2602 2613 2658 lex
2659 2607 2717 2658 et
2763 2604 3057 2676 prophetae
3110 2604 3311 2677 gratiae
3342 2605 3641 2680 Evangelii

1988 2690 2296 2763 perhibent
2347 2690 2751 2747 testimonium
2787 2690 2962 2748 :ideo
3008 2690 3294 2750 Dominus
3339 2693 3400 2750 in
3430 2696 3643 2759 ;monte

1988 2779 2346 2836 clarificatus
2376 2778 2592 2835 dicitur
2636 2780 2860 2837 sedisse
2889 2780 3044 2837 inter
3072 2781 3310 2855 Moysen
3340 2787 3397 2838 et
3427 2783 3637 2841 Ellam.

1987 2869 2092 2923 Sed
2142 2867 2283 2941 quid
2333 2874 2441 2935 est,
2474 2868 2629 2940 quod
2685 2868 2845 2937 dicit,
2902 2868 3198 2942 testiﬁcata
3245 2887 3281 2927 α
3331 2873 3471 2942 lege,
3500 2889 3639 2928 cum

1989 2956 2335 3029 praemiserit
2367 2975 2380 3013 :
2413 2959 2568 3014 Nunc
2587 2962 2772 3015 autem
2798 2960 2920 3014 sine
2944 2959 3059 3029 lege
3078 2960 3305 3030 justitia
3331 2961 3430 3017 Dei
3454 2964 3641 3017 mani-

1987 3048 2185 3120 festata
2213 3051 2336 3104 est?
2363 3048 2488 3103 Non
2523 3062 2660 3119 ergo
2708 3047 2790 3104 ita
2836 3046 3283 3120 intelligendum
3334 3054 3442 3119 est,
3484 3050 3644 3106 sicut

1988 3137 2165 3192 verba
2185 3152 2393 3193 sonare
2412 3136 2684 3192 videntur
2700 3153 2713 3192 :
2729 3152 2918 3209 neque
2942 3137 3097 3192 enim
3119 3138 3246 3194 sine
3265 3138 3393 3211 lege
3403 3140 3641 3211 justitia

1986 3225 2089 3281 Dei
2124 3226 2500 3281 manifestata
2529 3229 2636 3295 est,
2665 3240 2801 3280 cum
2831 3242 2866 3280 a
2896 3226 3021 3299 lege
3046 3226 3365 3285 testificata
3386 3227 3497 3296 sit;
3533 3229 3638 3285 sed

1990 3313 2364 3371 manifestata
2392 3318 2481 3370 est
2502 3313 2754 3385 justitia,
2786 3330 2914 3387 quas
2943 3319 3068 3371 erat
3097 3315 3224 3372 sine
3251 3314 3397 3390 lege,
3430 3316 3492 3373 id
3523 3323 3636 3391 est,

1989 3420 2168 3476 quam
2200 3402 2355 3459 Deus
2404 3417 2508 3474 per
2555 3418 2673 3458 suae
2721 3402 2919 3475 gratias
2962 3402 3246 3460 auxilium
3295 3404 3640 3465 hominibus

1997 3491 2268 3559 contulit,
2301 3490 2430 3547 sine
2456 3490 2576 3546 ullo
2606 3490 2754 3563 legis
2805 3492 3115 3563 adiutorio.
3150 3491 3485 3550 Notandum
3538 3499 3632 3552 est

1989 3580 2189 3653 igitur,
2222 3580 2359 3652 quia
2389 3578 2695 3650 Apostolus
2727 3579 3045 3637 multarum
3078 3580 3273 3653 legum
3300 3582 3437 3639 facit
3474 3601 3642 3640 men-

1990 3670 2227 3738 tionem,
2251 3668 2473 3725 scilicet
2500 3667 2647 3739 legis
2677 3673 2923 3738 naturaa,
2953 3670 3200 3741 scriptas,
3223 3671 3443 3743 gratiae,
3467 3689 3633 3730 men-

1987 3758 2085 3825 tis,
2119 3758 2545 3825 membrorum,
2564 3761 2740 3829 atque
2770 3757 3009 3829 peccati.
3039 3758 3288 3831 Ideoque
3308 3759 3555 3817 solerter
3578 3762 3639 3818 in

1990 3862 2345 3918 unoquoque
2391 3845 2517 3901 loco
2564 3845 2997 3916 inspiciendum
3046 3846 3291 3904 sollicite
3344 3849 3496 3921 (158)
3527 3858 3642 3922 est,

1990 3935 2063 3990 de
2093 3951 2211 4006 qua
2239 3934 2365 4006 lege
2385 3932 2678 4006 loquatur.
2703 3935 2782 3991 De
2810 3933 2938 4008 lege
2968 3936 3185 4009 quippe
3215 3936 3359 3993 dicit
3380 3944 3640 3995 naturae:

1989 4025 2074 4078 Ea:
2105 4024 2358 4094 operibus
2389 4023 2522 4094 legis
2550 4040 2661 4079 non
2680 4023 3084 4095 justiﬁcabttur
3110 4028 3289 4081 omnis
3306 4042 3434 4084 caro
3454 4044 3643 4085 coram

1991 4110 2131 4173 illo;
2160 4114 2218 4165 et
2265 4110 2405 4165 item
2440 4127 2452 4166 :
2484 4114 2592 4166 Per
2630 4112 2800 4183 legem
2843 4114 3083 4183 cognitio
3126 4116 3334 4185 peccati
3359 4135 3380 4183 ;
3409 4119 3467 4171 et
3492 4117 3641 4187 (rur-

1993 4215 2126 4258 sum
2159 4216 2172 4252 :
2204 4200 2365 4256 Nunc
2392 4204 2580 4255 autem
2608 4201 2727 4256 sine
2771 4202 2889 4272 lege
2908 4203 3136 4274 justitia
3162 4204 3261 4259 Dei
3286 4206 3644 4275 manifestata

1995 4292 2091 4344 est.
2116 4287 2396 4343 Praeterea
2426 4290 2770 4359 notandum,
2794 4289 2934 4361 quia
2955 4289 3139 4347 multa
3156 4291 3642 4366 videturAposto-

1994 4375 2088 4431 lus
2109 4376 2219 4431 hoc
2236 4374 2363 4432 loco
2385 4376 2575 4432 dicere
2601 4379 2671 4433 ad
2696 4377 2972 4449 injuriam
3002 4377 3169 4453 legis,
3190 4378 3437 4437 Videtur
3463 4383 3640 4438 etiam

1995 4480 2272 4521 evacuare
2301 4464 2572 4521 liberium
2616 4466 2965 4535 arbitrium;
2999 4471 3058 4523 et
3102 4466 3318 4525 idcirco
3348 4469 3447 4526 hic
3475 4468 3640 4527 locus

1995 4556 2165 4607 caute
2195 4550 2479 4625 legendus
2526 4557 2630 4609 est.
2664 4554 2811 4610 Nam
2862 4555 3188 4626 sciendum,
3220 4556 3643 4631 quiaquatuor

2003 4646 2145 4698 sunt
2172 4643 2411 4714 gradus.
2460 4643 2693 4699 Primus
2741 4647 2878 4699 ante
2930 4645 3125 4701 datam
3175 4643 3387 4717 legem,
3421 4646 3484 4702 in
3513 4647 3641 4721 lege

1992 4728 2216 4786 scilicet
2261 4735 2501 4786 naturae.
2554 4732 2861 4789 Secundus
2908 4737 3040 4805 post
3084 4730 3273 4807 legem
3322 4735 3545 4805 datam,
3577 4738 3638 4793 in

1988 4818 2117 4891 lege
2140 4819 2347 4892 Moysi.
2374 4820 2601 4876 Tertius
2624 4821 2735 4876 sub
2775 4821 2983 4894 gratia,
3005 4820 3274 4878 videlicet
3293 4822 3355 4879 in
3385 4826 3641 4899 Evange-

1988 4908 2086 4966 lio.
2110 4910 2364 4975 Quartus
2394 4909 2504 4965 sub
2527 4925 2688 4981 pace,
2717 4910 2873 4983 quod
2896 4911 3006 4966 erit
3034 4910 3096 4966 in
3116 4910 3339 4968 futuro.
3361 4913 3424 4968 In
3446 4913 3639 4986 primo

1988 4996 2282 5053 trahimur
2310 4996 2530 5053 carnali
2551 4998 3045 5071 concupiscentia,
3068 5003 3126 5055 et
3139 5001 3479 5073 sequimur;
3499 5004 3640 5077 quia

1988 5103 2105 5142 non
2137 5086 2311 5143 modo
2342 5102 2674 5158 peccamus,
2701 5088 2802 5144 sed
2823 5087 3000 5144 etiam
3022 5092 3327 5161 peccatum
3348 5093 3635 5164 approba-

1986 5191 2122 5233 mus
2155 5191 2169 5229 :
2204 5175 2483 5247 quoniam
2507 5175 2851 5249 ignorantiae,
2875 5176 3132 5234 tenebris
3163 5178 3382 5246 caecati,
3402 5183 3638 5238 tantum

1987 5262 2300 5320 carnaliter
2342 5263 2615 5320 vivimus.
2665 5266 2728 5320 In
2776 5264 3036 5321 secundo
3074 5269 3271 5323 autem
3341 5267 3638 5326 trahimur

1987 5352 2312 5425 quidem,et
2336 5352 2668 5423 sequimur;
2693 5353 2795 5410 sed
2821 5353 3417 5428 cognoscimus,quod
3440 5361 3637 5416 tamen

2060 5598 2209 5680 (15")7)
2242 5596 2875 5681 Menda_verisimiliter
2903 5602 3012 5669 est,
3040 5604 3097 5658 et
3140 5603 3496 5675 precipiendo
3526 5605 3639 5681 legi

1988 5685 2087 5726 ma
2132 5673 2180 5724 's
2211 5673 2500 5740 congruit.
3292 5673 3307 5675 “
3583 5673 3586 5677 ’

2058 5686 2210 5814 (ῗέδ)
2241 5737 2549 5813 Perperam
2581 5742 2691 5801 hoc
2718 5741 2961 5802 verbum
2989 5740 3305 5816 repetitum
3331 5746 3586 5808 videtur.
