3956 6230
253 357 370 416 163

1277 347 1613 410 ATTONIS
1656 345 2241 410 VERCELLENSIS
2287 343 2639 407 EPISCOPI

3545 356 3673 414 164

253 487 528 558 superius
559 484 639 540 ait
684 501 696 539 :
729 485 840 539 Per
870 482 1049 551 legem
1074 481 1369 553 peccati,ct
1399 479 1533 535 alibi
1567 498 1585 535 :
1616 481 1728 535 Lee:
1750 481 1901 535 enim
1928 478 1984 544 Α
2017 479 2186 533 tium.
2217 484 2299 532 Ac
2332 478 2379 532 si
2412 478 2628 532 diceret
2658 494 2670 533 :
2704 476 2867 533 Unus
2895 481 2985 534 est
3012 478 3186 548 Deus,
3220 480 3321 552 qui
3370 482 3675 553 justiﬁcat

246 575 609 643 subintravit,
655 578 717 627 ut
775 570 1086 628 abundaret
1115 568 1372 624 delictum
1393 568 1566 640 (Rom.
1598 568 1903 637 v,‘20).ch

256 680 500 736 operum
531 662 633 717 illa
688 666 780 718 est
835 676 964 733 quae
1023 657 1302 731 precipit:
1368 660 1487 713 Non
1534 658 1899 729 concupisces.

255 753 366 809 Sed
397 750 664 824 nunquid
696 767 812 805 non
844 750 904 804 in
935 748 1060 821 lege
1091 746 1225 802 ﬁdei
1260 745 1447 801 multa
1505 761 1681 818 opera
1711 745 1900 801 conti-

259 845 473 897 nentur
500 844 525 894 ?
553 838 934 897 Continentur
958 836 1256 910 plane,sed
1290 852 1403 890 non
1439 834 1713 903 carnalia,
1748 835 1903 890 sicut

261 930 322 984 in
355 929 481 1001 lege
510 929 713 1002 Moysi.
746 932 832 981 An
866 942 977 981 non
1012 924 1102 980 lex
1133 924 1264 979 ﬁdei
1340 923 1523 978 dicit:
1558 923 1675 978 Non
1730 939 1901 978 conca

257 1021 435 1090 pisces
466 1022 494 1073 ?
524 1014 881 1087 Dicitutique
903 1014 1056 1070 sicut
1080 1011 1267 1068 multa
1289 1011 1579 1083 Evangelii
1611 1016 1901 1084 praecepta

261 1105 572 1163 contestari
597 1114 650 1161 et
679 1103 931 1160 clamare
961 1119 1077 1159 non
1112 1100 1506 1163 cessantQuai
1528 1117 1665 1172 ergo
1697 1104 1786 1155 cst
1810 1100 1897 1154 di-

258 1195 473 1251 stantia
502 1194 530 1249 ?
558 1210 771 1265 magna
802 1193 1024 1263 utique,
1058 1190 1503 1262 quoniam,qu:e
1533 1189 1626 1245 lex
1656 1204 1898 1261 operum

258 1283 534 1340 minando
563 1280 852 1355 praecipit,
887 1280 979 1336 lex
1010 1279 1143 1336 ﬁdei
1177 1279 1463 1335 credendo
1507 1277 1797 1349 impetrat.
1834 1279 1897 1331 In

254 1371 380 1447 lege
410 1372 565 1429 enim
601 1387 841 1444 operum
873 1374 1021 1424 Deus
1053 1368 1198 1424 dicit
1228 1385 1241 1424 :
1279 1368 1386 1423 Fac
1423 1368 1576 1438 quod
1603 1368 1800 1439 jubeo.
1835 1368 1898 1421 In

257 1462 380 1534 lege
404 1462 539 1518 ﬁdei
571 1460 686 1518 Deo
717 1460 932 1515 dicitur
960 1477 973 1525 ;
1006 1458 1169 1514 Dona
1209 1457 1360 1528 quod
1384 1456 1561 1527 jubcs
1595 1474 1608 1512 :
1643 1472 1778 1511 nam
1810 1455 1900 1511 lex

258 1551 392 1607 ﬁdei
415 1552 587 1617 est,et
608 1564 847 1605 oramus
878 1546 1045 1602 nobis
1073 1563 1102 1602 ε
1138 1546 1254 1602 1)θο
1286 1544 1595 1613 donari,ut
1614 1544 1897 1599 faciamus

257 1656 386 1712 quae
411 1655 515 1711 per
544 1654 651 1693 nos
680 1636 922 1708 implere
953 1651 1066 1689 non
1100 1649 1437 1706 possumus.
1471 1634 1535 1687 In
1578 1631 1703 1705 lcge
1731 1650 1897 1688 nam-

257 1745 371 1800 que
404 1742 673 1800 Operum,
700 1723 936 1796 justitia
966 1728 1053 1779 est
1100 1721 1474 1795 precipientis
1507 1721 1604 1778 Dei
1639 1739 1653 1790 ;
1685 1721 1742 1776 in
1771 1721 1894 1794 lege

258 1816 413 1884 ﬁdei,
448 1812 846 1870 subvenientis
890 1810 1309 1907 misericordia.
1460 1810 1599 1882 quia
1629 1814 1895 1907 poterant
1924 1841 1974 1907 Β

253 1904 443 1961 Judaei
476 1903 685 1973 dicere,
716 1901 993 1974 quoniam
1011 1899 1376 1971 justiﬁcatur
1396 1898 1570 1954 homo
1601 1898 1728 1954 sine
1758 1915 1891 1970 ope-

254 1994 420 2049 ribus
448 1990 695 2064 legis,ad
726 1990 845 2045 haec
872 1990 998 2062 ipse
1028 1989 1361 2060 respondet:
1394 1988 1895 2060 Arbitramur(169)

242 2082 548 2155 justiﬁeari
576 2079 849 2136 hominem
893 2094 994 2150 per
1021 2077 1186 2147 ﬁdem
1241 2079 1365 2132 sine
1420 2077 1675 2148 cperibus
1735 2076 1890 2149 legis.

253 2171 621 2226 Arbitramur
649 2168 759 2223 hoc
790 2167 916 2223 loco
946 2184 1058 2222 non
1080 2166 1403 2221 dubitativa
1438 2167 1658 2221 dictum
1688 2165 1895 2222 intelli-

251 2260 507 2332 gendum
537 2257 755 2328 est,sed
788 2256 1153 2311 atﬁrmativc.
1177 2257 1255 2309 Ac
1287 2254 1335 2309 si
1366 2253 1583 2309 diceret
1610 2269 1624 2309 :
1664 2252 1894 2309 Firmis-

254 2349 400 2406 sime
430 2345 727 2403 credimus
757 2344 895 2416 quia
924 2359 994 2399 ex
1023 2343 1136 2398 ﬁde
1174 2342 1533 2414 iustiﬁcetur
1561 2342 1736 2398 homo
1767 2343 1894 2398 sine

252 2437 528 2511 operibus
559 2434 722 2505 legis.
757 2435 1033 2505 Magnum
1074 2432 1254 2504 igitur
1281 2437 1372 2487 est
1427 2432 1698 2488 meritum
1733 2432 1889 2500 ﬁdei,

249 2543 386 2583 nam
420 2524 710 2596 praeterita
740 2526 977 2592 peccata
1008 2520 1243 2591 relaxat,
1275 2524 1333 2577 et
1360 2521 1668 2592 praesentia
1696 2521 1891 2577 absol-

245 2617 330 2671 vit
358 2619 415 2670 et
446 2614 644 2668 futura
666 2625 987 2683 praecavere
1017 2610 1688 2681 facitpossessoremque
1714 2626 1887 2665 suum

250 2706 321 2760 ad
356 2704 556 2758 futura
586 2700 739 2756 bona
787 2699 1118 2771 peragenda
1173 2698 1468 2754 fortiorem
1528 2698 1740 2754 reddit.
1776 2698 1890 2755 Sed

250 2793 391 2866 quid
423 2795 512 2847 est
542 2789 695 2861 quod
725 2788 828 2853 ait,
869 2786 1185 2858 justiﬁcari
1245 2786 1540 2843 hominem
1600 2786 1724 2843 sola
1754 2787 1888 2855 ﬁde,

249 2900 383 2939 cum
416 2880 555 2936 alibi
587 2878 742 2933 dicat
774 2895 787 2932 :
820 2876 973 2932 Fides
1000 2879 1080 2931 est
1107 2890 1233 2947 qua:
1260 2892 1359 2947 per
1380 2875 1730 2933 dilectionem
1757 2893 1888 2948 ορε-

251 2975 415 3027 ratur
445 2968 458 3023 l
491 2968 693 3039 (Gal.v,
708 2966 787 3037 6.)
816 2966 887 3021 Et
916 2964 1285 3038 coapostolus
1315 2965 1443 3034 ejus
1470 2965 1723 3020 Jacobus
1757 2969 1888 3023 :Fi-

251 3060 342 3116 des
370 3060 492 3114 sine
520 3056 772 3129 operibus
795 3064 1014 3111 mortua
1043 3059 1122 3109 est
1153 3056 1294 3123 (Jac.
1329 3071 1389 3121 ιι,
1418 3054 1530 3125 20).
1555 3053 1677 3109 Non
1711 3055 1889 3127 igitur

248 3148 358 3203 sibi
391 3147 477 3202 hae
509 3144 841 3218 apostolica;
873 3142 1176 3199 sententias
1212 3142 1518 3198 contrariae
1550 3148 1705 3200 sunt.
1742 3145 1885 3209 Quia

245 3210 574 3309 Apostolus,
609 3251 726 3289 non
756 3233 885 3289 ideo
916 3232 998 3288 ait
1027 3232 1324 3288 hominem
1376 3230 1504 3287 sola
1536 3233 1646 3289 ﬁde
1668 3234 1884 3305 justiﬁ-
1917 3210 1960 3276 Ο

246 3325 388 3392 cari,
422 3324 559 3391 ut,si
594 3327 728 3395 post
758 3325 1055 3393 acceptam
1078 3322 1250 3376 ﬁdem
1285 3319 1434 3375 male
1462 3320 1887 3392 vixeritjustus

247 3414 342 3481 sit,
376 3414 497 3481 sed,
526 3412 683 3484 quia,
718 3411 766 3466 si
808 3409 1117 3483 contigerit
1164 3414 1228 3464 ut
1277 3413 1513 3479 accepta
1542 3409 1654 3465 ﬁde
1686 3412 1885 3467 statim

249 3504 550 3573 moriatur,
579 3499 704 3557 sola
735 3500 848 3554 ﬁde
868 3498 1311 3569 justiﬁcabitur,
1340 3498 1570 3554 etiamsi
1605 3515 1718 3554 non
1745 3500 1820 3555 sit
1834 3500 1885 3556 ei

245 3590 524 3660 operandi
558 3596 795 3660 tempus
822 3603 1189 3643 concessum.
1222 3586 1347 3641 Non
1376 3585 1531 3641 enim
1586 3588 1885 3660 apostolus

246 3678 460 3735 Paulus
489 3678 561 3733 de
590 3676 980 3747 illisloquitur
1000 3675 1274 3747 operibus
1287 3692 1413 3746 quas
1426 3676 1600 3731 ﬁdem
1626 3694 1884 3749 sequun‘

244 3767 571 3837 tur,sed,ut
596 3765 1008 3835 Jacobus,quae
1038 3764 1214 3820 ﬁdem
1242 3764 1594 3835 praecedunt,
1612 3781 1715 3837 per
1757 3783 1883 3839 quis

242 3872 418 3912 nemo
444 3852 760 3926 justiﬁcari
792 3857 1005 3925 potest,
1058 3852 1198 3923 quia
1226 3853 1345 3909 sine
1398 3854 1503 3925 ﬁde
1548 3854 1883 3926 impossibile

233 3947 347 4001 Deo
374 3945 597 4017 placere
625 3943 806 4012 (Hebr.
844 3958 901 4008 x,
930 3942 1006 4013 6).
1068 3946 1152 3997 An
1215 3941 1538 3999 Judzorum
1594 3944 1733 4000 Deus
1761 3952 1882 3999 ιαη-

239 4041 360 4089 tum
390 4038 410 4086 Ι
438 4036 521 4088 Ac
550 4029 919 4088 sidicereuSi
942 4030 1096 4086 Deus
1115 4030 1448 4087 Judzcorum
1478 4034 1705 4087 tantum
1730 4037 1884 4088 esset

243 4124 473 4178 creator
501 4124 653 4177 recte
681 4118 950 4177 diceretis
979 4136 1111 4175 eum
1145 4136 1246 4192 pro
1275 4108 1469 4176 vestra
1523 4125 1752 4176 tantum
1783 4139 1875 4177 sa-

239 4209 361 4265 lute
393 4208 603 4265 Filium
649 4223 824 4264 suum
847 4207 1205 4279 misisse,sed
1236 4208 1623 4280 quiomnium
1656 4215 1881 4267 creator

239 4302 331 4355 est
360 4315 464 4371 pro
495 4297 759 4354 omnium
792 4297 979 4353 salute
1008 4298 1188 4354 misit.
1220 4299 1290 4353 Et
1316 4299 1424 4354 hoc
1480 4303 1571 4354 est
1600 4299 1756 4369 quod
1789 4316 1878 4356 εθ-

238 4386 443 4460 quitur
475 4404 488 4455 ;
521 4387 708 4444 Nonne
737 4389 789 4443 et
815 4388 1063 4456 gentium
1091 4389 1117 4441 .9
1145 4388 1256 4442 lmo
1313 4391 1364 4442 et
1416 4387 1687 4455 gentium.
1741 4391 1876 4457 Imo,

235 4493 371 4533 cum
404 4475 586 4532 soleat
617 4492 721 4547 pro
749 4477 920 4531 etiam
946 4475 1131 4548 accipi
1163 4474 1272 4531 hoc
1300 4474 1427 4531 loco
1451 4477 1631 4543 magis
1661 4475 1879 4546 signiﬁ-

2011 566 2392 622 circumcisos
2422 566 2655 622 Judaeos
2685 570 2741 621 et
2790 568 3165 639 praeputiatos
3197 569 3463 642 gentiles.
3495 574 3668 637 Quod

2013 660 2209 711 autem
2232 655 2375 711 dicit
2408 671 2421 712 :
2451 657 2922 711 circumcisionem
2970 673 3041 713 ex
3069 659 3175 729 ﬁde
3212 664 3268 715 et
3317 665 3671 734 praeputium

2009 761 2107 816 per
2135 744 2318 815 ﬁdem,
2352 761 2465 800 non
2504 749 2741 818 propter
2766 744 3022 818 aliquam
3077 748 3463 807 differentiam
3497 752 3667 822 dicit,

2012 832 2151 904 quia
2179 832 2319 889 alibi
2350 834 2419 889 de
2457 832 2731 906 gentibus
2787 834 2933 889 dicit
2964 854 2978 889 :
3010 836 3309 893 Providens
3369 839 3667 912 Scriptura

2009 923 2139 993 quia
2169 937 2242 976 e.c
2268 921 2376 991 ﬁde
2397 921 2679 993 justiﬁcat
2709 931 2898 991 gentes
2932 924 3067 979 Deus
3125 924 3274 995 (Gal.
3338 944 3418 995 III,
3466 928 3523 1001 8)
3558 947 3571 984 ε
3604 936 3670 987 et

2009 1010 2256 1079 loquens
2286 1011 2358 1065 de
2397 1010 2637 1079 Judmis,
2668 1012 2823 1066 unde
2853 1011 2978 1084 ipse
3008 1015 3239 1083 erat,ait
3276 1033 3289 1072 :
3323 1017 3428 1072 Nos
3455 1022 3670 1075 natura

2006 1099 2190 1155 Judaei
2245 1101 2294 1154 et
2321 1115 2429 1154 non
2460 1117 2531 1155 ea:
2574 1100 2826 1170 gentibus
2876 1106 3185 1173 peccatores
3241 1107 3441 1162 scimus
3473 1117 3667 1165 autem

2008 1189 2273 1260 quoniam
2298 1204 2406 1244 non
2429 1188 2835 1258 justiﬁcaretur
2850 1189 3011 1244 homo
3035 1207 3105 1245 ex
3124 1194 3377 1264 operibus
3408 1194 3666 1266 legis,sed

2005 1292 2104 1348 per
2131 1276 2293 1347 ﬁdem
2319 1276 2447 1333 Jesu
2478 1276 2699 1344 Christi,
2727 1280 2779 1332 et
2806 1292 2904 1333 nos
2935 1280 2995 1333 in
3028 1279 3305 1337 Christum
3336 1284 3514 1339 Iesum
3542 1302 3662 1340 cre-

2007 1366 2194 1421 dimus
2223 1374 2281 1421 ut
2299 1366 2669 1437 justiﬁcemur
2697 1368 2842 1435 (Gal.
2879 1385 2938 1434 11,
2974 1368 3061 1437 15,
3098 1370 3207 1439 16).
3229 1371 3337 1427 Sed
3370 1389 3444 1427 ea:
3471 1373 3580 1443 ﬁde
3607 1378 3662 1430 et

2004 1470 2104 1526 per
2129 1454 2292 1525 ﬁdem
2321 1454 2424 1525 ait,
2457 1458 2691 1526 propter
2718 1454 3059 1512 varietatem
3091 1456 3422 1517 locutionis.

2078 1547 2372 1598 Hactenus
2402 1543 2588 1598 multa
2616 1545 2846 1599 videtur
2899 1546 3211 1618 Apostolus
3244 1549 3316 1604 ad
3372 1549 3654 1621 injuriam

2009 1631 2155 1705 legis
2188 1630 2462 1688 locutus:
2494 1632 2564 1687 Et
2604 1632 2742 1704 quia
2773 1638 2997 1704 poterat
3046 1633 3260 1708 aliquis
3313 1637 3651 1697 Judazorum

2006 1720 2193 1776 dicere
2224 1738 2237 1776 :
2271 1722 2315 1776 Ο
2348 1719 3103 1795 Paule,destruislegem,et
3119 1742 3367 1783 evacuas
3399 1727 3655 1785 circum-

2006 1809 2286 1865 cisionem
2315 1809 2484 1865 :ideo
2540 1810 2847 1882 subjunxit
2880 1829 2893 1868 :
2927 1814 3123 1883 Legem
3177 1816 3327 1870 enim
3384 1818 3535 1888 (170)
3563 1818 3657 1873 de-

2005 1900 2270 1954 struimus
2298 1914 2395 1969 per
2420 1899 2582 1969 ﬁdem
2613 1904 2634 1954 !
2654 1905 2735 1955 Ac
2771 1900 2819 1956 si
2851 1900 3072 1958 diceret
3102 1919 3115 1957 :
3152 1904 3299 1968 Quia
3356 1903 3659 1964 hominem

2006 1986 2258 2042 dicimus
2283 1987 2597 2057 justiﬁcari
2630 2005 2801 2060 posse
2847 2006 2916 2044 ex
2972 1991 3083 2046 ﬁde
3138 1993 3414 2065 operibus
3473 1994 3649 2068 legis,

2007 2075 2224 2144 dicitis,
2257 2077 2414 2147 quod
2442 2076 2628 2148 legem
2660 2077 3195 2136 destruamus.Non
3227 2081 3309 2137 ita
3340 2086 3448 2138 est.
3480 2087 3652 2141 Juste

2006 2163 2243 2235 quidem
2277 2164 2774 2220 calumniaremur
2800 2166 2947 2237 (171)
2976 2166 3120 2238 legis
3171 2186 3301 2225 esse
3350 2171 3653 2230 destructo

2004 2270 2119 2318 res,
2152 2253 2200 2308 si
2234 2252 2348 2307 alia
2377 2254 2826 2325 praedicaremus
2852 2271 3179 2329 quamquae
3209 2257 3302 2315 lex
3320 2259 3651 2334 docet.lpsa

2002 2342 2218 2414 quippe
2247 2341 2338 2397 lex
2367 2342 2632 2397 eamdem
2664 2342 3030 2414 spiritualem
3064 2347 3235 2403 docet
3253 2347 3650 2406 circumcisio-

2001 2446 2340 2503 nem,quam
2374 2447 2480 2486 nos
2510 2431 2897 2502 praedicamus
2930 2434 3051 2490 ﬁeri
3086 2451 3190 2507 per
3213 2436 3389 2493 ﬁdem
3423 2443 3480 2494 et
3508 2454 3645 2511 gra-

2000 2520 2142 2575 tiam
2172 2518 2505 2575 Christi.Sic
2546 2521 2699 2575 enim
2725 2521 2866 2576 dicit
2896 2538 2911 2577 :
2942 2524 3338 2581 Civcumcidite
3366 2526 3648 2585 duritiam

1997 2607 2174 2665 cordis
2214 2610 2427 2664 vestri:
2458 2609 2530 2664 Et
2584 2609 2908 2681 propheta:
2937 2613 3324 2669 Circumcidite
3366 2620 3648 2689 praeputia

1996 2699 2244 2754 cordium
2274 2701 2594 2754 vestrorum.
2623 2699 2768 2763 Quia
2798 2715 2933 2771 ergo
2964 2717 3078 2756 non
3103 2701 3219 2758 alia
3244 2705 3639 2775 prmdicamus

1998 2804 2174 2860 quam
2206 2804 2273 2843 ea
2302 2804 2430 2857 qua:
2460 2786 2552 2843 lex
2571 2788 2738 2843 docet
2766 2805 2883 2844 non
2912 2788 3058 2862 legis
3080 2807 3290 2848 sumus
3309 2793 3645 2851 destructo-
3706 2794 3713 2800 ’

1997 2894 2110 2944 res,
2136 2877 2234 2933 sed
2267 2876 2461 2948 potius
2492 2877 2976 2934 afﬁrmalores.Et
3006 2879 3116 2935 hoc
3146 2884 3231 2936 est
3255 2882 3410 2953 quod
3441 2883 3645 2955 sequi-

1996 2970 2137 3021 tur:
2172 2964 2501 3020 Absit!Sed
2541 2965 2714 3036 legem
2767 2968 3083 3023 statuimus.
3144 2968 3269 3025 Non
3325 2970 3483 3026 enim
3541 2987 3647 3044 per

1996 3054 2170 3110 ﬁdem
2202 3053 2292 3109 lex
2322 3053 2650 3109 destruitur
2678 3055 2779 3110 sed
2800 3055 3244 3129 statuitur,quia
3272 3057 3417 3115 ﬁdes
3448 3060 3642 3132 impe-

1996 3146 2114 3198 trat
2169 3143 2439 3215 gratiam,
2473 3158 2575 3214 per
2604 3159 2781 3213 quam
2812 3143 2899 3199 lex
2922 3145 3359 3220 possitimplcri
3394 3165 3407 3204 :
3442 3150 3639 3222 gratia

1998 3248 2131 3287 vero
2163 3234 2334 3287 sanat
2360 3229 2740 3302 voluntatem,
2774 3236 2838 3286 ut
2867 3231 3051 3287 libera
3062 3234 3299 3303 justitia
3325 3236 3639 3310 dirigatur.

2000 3321 2112 3376 Lex
2143 3319 2300 3375 enim
2330 3318 2470 3373 dicit
2502 3335 2514 3372 :
2549 3319 2666 3374 Nou
2694 3323 3042 3391 concupisces
3072 3341 3091 3378 :
3122 3323 3267 3379 ﬁdes
3300 3330 3497 3382 autem
3527 3327 3648 3385 cla-

1999 3412 2122 3462 mat
2154 3423 2167 3461 :
2199 3406 2349 3461 Sana
2373 3408 2625 3461 animam
2652 3424 2851 3475 meam,
2884 3410 3130 3477 Domine,
3157 3416 3423 3483 quoniam
3449 3432 3644 3487 pecca-

1996 3498 2052 3551 vi
2080 3496 2182 3550 ιε’ὁί
2210 3494 2385 3566 (Psal.
2418 3513 2508 3565 XL,
2537 3496 2614 3567 5).
2671 3497 2869 3553 Gratia
2915 3515 3047 3556 vero
3096 3501 3237 3557 dicit
3270 3520 3283 3558 :
3313 3504 3442 3560 Ecce
3469 3522 3644 3562 sanus

1993 3588 2176 3657 [uetus
2203 3601 2260 3641 es
2291 3601 2311 3640 :
2330 3585 2454 3655 jam
2485 3586 2604 3641 noli
2626 3601 2869 3656 peccare,
2901 3604 2973 3643 ne
2999 3590 3211 3662 aliquid
3266 3592 3367 3648 tibi
3393 3594 3640 3652 deterius

1993 3675 2273 3745 contingat
2302 3677 2485 3743 (Joan.
2516 3690 2572 3743 v,
2606 3674 2715 3745 14).

2067 3761 2594 3835 (CAP.IV.)(172).Et
2620 3767 2900 3836 tanquam
2936 3765 3154 3823 diceret
3181 3768 3420 3826 Judazus
3449 3772 3635 3846 :Ergo

1994 3850 2141 3907 nihil
2170 3850 2463 3907 Abraham
2497 3868 2602 3922 per
2627 3852 2921 3910 carnalem
2953 3854 3463 3915 circumcisionem
3495 3876 3635 3916 con-

1993 3944 2231 3995 secutus
2260 3941 2656 4011 est,continuo
2688 3941 2915 3998 addidit
2946 3962 2960 3999 :
2994 3945 3135 4013 Quid
3162 3947 3307 4002 enim
3332 3947 3636 4021 (172)dice-

1991 4044 2113 4083 mus
2140 4028 2415 4084 inveuisse
2441 4028 2719 4084 Abraham
2765 4035 2982 4101 patrem
3032 4036 3284 4089 nostrum
3336 4040 3640 4094 secundum

1990 4131 2212 4172 carnem
2232 4114 2430 4171 ‘INihil
2451 4116 2667 4188 quippe
2684 4117 2942 4175 invenire
2964 4122 3157 4192 potuit
3174 4125 3327 4196 quod
3341 4125 3637 4184 Abraham

1992 4205 2318 4263 secundum
2348 4220 2605 4275 carnem,
2637 4207 2693 4261 id
2726 4211 2834 4276 est,
2860 4209 3184 4267 secundum
3211 4212 3506 4270 carnalem
3524 4216 3634 4272 cir-

1990 4291 2408 4349 cumcisionem
2449 4293 2664 4350 diceret
2712 4303 3116 4367 consecutum,
3146 4300 3284 4372 quia
3342 4319 3446 4359 nec
3492 4309 3636 4362 tunc

1987 4386 2154 4439 terrae
2184 4381 2477 4438 Cbanaam
2509 4383 3092 4454 promissionem,nec
3122 4390 3368 4447 seminis
3398 4393 3491 4448 sui
3525 4411 3631 4450 au-

1987 4469 2465 4543 gmentationem,
2498 4476 2601 4527 aut
2624 4472 3089 4533 benedictionem
3121 4462 3365 4553 accepit,
3396 4484 3634 4553 quando

234 4569 346 4621 cat.
378 4565 486 4620 Sed
519 4581 701 4637 quare
744 4565 931 4637 magis
987 4564 1251 4637 gentium
1310 4580 1487 4635 quam
1546 4564 1876 4620 Iudaeorum
1910 4578 1955 4642 ι)
1990 4559 2374 4616 circumcisus
2421 4564 2532 4616 est.
2592 4562 2871 4633 Sequitur
2903 4581 2916 4620 :
2948 4565 3008 4620 Si
3033 4569 3182 4623 enim
3247 4569 3536 4626 Abraham
3564 4588 3635 4628 ea:

234 4654 418 4710 Deum
451 4669 579 4709 esse
609 4653 748 4708 dicit
776 4653 804 4707 Ἰ
832 4654 1082 4720 Scilicet,
1117 4652 1256 4724 quia
1276 4650 1476 4723 plures
1505 4667 1575 4706 ex
1606 4651 1879 4722 gentibus

234 4741 563 4797 credituros
592 4741 854 4813 prazvidit
886 4742 1004 4797 sive
1033 4741 1170 4813 quia
1200 4744 1350 4794 Deus
1409 4743 1573 4811 pater
1602 4738 1712 4794 fuit
1741 4756 1878 4813 gen-

231 4830 396 4886 tibus
426 4845 530 4901 per
560 4829 981 4885 ﬁdem.Judaeis
1011 4834 1206 4885 autem
1229 4828 1873 4900 percircumcisionem:

233 4918 426 4992 liquet
452 4923 648 4975 autem
682 4919 857 4975 ﬁdem
891 4919 1173 4989 majorem
1225 4931 1354 4971 esse
1410 4915 1874 4975 circumcisione.

227 5008 300 5063 Et
326 5024 399 5064 ne
428 5006 574 5064 alter
604 5011 916 5079 putaretur
946 5007 1100 5061 Deus
1128 5004 1360 5059 Veteris
1414 5004 1770 5060 Testamenti
1822 5011 1878 5064 et

228 5096 379 5153 alter
407 5096 569 5163 Novi,
604 5096 819 5167 adjecit
852 5112 864 5149 :
900 5093 1169 5161 Quoniam
1200 5091 1417 5162 quidem
1448 5109 1593 5149 unus
1621 5096 1762 5151 Deus
1782 5098 1880 5167 qui

221 5187 495 5259 justiﬁcat
521 5185 995 5241 circumcisionem
1021 5197 1094 5237 ex
1116 5179 1223 5250 ﬁde
1250 5184 1300 5235 et
1327 5196 1424 5252 per
1449 5181 1610 5254 ﬁdem
1644 5199 1874 5258 prazpu-

299 5379 450 5452 (169)
482 5379 639 5453 inter
667 5376 1012 5432 arbitramur
1040 5379 1097 5432 et
1115 5375 1435 5448 justiﬁeari,
1465 5378 1525 5433 in
1555 5378 1725 5453 Vulg.
1783 5378 1873 5437 le-

226 5449 593 5525 είῐηερηἔῖηι
690 5516 706 5525 .
935 5517 945 5525 .
1029 5519 1042 5525 -
1108 5519 1121 5525 -
1187 5509 1198 5525 ,

297 5521 450 5591 (170)
482 5516 658 5591 Vulg.
690 5516 817 5573 loco
849 5517 1000 5591 enim
1029 5516 1204 5575 habet
1227 5536 1372 5591 ergo.

302 5586 454 5664 (171)
484 5586 693 5643 Nescio
722 5590 1015 5664 quomodo
1041 5586 1473 5664 verbum'istud
1530 5592 1808 5664 exciderit
1838 5610 1873 5648 a

227 5661 455 5726 calamo
485 5661 1024 5731 amanuensis,cum
1054 5662 1248 5738 potius
1266 5663 1872 5737 accusaremur,dicere

1991 4649 2241 4720 operibus
2254 4650 2607 4720 justiﬁcatus
2633 4653 2897 4718 est,habet
2925 4654 3168 4724 glom’am
3194 4658 3296 4713 sed
3336 4675 3446 4715 non
3476 4662 3631 4732 apud

1986 4739 2174 4794 Deum.
2207 4738 2535 4810 Tamquam
2567 4738 2802 4796 diceret:
2835 4741 2889 4797 Si
2922 4743 3216 4801 Abraham
3246 4762 3315 4801 ex
3343 4749 3625 4819 operibus

1978 4827 2343 4900 justiﬁcatus
2374 4830 2483 4890 est,
2512 4827 2691 4883 habet
2712 4830 2945 4900 quidem
2977 4831 3222 4905 gloriam
3253 4836 3409 4907 apud
3440 4836 3634 4893 homi-

1987 4932 2108 4983 nes,
2140 4915 2241 4971 sed
2273 4932 2387 4970 non
2419 4916 2574 4985 apud
2608 4919 2811 4988 Deum,
2837 4918 2976 4990 quia
3001 4936 3117 4975 non
3158 4920 3335 4977 habet
3358 4936 3485 4978 eam
3504 4923 3629 4996 glo-

1986 5004 2134 5060 riam
2167 5020 2283 5075 qua
2313 5003 3005 5078 gloriﬁcaturDeus,quia
3034 5026 3150 5064 non
3184 5010 3280 5065 Dei
3311 5011 3629 5083 gratia,sed

1985 5092 2110 5150 suis
2141 5093 2364 5149 meritis
2396 5096 2485 5149 est
2533 5092 2916 5164 justiﬁcatus.
2952 5095 3146 5153 Potest
3221 5098 3380 5154 enim
3411 5099 3629 5173 aliquis

1984 5184 2137 5239 bona
2162 5199 2338 5255 opera
2365 5182 2492 5240 sine
2521 5182 2657 5251 fide,
2689 5182 2778 5239 vel
2808 5200 2913 5255 per
2941 5185 3117 5242 ﬁdem
3151 5188 3278 5244 sine
3295 5188 3471 5246 bonis
3492 5205 3628 5262 ope-

1980 5378 2221 5434 deberet
2250 5380 2472 5432 auctor.

2054 5449 2204 5521 (172)
2234 5448 2339 5503 Hic
2367 5446 2574 5519 incipit
2602 5463 2728 5520 cap.
2764 5448 2836 5504 IV
2864 5449 2992 5523 Ep.,
3029 5455 3359 5511 secundum
3389 5454 3629 5514 divisio-

1982 5537 2116 5577 nem
2143 5517 2316 5590 Vulg.
2409 5585 2421 5590 _

2052 5591 2203 5664 (173)
2235 5585 2299 5645 In
2327 5585 2487 5661 vulg.
2517 5604 2665 5659 ergo.
