3956 6230
183 345 297 404 165

787 338 1202 400 EXPOSITIO
1250 340 1324 399 IN
1375 339 1797 399 EPIS'I‘OLAS
1844 337 2106 398 PAULI.
2137 373 2213 380 —
2257 339 2331 397 IN
2382 339 2626 399 EPIST.
2675 341 2776 398 AD
2826 340 3012 399 ltOM.

3491 342 3600 404 166

188 478 360 533 ribus
392 473 552 546 apud
589 471 859 528 homines
897 471 1080 526 videri
1131 471 1340 538 bonus,
1377 472 1472 526 sed
1534 488 1643 524 non
1693 470 1845 540 apud
1877 471 1932 536 Α
1963 469 2158 524 omnia
2184 470 2303 523 ﬁeri
2335 470 2392 524 in
2417 471 2785 542 baptismate.
2811 471 2924 525 Nec
2957 469 3075 524 ulla
3098 472 3396 526 beatitudo
3423 475 3606 542 major

191 567 401 621 Deum.
437 563 610 629 Quia,
644 562 799 617 sicut
830 562 982 616 bona
1013 576 1188 631 opera
1234 560 1360 615 sine
1411 560 1540 625 fide,
1574 560 1656 614 ita
1707 560 1850 614 lides

193 655 255 709 in
289 667 570 725 processu
605 650 889 722 temporis
921 648 1065 702 nihil
1118 647 1285 719 valet,
1321 648 1431 702 nisi
1480 649 1631 702 bona
1677 664 1853 719 opera

193 746 546 814 sequantur.
571 741 660 807 Et,
696 743 762 794 ut
792 755 961 794 suam
995 737 1388 792 narrationem
1417 736 1658 792 Genesis
1689 736 1850 791 testi-

197 832 398 887 monio
431 828 860 900 comprobaret,
895 827 1106 895 adjecit
1139 843 1151 880 :
1204 826 1351 896 ()uid
1389 828 1535 880 enim
1567 827 1855 896 Scriptura

194 921 381 977 dicit?
411 923 531 974 Hoc
580 921 668 973 est
703 933 715 970 :
768 917 921 972 unde
952 915 1252 986 Scriptura
1282 914 1423 969 dicit
1462 915 1852 984 justiticatum

200 1006 552 1064 Abraham?
585 1004 893 1077 Operibus,
929 1021 997 1058 an
1035 1004 1192 1057 fide?
1233 1002 1366 1057 Fide
1401 1002 1597 1074 utique
1633 1018 1645 1055 ε
1697 1019 1853 1068 nam,

197 1097 442 1153 credidit
473 1093 749 1149 Abraham
781 1092 905 1161 Deo,
936 1095 985 1146 et
1016 1097 1324 1160 reputatum
1356 1093 1430 1144 est
1467 1091 1524 1144 ei
1566 1089 1638 1143 ad
1682 1090 1856 1158 justi-

201 1190 345 1241 tiam
374 1184 519 1256 (Gal.
554 1200 638 1252 ιιι,
669 1181 747 1251 6).
781 1179 888 1234 Ubi
921 1179 1269 1248 notandum,
1302 1177 1442 1249 quia
1472 1194 1584 1233 non
1618 1177 1716 1247 ait,
1750 1177 1858 1231 cir-

210 1274 514 1331 cumcisus
537 1275 627 1326 est
647 1288 660 1338 ;
687 1268 1074 1334 sed,credidit,
1092 1267 1228 1339 quia
1245 1267 1356 1321 ﬁde
1372 1267 1732 1337 justiticatus
1751 1271 1853 1321 est.

214 1365 279 1419 Ei
313 1366 512 1430 autem,
541 1361 640 1431 qui
669 1366 945 1430 operatur,
970 1373 1172 1412 merces
1203 1372 1308 1410 non
1341 1358 1648 1427 imputatur
1675 1373 1861 1410 secun-

215 1453 351 1507 dum
377 1454 636 1522 gratiam,
668 1447 761 1504 sed
789 1446 1088 1502 secundum
1116 1446 1374 1500 debitum.
1399 1446 1466 1500 Et
1495 1448 1584 1500 est
1615 1461 1858 1501 sensus:

213 1541 280 1595 Ei
312 1540 408 1611 qui
442 1541 737 1610 operatur,
770 1535 826 1590 id
859 1538 966 1601 est,
1000 1535 1099 1606 qui
1133 1535 1202 1589 de
1233 1533 1505 1606 operibus
1538 1534 1863 1605 priesumit,

216 1645 438 1684 merces
471 1644 587 1683 non
617 1627 949 1696 imputatur
979 1623 1302 1679 secundum
1336 1622 1605 1693 gratiam,
1639 1623 1739 1678 sed
1775 1638 1864 1678 se-

215 1718 484 1772 cundum
535 1714 817 1779 debitum,
851 1713 990 1784 quia
1038 1711 1163 1767 suis
1212 1712 1432 1767 meritis
1478 1712 1861 1782 justiﬁcatur.

215 1806 368 1860 Nam
402 1820 562 1858 more
585 1803 840 1857 humano
864 1800 1178 1873 Apostolus
1209 1801 1501 1871 loquitur;
1536 1801 1674 1854 dum
1709 1801 1864 1855 enim

218 1893 440 1963 aliquis
473 1892 637 1947 alteri
669 1890 888 1960 tribuit,
915 1890 1068 1945 unde
1097 1889 1564 1944 vicissitudinem
1597 1889 1865 1960 accipiat,

219 1998 444 2038 merces
477 1981 525 2036 ei
572 1998 685 2036 non
718 1979 1043 2052 imputatur
1073 1979 1398 2033 secundum
1431 1979 1701 2049 gratiam,
1733 1979 1869 2048 quia

211 2071 361 2126 nihil
391 2069 577 2142 gratis
611 2069 838 2124 tribuit.
874 2073 935 2122 In
967 2068 1082 2122 Deo
1123 2084 1256 2122 vero
1297 2085 1411 2122 non
1464 2067 1543 2122 ila
1591 2073 1697 2138 est,
1731 2069 1869 2138 quia

215 2156 360 2212 nihil
393 2157 467 2212 ab
498 2156 739 2212 homine
771 2155 1015 2226 accepit,
1042 2172 1142 2226 pro
1175 2172 1290 2226 quo
1321 2155 1370 2210 ei
1403 2154 1865 2210 vicissitudinem

215 2246 439 2302 reddat.
471 2246 632 2300 Unde
664 2245 736 2299 ad
766 2245 875 2299 Job
908 2244 1190 2314 loquitur,
1213 2245 1448 2298 dicens:
1485 2247 1590 2311 Qui
1618 2249 1746 2298 ante
1776 2245 1865 2298 de-

219 2336 300 2390 dit
330 2337 490 2405 mihi,
523 2338 582 2388 ut
610 2350 708 2404 ego
739 2333 962 2388 reddam
993 2333 1092 2388 ei?
1121 2333 1256 2402 (Job.
1292 2350 1403 2400 xu,
1437 2334 1515 2403 2.)
1548 2334 1692 2387 Ilinc
1729 2332 1868 2389 alibi

221 2425 280 2478 id
290 2427 430 2478 emA
439 2423 718 2495 postolus:
736 2423 930 2478 Gratia
943 2422 1087 2478 salvi
1100 2424 1234 2492 facti
1249 2425 1378 2477 cetis
1391 2438 1494 2494 per
1509 2423 1744 2493 fidem,et
1761 2439 1867 2478 non

222 2529 297 2568 ex
325 2513 472 2568 vobis
485 2529 506 2574 ;
527 2513 623 2567 Dei
639 2513 845 2567 donum
873 2514 969 2576 est,
993 2527 1060 2566 ne
1085 2512 1204 2582 quis
1223 2513 1492 2582 glorietur
1513 2512 1668 2583 (Eph.
1698 2529 1759 2577 ιι,
1790 2513 1866 2582 8).

225 2601 390 2658 Unde
411 2606 469 2657 et
488 2601 764 2657 continuo
786 2601 1058 2656 subditur
1078 2618 1090 2655 ε
1117 2602 1181 2654 Ei
1203 2617 1322 2655 vero
1345 2603 1442 2670 qui
1467 2617 1573 2655 non
1593 2607 1866 2672 aperatur,

221 2690 465 2746 credenti
479 2693 664 2745 autem
687 2691 744 2744 in
763 2705 887 2744 eum
908 2691 1004 2761 qui
1018 2690 1285 2760 justi/ient
1306 2690 1564 2760 impium,
1580 2699 1873 2760 reputatur

223 2779 355 2850 ﬁdes
375 2781 496 2852 ejus
514 2779 895 2850 adjustitiam.
913 2778 971 2832 Ei
998 2778 1097 2850 qui
1121 2795 1234 2833 non
1258 2782 1549 2849 operatur,
1566 2780 1624 2834 id
1648 2785 1756 2847 est,
1771 2780 1872 2851 qui

224 2870 296 2926 de
319 2868 594 2940 operibus
619 2885 735 2923 non
768 2867 1088 2939 priesumit,
1113 2883 1217 2922 nec
1249 2867 1373 2922 suis
1396 2869 1619 2923 meritis
1650 2886 1712 2924 se
1741 2887 1871 2940 gra-

228 2959 375 3014 tiam
407 2962 789 3013 consecutum
813 2956 1012 3022 credit,
1037 2960 1339 3028 reputatur
1362 2957 1504 3012 tides
1536 2958 1663 3028 ejus
1685 2959 1755 3013 ad
1781 2959 1875 3027 ju-

229 3047 479 3114 stitiam,
504 3047 660 3101 sicut
682 3049 740 3100 et
758 3045 1019 3100 Abrahae.
1036 3046 1168 3112 Sed,
1186 3062 1256 3100 ne
1278 3045 1385 3100 hoc
1410 3045 1702 3102 videretur
1724 3052 1874 3120 Apo-

233 3135 422 3191 stolus
442 3134 722 3199 sensisse,
745 3134 898 3205 quod
924 3134 1198 3188 omnibus
1221 3135 1362 3189 ﬁdes
1385 3136 1454 3190 ad
1472 3135 1763 3206 justitiam
1789 3154 1877 3191 re-

1959 575 2086 614 esse
2118 565 2326 629 potest,
2350 576 2524 630 quam
2558 559 2683 613 sine
2717 558 2832 613 ullo
2864 559 3244 629 pmnitudinis
3276 559 3491 628 labore,
3518 579 3604 617 re-

1964 646 2302 702 missionem
2325 647 2588 702 omnium
2611 649 2888 718 consequi
2925 652 3314 719 peccatorum.
3342 651 3450 704 Sed
3475 667 3606 706 ecce

1961 737 2162 791 Judaao
2187 737 2561 808 qumstionem
2592 736 2883 807 proponit.
2908 737 3035 806 subj
3049 753 3304 807 ungens:
3337 739 3607 795 beatitudo

1963 842 2090 896 ergo
2121 827 2236 881 haec
2268 828 2327 879 in
2356 827 2774 879 circumcisimze
2803 826 2947 895 (174)
2998 837 3202 891 manet,
3233 845 3305 880 an
3349 830 3516 883 etiam
3549 832 3607 883 in

1961 916 2280 986 prJC‘pttlio?
2308 914 2428 975 Quo
2462 918 2730 967 manente
2763 931 3069 984 suspenso,
3097 913 3334 970 intulit:
3369 917 3610 971 Dicimus

1966 1006 2132 1068 enim,
2167 1005 2298 1072 quia
2347 1006 2593 1073 reputate.
2633 1012 2709 1056 est
2739 1002 2972 1058 .‘lbraha?
3019 1003 3151 1070 ﬁdes
3192 1005 3266 1058 ad
3302 1005 3606 1075 justitiam.

1968 1092 2140 1154 Quasi
2173 1091 2387 1145 diceret
2415 1107 2425 1144 :
2465 1089 2600 1145 certi
2625 1092 2769 1160 (175)
2793 1108 2998 1144 sumus
3030 1091 3100 1144 de
3148 1092 3604 1162 justiﬁcatione:

1969 1181 2068 1235 sed
2102 1181 2170 1234 de
2202 1165 2460 1250 tempdrc
2489 1180 2824 1250 qumrimus.
2863 1183 2926 1232 Et
2960 1179 3065 1234 hoc
3095 1185 3202 1250 est,
3227 1182 3380 1252 quod
3416 1183 3610 1253 sequi-

1972 1277 2068 1324 tur
2099 1285 2111 1322 :
2167 1269 2436 1336 Quomodo
2465 1285 2588 1338 ergo
2620 1276 2874 1338 reputate
2914 1276 2988 1323 est
3015 1272 3038 1320 .9
3088 1271 3144 1323 in
3174 1272 3611 1343 circumcisione,

1972 1359 2116 1429 (170)
2147 1374 2268 1412 cum
2299 1361 2449 1422 esset,
2483 1375 2552 1410 an
2587 1359 2644 1411 in
2675 1359 2986 1427 prmputio?
3017 1358 3080 1411 Et
3109 1358 3309 1413 Judaeo
3343 1365 3614 1415 manente

1973 1463 2258 1518 suspenso
2301 1465 2403 1502 nec
2450 1447 2699 1500 audente
2731 1447 3097 1517 respondere,
3133 1463 3204 1500 ne
3253 1448 3377 1504 suis
3427 1450 3616 1505 verbis

1974 1541 2293 1607 caperetur,
2328 1536 2452 1607 ipse
2485 1535 2595 1590 sibi
2630 1535 2950 1606 respondit,
2982 1535 3182 1590 dicens
3217 1553 3229 1590 :
3264 1537 3383 1590 Non
3413 1540 3469 1591 in
3501 1540 3616 1593 cir-

1972 1627 2327 1688 cumcisione,
2369 1624 2459 1678 sed
2509 1626 2566 1678 in
2612 1627 2906 1695 prwputio.
2942 1628 3004 1677 In
3056 1625 3272 1696 quibus
3318 1626 3530 1694 verbis,
3567 1627 3618 1682 si

1976 1714 2283 1784 diligenter
2299 1712 3139 1779 animadvertamus,videturA
3153 1716 3410 1784 postolus
3429 1716 3618 1772 dicere

1977 1821 2041 1857 eo
2075 1809 2333 1873 tempore
2369 1803 2732 1855 nominatum
2766 1802 3083 1866 Abraham,
3117 1821 3252 1873 quo,
3288 1822 3400 1859 non
3446 1805 3619 1860 Abra-

1979 1892 2136 1950 ham.
2171 1891 2270 1945 sed
2304 1890 2516 1943 Abram
2550 1890 2865 1944 vocabatur
2898 1907 2908 1943 :
2964 1892 3115 1961 quod
3150 1891 3278 1945 ideo
3313 1895 3448 1961 egit,
3484 1895 3621 1965 quia

1980 1984 2213 2034 noverat
2234 1980 2429 2034 omnia
2451 1996 2482 2032 a
2509 1983 2617 2032 Deo
2641 1978 3066 2048 prmdestinata,
3089 1979 3200 2033 ﬁxa
3222 1985 3278 2034 et
3300 1981 3624 2038 immobilia

1981 2084 2338 2141 permanere.
2375 2069 2461 2132 Et,
2497 2072 2775 2137 tanquam
2812 2067 3026 2120 diceret
3072 2067 3285 2139 aliquis
3331 2071 3569 2125 Judmus
3603 2088 3617 2125 :

1978 2176 2081 2212 cur
2128 2157 2416 2211 Abraham
2468 2154 2970 2210 circumcisionem
3023 2156 3260 2226 accepit,
3296 2157 3344 2210 si
3397 2157 3618 2215 nullam

1977 2247 2393 2302 beatitmlincm
2429 2249 2775 2299 consecutus
2807 2243 2938 2298 est?
2995 2243 3147 2298 Illico
3201 2246 3506 2302 subdidit:
3558 2249 3622 2303 Et

1976 2338 2195 2406 signum
2243 2335 2452 2402 accepit
2499 2333 2958 2399 circumcisio-iiis,
2999 2334 3342 2402 signaculum
3385 2337 3620 2405 justitiae

1977 2425 2122 2495 ﬁdei,
2155 2439 2277 2494 quso
2308 2430 2384 2478 est
2415 2425 2471 2477 in
2499 2425 2785 2493 praeputio.
2823 2423 2895 2475 Ac
2936 2421 2981 2475 si
3027 2422 3243 2477 diceret
3278 2440 3288 2478 :
3343 2423 3466 2478 Non
3517 2442 3619 2496 pro

1980 2513 2360 2577 beatitudine,
2379 2509 2914 2581 autjustiticatione
2941 2510 3446 2566 ctrcumeisionem
3470 2529 3628 2568 acce-

1980 2602 2084 2674 pit,
2118 2603 2216 2657 sed
2252 2619 2352 2672 pro
2385 2601 2572 2671 signo.
2608 2598 2711 2653 Ubi
2747 2599 3094 2663 notandum,
3126 2599 3263 2669 quia
3294 2600 3409 2654 duo
3441 2601 3622 2656 dicit:

1981 2691 2215 2762 signum
2240 2694 2296 2743 et
2318 2687 2781 2760 signaculum,et
2806 2687 3073 2741 fortassis
3100 2705 3278 2742 unum
3305 2694 3478 2756 sunt;
3503 2692 3627 2756 sed,

1983 2780 2031 2835 si
2087 2779 2393 2850 diligenter
2439 2778 2759 2844 attendam,
2809 2793 3020 2849 magna
3067 2782 3158 2831 est
3199 2778 3498 2833 distantia.
3533 2780 3622 2834 Si-

1984 2886 2164 2941 gnum
2197 2868 2352 2922 enim
2385 2872 2473 2922 est
2506 2867 2660 2938 quod
2705 2865 2886 2933 aliud,
2919 2883 3095 2937 quam
3147 2872 3256 2936 est,
3289 2867 3580 2940 significat
3612 2887 3624 2924 :

1987 2956 2481 3029 quemadmodum
2512 2955 2791 3010 Dominus
2823 2955 3039 3009 Judaeis
3080 2956 3249 3026 signa
3296 2959 3629 3028 petentibus

1986 3047 2129 3100 dicit
2158 3062 2170 3101 ε
2206 3047 2486 3101 (Ieneratio
2517 3046 2630 3099 luce
2657 3044 2908 3100 adultera
2938 3052 3055 3110 est;
3084 3045 3304 3113 signum
3334 3049 3555 3116 quaerit,
3579 3051 3630 3102 et

1986 3139 2207 3207 signum
2239 3151 2346 3188 non
2377 3134 2601 3188 dabitur
2637 3136 2708 3204 ei,
2741 3136 2852 3187 nisi
2890 3135 3106 3203 signum
3152 3135 3306 3189 lenae
3356 3135 3632 3206 ριὀρΙιινιέε

228 3227 557 3295 putaretur,
593 3221 877 3294 praemisit
908 3240 920 3276 :
953 3222 1194 3277 credenti
1224 3225 1282 3276 in
1311 3239 1455 3288 eum,
1488 3227 1585 3294 qui
1614 3227 1877 3295 iustiﬁeat
1909 3211 1950 3276 C
1989 3225 2190 3292 (Matth.
2243 3242 2341 3289 xu,
2392 3224 2504 3291 30):.
2562 3222 2665 3276 Ubi
2717 3223 2975 3276 ostendit
3029 3239 3173 3292 pene
3229 3223 3445 3290 omnia,
3502 3242 3629 3295 qua:

228 3315 485 3384 impium.
519 3311 626 3367 Ubi
658 3311 1006 3382 notandum,
1032 3311 1166 3382 quia
1199 3329 1312 3366 non
1345 3313 1422 3367 ait
1450 3329 1461 3367 ε
1497 3315 1751 3369 credenti
1783 3315 1832 3369 ei
1861 3331 1873 3368 :

230 3406 346 3458 Deo
377 3418 636 3472 namque
665 3401 899 3456 credere
926 3405 1014 3455 est
1047 3401 1353 3472 promissis
1387 3401 1545 3458 illius
1578 3403 1750 3458 ﬁdem
1783 3421 1877 3458 ac-

229 3491 656 3548 commodare:
713 3490 771 3543 in
819 3489 1001 3544 Deum
1048 3506 1181 3545 vero
1229 3491 1461 3546 credere
1508 3496 1596 3546 est
1644 3509 1876 3547 omnem

213 3596 402 3652 .spem
453 3578 513 3632 in
547 3578 671 3649 ipso
702 3577 996 3633 collocare.
1038 3579 1127 3643 Et,
1163 3583 1225 3634 ut
1265 3596 1432 3634 suam
1487 3580 1877 3636 narrationem

232 3667 562 3724 Psalmistm
597 3667 925 3722 testimonio
956 3670 1346 3736 conﬁrmaret,
1381 3668 1650 3738 adjunxit
1683 3688 1695 3725 :
1731 3671 1882 3726 Sicut

230 3762 287 3814 et
316 3755 494 3812 David
521 3755 657 3811 dicit
679 3755 1070 3810 beatitudinem
1099 3757 1358 3826 hominis,
1383 3759 1474 3812 cui
1497 3762 1640 3813 Deus
1668 3768 1883 3830 accepto

233 3850 341 3915 fert
359 3847 642 3918 justitiam
671 3847 793 3900 sine
821 3845 1090 3916 aperibus,
1124 3845 1182 3899 id
1230 3851 1337 3914 est,
1371 3848 1460 3902 cui
1506 3848 1659 3903 Deus
1702 3850 1884 3921 gratis

236 3940 294 3992 et
325 3938 536 4007 sponte
568 3933 774 3988 tribuit
801 3934 1275 4004 iustiﬁcationem
1304 3951 1316 3990 :
1350 3937 1522 4007 Beati,
1546 3953 1776 4008 quorum
1807 3954 1886 3993 re-

233 4027 416 4079 missae
446 4031 576 4078 sunt
604 4024 940 4095 iniquitates,
972 4027 1023 4077 et
1062 4039 1294 4093 quorum
1326 4027 1463 4079 tecta
1489 4029 1615 4080 sunt
1638 4032 1881 4098 peccata.

240 4115 438 4169 Beatus
491 4115 597 4178 vir,
649 4113 740 4166 cui
792 4127 903 4166 non.
950 4113 1238 4183 imputavit
1282 4115 1546 4168 Dominus
1602 4125 1886 4186 peccatum

236 4202 421 4272 (Psal.
456 4217 606 4266 xxxr,
644 4200 694 4266 1,
727 4199 804 4270 ‘2).
839 4198 945 4254 Ubi
979 4200 1326 4268 notandum,
1352 4201 1490 4271 quia
1519 4203 1629 4256 tria
1658 4204 1888 4259 videtur

239 4289 557 4345 Psalmista
584 4288 774 4343 dicere
800 4306 812 4343 :
845 4288 1122 4343 remissas
1153 4287 1514 4360 iniquitates,
1538 4297 1773 4362 peccata
1800 4297 1884 4347 te-

239 4387 353 4444 cta,
377 4382 436 4434 et
465 4394 581 4432 non
615 4377 972 4449 imputatum
1005 4382 1330 4449 peccatum.
1353 4378 1514 4434 Unde
1537 4379 1772 4450 quidam
1807 4381 1888 4435 di-

237 4473 382 4524 cunt
409 4467 754 4538 iniquitates
786 4465 1005 4522 remitti
1038 4482 1139 4536 per
1168 4467 1592 4538 paenitentiam,
1627 4486 1743 4523 non
1775 4471 1887 4525 im-

1988 3315 2139 3369 circa
2168 3317 2376 3367 Jonam
2417 3315 2581 3382 gesta
2629 3316 2788 3378 sunt,
2823 3311 2892 3365 ad
2945 3327 3006 3364 se
3057 3311 3362 3381 pertinere.
3399 3313 3541 3367 Hinc
3575 3319 3633 3369 et

1989 3404 2222 3457 Simeon
2255 3402 2324 3456 de
2356 3399 2600 3454 Domino
2641 3399 2824 3452 dicit:
2879 3403 3014 3454 Ecce
3057 3401 3266 3469 positus
3312 3409 3388 3456 est
3437 3401 3525 3454 hic
3570 3404 3633 3456 in

1987 3493 2211 3548 ruinam
2258 3498 2306 3544 et
2362 3492 2418 3542 in
2466 3491 2682 3557 signum
2731 3489 2880 3558 (Luc.
2915 3505 2976 3552 ιι,
3008 3489 3118 3559 3’1).
3155 3487 3331 3542 Filius
3374 3507 3630 3562 namque

1991 3580 2090 3635 Dei
2123 3582 2273 3634 recte
2304 3577 2538 3648 signum
2571 3576 2764 3629 dictus
2794 3579 2881 3629 est
2909 3593 2921 3641 ;
2957 3575 3094 3647 quia
3125 3575 3282 3630 aliud
3303 3577 3630 3648 videbatur,

1990 3670 2047 3724 id
2081 3673 2187 3732 est,
2217 3668 2412 3737 homo,
2435 3671 2491 3720 et
2520 3665 2676 3719 aliud
2711 3665 3072 3736 credebatur,
3097 3666 3150 3720 id
3184 3671 3273 3721 est
3303 3671 3472 3723 Deus.
3495 3672 3632 3724 Car-

1995 3758 2143 3813 nalis
2192 3757 2387 3827 itaque
2435 3755 2797 3810 circumcisio
2840 3760 2994 3810 recte
3046 3755 3280 3827 signum
3332 3757 3486 3814 dicta
3524 3763 3640 3827 est,

1994 3847 2132 3919 quia
2158 3845 2482 3918 spiritalem
2505 3844 2868 3914 signiﬁcabat
2891 3844 3398 3901 circumcisionem
3424 3864 3548 3918 qum
3577 3848 3644 3904 ﬁt

1995 3951 2097 4008 per
2118 3935 2364 4008 gratiam
2399 3939 2456 3987 et
2487 3933 2658 3987 ﬁdem
2683 3933 2918 3987 Christi.
2948 3933 3144 4004 Ipsum
3171 3934 3383 4006 quippe
3409 3952 3645 4006 regene-

1997 4025 2238 4081 rationis
2269 4027 2584 4087 auctorem,
2613 4022 2920 4074 Dominum
2958 4021 3223 4077 videlicet
3251 4023 3450 4078 Jesum
3474 4024 3644 4078 Chri-

1995 4119 2152 4169 stum
2186 4110 2573 4183 significabat,
2608 4126 2710 4179 per
2739 4109 2906 4177 cujus
2946 4110 3196 4180 gratiam
3238 4113 3414 4166 corda
3463 4129 3647 4167 mun—

1996 4201 2548 4272 dantur,expiantur
2569 4196 3348 4268 conscientimﬁignaculum
3374 4215 3504 4254 vero
3529 4204 3646 4272 est,

1998 4292 2151 4364 quod
2183 4289 2353 4344 alicui
2387 4285 2678 4341 servandae
2728 4285 2807 4338 rei
2857 4301 2959 4355 pro
2992 4289 3250 4357 tempore
3285 4287 3539 4358 ponitur,
3573 4294 3645 4344 ut

1999 4398 2112 4435 non
2146 4380 2217 4434 ab
2250 4377 2362 4433 alio
2395 4374 2651 4430 solvatur
2689 4389 2862 4445 quam
2904 4374 2977 4426 ab
3023 4391 3088 4428 eo
3140 4375 3240 4446 qui
3289 4375 3504 4446 posuit.
3541 4375 3647 4434 Illa

1998 4486 2132 4541 ergo
2168 4465 2535 4522 circumcisio
2568 4468 2722 4519 recte
2755 4461 3124 4534 signaculum
3158 4463 3313 4518 dicta
3365 4467 3474 4530 est,
3509 4464 3652 4535 quia

238 4557 435 4630 putari
457 4555 518 4610 in
544 4555 846 4626 martyrio.
873 4555 986 4610 Sed
1009 4556 1354 4622 notandum,
1379 4557 1517 4626 quia
1537 4573 1647 4612 non
1684 4559 1799 4614 ait:
1831 4560 1891 4615 in
1923 4576 1968 4640 D
2001 4574 2103 4630 pro
2138 4554 2439 4627 signaculo
2491 4553 2628 4608 data
2676 4556 2763 4606 est
2792 4551 3030 4617 Judaeis,
3065 4555 3128 4606 ut
3176 4569 3290 4607 non
3339 4553 3412 4607 ab
3466 4551 3649 4611 altero

239 4647 458 4718 quibus
491 4661 608 4700 non
640 4643 1022 4700 inveniuntur
1050 4649 1305 4716 peccata,
1341 4646 1464 4713 sed,
1493 4662 1725 4718 quorum
1755 4653 1895 4704 tecta

236 4745 384 4791 sunt.
411 4734 577 4790 Unde
603 4734 810 4788 beatus
833 4733 1145 4806 Gregorius
1171 4751 1182 4788 :
1217 4734 1333 4790 Nos
1364 4735 1466 4803 rei,
1491 4752 1668 4806 quam
1701 4741 1892 4808 tegere

237 4825 539 4890 volumus,
565 4821 785 4893 aliquid
811 4822 1372 4897 superimponimus,
1393 4841 1464 4880 ne
1485 4825 1778 4896 videatur;
1808 4827 1893 4882 sic

234 4917 290 4968 et
332 4911 592 4984 peccatis
621 4911 862 4978 nostris,
896 4928 1012 4966 non
1064 4913 1254 4969 solum
1309 4914 1755 4982 confessionem,
1790 4916 1889 4970 sed

233 5001 410 5056 etiam
443 5000 601 5055 bona
632 5014 808 5070 opera
838 5004 1322 5071 superponentes,
1346 5001 1620 5071 tegimus,
1649 5005 1712 5055 ut
1736 5001 1892 5056 Deus

236 5107 349 5146 non
383 5088 838 5154 animadvertat,
873 5087 926 5141 id
959 5093 1066 5155 est,
1098 5089 1322 5160 puniat.
1357 5088 1514 5144 Unde
1547 5089 1694 5144 idem
1731 5089 1890 5145 Psal-

239 5177 410 5233 mista
438 5194 452 5233 :
503 5178 699 5232 Auerte
727 5177 930 5246 faciem
960 5182 1114 5232 tuam
1144 5195 1177 5232 a
1204 5180 1438 5249 peccatis
1469 5179 1607 5233 meis
1635 5179 1805 5250 (Psal.
1837 5197 1887 5249 L,

237 5267 342 5339 11).
377 5267 496 5323 Nos
526 5265 712 5337 igitur
741 5264 1146 5322 incunctanter
1175 5268 1411 5323 credere
1439 5267 1722 5323 debemus
1770 5268 1891 5323 haec

292 5519 452 5603 .(174)
482 5517 662 5590 Vulg.
712 5517 778 5571 In
824 5518 1238 5575 circumcisione
1292 5520 1512 5572 tantum
1567 5527 1770 5589 manet,
1818 5536 1893 5575 an

227 5595 454 5741 milis)
483 5662 701 5733 Autog.
725 5657 848 5716 loco
878 5663 1016 5719 certi
1041 5677 1230 5721 sumus
1259 5658 1438 5717 habet
1461 5663 1817 5719 certissimus.

2002 4647 2320 4703 solveretur
2349 4643 2437 4699 vel
2468 4642 2793 4697 auferretur
2822 4658 2996 4712 quam
3043 4641 3114 4695 ab
3162 4658 3227 4697 eo
3277 4643 3377 4713 qui
3428 4641 3646 4714 posuit.

1999 4733 2161 4789 Unde
2192 4733 2344 4786 idem
2377 4730 2689 4801 Apostolus
2723 4730 2864 4784 dicit
2897 4747 2910 4784 :
2962 4731 3026 4784 At
3059 4730 3156 4784 ubi
3184 4733 3330 4785 venit
3357 4731 3650 4803 plenitudo

1999 4823 2277 4894 temporis,
2302 4823 2454 4876 misit
2479 4825 2621 4876 Deus
2647 4821 2847 4874 Filium
2867 4836 3030 4874 suum
3058 4823 3263 4887 factum
3292 4837 3362 4876 ea:
3392 4821 3647 4893 muliere,

1998 4916 2207 4984 factum
2255 4911 2352 4964 sub
2400 4911 2531 4979 lege,
2565 4911 2623 4962 ut
2661 4925 2752 4964 eos
2779 4911 2877 4980 qui
2904 4909 3001 4964 sub
3035 4912 3145 4980 tege
3173 4919 3328 4965 erant
3357 4910 3656 4968 redimeret

2001 5002 2141 5074 (Gal.
2169 5018 2245 5068 IV,
2271 4999 2359 5070 4):
2396 4999 2532 5070 quia
2563 5015 2676 5053 non
2709 4999 2872 5068 prius
2905 4999 3000 5054 ﬁet
3024 5016 3201 5070 quam
3233 4999 3377 5055 illud
3406 4999 3652 5072 implea-

1997 5096 2095 5145 tur
2125 5090 2278 5160 quod
2313 5089 2448 5143 alibi
2496 5088 2575 5142 ait
2609 5104 2621 5142 :
2678 5093 2856 5143 Donec
2883 5088 3166 5158 plenitudo
3195 5092 3441 5158 gentium
3474 5092 3653 5144 intro-

1998 5183 2122 5250 iret,
2155 5186 2207 5234 et
2254 5181 2332 5234 sic
2381 5181 2558 5234 omnis
2604 5179 2777 5234 Israel
2819 5180 3010 5234 salvus
3050 5181 3200 5248 ﬁeret
3229 5182 3406 5247 (Rom.
3441 5197 3503 5248 ιι,
3536 5181 3651 5252 ‘25).

2000 5270 2172 5324 Recte
2203 5267 2575 5337 signaculum
2608 5267 2840 5322 dicitur.
2873 5267 2990 5322 Cur
3039 5272 3233 5323 autem
3278 5268 3652 5341 signaculum

1999 5587 2034 5642 b
2071 5513 2219 5640 (1:6)
2247 5511 2438 5567 Verba
2475 5527 2599 5566 cum
2640 5521 2775 5568 esset
2822 5514 2879 5569 in
2909 5512 3080 5585 Vulg.
3112 5511 3360 5573 lectione
3392 5530 3508 5569 non
3541 5513 3645 5572 ha-

2042 5602 2110 5642 en
2147 5601 2234 5640 ur.

2042 5601 2234 5642 BDLUI‘.
