3956 6230
139 297 247 366 169

755 288 1170 349 EXPOSITIO
1218 288 1292 347 IN
1344 288 1764 349 EPISTOLAS
1813 288 2067 348 PAULI.
2105 320 2178 332 --
2212 290 2285 348 IN
2335 291 2582 351 EPIST.
2629 294 2734 350 AD
2783 291 2970 351 HUM.

3445 298 3559 354 170

144 425 464 481 multarum
508 422 802 494 gentium.
833 422 938 488 Qui
965 417 1218 490 viviﬁcut
1248 424 1508 476 mortuos.
1544 420 1800 474 Mortuos
1831 420 1883 485 Α
1911 420 2050 473 sicut
2076 422 2267 476 stellas
2313 423 2434 474 mili
2481 427 2530 476 et
2579 425 2718 477 sicut
2759 437 2993 477 arenam
3023 439 3144 492 qua?
3175 433 3253 478 est
3283 427 3336 478 in
3382 426 3564 481 littore

142 517 246 571 hoc
299 514 449 580 loco,
500 529 616 566 non
670 526 929 582 corpore,
985 510 1085 564 sed
1135 510 1335 564 anima
1382 511 1660 563 debemus
1711 508 1798 562 in-

143 604 422 675 telligere,
450 603 627 671 juxta
656 599 800 654 illud
841 617 853 654 :
888 600 1087 652 Anima
1137 613 1263 668 quae
1305 601 1604 668 peccaverit
1631 601 1803 652 morte

141 695 430 748 morietur.
485 690 652 745 Sicut
700 687 857 742 enim
904 703 1118 757 corpus
1166 691 1462 740 mortuum
1506 691 1612 753 est,
1647 686 1801 756 quod

141 783 317 838 habet
347 781 576 845 oculos,
609 784 664 834 et
691 782 927 832 caeteros
967 792 1178 831 sensus
1226 774 1352 829 sine
1400 774 1523 830 suis
1573 775 1801 839 ofliciis,

140 873 271 927 ideo
304 874 543 924 mortua
578 872 666 922 est
695 865 917 929 anima,
962 881 1089 935 qua:
1145 863 1237 917 his
1288 864 1561 918 omnibus
1616 864 1802 918 sensi-

141 962 253 1014 bus
285 975 424 1014 cum
457 957 584 1012 suis
616 956 825 1011 officiis
857 957 1033 1021 caret,
1082 953 1137 1006 id
1195 959 1283 1006 ost
1327 971 1453 1024 quis
1485 970 1598 1008 non
1632 952 1807 1007 habet

142 1047 364 1113 oculos,
399 1045 617 1117 quibus
651 1043 833 1114 possit
862 1042 1058 1097 videre
1092 1046 1474 1110 Deum,aures
1507 1040 1802 1107 audiendi,

144 1138 366 1209 quibus
399 1134 584 1207 possit
612 1133 814 1188 audire
847 1135 1134 1202 praecepta
1182 1131 1302 1197 Dei,
1355 1146 1546 1199 nares,
1580 1135 1644 1184 ut
1674 1147 1805 1202 pro-

145 1226 299 1280 ferat
325 1226 488 1280 bona:
519 1221 813 1294 opinionis
845 1221 1107 1283 odorem,
1132 1220 1302 1289 juxta
1331 1218 1474 1273 illud
1496 1218 1752 1290 Apostoli
1788 1235 1801 1272 :

147 1316 365 1369 Christi
398 1313 562 1368 bonus
591 1311 726 1366 odor
753 1326 944 1364 sumus
998 1310 1104 1362 Deo
1157 1308 1232 1377 (ll
1277 1309 1398 1362 Cor.
1452 1325 1510 1377 ιι,
1549 1309 1668 1375 15);
1717 1324 1804 1374 os,

148 1406 216 1456 ut
248 1401 436 1457 valeat
465 1398 833 1472 degustando
882 1413 1058 1467 quam
1109 1395 1304 1450 suavis
1353 1397 1431 1450 sit
1480 1396 1802 1462 Dominus;

146 1508 386 1556 manus,
422 1491 675 1560 utjuxta
703 1503 902 1542 vocem
935 1485 1179 1540 Joannis
1211 1485 1394 1556 possit
1435 1490 1682 1540 tractare
1735 1486 1805 1540 de

143 1580 326 1636 verbo
362 1578 520 1644 vitae;
571 1577 766 1648 pedes,
817 1575 1032 1647 quibus
1086 1574 1164 1628 sit
1212 1574 1454 1629 verbum
1487 1574 1585 1629 Dei
1618 1574 1803 1629 lucer-

144 1686 258 1733 nae,
294 1667 513 1738 quibus
547 1664 806 1720 ambulet
833 1663 892 1717 in
923 1663 1048 1734 lege
1081 1662 1333 1717 Domini.
1371 1664 1483 1717 Hos
1514 1663 1660 1718 tales
1694 1663 1804 1717 Do-

147 1758 353 1812 minus
383 1756 634 1810 viviﬁcat
660 1752 1018 1824 iuspirando,
1054 1758 1119 1806 ut
1152 1753 1368 1807 mortui
1398 1751 1554 1806 vitiis
1609 1752 1805 1808 vivant

142 1845 494 1910 virtutibus,
527 1847 583 1898 et
629 1841 912 1898 credendo
960 1841 1020 1894 in
1066 1857 1201 1896 eum
1248 1844 1549 1896 transeant
1597 1841 1667 1895 ad
1716 1841 1804 1894 di-

144 1935 438 2005 gnitatem
470 1929 713 1987 seminis
740 1929 1006 1995 Abrahae,
1039 1934 1096 1984 et
1141 1934 1442 2000 reputatur
1490 1929 1607 1984 illis
1655 1925 1805 1984 fides

147 2025 218 2078 ad
247 2020 572 2094 justitiam.

219 2129 504 2200 Sequitur
548 2145 560 2182 :
596 2129 662 2181 Et
706 2131 857 2181 vocat
904 2142 967 2181 ea
1013 2140 1141 2196 quae
1186 2142 1297 2180 non
1339 2135 1488 2191 sunt,
1544 2134 1806 2198 tanquam

149 2235 218 2274 ea
247 2235 367 2290 quae
396 2225 542 2272 sunt.
577 2216 696 2271 Soli
731 2215 847 2270 Deo
879 2215 1181 2286 prOprium
1233 2220 1321 2270 est
1370 2232 1518 2281 esse,
1551 2216 1642 2269 cui
1687 2232 1802 2270 non

147 2313 244 2362 est
295 2306 484 2368 aliter,
534 2309 635 2360 aut
682 2303 1053 2360 dissimiliter
1099 2320 1246 2358 esse.
1301 2304 1412 2358 Sed
1469 2304 1575 2357 hoc
1623 2308 1712 2357 est
1754 2304 1804 2358 ei

148 2412 287 2452 esse
318 2395 474 2466 quod
525 2399 654 2449 est:
690 2397 964 2448 creaturae
1015 2409 1148 2447 vero
1201 2409 1315 2447 non
1369 2398 1453 2446 est
1505 2393 1803 2463 proprium

145 2501 302 2550 esse,
371 2483 511 2554 quia
558 2487 745 2554 potest
797 2485 853 2536 et
901 2481 1086 2547 aliter,
1136 2486 1193 2536 et
1236 2479 1607 2536 dissimiliter
1656 2497 1801 2536 esse.

146 2575 312 2640 Quod
340 2573 494 2628 idem
518 2571 830 2642 Apostolus
854 2570 1347 2636 manifestat,cum
1373 2570 1638 2640 Ephesiis
1657 2571 1804 2641 (184)

144 2664 417 2735 loquens,
452 2661 534 2717 ait
563 2661 716 2715 inter
745 2663 952 2714 caetera
984 2677 996 2714 :
1033 2660 1202 2714 Filius
1235 2661 1330 2714 Dei
1360 2661 1619 2714 Dominus
1653 2661 1805 2714 Iesus

147 2754 414 2820 Christus,
449 2753 548 2822 qui
572 2767 674 2821 per
701 2765 799 2804 nos
833 2750 894 2803 in
921 2750 1072 2804 vobis
1097 2749 1435 2819 praedicatus
1481 2757 1558 2803 est
1597 2765 1694 2818 per
1721 2764 1807 2804 me

144 2846 196 2898 et
225 2842 517 2896 Silvanum
561 2847 614 2894 et
664 2838 1016 2905 Timotheum,
1072 2854 1181 2892 non
1233 2839 1343 2907 fuit
1393 2842 1511 2904 Est,
1559 2841 1609 2891 et
1657 2837 1802 2906 Non,

147 2931 373 2986 sed.Est
404 2931 465 2984 in
490 2929 592 2984 illo
615 2930 750 3000 fuit.
780 2928 922 2982 Hinc
955 2927 1236 2982 Dominus
1268 2927 1339 2981 ad
1369 2927 1601 2998 Moysen
1635 2925 1801 2980 dicit:

149 3021 270 3088 Ego
316 3033 439 3072 sum
484 3017 582 3087 qui
628 3032 772 3081 sum,
813 3018 865 3069 et
912 3014 1058 3069 dices
1103 3015 1241 3085 ﬁliis
1287 3014 1455 3069 Israel
1503 3032 1522 3068 :
1568 3013 1679 3082 Qui
1725 3018 1804 3067 est

146 3107 307 3161 misit
351 3120 440 3159 me
487 3104 556 3159 ad
600 3120 692 3160 vos
739 3104 934 3174 (Exod.
971 3121 1052 3172 ιιι,
1096 3104 1204 3174 14).
1239 3103 1581 3173 Quicunque
1627 3101 1807 3173 igitur

153 3195 275 3252 Deo
306 3211 410 3267 per
439 3194 614 3248 ﬁdem
646 3193 920 3264 conjungi
957 3197 1272 3260 merentur,
1305 3195 1361 3246 et
1405 3191 1513 3261 ipsi
1566 3191 1802 3262 quidem

147 3289 294 3339 sunt
323 3282 825 3354 quemadmodum
858 3280 939 3334 illi
973 3281 1043 3336 de
1075 3280 1290 3351 quibus
1321 3279 1604 3334 Dominus
1643 3279 1805 3335 testi-

151 3372 422 3428 monium
455 3370 737 3440 perhibet,
762 3369 962 3424 dicens
996 3387 1008 3424 :
1044 3370 1152 3438 Ego
1181 3386 1303 3423 sum
1335 3370 1472 3424 Deus
1497 3369 1804 3433 Abraham,

145 3471 200 3518 et
230 3467 378 3517 Deus
411 3462 597 3526 Isaac,
652 3462 701 3513 et
749 3460 883 3514 Deus
930 3459 1120 3514 Jacob.
1174 3458 1354 3513 Vocat
1396 3474 1530 3530 ergo
1575 3474 1642 3513 ea
1682 3474 1808 3528 quae

148 3568 272 3606 non
322 3553 466 3604 sunt
517 3553 583 3601 ut
624 3548 760 3615 sint,
813 3554 1092 3619 tanquam
1141 3564 1208 3602 ea
1253 3564 1380 3618 quae
1428 3552 1565 3602 sunt
1611 3564 1624 3600 :
1673 3547 1814 3617 quia

144 3656 274 3707 eos,
312 3637 413 3708 qui
463 3636 574 3691 sibi
627 3653 729 3708 per
779 3637 949 3690 {idem
1002 3637 1296 3706 conjuncti
1327 3653 1441 3690 non
1473 3640 1631 3703 sunt,
1666 3653 1810 3708 pris-

149 3726 514 3782 destinando
545 3732 600 3779 et
630 3725 972 3796 inspirando
997 3729 1184 3792 vocat,
1210 3731 1274 3780 ut
1296 3725 1349 3778 in
1385 3741 1518 3780 eum
1550 3726 1810 3789 credant,

147 3820 207 3871 et
239 3816 360 3870 sint
389 3820 678 3886 tanquam
735 3813 813 3868 illi
849 3814 948 3885 qui
971 3815 1098 3884 jam
1133 3814 1241 3869 sibi
1293 3831 1395 3885 per
1425 3815 1596 3869 ﬁdem
1621 3813 1813 3882 juncti

158 3911 322 3961 sunt.

233 4013 343 4079 Qui
387 4018 576 4066 contra
633 4025 781 4080 spem
836 4009 1082 4080 (scilicet
1141 4009 1409 4064 humanae
1462 4011 1705 4080 naturai)
1760 4012 1817 4063 in

156 4117 253 4172 spe
286 4100 431 4170 (185)
465 4098 717 4168 credidit,
745 4099 952 4154 divinae
982 4098 1217 4171 gratiae;
1253 4101 1454 4154 contra
1475 4115 1639 4170 spem
1662 4099 1818 4154 enim

157 4190 222 4244 in
255 4204 362 4258 spe
401 4187 668 4258 credidit,
719 4187 856 4258 quia
907 4187 1247 4242 firmissime
1291 4187 1480 4241 tenuit
1528 4191 1609 4257 ut,
1664 4187 1819 4258 quod

159 4294 335 4334 sacra
381 4275 726 4332 adolescens
765 4281 822 4331 et
857 4275 1176 4346 juvencula
1204 4275 1432 4347 explere
1465 4292 1578 4330 non
1613 4275 1822 4347 potuit,

153 4368 280 4437 jam
319 4383 470 4420 anus
505 4365 709 4436 adjuta
738 4365 934 4419 divina
966 4364 1158 4436 gratia
1202 4369 1396 4434 posset
1438 4363 1686 4435 explere,
1718 4363 1827 4418 hoc

159 4460 249 4511 est
281 4460 349 4509 ut
382 4455 575 4509 ﬁlium
607 4457 834 4524 pareret
864 4454 921 4508 in
959 4470 1074 4524 quo
1108 4454 1590 4508 benedicerentur
1626 4469 1830 4508 omnes

1911 513 2104 563 maris.
2139 511 2297 572 Quod
2334 510 2697 580 hyperbolice
2729 511 2948 564 dictum
2983 516 3100 577 est;
3142 529 3276 566 nam
3310 531 3339 565 a
3375 514 3562 584 primo

1912 598 2147 652 homine
2183 614 2369 669 usque
2396 600 2464 652 ad
2502 598 2776 653 ultimum
2810 617 2922 653 non
2955 605 3123 653 erunt
3155 606 3238 655 tot
3271 602 3560 670 homines,

1914 691 1976 739 ut
2007 685 2191 740 stellis
2223 685 2349 740 cmli
2381 691 2482 740 aut
2513 704 2701 742 arenas
2745 687 2925 742 maris
2956 689 3181 759 possint
3213 691 3560 762 comparari,

1914 775 2230 844 praesrtim
2280 792 2411 829 cum
2469 791 2572 829 nec
2623 780 2709 830 tot
2761 776 2977 831 fuerint
3017 781 3079 831 ut
3125 781 3348 834 caneris
3377 781 3560 848 genti-

1915 864 2024 918 bus
2055 880 2297 918 numero
2324 869 2562 934 possent
2592 865 2827 936 aequari.
2864 866 2996 933 Sed,
3031 867 3170 935 quia
3219 867 3563 924 innumera—

1912 951 2058 1007 biles
2092 953 2325 1007 fuerunt
2355 953 2622 1008 homines
2655 960 2716 1007 ut
2747 953 2928 1008 stellas
2958 954 3081 1008 cmli
3127 959 3184 1009 ct
3230 971 3405 1012 arena
3437 974 3563 1013 ma-

1913 1041 2016 1106 ris,
2051 1040 2263 1096 idcirco
2295 1042 2379 1096 eis
2410 1042 2725 1112 comparati
2778 1049 2935 1097 sunt.
2989 1043 3102 1097 Deo
3139 1049 3351 1112 tamen,
3385 1063 3560 1117 quem

1916 1146 2018 1183 nec
2048 1130 2346 1185 herbarem
2383 1145 2487 1184 nec
2517 1146 2704 1185 arenae
2739 1147 3017 1186 numerus
3047 1132 3206 1197 latet,
3230 1134 3431 1206 utique
3452 1153 3560 1189 nu-

1916 1219 2226 1274 merabiles
2258 1220 2511 1274 fuerunt.

1987 1345 2048 1398 Et
2077 1361 2184 1398 non
2231 1346 2538 1413 inﬁrmatus
2584 1354 2662 1400 est
2716 1347 2773 1399 in
2831 1346 2956 1415 ﬁde,
3010 1346 3296 1413 videlicet,
3353 1353 3417 1403 ut
3455 1353 3561 1402 Za-

1915 1432 2168 1499 charias,
2224 1435 2322 1504 qui
2373 1434 2680 1504 promissis
2731 1435 3008 1506 angelicis
3061 1437 3292 1492 credere
3335 1437 3564 1492 dubita-

1914 1521 2039 1576 vit:
2078 1526 2188 1579 Nec
2214 1523 2575 1577 consideravit
2622 1540 2814 1595 corpus
2859 1542 3021 1579 suum
3063 1534 3388 1596 emortuum,
3438 1542 3566 1583 cum

1911 1612 2026 1679 fere
2080 1616 2304 1666 centum
2351 1616 2487 1666 esset
2531 1629 2833 1682 annorum,
2887 1623 2940 1668 et
2987 1619 3293 1670 emortuam
3346 1617 3568 1671 vulvam

1915 1699 2096 1759 Saraz;
2130 1699 2185 1752 id
2219 1705 2326 1763 est,
2369 1706 2434 1754 ut
2484 1699 2667 1754 lilium
2720 1719 3022 1771 procreare
3071 1721 3185 1758 non
3236 1709 3452 1775 posset.
3505 1706 3567 1759 In

1834 1790 1882 1854 Β
1915 1790 2338 1859 repromissione
2385 1791 2556 1843 etiam
2605 1791 2748 1859 (l80‘)
2779 1807 2888 1845 non
2929 1792 3201 1848 haesitavit
3230 1793 3563 1864 ili/ﬁdentia.

1920 1879 2033 1931 Hoc
2065 1876 2187 1931 loco
2223 1878 2545 1931 notandum
2596 1877 2733 1948 quia
2781 1896 2895 1932 non
2942 1880 3024 1934 ait
3069 1880 3127 1933 in
3181 1882 3568 1950 promissione

1915 1966 2086 2035 (187),
2121 1965 2222 2020 sed
2272 1965 2330 2019 in
2385 1966 2855 2036 repromissione.
2912 1967 3101 2022 Primo
3145 1969 3300 2023 enim
3333 1969 3562 2025 haesita-

1914 2055 2016 2117 vit,
2058 2071 2190 2108 cum
2252 2054 2399 2108 dixit
2446 2070 2458 2107 :
2521 2056 2774 2120 Domine,
2823 2055 2956 2125 quid
3011 2056 3166 2112 dabis
3215 2058 3396 2112 mihi?
3445 2075 3567 2115 ecce

1915 2143 2062 2196 enim
2091 2144 2241 2212 filius
2268 2145 2646 2213 procuratoris
2674 2143 2864 2197 domus
2912 2159 3050 2201 meae
3089 2146 3397 2202 Damascus
3444 2147 3562 2214 iste,

1915 2231 2003 2285 hic
2049 2234 2154 2286 erit
2204 2232 2381 2287 hzeres
2420 2246 2572 2286 meus
2621 2232 2772 2301 (Gen.
2824 2249 2914 2298 xv,
2963 2235 3038 2302 3).
3092 2237 3405 2304 Postquam
3433 2252 3565 2291 vero

1914 2321 1964 2374 ei
2001 2320 2278 2375 Dominus
2328 2319 2470 2374 dixit
2524 2337 2536 2374 :
2585 2321 2702 2375 Non
2753 2322 2864 2376 erit
2907 2323 3014 2376 iste
3061 2322 3236 2378 heres
3282 2328 3430 2390 tuus,
3477 2324 3568 2379 sed

1912 2410 2063 2478 ﬁlius
2093 2416 2221 2464 tuus
2247 2411 2341 2479 qui
2370 2408 2681 2478 egredietur
2709 2409 2774 2463 de
2803 2414 2956 2464 utero
2999 2418 3107 2471 tuo.
3143 2411 3232 2466 hic
3259 2414 3364 2467 erit
3393 2412 3570 2469 turres

1912 2502 2062 2564 tuus,
2100 2516 2210 2552 non
2247 2497 2550 2564 hasitavit,
2585 2499 2684 2553 sed
2722 2499 3056 2555 firmissime
3088 2501 3278 2556 tenuit
3308 2506 3391 2571 ut,
3411 2503 3567 2573 quod

1915 2588 1966 2643 ei
1997 2593 2206 2643 natura
2237 2588 2621 2654 subtraxerat,
2658 2587 2851 2642 divino
2901 2589 3179 2644 bcnelicio
3231 2596 3430 2662 posset
3469 2609 3566 2647 ex—

1914 2677 2078 2748 pleri.
2129 2677 2194 2730 Et
2243 2675 2352 2730 hoc
2401 2681 2490 2730 est
2539 2677 2692 2746 quod
2742 2677 3052 2747 sequitur:
3095 2678 3197 2732 Sed
3227 2682 3569 2750 confortatus

1913 2776 1991 2821 est
2031 2766 2134 2834 [ide
2183 2765 2319 2820 dans
2364 2766 2600 2836 gloriam
2660 2767 2785 2834 Deo,
2849 2766 3164 2836 plenissime
3210 2771 3382 2824 sciens
3439 2773 3570 2840 quia

1913 2871 2247 2925 quaecunque
2290 2855 2550 2924 promisit
2597 2863 2785 2924 potens
2833 2860 2912 2910 est
2963 2861 3015 2910 et
3058 2859 3255 2926 facere.
3309 2857 3417 2912 Ubi
3469 2875 3569 2914 no-

1913 2944 2159 2998 tandum
2193 2942 2330 3013 quia
2361 2959 2474 2997 non
2508 2942 2588 2998 ait
2621 2959 2632 2996 :
2667 2960 3031 3015 quaecunque
3062 2946 3568 3018 prescivit,potens

1914 3031 2270 3104 promittere,
2317 3037 2419 3086 aut
2467 3049 2832 3104 quascunque
2882 3033 3170 3104 promisit,
3223 3040 3428 3106 potens
3479 3041 3568 3092 est

1917 3121 2204 3192 praescire,
2255 3121 2378 3190 sed,
2428 3137 2554 3191 quas
2605 3122 2897 3192 promisit,
2958 3126 3163 3192 potens
3214 3133 3304 3178 est
3356 3125 3562 3196 facere,

1917 3215 1981 3265 ut
2009 3209 2339 3265 ostenderet
2371 3209 2509 3281 quia
2552 3210 2673 3280 ipse
2723 3210 2858 3264 facit
2889 3227 3258 3280 perseverare
3305 3211 3364 3266 in
3415 3213 3565 3269 bono

1915 3299 2016 3370 qui
2065 3298 2202 3352 facit
2249 3314 2377 3353 esse
2425 3298 2628 3352 bonos.
2681 3299 2768 3361 Et,
2820 3299 2960 3368 quia
3007 3299 3345 3355 ﬁrmissime
3383 3302 3567 3355 credit

1918 3389 1976 3442 in
2005 3403 2091 3454 eo,
2125 3389 2438 3456 reputation
2490 3390 2572 3440 est
2619 3387 2712 3440 illi
2761 3386 2830 3440 ad
2870 3388 3190 3457 justitiam;
3222 3388 3278 3441 id
3313 3393 3422 3454 est,
3459 3389 3571 3443 fide

1909 3475 2272 3548 justiﬁcatus
2319 3481 2427 3529 est.
2486 3476 2602 3529 Non
2655 3484 2734 3529 est
2791 3484 2973 3529 autem
3033 3477 3300 3547 scriptum
3349 3487 3575 3548 propter

1923 3569 2100 3636 ipsum
2147 3573 2378 3628 tantum,
2435 3565 2564 3634 quia
2609 3568 2917 3634 reputatum
2945 3573 3021 3620 est
3048 3566 3155 3620 illi.
3191 3566 3434 3621 Pulchre
3468 3567 3577 3622 hoc

1922 3656 2085 3721 dicit,
2119 3655 2257 3726 quia
2291 3652 2477 3707 multa
2511 3654 2745 3707 fuerunt
2779 3671 3066 3710 annorum
3091 3656 3383 3711 curricula
3413 3657 3485 3712 ab
3511 3672 3578 3713 eo

1921 3751 2204 3814 tempore,
2265 3760 2380 3814 quo
2432 3743 2678 3797 Abraha:
2728 3743 2845 3798 haec
2896 3745 3211 3815 promissio
3271 3745 3423 3802 facta
3470 3750 3580 3815 est,

1927 3849 2114 3903 usque
2165 3834 2234 3887 ad
2284 3831 2342 3885 id
2378 3847 2492 3903 quo
2543 3831 2760 3903 scripta
2807 3839 2896 3888 cst
2949 3833 3068 3900 lex;
3112 3833 3360 3906 ideoque
3408 3836 3583 3891 Abra-

1926 3921 2064 3976 ham
2124 3921 2232 3977 hoc
2290 3919 2478 3990 legere
2537 3937 2651 3975 non
2714 3922 2919 3990 potuit.
2982 3923 3069 3989 Et,
3133 3928 3198 3976 ut
3254 3925 3587 3980 ostenderet

1928 4015 2164 4081 propter
2214 4026 2365 4080 quos
2421 4007 2638 4079 scripta
2688 4009 2782 4074 sit,
2835 4011 3050 4081 adjecit
3081 4029 3093 4066 ε
3129 4011 3231 4066 Sed
3261 4013 3408 4083 (188)
3456 4029 3586 4083 pro-

1930 4106 2052 4169 pter
2101 4114 2220 4166 nos,
2269 4097 2469 4168 quibus
2528 4096 2875 4166 reputabitur
2929 4098 3267 4153 credentibus
3326 4101 3382 4153 in
3442 4117 3587 4167 eum,

1935 4204 2049 4255 quo
2083 4187 2238 4242 dicto
2269 4201 2474 4241 omnes
2505 4185 2806 4238 credentes
2858 4186 3324 4257 comprehendit,
3357 4193 3592 4259 propter

1935 4292 2084 4346 quos
2133 4275 2419 4344 scriptum
2469 4277 2577 4341 est,
2629 4275 2694 4326 ut
2741 4271 2985 4344 legendo
3035 4274 3294 4342 credant,
3332 4280 3388 4329 et
3419 4292 3591 4346 repu-

1936 4368 2094 4419 tetur
2123 4363 2205 4418 eis
2236 4363 2382 4416 ﬁdes
2412 4362 2482 4416 ad
2507 4360 2822 4431 justitiam.
2857 4362 2921 4416 In
2970 4377 3036 4416 eo
3082 4378 3214 4417 vero
3245 4363 3400 4432 quod
3449 4364 3590 4418 sub-

1940 4452 2121 4519 ditur,
2155 4451 2252 4522 qui
2277 4451 2559 4505 suscitavit
2605 4451 2900 4505 Dominum
2941 4454 3187 4505 nostrum
3213 4452 3395 4505 Iesum
3429 4452 3596 4506 Chri-

162 4548 391 4614 gentes.
429 4543 501 4596 Et
552 4541 661 4596 hoc
713 4545 802 4596 est
853 4541 1006 4612 quod
1045 4540 1313 4611 sequitur
1347 4557 1358 4595 :
1395 4541 1459 4595 Ut
1487 4541 1637 4609 ﬁeret
1673 4547 1838 4610 pater
1867 4527 1912 4591 Ι)
1943 4546 2087 4596 stum
2119 4558 2151 4595 a
2180 4541 2434 4606 mortuis,
2465 4555 2776 4610 personam
2814 4539 2996 4595 Patris
3026 4538 3151 4594 vult
3180 4538 3445 4611 intelligi.
3483 4539 3598 4598 Nec

162 4633 476 4686 multarum
520 4632 769 4701 gentium
799 4629 1101 4685 secundum
1147 4630 1286 4700 quod
1335 4630 1548 4683 dictum
1593 4633 1673 4683 est
1714 4631 1766 4682 ei
1816 4646 1834 4684 :

164 4721 257 4776 Sic
295 4723 406 4775 erit
453 4735 638 4775 semen
668 4723 824 4773 tuum
884 4718 1034 4790 (Gen.
1086 4735 1178 4789 xv,
1225 4721 1302 4786 5).
1356 4717 1461 4772 Ubi
1515 4718 1835 4772 notandum

166 4810 310 4882 quia
342 4809 762 4880 compendiose
796 4807 1116 4879 Apostolus
1149 4808 1345 4878 posuit
1376 4809 1530 4879 quod
1582 4808 1641 4862 in
1689 4807 1837 4862 libro

167 4898 418 4954 Genesis
469 4897 760 4953 latissime
808 4896 1094 4967 scriptum
1127 4902 1231 4951 est.
1269 4896 1392 4952 Illic
1423 4896 1581 4952 enim
1628 4896 1839 4967 legitur

170 4989 311 5057 quia
343 4985 548 5042 eduxit
580 4986 866 5040 Dominus
900 4986 1194 5040 Abraham
1230 4986 1403 5052 foras,
1431 4985 1628 5040 dicens
1677 5001 1689 5037 :
1738 4986 1836 5037 Su-

168 5079 318 5146 spice
368 5076 588 5141 coelum,
622 5079 672 5129 et
710 5091 944 5128 numera
992 5074 1198 5140 stellas,
1247 5077 1296 5128 si
1338 5083 1492 5146 potes
1542 5092 1557 5126 :
1611 5075 1688 5127 sic
1734 5075 1840 5127 erit

171 5180 357 5220 semen
391 5173 568 5220 tuam.
602 5163 979 5235 Multiplicans
1023 5164 1407 5235 multiplicabo
1453 5178 1640 5218 semen
1689 5168 1842 5216 tuum

243 5398 397 5474 (184)
428 5399 625 5474 verba
655 5395 783 5474 hac
807 5416 921 5474 non
957 5399 1017 5454 in
1049 5398 1218 5471 epist.
1273 5399 1343 5474 ad
1395 5397 1696 5474 Ephesios,
1743 5399 1843 5459 sed

173 5473 230 5529 in
251 5471 517 5544 'secund.
539 5472 626 5544 ad
659 5471 1010 5542 Corinthios,
1036 5489 1085 5526 c.
1114 5491 1148 5543 ι,
1184 5473 1391 5528 versic.
1430 5475 1514 5539 19,
1547 5471 1842 5544 leguntur.

249 5545 403 5617 (185)
440 5541 620 5617 Vulg.
649 5559 816 5617 spem.

248 5613 403 5692 (188)
437 5613 617 5684 Vulg.
652 5614 805 5667 inter
833 5616 1019 5680 etiam,
1053 5621 1246 5672 etnon
1280 5615 1453 5671 habet
1484 5616 1596 5671 Dei.

526 5742 792 5804 Pareat.
837 5742 981 5806 CXX
991 5744 1155 5828 XIV.

1948 4636 2141 4684 tamen
2175 4627 2338 4683 solus
2383 4629 2551 4683 Pater
2599 4645 2734 4683 eum
2784 4629 3110 4694 suscitavit,
3161 4629 3261 4683 sed
3312 4633 3368 4684 et
3417 4629 3598 4687 Filius

1947 4724 2004 4773 et
2051 4717 2304 4789 Spiritus
2353 4723 2615 4788 sanctus,
2671 4718 2809 4788 quia
2851 4719 2908 4772 in
2963 4736 3081 4773 una
3126 4735 3373 4790 persona
3422 4719 3600 4777 totius

1947 4807 2252 4863 Trinitatis
2302 4807 2366 4860 ﬁt
2414 4808 2650 4862 mentio.
2702 4806 2986 4862 Similiter
3015 4807 3072 4861 in
3107 4823 3172 4862 eo
3205 4809 3359 4879 quod
3399 4809 3596 4880 sequi-

1949 4903 2044 4951 tur
2075 4915 2086 4951 :
2124 4898 2230 4964 Qui
2258 4894 2495 4950 traditus
2542 4901 2620 4951 est
2665 4903 2889 4967 prepter
2937 4895 3137 4952 delicta
3181 4902 3389 4967 nostra,
3424 4903 3475 4953 et
3501 4915 3593 4954 re-

1947 4987 2192 5040 surrescit
2213 4989 2436 5056 propter
2459 4986 2903 5054 iustificationem
2928 4995 3189 5052 nostram,
3214 5004 3246 5040 a
3277 4991 3443 5042 Patre
3459 5004 3595 5043 eum

1951 5076 2234 5131 traditum
2269 5074 2845 5129 dicit.Verumtamen
2879 5079 2935 5128 et
2967 5075 3147 5130 Filius
3181 5092 3242 5130 se
3271 5077 3463 5146 ipsum
3486 5081 3598 5130 tra-

1951 5165 2117 5221 didit.
2174 5163 2336 5218 Unde
2383 5163 2538 5220 idem
2586 5162 2901 5236 Apostolus
2934 5180 2946 5218 :
2981 5165 3226 5220 Tradidit
3253 5166 3599 5236 semetipsum

2026 5399 2173 5475 (187)
2205 5401 2444 5473 Autogr.
2480 5395 2655 5475 habet
2683 5401 3124 5475 repromissione,
3160 5400 3260 5459 sed
3295 5398 3607 5475 emendan-

1955 5470 2091 5529 dum
2126 5470 2325 5545 visum
2347 5470 2452 5527 eet.
2491 5470 2822 5545 Notandum
2845 5479 3036 5529 tamen
3072 5475 3296 5545 aliquot
3324 5470 3611 5543 exempla-

1958 5547 2043 5600 ria
2070 5543 2531 5615 Biblicahabere
2564 5544 2676 5610 hic,
2707 5547 3090 5615 promissione.

2027 5617 2175 5688 (188)
2209 5614 2378 5688 Vulg.
2411 5614 2578 5670 sedet
2606 5614 2841 5689 propter.

3259 5749 3296 5806 6
