3972 6208
217 344 330 401 825
843 338 927 396 DE
963 341 1223 397 CHRISTI
1262 341 1621 398 TRIUMPHIS
1664 343 1833 397 APUD
1876 341 2138 397 lTALIAM
2181 338 2355 394 LIBRI
2396 336 2518 391 XIV.
2560 364 2630 375 --—
2670 331 2794 385 LIB.
2837 327 2948 382 Xll.
3458 316 3564 373 826

223 476 550 548 Affectuque
589 481 778 530 monet
803 473 1001 544 emptis
1027 473 1277 528 insistere
1302 475 1447 529 votis
1874 477 1924 545 Α
1951 472 2154 527 Prtesul
2186 469 2516 543 apostolicus
2542 465 2704 533 hujus
2740 474 2963 533 quoque
2990 454 3241 529 regmina
3273 450 3500 505 ﬁrmans

225 567 364 638 Erga
392 566 693 620 Romanam
724 563 924 617 summi
964 563 1360 618 moderaminis
1386 578 1590 617 arcem.
1954 563 2193 619 Roborat
2223 558 2477 615 Ecclesiae
2499 571 2623 627 quae
2654 557 2783 607 sunt
2804 551 2929 605 data
2955 559 3185 601 munera
3216 548 3443 604 nostras,

226 654 572 726 Conquestos
598 668 656 707 se
686 652 913 724 indigna
944 651 1075 721 pati,
1108 649 1367 723 suffragia
1399 651 1572 724 legat:
1950 653 2075 707 Jura
2105 651 2453 721 antiquorum
2479 658 2766 716 procerum
2799 651 3064 695 concessa
3092 632 3293 688 nitore.

225 747 395 801 Istius
421 746 487 799 ad
531 744 704 799 Patris
732 743 1067 814 mandatque
1095 743 1379 811 juvamina
1410 741 1560 796 ferri.
1951 742 2118 795 Nemo
2152 717 2343 793 horum
2371 735 2673 808 quidquam
2695 730 2955 784 minuens
2981 728 3211 793 usurpet
3240 717 3453 789 inique,

224 836 316 891 Sic
346 837 767 909 peregrinantes
804 834 908 889 sub
939 849 1127 887 amore
1155 842 1210 887 et
1241 833 1462 887 nomine
1499 833 1635 887 Petri
1952 833 2061 888 Nec
2087 834 2283 903 pracsul
2314 830 2494 891 detur,
2531 838 2804 879 canonum
2832 819 2937 873 nisi
2969 817 3091 888 lege
3124 819 3359 883 petatur.

225 927 507 997 Suscipiat
529 927 685 998 petit,
717 942 780 981 ac
808 926 1010 991 foveat,
1042 932 1280 989 tueatur,
1313 925 1564 979 honoret.
1955 926 2077 979 ilzee
2105 923 2150 977 si
2192 922 2315 993 quis
2338 920 2526 981 violet,
2568 916 2722 969 nisus
2760 922 3029 968 temerare
3058 911 3278 963 statuta.

226 1014 369 1069 Pace
402 1015 670 1071 laboranti
706 1014 874 1069 totius
904 1023 957 1067 et
994 1012 1188 1068 ordine
1218 1011 1375 1083 regni
1954 1015 2096 1068 Sede
2136 1012 2277 1066 Petri
2317 1011 2484 1082 digne
2514 1006 2684 1060 multa
2714 1003 2955 1056 dictante
2988 1002 3283 1068 prematur.

229 1110 420 1164 Grates
448 1107 579 1160 inde
611 1106 798 1171 refert,
840 1115 1159 1176 crescatque
1184 1106 1432 1159 hortatur
1462 1111 1519 1157 ut
1550 1103 1777 1157 instans.
1955 1103 2110 1157 Edita
2137 1113 2490 1161 conservans,
2526 1091 2779 1149 benedici
2815 1091 3212 1159 promereatur.

303 1199 465 1254 Urbis
497 1198 812 1271 Lingonicaa
844 1170 1313 1270 questus-delegat
1343 1196 1545 1260 eidem,
2028 1195 2170 1263 (198)
2200 1189 2452 1247 Pontifici
2495 1188 2623 1242 huic
2665 1192 2847 1241 nostro
2888 1177 3159 1251 synodum
3221 1172 3438 1245 delegat
3470 1170 3571 1222 ha—

233 1293 433 1348 Contra
456 1301 580 1345 vota
610 1290 785 1361 premi
816 1296 1095 1359 pastorum
1126 1288 1367 1342 culmine
1397 1288 1639 1358 plebem,
2034 1260 2040 1263 Ἴ
2155 1260 2161 1262 ν
3244 1260 3499 1333 [hendum

234 1381 345 1435 Nec
368 1379 537 1453 digno
559 1379 857 1448 impetrare
879 1376 1091 1430 Patrem
1124 1377 1407 1430 molimine
1439 1376 1671 1429 lectum:
1958 1371 2090 1427 Cum
2124 1370 2509 1425 nonnullarum
2543 1366 2825 1438 regionum
2857 1359 3130 1426 Patribus,
3161 1360 3325 1423 atque

234 1469 487 1527 Pontilici
524 1469 878 1543 Lugdunensi
908 1468 1164 1522 mandata
1195 1467 1417 1521 dedisse

1959 1472 2105 1525 lutcr
2135 1467 2449 1540 Agrippinae
2481 1475 2632 1521 trans
2664 1463 3097 1525 Rhenensesque
3125 1458 3386 1521 patronos

232 1561 583 1637 Significans,
616 1576 775 1631 aequo
796 1568 1039 1629 optatum
1070 1566 1309 1612 sacraret
1340 1560 1569 1613 honore.
1958 1562 2160 1616 Audire
2188 1560 2487 1631 mquandas
2505 1560 2652 1625 justo
2683 1547 3061 1608 moderamine
3095 1555 3308 1597 causas.

236 1658 354 1721 Quo
377 1662 643 1710 renuente
673 1654 881 1725 diuque
915 1654 1150 1707 instante
1183 1652 1371 1708 labore
1404 1652 1651 1705 vacantis
1961 1630 2323 1707 Postmodoisi
2355 1649 2553 1709 valeat,
2588 1657 2828 1715 praesens
2850 1636 3092 1699 accedat,
3126 1638 3179 1686 et
3210 1630 3313 1683 ista

237 1747 518 1810 Eeclesize,
547 1762 606 1800 se
636 1746 953 1816 prmleetum
982 1760 1227 1799 sacrasse
1259 1744 1495 1815 petenti.
1882 1784 1928 1816 ι,
1961 1740 2090 1794 Cum
2123 1740 2307 1793 multis
2335 1738 2460 1792 aliis
2490 1734 2691 1806 pariter
2721 1731 3013 1801 pertractet
3039 1718 3288 1793 agendis.

237 1784 518 1810 νυν-ωηι,
547 1784 606 1800 συ
637 1784 953 1816 ν...,...ι,.ι....
983 1784 1227 1799 suum“,
1261 1784 1495 1815 γυνη..
1965 1784 2090 1794 .......
2125 1784 2306 1793 ........-
2490 1784 2677 1806 ,τηρ
2722 1784 2734 1801 ,
3074 1784 3106 1793 ,.

237 1836 505 1901 Quocirca
536 1850 857 1905 prOpeeans,
890 1849 1011 1904 qua:
1041 1831 1241 1887 desunt
1274 1832 1500 1902 impleat
1530 1830 1677 1895 urbi,
1882 1784 1932 1853 υ
1963 1830 2113 1884 Hunc
2144 1830 2387 1899 reliquos
2412 1841 2634 1898 quoque
2656 1820 2929 1875 Gallorum
2962 1811 3185 1885 vestigia
3218 1808 3434 1862 Patrum

239 1925 506 1998 Regmina
536 1894 797 1993 praeficiat
827 1894 1051 1976 rec-toris
1078 1922 1179 1975 rite
1211 1894 1397 1985 dicati,
1668 1894 1671 1895 ν
1965 1919 2105 1973 Urbe
2139 1894 2447 1991 Biturgensi
2468 1894 2635 1984 super
2661 1909 2919 1964 admonet
2952 1901 3201 1973 improba
3221 1894 3350 1950 ferri

240 2017 682 2087 Praesulibnsque
711 2015 831 2068 aliis
871 2030 1026 2085 papa}
1058 2015 1281 2068 decreta
1309 2014 1534 2066 revelet.
1959 2010 2087 2065 Jura
2119 1990 2387 2078 querente
2427 2004 2555 2067 sibi,
2588 2001 2674 2057 cui
2716 1997 3047 2054 condoleant
3074 1990 3430 2044 miserantes:

241 2111 337 2165 ille
368 2118 588 2182 paratus
626 2110 693 2163 ad
737 2111 872 2174 hmc,
907 2109 1157 2163 Patribus
1191 2116 1462 2179 praecepta
1492 2109 1710 2163 retexit.
1965 2099 2327 2169 increpitans,
2356 2111 2455 2149 cur
2486 2108 2593 2147 non
2624 2098 2870 2145 reserent
2894 2089 3226 2156 praesumpta
3255 2075 3503 2134 silentes,

241 2200 376 2275 Regi
404 2201 556 2263 jussa
579 2206 749 2264 notat,
780 2214 889 2269 quo
920 2216 977 2250 se
1008 2198 1343 2267 prohibente
1374 2204 1613 2251 moratur
1965 2192 2062 2258 Qui
2095 2207 2153 2245 se
2187 2204 2282 2260 pro
2316 2202 2471 2241 muro
2502 2182 2719 2239 infestis
2747 2191 3029 2250 Opponere
3068 2170 3296 2226 debent.

243 2289 377 2355 Rex,
410 2288 585 2342 donec
610 2288 832 2342 Romam
865 2288 1064 2351 mittat,
1099 2294 1415 2358 certamque
1447 2295 1685 2341 resumat
1961 2285 2195 2341 Justitiae
2225 2283 2341 2337 zelo
2369 2279 2626 2352 quocirca
2653 2283 2957 2333 armentur,
2991 2279 3224 2341 agonem

244 2384 521 2448 Notitiam,
554 2392 674 2451 post
700 2398 760 2437 se
792 2382 940 2435 nulla
974 2382 1183 2437 ratione
1214 2380 1577 2452 premendum
1965 2377 2219 2451 Aggressi
2262 2372 2476 2429 Domini
2505 2371 2572 2425 ad
2616 2365 3006 2439 prepriamque
3053 2355 3234 2411 redire
3266 2346 3579 2405 cathedram

243 2476 367 2530 Fert
400 2474 568 2542 jussis
606 2473 675 2527 ab
707 2474 1043 2544 apostolicis,
1075 2489 1255 2544 neque
1280 2473 1513 2529 tormine
1546 2474 1754 2528 mortis.
1969 2449 2309 2540 compellant
2334 2468 2808 2536 prazsumptorem,
2832 2449 3110 2507 miseratio
3143 2458 3297 2516 papas

320 2567 582 2621 Praeterea
616 2566 804 2637 patriis
833 2566 1010 2636 poscit
1041 2582 1100 2620 se
1127 2569 1249 2633 jure
1287 2567 1476 2621 doceri
1968 2564 2137 2628 Quam
2168 2560 2315 2616 cedit
2344 2559 2605 2613 duntaxat
2634 2552 2720 2605 ei:
2754 2550 2801 2603 si
2829 2541 3133 2614 tempserit,
3167 2535 3317 2593 omni

244 2658 620 2733 Dogmatibus,
654 2676 717 2729 pa
728 2676 808 2730 pa».
843 2658 1008 2733 digne
1047 2664 1107 2712 ut
1132 2674 1287 2713 sacra
1325 2658 1566 2713 culmina
1594 2664 1792 2713 servet.
1969 2654 2259 2708 Sacrorum
2286 2653 2559 2704 exsortem
2582 2643 2803 2715 penitus
2827 2654 2887 2693 se
2913 2634 3059 2691 norit
3090 2631 3314 2685 honore.

1764 2805 1973 2861 CAPUT
2016 2804 2074 2858 V.

588 2938 662 2995 De
691 2937 991 3014 Stephano
1026 2945 1077 2996 et
1116 2938 1409 3007 Formosa,
1447 2936 1846 2995 transl/itione
1876 2950 2113 3010 quoque
2140 2929 2336 2990 sancti
2370 2926 2591 3019 Catistt:
2619 2921 2695 2983 ad
2725 2930 2989 2981 nostram
3024 2917 3249 2974 urbem.

318 3094 462 3167 (197;
498 3094 785 3150 Formosus
830 3093 1168 3165 Stephanum
1226 3091 1507 3163 sequitur;
1567 3089 1655 3144 cui
1687 3105 1869 3163 gram—
1894 3092 1943 3160 ρ
1971 3084 2249 3155 Subjectis
2285 3095 2508 3154 quoque
2540 3070 2870 3149 praesulibus
2899 3070 2993 3143 qui
3045 3064 3295 3123 indebita
3341 3069 3591 3134 poscant,

1421 3181 1583 3252 [mata
1612 3157 1800 3233 uoster
1910 3157 1931 3160 ⁷
1972 3179 2047 3233 Ne
2077 3176 2301 3247 indigna
2327 3173 2521 3233 faveat,
2553 3169 2770 3231 suadet,
2803 3165 2905 3219 sub
2938 3161 3152 3217 tramite
3183 3157 3351 3231 pacis.

254 3276 448 3351 Dirigit
473 3274 759 3345 expositus
779 3290 944 3343 supra
975 3290 1139 3345 quam
1172 3289 1319 3344 saepe
1349 3272 1626 3334 sacerdos,
1974 3269 2071 3323 ille
2104 3266 2357 3337 rependit
2395 3264 2461 3316 ad
2507 3262 2642 3321 haec,
2686 3257 2947 3311 studeant
2986 3247 3363 3306 moderamina
3394 3240 3592 3299 summi

251 3368 618 3443 Congaudens
645 3365 881 3420 subiisse
904 3366 1051 3421 vices
1084 3366 1230 3420 hunc
1260 3364 1505 3437 regmine
1530 3362 1691 3417 Petri.
1978 3354 2221 3411 Rectoris
2250 3352 2453 3423 pariter
2482 3347 2663 3402 verbis
2689 3344 2939 3399 attollere
2969 3348 3022 3393 et
3052 3338 3210 3401 actis,

251 3459 357 3512 Has
384 3471 639 3511 sermone
670 3455 828 3509 simul
864 3457 1123 3525 suppiere
1152 3454 1414 3507 decenter
1448 3462 1500 3506 et
1528 3460 1649 3505 actu
1973 3447 2131 3501 Juxta
2161 3443 2310 3515 quod
2341 3440 2536 3497 collata
2565 3437 2673 3491 sibi
2704 3434 2807 3489 fert
2827 3430 3001 3505 gratia
3022 3429 3219 3499 cuique
3254 3442 3267 3479 :

251 3547 352 3611 Qui
398 3546 598 3609 valeat,
631 3544 815 3598 solans
847 3544 1008 3597 vehat
1036 3542 1103 3595 ad
1147 3542 1358 3613 potiora
1389 3540 1728 3594 cathedram.
1977 3542 2049 3595 Nc
2072 3538 2224 3594 vacui
2259 3536 2363 3591 sub
2404 3551 2465 3588 ea
2488 3532 2630 3587 servi
2670 3530 2962 3599 culpentur
2992 3521 3204 3578 haberi.

252 3636 666 3708 Propitiumquc
698 3633 866 3687 Deum
896 3632 1151 3686 Ecclesia:
1184 3639 1414 3686 testatur
1445 3630 1500 3684 in
1532 3630 1695 3698 hujus
1975 3631 2113 3696 Quin
2145 3636 2302 3700 aptos
2321 3643 2417 3698 per
2449 3641 2568 3679 eam
2602 3622 2808 3676 fructus
2829 3616 3022 3672 aﬂ'erre
3043 3614 3313 3667 laborent.

253 3729 503 3785 Culmine
537 3726 849 3792 monstrari,
874 3724 1023 3796 quod
1058 3732 1162 3778 tam
1193 3731 1450 3778 tractatur
1478 3724 1729 3777 honeste.
1978 3722 2166 3779 Illicita
2196 3719 2503 3778 inhibeant,
2536 3712 2867 3782 infandaque
2899 3700 3395 3780 germinavellant,

256 3822 391 3878 Huic
419 3837 479 3876 se
509 3819 829 3888 subjiciens,
862 3817 1154 3872 famulatus
1182 3816 1364 3871 omnis
1395 3816 1659 3870 honorem

1978 3819 2039 3874 Et
2064 3814 2277 3871 cunctis
2305 3808 2505 3867 Christi
2535 3805 2753 3862 famulis
2782 3800 3041 3875 suffragia
3064 3801 3341 3869 praestent.

255 3914 524 3987 Spondet,
565 3919 620 3969 et
646 3917 868 3968 excusat
892 3910 1037 3981 quod
1070 3924 1193 3963 eum
1229 3924 1337 3963 non
1369 3907 1548 3963 visere
1580 3911 1759 3961 currat
1786 3922 1798 3958 :
1977 3905 2142 3976 Cujus
2170 3902 2292 3973 epis
2330 3915 2493 3955 causa
2513 3896 2664 3967 cupit
2702 3892 2864 3962 hujus
2883 3903 3112 3945 noscere
3144 3898 3354 3945 curam,

257 4009 429 4079 Atque
448 4006 613 4061 refert
632 4010 834 4077 grates,
858 4002 1005 4074 quod
1029 4002 1083 4056 in
1117 4000 1402 4055 solaminis
1428 4015 1551 4054 orsa
1980 3993 2280 4064 Deploratis
2320 3989 2545 4043 miseras
2575 3985 2758 4041 clades
2789 3980 3181 4047 hominumque
3211 3971 3451 4037 labores,

254 4098 482 4164 Miserit,
514 4097 802 4152 insinuans
834 4095 984 4149 illum
1017 4110 1076 4148 se
1106 4100 1295 4164 Optare
1337 4091 1663 4156 videndum,
1982 4084 2158 4140 Hostis
2188 4080 2468 4151 etantiqui
2500 4076 2775 4150 captantia
2806 4073 2946 4129 retia
2967 4066 3193 4133 fraudis,

258 4192 317 4246 Et
340 4206 401 4245 se
432 4188 606 4260 ipsius
637 4188 688 4242 in
732 4202 1018 4242 occursum
1052 4183 1200 4256 quod
1228 4183 1412 4258 signet
1444 4182 1669 4245 iturum,
1979 4177 2109 4241 Quis
2136 4190 2312 4249 genus
2339 4174 2636 4227 humanum
2661 4166 2870 4223 crudeli
2895 4161 3100 4235 pellicit
3128 4169 3268 4214 astu.

259 4277 601 4349 Proficuiqne
632 4275 790 4333 offert
820 4274 1037 4330 decoris
1054 4283 1331 4329 crementa
1365 4273 1637 4333 daturum,
1981 4268 2115 4321 lliuc
2141 4246 2407 4328 *ἣξει-ρεαδ,
2451 4261 2576 4315 hinc
2607 4258 2750 4313 bella
2804 4271 3056 4321 movens,
3110 4258 3165 4305 et
3200 4246 3430 4305 crimine
3458 4258 3593 4315 gau-

258 4368 384 4436 Ejus
422 4374 476 4422 et
505 4367 574 4421 ad
597 4374 786 4420 nutum
818 4362 1079 4435 Stephani
1111 4378 1230 4415 sese
1264 4361 1430 4415 edere
1457 4361 1525 4394 ²⁹⁰
1551 4361 1784 4429 iussum.
1903 4418 1951 4436 η
3344 4338 3522 4410 [dens,

262 4461 544 4532 Respersre
577 4458 831 4514 Ecclesim
863 4456 1122 4528 quaesitas
1156 4454 1353 4509 robore
1385 4454 1561 4525 poscit
1899 4418 1955 4485 Β
1981 4454 2255 4527 Sanguine
2288 4450 2620 4511 fervescens,
2655 4440 3113 4501 odiorumlitibus
3134 4437 3354 4498 ardens,

261 4549 477 4614 Muniri,
509 4548 758 4617 ejusdem
794 4548 959 4601 vulsa:
1002 4562 1067 4599 ne
1101 4544 1321 4615 quando
1359 4542 1569 4613 rapinis

1981 4549 2154 4618 Atque
2174 4542 2471 4598 Orientales
2504 4540 2808 4593 haerescum
2838 4533 3134 4589 schismate
3166 4541 3445 4599 rumpens.

260 4640 558 4694 Demantur
584 4636 776 4701 sacris,
810 4634 985 4689 avidis
1024 4632 1381 4705 praedonibus
1411 4638 1562 4686 actae.

1984 4639 2136 4693 Unde
2165 4635 2480 4692 sacerdotes
2508 4629 2794 4686 suadendo
2822 4630 3159 4689 commonet,
3191 4636 3340 4677 arma

262 4730 437 4807 Magni
468 4728 745 4801 pontificis
776 4726 972 4782 Christi
1008 4726 1275 4796 testisque
1307 4724 1486 4778 Calisti

1982 4733 2308 4803 Corripiant,
2343 4741 2632 4798 areamque
2662 4725 2847 4778 levent
2875 4718 3195 4776 discrimine
3227 4729 3393 4770 szevo.

262 4804 503 4881 Membra
534 4824 641 4879 sibi
671 4823 844 4894 signis
870 4822 1066 4877 collata
1088 4820 1285 4875 abbate
1316 4819 1606 4890 Rodulpho
1983 4822 2323 4877 Conveniam
2349 4819 2515 4892 igitur
2534 4814 2775 4871 medium
2806 4810 2911 4867 sibi
2935 4823 3164 4880 poscere
3197 4804 3486 4869 Christum,

263 4920 391 4974 Cum
423 4917 590 4973 rebus
609 4921 799 4971 sancto
816 4914 1093 4986 applicitis
1114 4913 1203 4979 ³ου,
1235 4912 1473 4968 avellere
1497 4911 1718 4984 quidam

1986 4913 2086 4978 Qui
2111 4913 2361 4970 consulta
2391 4911 2544 4976 ferat,
2573 4908 2665 4963 det
2690 4921 2874 4976 opem,
2906 4901 3179 4971 faciatque
3206 4896 3460 4951 salutem.

264 5009 405 5073 Quas
426 5005 725 5062 nitebatur.
759 5004 937 5074 Super
970 5003 1053 5057 his
1073 5002 1323 5061 consulta
1347 5002 1598 5073 requirit,

1986 5005 2065 5059 Ad
2084 5005 2230 5077 quod
2263 5001 2581 5076 pontificem
2611 4997 2809 5073 rogitat
2839 4992 3174 5051 contendere
3205 4994 3448 5044 nostrum

264 5100 651 5169 Auxiliumquc
680 5096 840 5167 petit,
874 5096 1026 5166 pravi
1058 5112 1166 5168 quo
1188 5095 1314 5163 jure
1346 5102 1682 5165 premantur.
1986 5093 2235 5167 Aecingi,
2268 5106 2585 5163 pr0perare,
2615 5103 2798 5144 moras
2828 5085 3170 5153 disrumpere
3200 5082 3450 5140 cunctas,

338 5191 399 5247 Et
427 5190 560 5261 quia
610 5194 973 5260 compererat,
1019 5187 1257 5259 quodam
1290 5186 1573 5241 molimine
1615 5200 1880 5240 summam
1986 5165 2371 5250 Auxiliumque
2394 5178 2551 5233 malis
2576 5176 2780 5231 mundo
2808 5171 3058 5229 conferre
3087 5165 3288 5223 ruenti.

263 5257 486 5337 Turbari
519 5257 749 5347 sedem,
773 5278 938 5350 capiti
969 5257 1070 5333 ceu
1097 5276 1357 5333 condolet
1387 5286 1556 5344 artus,
1987 5274 2232 5329 Christus
2264 5273 2336 5327 sit
2364 5274 2471 5342 via,
2505 5273 2615 5327 dux
2642 5270 2904 5337 Christus,
2930 5264 3151 5323 victoria
3182 5257 3446 5319 Christus.

1339 5433 1613 5489 GLOSSXE
1658 5430 2073 5503 MARGINALES
2112 5426 2512 5483 MABILLONII.

340 5525 409 5560 ²⁹⁹
435 5522 682 5594 exsequi.
766 5521 837 5556 ³⁰⁰
859 5522 1157 5579 concessis.

1828 5620 2039 5676 NOTAE.

342 5719 484 5791 (197)
529 5718 678 5776 nod.
709 5719 807 5776 lib.
843 5736 916 5787 ιν,
949 5734 998 5775 c.
1033 5721 1086 5776 1.
1392 5762 1399 5767 .

845 5736 916 5787 Iv,
949 5734 998 5775 c.
1033 5721 1086 5776 1.
1392 5762 1399 5767 .
2088 5716 2235 5786 (198)
2277 5716 2413 5773 lbid.
