3972 6208
390 314 492 368 827

1153 312 1514 367 FLODOARDI
1557 311 1859 366 CANUNICI
1903 311 2228 366 REMENSIS
2269 312 2604 368 OPllSCULA
2648 311 2955 366 ME'I'HICA.

3632 319 3741 374 828

392 443 502 497 Nec
532 443 664 496 satis
683 451 765 496 est
792 441 1069 496 monuisse
1096 443 1288 506 semel,
1308 442 1660 513 monitusque
1691 448 1953 513 paternos
2039 453 2083 516 Α
2111 441 2221 495 Nec
2247 440 2443 496 vetitos
2474 441 2621 495 ineat
2652 439 2812 507 ﬁnes,
2845 440 3107 496 invadere
3139 442 3324 498 nitens

398 534 546 588 Haud
580 535 770 587 iterare
803 533 973 603 piget,
1003 533 1185 588 Matris
1214 549 1538 588 succurrere
1567 534 1732 599 cladi,

397 621 618 691 Disponi
647 622 918 692 synodum
941 622 1185 694 generali
1211 623 1334 692 jure
1365 624 1689 697 gerendam,

397 711 472 762 Ad
496 727 656 780 quam
690 710 912 764 festinet
941 711 1092 766 nullo
1125 711 1463 782 impediente
1481 720 1726 768 retentus

396 800 644 855 Pondere
675 801 922 867 desidiae,
953 803 1180 857 uberius
1208 803 1370 857 simul
1401 804 1587 859 omnia
1615 811 1868 870 tractent,

396 896 522 960 Quze
553 896 834 950 tractanda
861 897 1037 951 sient:
1071 899 1290 952 oracula
1315 899 1516 953 clarius
1556 899 1723 953 edant

400 986 699 1042 Barbaricas
724 987 906 1061 gentis
937 989 1061 1059 quis
1092 989 1346 1044 Francica
1378 1006 1546 1062 regna
1577 990 1836 1062 procellis

394 1079 726 1146 Turbantur,
759 1081 989 1136 nimium
1020 1082 1210 1137 dolet:
1261 1091 1425 1156 atque
1457 1094 1516 1139 ut
1545 1085 1769 1140 dextera
1799 1102 2011 1140 summa

397 1170 500 1225 Has
531 1172 815 1243 reprimat,
841 1189 1129 1243 procerum
1163 1172 1357 1229 Christi
1388 1174 1643 1248 suffragia
1673 1178 1868 1246 poscit.

472 1259 696 1315 Privatae
725 1261 861 1333 legis
892 1261 1195 1317 munimine
1221 1264 1344 1332 jura
1376 1266 1544 1335 petita

403 1351 657 1406 Remensi
690 1350 792 1405 fert
822 1351 1078 1407 Ecclesiae
1112 1355 1401 1409 retinenda
1433 1357 1705 1422 docendo,

400 1448 471 1498 Ac
504 1443 848 1514 prohibendo
872 1446 1046 1512 nefas,
1071 1463 1137 1500 ne
1169 1449 1292 1518 quis
1310 1461 1605 1520 praesumat
1635 1451 1822 1522 inique

402 1538 698 1592 Attrectare
731 1537 899 1591 sacris
931 1553 1183 1608 possessa
1205 1550 1296 1594 aut
1327 1542 1549 1596 demere
1581 1559 1734 1597 cassa
1766 1543 1852 1597 θοι.

405 1626 669 1696 Nullaque
701 1626 1046 1696 pontificum,
1082 1645 1292 1701 regum,
1335 1632 1666 1686 comitumve
1707 1641 1950 1704 potestas

403 1718 597 1771 lllicite
625 1734 914 1788 usurpans,
950 1720 1204 1789 proprios
1235 1722 1476 1778 inﬂectat
1500 1725 1552 1777 in
1585 1741 1717 1778 usus

406 1808 535 1872 Qua!
557 1817 685 1863 sunt
704 1809 984 1874 Ecclesia‘,
1009 1827 1171 1880 quam
1201 1814 1436 1882 pressule
1466 1815 1603 1870 forte
1624 1826 1908 1872 vacantem

408 1902 593 1956 Nullus
622 1913 680 1958 ut
719 1905 960 1967 invadat,
987 1906 1288 1960 violentum
1321 1909 1525 1977 aspiret
1553 1909 1605 1962 iu
1639 1925 1869 1965 ausum:

405 1994 511 2048 Nec
543 1994 646 2048 nisi
675 1996 952 2066 condigno
980 1998 1173 2066 praesul
1205 2004 1472 2053 statuatur
1504 2001 1734 2064 honore;

405 2084 717 2150 Pontiﬁces,
749 2102 930 2157 reges,
963 2087 1162 2154 clerus,
1195 2089 1556 2161 subjectaque
1590 2091 1781 2161 plebes

407 2177 750 2240 Provideant,
779 2190 1042 2250 operante
1074 2181 1184 2238 Deo
1225 2190 1282 2237 ut
1312 2183 1453 2238 bene
1483 2187 1678 2242 tradita
1704 2196 1945 2253 servent,

406 2266 772 2337 Ampliﬁcent,
802 2268 1084 2337 decorent,
1119 2287 1318 2342 supera
1336 2275 1589 2330 mercede
1623 2287 1947 2353 prOpagent.

409 2357 738 2428 Dispositum
771 2359 937 2434 digne
962 2364 1246 2431 praemisso
1277 2367 1514 2434 przesule
1537 2368 1826 2440 quisquam

408 2449 524 2503 Non
547 2451 796 2505 mutilare
827 2452 1017 2519 decus,
1051 2468 1159 2509 non
1185 2455 1477 2511 immutare
1507 2459 1780 2514 subintret
1805 2479 1817 2515 :

413 2539 612 2595 Usibus
641 2548 693 2595 at
723 2552 982 2599 maneant
1011 2562 1290 2601 servorum
1325 2549 1511 2604 dedita
1541 2551 1737 2607 Christi

410 2629 625 2703 Integra
651 2632 920 2701 pontiﬁci,
949 2634 1133 2705 dignis
1154 2639 1433 2694 tractanda
1464 2641 1750 2699 ministris.

417 2719 539 2773 Haec
569 2726 756 2774 contra
777 2723 1030 2794 quisquis
1061 2729 1469 2798 praesumpserit
1498 2740 1618 2784 acta
1649 2732 1855 2798 venire,

414 2810 504 2864 llis
534 2826 594 2864 se
627 2812 942 2868 mulctatum
976 2816 1130 2870 scitis
1157 2820 1506 2875 anathemate
1551 2823 1695 2878 norit
1725 2839 1740 2879 :

414 2906 670 2961 Servator
690 2907 854 2962 vitam
884 2920 1160 2966 mereatur
1182 2914 1388 2969 habere
1421 2933 1741 2986 perennem.

486 2996 669 3051 Rebus
708 2999 1003 3067 Avennaci,
1033 3018 1201 3074 super
1223 3005 1350 3060 almi
1385 3009 1578 3077 etjure
1611 3009 1813 3076 Calisti,

412 3086 542 3141 Tum
572 3088 793 3146 decreta
824 3093 938 3162 pari
961 3097 1210 3166 provexit
1238 3099 1432 3155 robore
1466 3100 1614 3159 fulta.

488 3177 758 3233 Praeterea
776 3181 922 3251 quod
951 3195 1296 3256 compererat
1324 3205 1422 3258 per
1450 3190 1607 3246 devia
1635 3194 1900 3264 quosdam

417 3267 740 3326 Pontiﬁcum
773 3270 922 3340 ferri,
955 3276 1284 3351 populisque
1306 3282 1556 3354 exempla
1579 3284 1752 3340 ruinae

418 3355 646 3425 Dedere,
679 3367 733 3413 et
756 3360 1054 3433 increpitos
1079 3381 1188 3420 non
1217 3367 1382 3440 digna
1411 3373 1720 3442 rependere
1751 3374 1960 3440 suasis;

417 3447 557 3510 Quin
588 3453 642 3502 et
670 3448 942 3506 deteriora
972 3455 1153 3527 sequi,
1185 3473 1287 3512 nec
1317 3459 1435 3514 dira
1466 3477 1658 3518 cavere
1692 3481 1705 3518 :

416 3539 530 3592 Non
556 3540 678 3596 sine
709 3558 768 3597 se
801 3560 1032 3601 mcerore
1058 3550 1210 3622 gravi
1251 3552 1486 3608 tolerare
1521 3553 1739 3611 fatetur.

417 3634 494 3686 Ad
519 3651 708 3704 pacem
749 3637 990 3696 invitans
1014 3644 1364 3720 exstinguere
1387 3649 1646 3706 scandala
1669 3654 1890 3723 querit,

420 3724 743 3784 Pontiﬁcum
773 3729 914 3787 fastu
944 3733 1188 3791 Christus
1216 3741 1347 3810 quia
1367 3742 1630 3799 temnitur
1652 3754 1787 3802 atro.

420 3816 616 3873 Noster
641 3827 695 3874 et
715 3823 944 3878 antistes
970 3825 1140 3893 dolet,
1159 3831 1360 3903 arguit,
1386 3833 1653 3904 increpat,
1683 3835 1854 3907 angit.

424 3911 575 4005 [ludo
606 3929 839 4005 monens
868 3921 1090 3976 mandat
1106 3922 1329 3990 junctos
1361 3926 1505 3982 hunc
1533 3944 1731 4005 cogere
1757 3931 1961 3997 Patres,

422 4000 594 4093 atque
615 4003 754 4093 alios
782 4007 961 4061 accire
985 4009 1209 4078 probos,
1234 4013 1565 4088 decretaque
1598 4000 1736 4093 legis

425 4087 668 4144 Pandere
693 4092 913 4158 divinas,
955 4098 1225 4166 synodum
1267 4087 1545 4160 celebrare
1573 4087 1759 4182 vigore

427 4177 587 4236 Cesso
618 4182 688 4216 ³⁸³
711 4183 854 4252 juris
875 4191 1160 4257 apostolici
1193 4195 1499 4253 munimine
1533 4177 1748 4266 fultam,

424 4266 590 4322 Noxia
622 4270 878 4328 vellendo
903 4279 1184 4351 gregibus,
1216 4284 1496 4352 profutura
1526 4289 1781 4347 serendo.

425 4361 486 4411 At
513 4359 557 4413 si
591 4361 722 4432 quid
755 4360 922 4421 fuerit
951 4386 1218 4438 perversze
1247 4375 1358 4430 litis
1388 4378 1642 4434 obortum
1676 4398 1690 4446 ;

428 4448 677 4506 Praesulis
697 4455 882 4511 eximii
911 4473 1198 4517 senentur
1227 4467 1555 4541 cognitioni,

429 4543 600 4598 Dante
631 4547 742 4602 Deo
774 4549 1004 4624 dignum
1037 4557 1252 4614 valeant
1283 4570 1341 4614 ut
1367 4578 1585 4619 sumere
1612 4564 1800 4621 finem.

427 4634 522 4689 Cui
546 4652 604 4690 se
627 4641 860 4696 concilio
882 4649 1058 4700 tentet
1087 4649 1398 4707 subducere
1430 4671 1616 4722 nemo,

427 4725 682 4798 Quisquis
711 4735 999 4801 apostolici
1029 4753 1256 4795 consors
1285 4745 1434 4814 cupit
1465 4761 1589 4801 esse
1619 4746 1838 4802 favoris.

507 4817 777 4876 Bellorum
806 4832 985 4880 motus
1015 4845 1114 4898 per
1137 4831 1396 4888 Francica
1427 4853 1596 4908 regna
1615 4854 1898 4904 coercens,

431 4909 694 4967 Primates
714 4925 901 4973 monet
933 4919 1187 4978 Ecclesiae
1218 4935 1427 4982 certare
1459 4928 1668 4998 labore,

429 5001 468 5054 T
472 5002 616 5058 otius
642 5021 786 5061 curm
818 5011 1074 5068 madeant
1100 5030 1168 5069 ne
1198 5033 1365 5092 regna
1390 5036 1606 5086 cruore,

432 5092 770 5152 Christicolae
801 5116 960 5174 reges
988 5103 1216 5161 bellisve
1247 5118 1526 5166 armentur
1553 5113 1777 5186 iniquis.

432 5187 732 5244 Attrectare
749 5191 904 5248 nefas
920 5195 1122 5260 aliena,
1155 5198 1418 5258 invadere
1447 5214 1684 5261 cessent.

435 5277 581 5366 Della
609 5294 958 5350 soporentur.
994 5294 1291 5348 commotio
1320 5312 1460 5350 smva
1492 5305 1788 5366 prematur.

433 5364 567 5461 Dum
603 5366 771 5461 Roma
804 5373 960 5430 Folco
989 5378 1196 5446 redeat,
1221 5398 1323 5451 pax
1354 5364 1569 5456 sceptra
1592 5387 1882 5461 gubernet.

506 5457 625 5511 Haec
644 5460 834 5516 eadem
867 5468 1160 5525 exhortans
1199 5473 1266 5527 ad
1299 5491 1488 5545 pacem
1520 5457 1714 5532 scribit
1740 5477 1935 5543 Odoni,

433 5544 509 5599 Ne
542 5546 790 5604 Carolum
821 5564 1011 5611 contra
1041 5559 1242 5616 bellum
1263 5544 1548 5626 moveatur
1575 5569 1847 5640 iniquum.

2113 533 2327 587 Externi
2358 549 2480 604 quae
2500 542 2628 588 sunt
2647 533 2811 600 juris,
2843 533 3190 606 cupidusque
3219 537 3426 606 rapinis

2110 622 2412 687 Abstineat,
2444 622 2623 676 vitans
2640 633 2818 678 rectos
2839 624 3229 678 transcendere
3259 625 3426 680 calles

2111 715 2238 776 Quze
2279 711 2509 767 Domino
2532 713 2783 783 placeant
2812 712 3000 768 solerti
3023 721 3207 768 mente
3240 722 3520 781 retractet,

2113 809 2245 860 Ante
2276 807 2465 861 oculos
2493 815 2740 860 statuens
2765 807 2886 874 ejus
2901 807 3005 862 sub
3037 824 3226 864 amore
3253 809 3529 866 timorem.

2184 898 2322 952 Pace
2349 899 2648 953 laborantis
2675 898 3036 970 congaudens
3071 901 3326 970 praesulis
3352 903 3494 957 actis

2114 991 2385 1046 Admonet
2416 991 2500 1044 his
2518 997 2676 1046 cauto
2708 989 2999 1046 Folconem
3025 991 3280 1047 insistere
3313 993 3457 1058 nisu,

2115 1085 2218 1138 Pax
2245 1083 2390 1138 odiis
2429 1098 2496 1136 ne
2517 1081 2829 1136 inconsulte
2862 1083 3093 1154 qumsita
3123 1081 3378 1150 facessat,

2119 1177 2285 1248 Regia
2318 1191 2423 1228 neu
2454 1174 2587 1228 celsi
2618 1175 2838 1248 generis
2866 1173 3104 1228 scintilla
3137 1181 3362 1228 teratur.

2117 1267 2358 1322 Crimina
2385 1266 2707 1336 sceptrigeri
2741 1266 2998 1336 prudenti
3027 1266 3267 1321 arcenda
3289 1265 3547 1331 medella,

2122 1356 2386 1427 Regmine
2419 1370 2515 1424 pro
2544 1355 2696 1427 regni
2725 1369 2793 1407 ne
2824 1355 3061 1423 pessima
3091 1354 3350 1409 scandala
3377 1364 3608 1427 surgant

2190 1447 2410 1501 Hortatu
2429 1447 2678 1499 Carolum
2713 1445 2899 1498 solans
2929 1454 3207 1517 gratanter
3233 1447 3488 1511 honorat,

2119 1537 2374 1591 Gaudens
2404 1537 2548 1590 hunc
2587 1536 2774 1606 patria?
2816 1544 3133 1607 provectum
3161 1537 3402 1592 culmine
3431 1537 3585 1592 sedis

2123 1628 2294 1697 Atque
2323 1633 2516 1696 petens
2547 1625 2757 1680 Christo
2786 1626 3043 1696 placitum
3082 1643 3181 1696 per
3211 1636 3457 1697 tempora
3483 1626 3651 1698 longa

2125 1715 2632 1786 Crescerejustitia,
2663 1715 2888 1785 pietate,
2910 1723 2966 1768 et
2994 1715 3114 1769 luce
3145 1715 3376 1786 sophia.

2045 1781 2092 1846 η
2121 1813 2193 1864 Ac
2224 1781 2412 1866 monet
2443 1820 2500 1864 ut
2521 1781 2810 1865 Dominum
2835 1811 3018 1864 cordis
3046 1827 3156 1880 prae
3181 1781 3386 1864 lumine
3418 1817 3612 1881 ponat,

2119 1901 2369 1956 Jussibus
2393 1900 2566 1971 ipsius
2597 1901 2725 1954 totis
2747 1901 3039 1954 conatibus
3070 1902 3299 1954 haerens.

2121 1990 2318 2062 Diligat
2338 1999 2392 2044 et
2417 1997 2734 2059 servetquaa
2759 1989 2907 2057 justa
2937 2005 3000 2043 ac
3031 1998 3178 2044 recta
3212 1987 3461 2058 probarit

2122 2085 2420 2140 Admoveat
2438 2084 2602 2152 justis
2627 2100 2834 2146 aurem,
2859 2083 3095 2138 divertat
3127 2083 3348 2155 iniquis.

2122 2176 2201 2230 Sit
2221 2177 2422 2231 virtute
2444 2177 2634 2241 animi,
2659 2175 2840 2230 carnis
2873 2176 3215 2246 pratstantior
3236 2191 3362 2236 usu.

2125 2265 2378 2335 Corporis
2404 2280 2468 2320 ac
2497 2264 2699 2318 mentis
2721 2264 2910 2319 hostes
2939 2271 2994 2317 ut
3016 2271 3262 2317 sternere
3297 2263 3489 2334 possit,

2124 2356 2192 2409 Se
2223 2371 2442 2426 quoque
2473 2371 2595 2426 qua:
2626 2353 2800 2409 valeat
2829 2353 3114 2424 spondens
3137 2362 3432 2427 augmenta
3461 2353 3722 2407 daturum

2126 2451 2328 2506 Panem
2361 2466 2455 2510 pro
2484 2458 2640 2523 grato
2674 2449 3027 2504 benedictum
3061 2464 3288 2502 munere
3312 2449 3474 2520 legat,

2126 2541 2425 2606 Quaesierat
2452 2539 2686 2612 geminae
2711 2554 2877 2609 quem
2912 2553 3003 2591 rex
3035 2537 3136 2591 sub
3170 2537 3300 2592 dote
3329 2537 3541 2592 salutis.

2125 2631 2362 2688 Solertes
2386 2647 2506 2685 cum
2531 2631 2658 2702 quis
2675 2636 2975 2684 tractentur
2995 2628 3286 2684 commoda
3310 2628 3557 2693 mandat,

2128 2728 2298 2782 lmmo
2324 2727 2665 2781 sacerdotem
2695 2725 2985 2780 Folconem
3027 2724 3093 2778 ad
3121 2724 3248 2778 talia
3280 2725 3477 2789 mittat,

2128 2818 2292 2887 Cujus
2325 2818 2570 2873 consiliis
2601 2817 2835 2871 utillima
2860 2833 3095 2888 quaeque
3115 2815 3299 2870 decori

2134 2913 2390 2975 Edantur,
2423 2913 2569 2985 regis
2599 2911 3267 2967 cumulandielculminis
3297 2918 3443 2980 apta.

2205 3001 2573 3065 Quorumdam
2606 3001 2839 3071 querulo
2882 2999 3112 3053 nimium
3153 2999 3394 3054 clamore
3421 2999 3643 3069 petitus.

2089 3152 2107 3170 η
2137 3093 2331 3149 Urbem
2365 3093 2590 3164 indigna
2617 3092 2725 3162 pati
2761 3091 3031 3162 queritur,
3064 3090 3349 3162 metuique
3375 3091 3647 3145 clientes:

2061 3154 2110 3218 Ο
2133 3185 2405 3240 Sedandis
2435 3154 2638 3256 quibus
2659 3154 2917 3238 exhibeat
2947 3154 3197 3239 se'Folco
3231 3154 3493 3254 reposcit.

2131 3280 2420 3350 Comperto
2450 3277 2670 3332 tandem
2702 3277 2749 3330 is
2773 3277 2887 3332 veri
2918 3275 3297 3332 moderamine
3335 3277 3556 3346 praesul,

2131 3371 2298 3434 Quam
2331 3370 2400 3424 sit
2429 3367 2750 3439 apostolicis
2781 3365 2922 3421 ﬁdus
2974 3383 3134 3438 quam
3159 3366 3412 3437 jussibus
3441 3367 3642 3420 ardens
3667 3382 3683 3434 ;

2132 3459 2328 3512 Parere
2350 3457 2607 3511 aethereis
2635 3455 2861 3528 gaudet,
2893 3464 3190 3528 gratesque
3223 3454 3502 3525 rependit,

2135 3553 2428 3624 Spondens
2452 3568 2512 3606 se
2543 3552 2597 3605 in
2617 3551 2820 3622 quibus
2852 3549 3110 3620 expediat
3136 3549 3381 3620 przebere
3404 3547 3708 3620 benignum
3739 3569 3756 3603 :

2137 3642 2304 3710 Hujus
2333 3649 2387 3696 et
2415 3640 2483 3694 ad
2515 3649 2700 3694 votum
2724 3654 2914 3709 regum
2943 3638 3216 3709 pressisse
3237 3637 3502 3692 duellum.

2138 3731 2466 3787 Praesulibus
2492 3729 2721 3806 regique
2745 3730 2871 3784 ideo
2897 3728 3158 3783 mandata
3187 3727 3434 3795 dedisse,

2135 3821 2324 3875 Tutius
2349 3820 2470 3890 ipse
2501 3817 2645 3874 Petri
2673 3818 2850 3872 valeat
2879 3832 2990 3889 quo
3020 3817 3196 3872 visere
3217 3816 3427 3870 sedem.

2211 3912 2362 3966 Hunc
2389 3927 2608 3983 quoque
2636 3911 2819 3966 fratris
2845 3911 3054 3966 honore
3087 3910 3298 3976 colens,
3317 3909 3583 3980 specialia
3610 3910 3760 3984 legat

2139 4001 2319 4056 Munia
2349 4002 2659 4066 charorum,
2693 4000 2977 4053 tutandum
3012 3998 3189 4069 poscit
3214 3997 3504 4060 honorem,

2137 4093 2403 4150 Scandala
2435 4103 2736 4163 proterere,
2766 4101 2820 4146 et
2851 4093 3001 4162 pacis
3030 4097 3359 4146 connectere
3388 4088 3599 4144 vincla:

2141 4185 2372 4240 Frenare
2393 4182 2738 4254 implacidos,
2769 4190 2823 4236 et
2849 4182 2913 4236 ad
2944 4182 3141 4236 almam
3172 4196 3374 4254 cogere
3397 4195 3612 4250 pacem,

2141 4277 2310 4349 ldque
2340 4276 2481 4330 Petri
2514 4277 2680 4330 latum
2712 4273 2845 4328 ﬁdat
2875 4274 2982 4328 sibi
3014 4290 3244 4328 munere
3276 4274 3504 4338 donum,

2141 4369 2487 4423 Lambertum
2521 4371 2844 4438 Augustum,
2880 4366 3130 4421 Folconis
3159 4380 3324 4419 carne
3357 4363 3757 4434 pr0pinquum,

2057 4471 2114 4539 Ι)
2146 4459 2208 4514 Ut
2236 4458 2516 4529 proprium
2549 4473 2606 4511 se
2637 4455 2796 4510 tutari
2827 4454 3094 4509 solamine
3128 4459 3310 4506 natum

2144 4551 2492 4626 Signiﬁcans,
2525 4553 2727 4607 nostris
2752 4549 3059 4620 gratissima
3091 4547 3342 4619 praesulis
3370 4545 3525 4600 eﬁ‘ert

2146 4645 2300 4711 Vota,
2328 4641 2532 4714 quibus
2561 4640 2704 4696 Petri
2739 4645 3030 4693 veneratur
3061 4639 3270 4692 honore
3299 4635 3639 4689 cathedram.

2217 4739 2522 4810 Sacrilegos
2553 4736 2821 4808 quosdam
2855 4733 3051 4788 sacrati
3084 4731 3341 4787 culminis
3364 4737 3512 4784 atros

2147 4832 2453 4902 Carptores,
2479 4827 2677 4883 summi
2695 4827 2893 4897 capitis
2927 4825 3231 4880 clarissima
3259 4820 3508 4876 membra

2145 4927 2478 4979 Attemerare
2501 4936 2681 4983 ausos,
2713 4917 3080 4972 anathematis
3110 4931 3242 4970 ense
3275 4913 3480 4968 recisos

2147 5014 2464 5078 Notiﬁcans,
2513 5018 2703 5067 monet
2735 5011 2879 5063 hunc
2924 5009 3098 5062 nodos
3125 5006 3307 5078 dignae
3345 5003 3550 5058 addere
3583 5004 3762 5058 multze

2145 5102 2476 5176 Sceptrigeri
2510 5116 2731 5172 quoque
2763 5097 2980 5168 e0gnati
3012 5113 3109 5165 pro
3139 5095 3383 5150 culmine
3411 5099 3584 5147 certet

2147 5201 2347 5271 Sicque
2378 5197 2650 5252 Parisiaco
2680 5196 2870 5266 legans
2907 5192 3162 5246 mandata
3188 5197 3418 5262 patrono
3448 5187 3518 5221 ³⁰³

2151 5291 2256 5345 Hos
2284 5285 2618 5342 Anscherico
2651 5289 2805 5338 notat
2830 5296 2952 5335 esse
2982 5279 3210 5334 omnino
3239 5276 3533 5342 cavendos,

2151 5383 2222 5436 Ac
2251 5377 2473 5434 vitanda
2495 5375 2636 5449 nigri
2670 5372 2944 5429 consortia
2967 5372 3084 5424 dira
3115 5370 3333 5424 furoris.

2221 5468 2516 5525 Ecclesiam
2538 5467 2723 5521 solans
2754 5466 3030 5517 Senonum
3065 5469 3279 5531 pastore
3311 5467 3620 5531 gementem

2152 5565 2377 5618 Addicto
2408 5560 2656 5625 latebris,
2687 5555 3000 5613 damnando
3029 5555 3100 5589 30‘
3124 5554 3370 5608 criminis
3401 5569 3538 5608 ausu
3570 5569 3583 5606 :

1515 5692 1780 5749 GLOSS/E
1809 5690 2232 5748 MARGINALES
2272 5683 2675 5745 MABILLONII.

509 5772 578 5807 ³⁰¹
612 5785 892 5832 concessa.
980 5780 1048 5813 ³0³
1068 5797 1352 5844 concesso.

1436 5793 1506 5828 ³⁰³
1524 5793 1808 5864 episcopo.
1877 5793 1945 5827 θοι
1978 5790 2305 5846 damnabili.
