3972 6208
223 343 336 398 829
846 337 926 389 DE
967 335 1220 389 CHRISTI
1261 333 1622 388 TRIUMPHIS
1663 335 1833 388 APUD
1877 333 2140 387 ITALIAM
2184 330 2357 384 LIBRI
2399 329 2527 384 XIV.
2571 358 2638 367 —
2680 327 2803 380 LIB.
2847 326 2957 380 χιι.
3463 321 3569 376 830

223 468 287 520 In
323 465 556 520 Domino
579 478 802 534 sperare
833 470 1021 515 monet
1064 479 1076 514 :
1111 460 1386 531 patienter
1414 461 1611 515 acerba
1887 479 1924 529 ,χ
1956 459 2137 530 Ipsius
2163 466 2385 528 aspectu
2418 454 2581 512 solari
2607 470 2671 509 ac
2698 453 2904 508 famine
2943 452 3138 524 possit.

219 557 334 626 Spe
363 553 582 608 decoris
605 552 747 606 ferre
777 550 1004 605 aetherei
1024 549 1220 603 virtute
1249 549 1528 604 Tonantis.
1953 547 2169 602 Interea
2191 563 2390 618 panem
2423 544 2772 600 benedictum
2807 557 3035 597 munere
3058 541 3254 608 mittat,

220 648 423 703 Fidere
456 661 514 701 se
547 644 770 715 proprio
795 641 1082 696 solandam
1111 642 1343 711 prmsule
1371 641 1488 696 viso
1515 658 1527 694 :
1948 638 2152 692 Tutelae
2183 637 2430 707 nullique
2462 635 2648 689 favens
2677 633 2938 688 assentiat
2969 630 3130 688 hosti.

221 741 296 793 Se
327 741 618 793 damnasse
652 737 798 790 feros
830 734 1191 804 Patribusque
1233 742 1452 788 notasse
1483 733 1742 788 terendo:
1949 729 2090 793 Quin
2121 727 2352 782 adversa
2382 733 2593 798 premat
2612 741 2766 780 sacro
2795 723 3100 791 molimine,
3127 722 3251 791 jure

222 827 472 880 Flamine
495 825 708 894 divino,
741 839 807 877 ne
840 823 963 894 quis
985 822 1114 876 dein
1149 822 1276 876 talia
1310 829 1497 877 tentet.
1952 815 2165 871 Crescat
2187 824 2244 870 ut
2266 815 2439 886 ipsius
2467 823 2743 885 sumptum
2775 812 3082 869 munimine
3116 827 3366 885 regnum.

219 918 518 972 Missurum
549 933 609 970 se
637 916 866 987 ιθιξθιοε,
898 915 989 968 Ubi
1015 921 1262 984 tempora
1292 914 1457 989 dign“
2027 926 2187 980 Folco
2211 926 2376 980 etiam
2409 924 2610 995 praesul
2639 933 2822 997 grates
2850 939 2881 976 a
2908 923 3041 977 sede
3063 928 3312 977 vocatum

219 1011 295 1063 Se
330 1009 575 1073 tulerint,
611 1005 1260 1078 quissedenturhujusce
1291 1005 1563 1076 procellae.
1956 1019 2024 1072 se
2051 1018 2299 1072 referens
2332 1017 2497 1082 Petri,
2532 1016 2709 1087 poscit
2731 1013 2988 1087 suffragia
3017 1013 3151 1088 regi.

306 1099 588 1173 ¹δίηὲζοηίθί
623 1113 768 1152 δὶθνο
803 1096 1004 1167 Γδρίοτί
1033 1096 1280 1166 PFT-suns
1309 1112 1433 1150 orsa
1955 1106 2278 1162 Gratiticans
2301 1107 2447 1180 regis
2485 1108 2633 1178 quod
2662 1123 2748 1160 res
2768 1116 3022 1177 suscepta
3055 1105 3292 1178 benigne

226 1188 441 1262 Dirigit,
473 1196 531 1242 ut
561 1186 800 1241 tamdem
837 1185 1006 1259 gestis
1031 1185 1316 1255 resipiscat
1347 1188 1567 1250 amaris,

1955 1198 2254 1266 Tractetur,
2286 1200 2462 1269 patrio
2490 1199 2782 1254 foveantur
2806 1207 3023 1269 sceptra
3051 1197 3250 1259 nitore,

223 1277 554 1333 Pontilicem
588 1276 798 1340 reddat,
827 1274 1050 1328 damnet
1079 1291 1202 1346 quae
1243 1275 1361 1329 dira
1393 1276 1635 1345 patrarit.

1956 1290 2235 1346 Sollicitus
2251 1291 2320 1324 ³0⁸
2349 1307 2446 1361 pro
2478 1291 2646 1366 regali
2677 1291 2824 1362 quod
2846 1289 3099 1365 germine
3122 1304 3282 1359 papa.

224 1374 326 1426 Sin
358 1389 540 1436 secus,
572 1381 791 1425 aeterna:
824 1371 1095 1439 plectctur
1123 1369 1357 1423 tormine
1399 1369 1634 1424 mulctaz.
1955 1380 2210 1454 suggerit
2243 1396 2374 1452 ergo
2409 1390 2626 1452 petens,
2655 1379 2833 1435 faveat
2857 1395 2924 1434 ne
2954 1378 3204 1449 partibus
3235 1375 3425 1442 hostis,

300 1459 595 1534 Sacrilegis
623 1474 792 1528 super
823 1458 906 1510 hi8
939 1457 1145 1527 PatriOS
1174 1458 1392 1530 delegat
1422 1457 1596 1512 Odoni
1956 1468 2192 1522 Roboret
2221 1469 2273 1522 id
2304 1471 2498 1542 magis,
2533 1469 2797 1534 exaltaus,
2829 1485 2859 1522 e
2889 1467 3096 1522 viribus
3135 1479 3345 1538 augens
3379 1481 3391 1517 :

224 1554 580 1626 Sceptrigero
607 1552 866 1616 monitus,
898 1561 955 1604 ut
987 1551 1238 1605 seiathos
1267 1552 1615 1606 anathemate
1639 1553 1848 1622 plexos:
1953 1560 2271 1616 Accumulet
2298 1561 2578 1631 precibus,
2615 1561 2868 1632 votisque
2895 1560 2962 1614 ad
2992 1559 3175 1613 sidera
3208 1556 3406 1611 missis.

225 1650 376 1710 Quos
405 1661 504 1698 nec
535 1643 816 1712 suscipiat,
853 1659 954 1697 nec
984 1643 1065 1695 eis
1102 1641 1359 1696 ali'amina
1383 1643 1600 1717 jungat,

1961 1648 2163 1703 Pulsari
2193 1650 2464 1718 adjiciens
2494 1653 2596 1707 hoc
2627 1651 2694 1705 ab
2723 1651 2973 1706 hostibus
3000 1647 3247 1719 undique
3278 1644 3436 1700 fusis.

225 1740 480 1810 Ipsorum
501 1754 621 1791 sese
644 1735 905 1790 maculari
930 1735 1160 1790 crimine
1193 1736 1330 1790 vitet
1885 1774 1931 1840 Β
1955 1741 2100 1804 Quos
2139 1742 2496 1816 rogatarceri,
2533 1757 2964 1812 pervasoresque
2994 1738 3212 1809 repelli,

226 1831 373 1895 Quin
398 1830 564 1883 immo
595 1828 850 1882 Ecelesim
875 1837 1143 1898 praestans
1173 1827 1442 1881 solamina
1471 1826 1634 1891 tritae,
1885 1826 1930 1840 ν
1955 1830 2249 1887 Praedones
2277 1835 2501 1904 reprimi
2527 1834 2902 1890 moderamine
2929 1830 3193 1907 regminis
3221 1827 3386 1883 almi:

232 1920 510 1991 Protegat,
542 1917 804 1970 auxilium
829 1917 1178 1986 impendens,
1212 1916 1307 1969 ubi
1341 1916 1538 1969 viderit
1568 1923 1754 1986 aptum
1957 1923 2031 1978 Ne
2060 1924 2200 1979 inter
2222 1926 2570 1982 Christicolas
2596 1927 2802 1981 bellum
2832 1926 2992 1980 civile
3019 1929 3256 1999 geratur,

231 2007 358 2060 Haec
388 2007 583 2059 eadem
613 2005 802 2059 Carolo
836 2005 1091 2058 mandata
1123 2004 1365 2058 tenenda
1399 2005 1623 2076 relegat.

301 2093 621 2147 Waltarium
656 2094 960 2159 Senonum,
1010 2102 1367 2147 temerantem
1395 2094 1617 2148 oracula
1647 2094 1853 2166 legum,

228 2186 470 2256 Corripit
491 2186 826 2256 increpitans
856 2203 868 2250 ;
892 2186 1204 2240 Trecasinaa
1240 2186 1426 2241 intulit
1450 2187 1570 2240 urbi

230 2277 520 2349 Regimina
549 2292 659 2330 non
690 2276 815 2329 lecti
843 2292 940 2330 cur
972 2277 1246 2346 praesulis,
1280 2287 1445 2348 atque
1487 2277 1693 2349 recepti

231 2369 305 2421 Ex
329 2368 437 2421 alia
466 2367 708 2422 Ecclesia
740 2375 930 2422 contra
961 2368 1183 2421 decreta
1217 2378 1463 2438 paterna.

231 2462 406 2524 Quem
438 2475 748 2526 removens,
781 2459 982 2514 lectum
1013 2461 1082 2494 ³⁰δ
1113 2461 1322 2526 statuit,
1354 2461 1858 2517 moderaminatra-

1667 2553 1786 2624 tan,

232 2642 568 2712 Sacratoque
597 2657 810 2696 sacrum
845 2641 1046 2696 Ricveo
1075 2641 1317 2712 impertit
1349 2643 1614 2698 honorem
1651 2661 1663 2697 :

237 2735 435 2789 Nullus
468 2743 527 2789 ut
549 2735 781 2790 obsistat
812 2735 983 2801 scitis,
1011 2736 1302 2790 comitatur
1327 2744 1568 2790 euntem.

311 2831 444 2885 Huic
474 2831 614 2884 Patri
650 2830 873 2885 Carolus
901 2831 1158 2885 Formoso
1190 2839 1492 2905 grammata
1520 2833 1730 2904 legans,

235 2923 418 2993 Seque
449 2921 648 2992 suique
679 2921 852 2992 apicis
885 2922 1318 2990 committitjura
1342 2923 1547 2977 tuenda
1581 2941 1592 2976 :

1957 2017 2247 2090 Naufragio
2290 2020 2544 2074 Ecclesiae
2573 2036 2640 2074 ne
2662 2021 2900 2093 gaudeat
2918 2017 3148 2073 aemulus
3179 2022 3352 2076 atrox,

1959 2105 2181 2162 lllicitos
2214 2107 2288 2160 ibi
2329 2108 2591 2178 subjectis
2619 2109 2921 2164 nitentibus
2959 2123 3144 2163 ausus.

2027 2223 2166 2287 Quid
2199 2226 2586 2282 medicamenti
2618 2228 2925 2299 impendat,
2957 2226 3205 2281 consulta
3236 2224 3495 2294 reposcit,

1962 2315 2249 2373 Lamberto
2278 2319 2654 2390 induperatori
2681 2321 2785 2375 sibi
2814 2336 2978 2375 carne
3013 2320 3322 2392 prOpinquo

1961 2405 2329 2465 Multimodam
2362 2428 2674 2485 agnoscens
2720 2429 2904 2467 curam
2964 2410 3285 2482 dependere
3320 2425 3515 2481 papam
3551 2427 3566 2474 ἶ

1960 2494 2187 2564 Gaudet,
2212 2515 2275 2554 ac
2314 2503 2563 2571 exposcit
2591 2510 2810 2557 maneat
2837 2502 3062 2556 dilectio
3091 2500 3230 2555 talis.

1961 2585 2130 2646 Quem
2160 2586 2287 2641 licet
2316 2588 2536 2644 affinem
2573 2591 2723 2646 nullo
2754 2590 3001 2658 sibijure
3034 2589 3327 2644 colendum

1964 2674 2147 2732 Prodit
2176 2721 2190 2747 ,
2217 2682 2456 2736 amicitia
2488 2682 2658 2738 Patris
2699 2683 2803 2738 nisi
2835 2683 3050 2738 noverit
3080 2689 3319 2738 auctum.

2034 2788 2098 2841 At
2130 2787 2318 2846 Carolo
2349 2794 2462 2868 regi
2485 2795 2621 2864 petit
2650 2795 2796 2850 hunc
2824 2794 2926 2848 sub
2957 2794 3162 2850 foedere
3194 2791 3362 2857 necti,

1966 2875 2212 2950 Huicque
2235 2883 2427 2939 ambos
2456 2901 2648 2960 regum
2679 2886 2874 2943 solatia
2903 2885 3148 2958 pendere
3167 2883 3326 2955 proli.

239 2967 417 2993 om,“
450 2967 647 2992 “.1”
680 2967 852 2992 ..νων
888 2967 1318 2990 w..........-,,...
1343 2967 1547 2977 me...”
1581 2967 1592 2976 .
2201 2975 2211 2984 .
2494 2980 2505 2989 ,
2626 2985 2631 2991 ,
2841 2982 2850 2991 ,
2984 2980 2994 2989 ,
3046 2979 3055 2988 .
3222 2977 3233 2986 .

239 3013 478 3066 Eximias
503 3013 745 3066 referens
776 3022 958 3086 grates
992 3013 1092 3066 sub
1122 3014 1329 3068 honore
1353 3013 1570 3077 fav0ris,
2539 2983 2674 3092 q_l_l_'_d
2687 2977 3467 3092 ΪῗίξξξῗῐΤῙῗΫ-ῗῗξὶιξημ,,η
3496 3081 3508 3092 ,

239 3058 476 3066 _......._-
504 3058 745 3066 .-.---.--
776 3058 958 3086 0..--“
992 3058 1090 3066 νη
1123 3058 1329 3068 ..-..-.-
1353 3058 1570 3077 ,νη-,η
3496 3081 3508 3092 .

237 3106 307 3158 Se
340 3121 520 3177 genus
551 3114 713 3175 atque
745 3121 902 3158 suum
939 3105 1164 3178 dignum
1198 3105 1328 3176 quia
1357 3105 1518 3161 laude
1545 3108 1769 3178 putarit,
1887 3136 1936 3202 Ο
1964 3058 3204 3202 2533::rgiodii‘gﬁiigifliztfx‘mm
3238 3065 3473 3122 medella
3495 3105 3510 3126 ‘

237 3166 677 3266 Provectumque
701 3197 822 3263 ejus
849 3166 1061 3270 gratu‘m
1095 3197 1198 3251 sibi
1217 3166 1381 3252 lduxit
1402 3166 1767 3264 habe-udum,’
1887 3166 1936 3202 υ
1967 3167 2221 3237 Expromi
2245 3166 2351 3220 sibi
2386 3166 2638 3236 deposcn
2665 3166 2872 3221 servire
2906 3172 3117 3236 param'

238 3283 462 3338 Noverit
487 3299 615 3358 ergo
647 3283 752 3337 sibi
783 3301 966 3356 regem
1000 3301 1098 3355 pro
1126 3286 1266 3340 scire
1298 3285 1540 3354 ﬁdelem,
2038 3281 2243 3336 Praesul
2275 3280 2363 3335 hie
2393 3281 2650 3354 egregius
2681 3279 2974 3333 Formosus
3001 3277 3259 3332 laudibus
3284 3276 3410 3330 altis

242 3379 503 3432 Devotum
524 3386 577 3432 et
609 3377 871 3431 famulum
901 3379 1072 3446 jussis
1093 3380 1299 3435 servire
1341 3388 1608 3451 paratum.
1966 3371 2244 3436 Evebitur,
2278 3379 2483 3432 castus,
2521 3383 2718 3439 Parcus
2745 3367 2872 3432 Sibi,
2906 3367 3090 3440 largus
3127 3363 3321 3439 egenis
3354 3380 3368 3426 ς

243 3470 371 3537 Ejus
403 3469 662 3540 praesidio
696 3469 902 3524 licitum
937 3471 1006 3525 sit
1037 3470 1206 3526 ﬁdere
1240 3482 1492 3537 ;tamum
1968 3465 2268 3538 Bulgaricaa
2300 3462 2450 3538 genti
2489 3461 2620 3516 fidei
2650 3461 2746 3532 qui
2774 3459 2987 3513 semina
3003 3457 3224 3527 sparsit.

247 3561 422 3616 Hostis
453 3561 811 3632 apostolicam
841 3571 1077 3635 nequeat
1110 3564 1384 3620 divertere
1415 3573 1682 3621 mentem.
1966 3557 2201 3613 Delubra
2231 3555 2522 3620 destruxit,
2556 3553 2820 3625 populum
2852 3549 3176 3606 coelestibus
3201 3549 3370 3602 armis

245 3653 545 3726 Augustum
576 3652 680 3706 sibi
711 3653 990 3719 conciliet,
1025 3653 1410 3728 Christumque
1445 3667 1700 3728 precetur
1969 3651 2243 3716 Instruxit,
2270 3650 2508 3705 tolerans
2538 3647 2854 3703 discrimina
2875 3642 3131 3716 plurima,
3164 3645 3474 3712 promptus,

248 3744 348 3799 Pro
371 3760 454 3804 se.
487 3760 698 3817 proque
725 3745 830 3800 sibi
859 3746 1141 3801 commissi
1170 3749 1416 3819 regmine
1439 3749 1616 3824 regni,
1713 3792 1724 3802 .
1972 3745 2290 3816 Exemplum
2319 3745 2586 3809 tribuens,
2618 3750 2679 3796 ut
2707 3741 2816 3794 sint
2836 3739 3064 3794 adversa
3089 3734 3320 3790 ferenda

247 3832 415 3904 Cujus
436 3842 494 3890 ut
521 3836 574 3892 in
607 3844 790 3908 partes
818 3837 1083 3894 accedere
1113 3845 1358 3904 censeat,
1392 3848 1548 3896 orat:
1973 3839 2036 3893 Et
2061 3837 2206 3892 bene
2228 3835 2432 3892 viventi
2461 3831 2760 3889 metuenda
2789 3827 3138 3885 incommoda
3167 3824 3338 3880 nulla.

1717 3991 1927 4046 CAPUT
1977 3992 2064 4047 VI.

877 4099 953 4157 De
982 4100 1296 4177 Boni/acia
1323 4119 1505 4179 papa,
1539 4110 1594 4163 et
1620 4113 1782 4165 sexto
1821 4105 2142 4182 Stephano,
2183 4101 2478 4163 Theodoro
2512 4115 2746 4177 quoque
2771 4114 2949 4175 papa.

323 4236 457 4290 Hinc
480 4234 628 4288 subit
657 4235 724 4288 ad
757 4235 1032 4290 modicum
1056 4243 1208 4291 vates
1224 4237 1537 4294 Bonifacius
1557 4240 1754 4296 almus.
1889 4253 1945 4321 D
1973 4241 2032 4296 Et
2052 4239 2379 4295 suﬁocatum
2407 4236 2579 4292 crudo
2604 4234 2804 4307 premit
2831 4231 2966 4286 ultio
2997 4231 3166 4286 letho.

249 4326 347 4380 Ter
373 4327 575 4398 quinos
603 4325 692 4380 hic
717 4327 772 4380 in
797 4342 922 4381 arce
948 4327 1068 4381 dies
1100 4327 1342 4398 explevit
1372 4330 1599 4386 honoris
1634 4349 1647 4386 :
2043 4333 2163 4386 Post
2190 4332 2336 4385 hunc
2366 4329 2487 4384 luce
2510 4326 2663 4381 brevi
2689 4323 2917 4380 Romani
2946 4322 3195 4395 regmina
3224 4328 3472 4394 surgunt.

251 4417 498 4472 Culmina
525 4433 648 4473 mox
678 4425 914 4485 mutans,
939 4431 1164 4490 superat
1192 4420 1406 4494 fastigia
1439 4424 1608 4491 celsa,
1967 4426 2227 4491 Quattuor
2258 4421 2401 4475 haud
2415 4421 2609 4491 plenos
2628 4425 2864 4472 tractans
2893 4415 2937 4469 is
2956 4414 3200 4469 culmina
3229 4427 3470 4477 menses,

252 4505 420 4576 Inque
453 4505 603 4560 brevi
634 4507 810 4576 spatio
839 4508 1066 4578 quaesita
1107 4510 1395 4564 cacumina
1425 4513 1720 4582 scandens,
1969 4518 2187 4572 {Ethere
2225 4513 2524 4584 suscipitur
2556 4530 2571 4579 ;
2602 4510 2829 4566 meritos
2858 4507 3086 4563 sortitus
3113 4507 3354 4562 honores

252 4596 396 4651 Inter
425 4598 711 4667 apostolici
745 4614 998 4667 proceres
1027 4601 1322 4655 ascribitur
1342 4602 1475 4657 albi.
2041 4610 2154 4674 Quo
2186 4614 2340 4678 rapto
2371 4604 2622 4660 breviore
2651 4601 2801 4658 subit
2822 4599 3040 4672 fastigia
3078 4604 3224 4654 sorte

317 4683 450 4736 Tum
505 4691 688 4737 sextus
747 4685 1057 4756 Stephanus
1095 4703 1248 4743 sacra
1325 4691 1575 4764 regmina
1622 4692 1865 4747 culmine
1969 4706 2210 4762 Dilectus
2231 4706 2377 4760 οιθιιο
2414 4701 2750 4766 Theodorus,
2787 4696 2936 4769 pacis
2961 4695 3191 4750 amicus.

253 4777 424 4831 Durus
453 4777 547 4848 qui
575 4779 799 4847 nostris,
836 4781 1074 4852 propriis
1114 4791 1168 4838 at
1195 4784 1384 4839 durior
1410 4785 1591 4842 instat.
1653 4789 1863 4859 [carpit,
1973 4799 2230 4854 sissenos
2260 4797 2326 4830 ³0⁷
2351 4797 2592 4850 Romana
2619 4792 2742 4848 dies
2772 4789 2864 4862 qui
2888 4787 3013 4856 jura
3043 4785 3361 4858 gubernans

253 4866 404 4922 Sieva
441 4869 664 4940 quidem
698 4871 841 4946 legat
868 4873 1026 4938 vivis,
1070 4875 1308 4930 truciora
1331 4877 1583 4948 sepultis.

1972 4890 2202 4946 Sobrius
2224 4899 2279 4946 et
2307 4896 2512 4955 castus,
2544 4885 2718 4957 patria
2745 4881 2989 4937 bonitate
3011 4878 3267 4944 refertus,

253 4957 656 5054 lfolconemque
691 4963 880 5030 minis,
914 4965 1233 5021 Formosum
1258 4970 1500 5025 concutit
1531 4971 1689 5026 actis.
1974 4983 2116 5037 Vixit
2145 4983 2484 5054 pauperibus
2513 4978 2743 5034 dif-"usus
2765 4981 2974 5030 amatOI‘
3000 4980 3054 5027 θῑ
3076 4971 3233 5026 altor-

253 5047 553 5104 Concilium
572 5063 764 5127 gregat
795 5055 1116 5125 infaustum,
1139 5060 1228 5114 cui
1254 5061 1687 5131 praasidetatrox
1713 5080 1726 5116 :

1977 5077 2072 5132 Hic
2103 5077 2367 5147 populum
2397 5076 2584 5131 docuit
2609 5077 2938 5130 connectere
2967 5066 3186 5124 vincula
3217 5064 3386 5135 pacis.

256 5140 717 5199 Prazdecessorem
748 5146 1017 5215 abjiciens
1049 5166 1374 5224 ponensque
1414 5161 1725 5224 patronum.

1971 5140 2146 5240 Atque
2175 5140 2493 5224 sacerdotes
2526 5164 2787 5223 concordi
2827 5161 2923 5218 ubi
2946 5159 3124 5231 junxit
3152 5158 3380 5220 honore,

255 5227 411 5327 Yisus
449 5232 651 5288 abhinc
679 5235 889 5290 meritis
919 5237 1141 5311 dignam
1177 5239 1476 5297 incurrisse
1503 5243 1738 5310 ruinam,
1969 5227 2107 5311 Βυξη
2135 5256 2373 5327 propriis
2403 5265 2624 5310 revoca;
2654 5254 2924 5309 dissectos
2945 5227 3190 5310 sedibus,
3222 5245 3340 5315 ipse

257 5315 481 5417 (ξδνρῐυξ
521 5329 576 5417 (ξι
597 5321 726 5417 Αί-Ρὲθ
755 5340 1018 5398 sacraque
1051 5327 1298 5397 abiectus
1327 5331 1481 5397 δθάθτ
1519 5332 1763 5387 tenebris
1972 5315 2337 5417 Complacitus
2360 5343 2570 5414 rapitur
2598 5343 2821 5399 decreta
2858 5339 2990 5396 sede
3020 5333 3304 5394 locandus.

257 5406 502 5466 Carceris
531 5413 796 5485 injicitur,
831 5417 1138 5491 vinclisque
1171 5419 1470 5478 innectitur
1498 5423 1650 5491 atris,

1348 5583 1610 5639 GLOSSA'I
1651 5585 2074 5645 MARGINALES
2110 5583 2506 5642 MABILLONII.

330 5693 397 5729 ³0⁵
425 5697 682 5756 electum.
707 5700 777 5736 ³⁰⁶
807 5704 892 5759 sit.
929 5703 994 5739 ³0⁷
1035 5722 1106 5761 an
1144 5706 1232 5762 bis
1257 5709 1446 5764 denos.
