3972 6208
413 327 508 382 831

1131 330 1495 386 FLODOARDI
1539 334 1839 389 CANONICI
1884 335 2214 390 REMENSIS
2257 337 2589 392 OPUSCULA
2633 337 2942 392 METRICA.

3658 306 3780 396 s32

1914 487 2120 542 CAPUT
2158 488 2269 543 VII.

1006 606 1082 665 De
1117 610 1339 667 sanctis
1365 609 1620 684 Joanne,
1659 613 1889 688 Sergio,
1929 615 2265 689 Benedicto,
2299 616 2485 699 Leone
2509 625 2687 693 atque
2721 616 3168 695 ChristOphoro.

483 751 725 805 Joannes
751 751 899 806 subit
929 752 1075 819 hinc,
1111 754 1204 825 qui
1237 753 1387 808 fulsit
1415 756 1467 809 in
1496 757 1689 811 ordine
1724 774 1922 825 nonus,

415 842 637 897 Pellitur
662 844 869 899 electus
892 846 1064 916 patria
1104 862 1213 916 quo
1246 847 1468 920 Sergius
1500 848 1657 915 urbe,

416 936 878 1009 Romulidumque
907 956 1135 1011 gregum
1166 940 1388 1012 quidam
1424 942 1711 996 traduntur
1727 943 1923 997 abacti.

416 1026 675 1080 Conciliis
701 1034 883 1081 tamen
931 1028 976 1082 is
1011 1028 1185 1082 ternis
1218 1030 1476 1084 docuisse
1510 1032 1746 1085 refertur

416 1119 620 1191 Dogma
649 1118 1009 1185 salutiferam,
1048 1121 1372 1191 novitasque
1406 1123 1622 1177 abeleta
1651 1124 1947 1190 malorum,

418 1206 477 1259 Et
497 1206 704 1261 ﬁrmata
735 1207 871 1261 fides
899 1208 1167 1262 doctrinis
1192 1211 1392 1264 tradita
1437 1212 1673 1266 l’atrum.

488 1295 618 1348 Tum
648 1312 799 1350 sacra
829 1306 1168 1369 consurgunt
1223 1299 1504 1353 Benedicti
1564 1302 1807 1370 regmina
1841 1304 2038 1373 quarti,

419 1385 698 1440 Pontiﬁcis
727 1388 934 1457 magni,
968 1390 1165 1443 merito
1197 1391 1289 1461 qui
1325 1392 1547 1444 nomine
1579 1393 1670 1445 tali

418 1473 646 1543 linituit,
679 1478 891 1530 cunctis
922 1486 983 1531 ut
1009 1479 1237 1547 dapsiiis
1259 1488 1423 1550 atque
1455 1481 1751 1553 benignus.

422 1566 555 1621 Huic
584 1568 805 1641 generis
839 1585 939 1621 nec
971 1585 1078 1623 non
1114 1570 1333 1640 pietatis
1364 1572 1628 1641 splendor
1653 1574 1872 1642 epimus

421 1658 585 1713 Ornat
622 1675 762 1728 opus
787 1668 1067 1727 cunctum,
1100 1662 1392 1716 meditatur
1425 1664 1579 1732 jussu
1611 1666 1890 1720 Tonantis.

422 1750 661 1805 Praetulit
685 1750 770 1805 hic
797 1753 1054 1823 generale
1088 1753 1291 1807 bonum
1327 1754 1477 1809 lucro
1503 1757 1751 1825 speciali.

419 1843 715 1911 Despectas
754 1842 968 1909 viduas,
1003 1844 1218 1914 inepcs,
1252 1863 1567 1918 vacuosque
1612 1850 1884 1918 patronis,

420 1931 653 1985 Assidua
680 1939 739 1985 ut
769 1941 926 1986 natos
949 1934 1203 2003 preprios
1236 1934 1481 1989 bonitate
1519 1935 1735 1989 fovebat
1762 1954 1775 1990 :

422 2023 801 2095 Mercatusque
831 2026 1039 2094 polum,
1076 2026 1317 2097 indignis
1344 2044 1442 2081 sua
1473 2035 1667 2082 cuneta
1708 2028 1930 2083 refudit.

495 2115 622 2169 Post
652 2132 813 2186 quem
845 2116 988 2169 celsa
1020 2116 1168 2171 subit
1198 2118 1303 2172 Leo
1330 2118 1763 2186 jura,notamine
1792 2122 2036 2191 quintus.

425 2206 664 2278 Emigrat
683 2217 809 2261 ante
840 2224 997 2261 suum
1022 2226 1182 2279 quam
1204 2210 1331 2263 luna
1364 2211 1697 2281 hisimpleat
1724 2214 1938 2269 orbem.

498 2298 918 2368 ChristOpliorus
956 2316 1077 2355 mox
1108 2302 1332 2355 sortitus
1364 2304 1740 2359 moderamina
1770 2307 1940 2373 sedis,

422 2387 660 2443 Dimidio
689 2387 1031 2460 ulteriusque
1062 2407 1251 2459 parum
1282 2390 1568 2461 dispensat
1592 2393 1644 2446 in
1674 2410 1841 2449 anno.

517 2502 585 2553 De
614 2501 799 2567 Sergio
828 2502 1097 2553 etcmtcrc’s
1126 2501 1200 2554 (ιιι
1228 2503 1450 2556 Leonem
1477 2508 1762 2573 septimum
1791 2506 1927 2576 (199)

497 2608 719 2678 Sergius
744 2608 871 2662 inde
895 2609 1054 2673 redit,
1096 2610 1305 2664 dudum
1336 2613 1427 2683 qui
1466 2613 1640 2667 lectus
1667 2615 1734 2668 ad
1765 2630 1945 2669 arcem

428 2695 710 2763 Culminis,
739 2699 933 2754 exsilio
965 2700 1162 2755 tulerat
1192 2702 1441 2771 rapiente
1474 2705 1744 2773 repulsam
1783 2722 1796 2761 :

432 2792 547 2852 Quo
575 2789 839 2863 profugus
868 2790 1021 2844 latuit
1047 2802 1257 2861 septem
1280 2796 1627 2849 volventibus
1658 2798 1842 2863 anuis,

435 2880 569 2933 Hinc
601 2881 787 2949 populi
821 2897 1074 2934 remeans
1103 2883 1363 2952 precibus
1385 2894 1630 2941 sacrator
1662 2889 1875 2945 honore

436 2969 649 3022 Pridem
673 2971 973 3038 assignato,
1002 2987 1112 3041 quo
1145 2974 1368 3028 nomine
1397 2976 1589 3029 tertius
1619 2978 1725 3031 exit

434 3059 673 3114 Antistes
705 3076 718 3113 :
759 3060 901 3114 Petri
930 3061 1129 3116 eximia
1159 3081 1268 3135 quo
1299 3066 1433 3120 sede
1467 3076 1687 3139 recepto

436 3154 676 3209 Praesule
692 3156 896 3229 gaudet
922 3172 1091 3212 ovans
1122 3160 1284 3214 annis
1312 3171 1521 3231 septem
1546 3163 1785 3235 amplius
1804 3164 1969 3220 orbis.

437 3246 559 3316 ipse
586 3246 775 3301 favens
795 3248 924 3303 cleri
957 3265 1189 3304 censura
1222 3251 1275 3305 in
1306 3253 1547 3309 culmine
1578 3264 1728 3327 rapto

433 3338 590 3393 Falce
622 3338 746 3393 ferit
777 3356 1119 3409 pervaseres.
1144 3342 1259 3406 Quo
1294 3345 1459 3400 rebus
1481 3346 1737 3418 adempto

434 3431 697 3485 Humanis
724 3431 777 3485 in
808 3433 1154 3489 Auastasium
1189 3450 1343 3489 sacra
1369 3434 1614 3489 concinit
1637 3435 1782 3501 aula,

431 3522 648 3577 Tertius
678 3523 778 3579 hoc
809 3526 1006 3595 praesul
1033 3527 1234 3581 renitet
1256 3526 1372 3597 qui,
1402 3527 1627 3581 nomine
1661 3527 1869 3594 Romae,

432 3618 592 3672 Sedis
620 3620 933 3688 apostolicae
963 3620 1167 3676 blando
1196 3622 1575 3676 moderamine
1606 3632 1806 3688 rector,

438 3707 647 3761 Sentiat
686 3716 745 3761 ut
772 3707 1045 3789 Christum
1076 3710 1251 3764 veniae
1279 3710 1385 3763 sibi
1419 3726 1651 3765 munere
1684 3710 1969 3779 blandum,

438 3796 665 3859 Quando
686 3798 817 3853 dein
854 3817 1126 3856 summam
1159 3801 1302 3856 Petri
1331 3802 1476 3856 subit
1504 3803 1700 3857 ordine
1728 3803 1939 3870 sedem,

438 3887 715 3944 Mensibus
746 3892 884 3947 hanc
913 3893 1083 3947 coluit
1111 3909 1202 3946 sex
1224 3900 1281 3946 ut
1312 3894 1581 3965 donisque
1605 3895 1803 3949 diebus

440 3980 711 4037 Emeritus
740 3983 955 4037 Patrum
982 3985 1235 4056 sequitur
1262 4001 1480 4056 quoque
1508 3986 1617 4040 fata
1651 3987 1914 4058 priorum.

510 4068 696 4143 Surgit
776 4072 977 4128 abhinc
1063 4073 1312 4127 decimus
1375 4075 1649 4130 scandens
1730 4094 1883 4132 sacra
1933 4079 2059 4147 jura

1705 4170 1982 4241 [Joanncs.

440 4257 670 4314 Rexerat
697 4259 789 4315 ille
820 4260 1193 4317 Ravennatem
1228 4265 1602 4318 moderamine
1632 4265 1875 4335 plebem.

438 4348 573 4403 Inde
603 4350 805 4420 petitus
825 4352 892 4406 ad
917 4354 1078 4419 hanc,
1114 4353 1411 4408 Romanam
1442 4356 1668 4426 percolit
1695 4373 1875 4411 arcem

440 4440 532 4495 His
556 4449 767 4512 septem
796 4461 902 4515 qua
933 4446 1210 4516 prtenituit
1240 4448 1402 4517 paulo
1433 4448 1671 4518 amplius
1699 4448 1881 4504 annis.

510 4533 762 4590 Pontiﬁci
786 4537 875 4592 hic
893 4545 1078 4594 nostro
1108 4538 1253 4612 legat
1279 4549 1564 4615 segmenta
1603 4540 1809 4594 Seulfo.

442 4621 815 4696 Mumﬁcisque
837 4642 1045 4683 sacram
1086 4628 1360 4683 decorans
1390 4628 1677 4684 ornatibus
1707 4628 1911 4696 aulam,

2079 4606 2135 4674 D

2055 764 2107 833 Α
2138 760 2273 815 Pace
2303 761 2438 816 nitet
2459 761 2588 815 dum
2619 761 2851 832 patricia
2878 762 3144 833 deceptus
3167 763 3376 836 iniqua,

2138 855 2363 910 Carcere
2384 856 2693 927 conjicitur,
2735 857 3101 929 claustrisque
3127 866 3366 914 arctatur
3397 862 3587 933 opacis

2138 947 2373 1019 Spiritus
2404 954 2455 1001 at
2482 948 2639 1002 saevis
2668 949 2893 1003 retineri
2920 966 3031 1004 non
3064 951 3207 1005 valet
3237 952 3411 1006 antris
3439 971 3455 1007 :

2139 1039 2344 1093 Emicat
2376 1040 2545 1094 immo
2575 1041 2746 1095 mthra
2775 1041 2998 1096 decreta
3028 1042 3229 1097 sedilia
3259 1044 3556 1099 scandens.

2211 1140 2313 1193 Pro
2341 1156 2449 1211 quo
2476 1141 2622 1195 celsa
2651 1142 2996 1196 Petrisextus
3027 1143 3135 1199 Leo
3165 1144 3413 1216 regmina
3442 1161 3704 1215 sumens,

2142 1230 2420 1283 Mensibus
2452 1230 2566 1285 haec
2596 1241 2807 1301 septem
2842 1240 3041 1295 servat,
3086 1233 3386 1305 quinisque
3414 1235 3620 1291 diebus
3649 1253 3663 1290 :

2146 1318 2735 1390 Prwdecessorumque
2770 1321 2903 1390 petit
2930 1322 3210 1375 consortia
3242 1329 3447 1376 vatum.

2214 1408 2489 1479 Septimus
2522 1409 2647 1463 hinc
2679 1409 2993 1479 Stephanus
3026 1409 3188 1465 binos
3237 1409 3532 1485 przefulget
3585 1411 3645 1466 in
3670 1429 3780 1467 an-

3556 1501 3705 1573 [nos.

2142 1589 2308 1643 Aucto
2336 1603 2529 1641 mense
2561 1604 2746 1658 super,
2780 1590 2998 1644 bisseno
3028 1607 3089 1645 ac
3122 1591 3240 1645 sole
3269 1592 3480 1667 jugato.

2140 1678 2411 1748 Disposita
2444 1685 2565 1748 post
2589 1680 2734 1749 quod
2764 1681 3000 1751 spatium
3038 1681 3137 1735 sibi
3172 1682 3306 1737 sede
3326 1684 3554 1747 locatur,

2212 1777 2344 1832 Nato
2374 1780 2620 1849 patricia:
2656 1780 2781 1834 hinc
2810 1780 3017 1834 cedunt
3048 1781 3137 1851 pia
3164 1781 3290 1849 jura
3318 1782 3555 1850 Joanni;

2143 1872 2478 1927 Undecimus
2510 1874 2651 1928 Petri
2684 1876 2787 1929 hoc
2821 1875 2911 1945 qui
2944 1875 3166 1929 nomine
3192 1876 3322 1932 sede
3358 1876 3590 1931 levatur.

2144 1962 2201 2015 Vi
2231 1978 2456 2024 vacuus,
2484 1962 2785 2031 splendore
2815 1980 3031 2030 carens,
3060 1965 3221 2019 modo
3245 1980 3401 2019 sacra
3425 1964 3779 2020 ministrans.

2068 2077 2119 2144 Β
2150 2057 2334 2111 Fratre
2364 2074 2395 2110 a
2428 2055 2665 2111 Patricio
2696 2058 2763 2090 3“"
2797 2058 2940 2126 juris
2970 2059 3348 2114 moderamine
3390 2068 3572 2129 rapto,

2150 2146 2246 2210 Qui
2278 2155 2507 2199 matrem
2531 2146 2795 2200 incestam
2831 2163 3012 2201 rerum
3044 2147 3111 2180 309
3138 2146 3357 2219 fastigia
3392 2147 3609 2203 mcecho
3634 2147 3707 2181 ³¹⁰

2147 2238 2381 2291 Tradere
2410 2248 2704 2291 conantem
2722 2238 2997 2292 decimum
3028 2237 3129 2292 sub
3158 2240 3397 2293 claustra
3422 2240 3699 2296 Joannem

2149 2327 2275 2391 Qua:
2304 2327 2554 2393 dederat,
2597 2327 2822 2381 claustri
2853 2327 3002 2399 vigili
3037 2335 3091 2381 et
3122 2328 3351 2382 custode
3383 2328 3628 2403 subegit.

2148 2418 2405 2472 Artoldus
2437 2426 2624 2472 noster
2662 2418 2763 2472 sub
2796 2434 2906 2489 quo
2933 2435 3087 2473 sacra
3118 2418 3281 2489 pallia
3311 2419 3497 2485 sumit,

2154 2514 2410 2586 Papaqnc
2450 2514 2587 2579 obit,
2622 2529 2824 2569 nomen
2876 2514 3158 2586 geminum
3226 2514 3341 2569 fere
3373 2522 3566 2569 nactus
3590 2516 3645 2569 in
3676 2532 3777 2569 an-

3436 2603 3608 2676 [num.

2228 2695 2512 2765 Septimus
2544 2693 2787 2763 exsurgit
2818 2693 2947 2758 Leo,
2980 2709 3083 2749 nec
3124 2700 3306 2748 tamen
3340 2693 3443 2748 ista
3497 2694 3775 2757 volutans,

2157 2788 2265 2843 Nec
2296 2803 2517 2852 curans,
2542 2786 2714 2856 apicis
2740 2785 2949 2848 mundi,
2985 2801 3086 2842 nec
3117 2785 3265 2840 celsa
3294 2785 3586 2857 requirens
3616 2802 3629 2838 :

2146 2880 2271 2932 Sola
2298 2877 2393 2931 Dei
2426 2894 2547 2948 quae
2574 2883 2700 2931 sunt
2731 2877 2896 2932 alacri
2914 2877 3015 2930 sub
3045 2887 3266 2948 pectore
3286 2877 3534 2939 volvens,

2148 2966 2506 3037 Culminaque
2537 2966 2770 3031 evitans,
2795 2966 2977 3020 oblata
3003 2965 3194 3019 subire
3229 2971 3510 3019 renutans.

2151 3063 2353 3132 Raptus
2373 3070 2426 3117 at
2456 3062 2705 3136 erigitur,
2740 3062 3055 3136 dignusque
3089 3062 3265 3117 nitore
3290 3061 3578 3133 probatur.

2151 3154 2432 3229 Regminis
2462 3153 2676 3220 eximii,
2698 3154 2956 3226 Petrique
2991 3156 3043 3209 in
3087 3154 3219 3208 sede
3250 3154 3462 3209 locatur

2151 3244 2254 3298 Sed
2289 3244 2515 3298 minime
2547 3253 2818 3298 assuetam
2850 3243 3050 3315 linquit
3080 3242 3434 3298 decoraminc
3465 3259 3675 3298 curam.

2152 3333 2377 3388 Deditus
2406 3333 2644 3387 assiduis
2675 3333 2953 3403 precibus,
2993 3333 3374 3405 speculamine
3406 3333 3610 3390 celsus.

2108 3482 2127 3503 Ἰ
2152 3422 2319 3477 Aﬂ‘atu
2353 3423 2530 3488 lzetus,
2560 3423 2801 3493 sapiens,
2836 3430 3000 3494 atque
3040 3438 3133 3478 ore
3164 3439 3415 3478 serenus.

2081 3486 2129 3549 ί)
2152 3515 2250 3580 Qui
2279 3532 2365 3569 me
2394 3516 2660 3569 visentem
2692 3514 2915 3570 aetherei
2946 3515 3035 3587 pia
3058 3515 3248 3569 limina
3270 3514 3414 3570 Petri

2149 3605 2398 3660 Jocunde
2428 3605 2730 3675 excipiens,
2764 3604 2949 3659 animo
2978 3604 3210 3676 quaesita
3231 3603 3477 3678 benigno

2152 3701 2415 3767 Admisit,
2441 3699 2680 3773 favitque
2712 3701 2821 3772 pie,
2856 3701 3179 3773 studuitque
3212 3701 3460 3755 modeste
3490 3716 3503 3752 :

2152 3789 2374 3844 Famina
2404 3797 2557 3863 grata
2582 3806 2794 3855 serens,
2828 3789 3008 3861 epulis
3042 3790 3306 3843 recreavit
3334 3789 3609 3860 utrisque,

2162 3881 2417 3953 Corporis
2445 3891 2608 3953 atque
2650 3882 2846 3936 animze
2881 3899 2895 3945 ;
2930 3882 3235 3949 benedixit,
3268 3891 3323 3936 et
3371 3880 3562 3937 oscula
3595 3881 3773 3937 libans

2160 3972 2234 4025 Ac
2270 3970 2560 4043 geminans
2589 3970 2735 4025 dono
2765 3970 3103 4025 cumulatum
3141 3971 3389 4026 muneris
3420 3970 3574 4039 almi,

2160 4063 2393 4137 Pergcre
2425 4063 2701 4117 laetantem
2723 4062 2979 4133 amplexu
3009 4062 3215 4117 dimisit
3255 4063 3483 4118 honore.

2160 4156 2329 4220 Quem
2362 4155 2520 4208 Pater
2548 4154 2898 4225 omnipotens
2925 4156 3161 4210 alacrem
3195 4155 3457 4227 cultuque
3480 4165 3768 4212 venustum

2158 4245 2397 4310 Attollat,
2430 4250 2722 4314 servetque
2740 4244 2856 4309 diu,
2886 4244 3055 4317 digno
3078 4243 3292 4300 excolat
3316 4253 3460 4299 actu.

2159 4338 2219 4392 Et
2255 4354 2379 4391 cum
2413 4334 2740 4405 praesulibus
2767 4335 2993 4401 sanctis,
3016 4335 3295 4391 consortia
3325 4351 3562 4406 quorum

2157 4428 2485 4495 Promeruit,
2521 4428 2674 4483 sedis
2706 4435 2927 4499 praestet
2952 4444 3120 4500 super
3147 4429 3355 4483 aethera
3384 4429 3577 4483 sedem
3602 4446 3616 4484 ε

2158 4519 2288 4573 Cum
2304 4517 2508 4590 quibus
2525 4526 2791 4572 aeternum
2816 4526 3034 4573 maneat
3049 4518 3343 4589 praeclarus
3362 4516 3418 4572 in
3435 4534 3614 4574 aevum
3636 4518 3770 4591 (200)

2588 4628 2725 4683 (Huc
2748 4644 2918 4699 usque
2936 4627 3330 4694 Mabillom‘us.)

1517 4786 1787 4841 GLOSSA‘S
1809 4786 2257 4858 {MARGINALES
2304 4785 2707 4841 MABILLONH.

514 4919 833 4975 3°“Albrico.
864 4921 934 4955 3"“
965 4922 1204 4993 imperii.
1238 4922 1307 4957 ³¹⁰
1339 4922 1553 4995 Hugoni
1589 4922 1705 4997 regi
1736 4921 1975 4997 Langob.

2017 5068 2056 5121 N
2065 5067 2225 5122 0T1E.

516 5210 657 5280 (199)
683 5212 847 5265 Deest
872 5211 1062 5265 titulus
1095 5210 1150 5265 in
1175 5210 1367 5267 codice

513 5282 706 5356 (200)]
726 5323 738 5335 .
785 5283 1045 5337 Baronius
1070 5289 1122 5336 et
1151 5282 1460 5356 alii_Sergio
1490 5283 1651 5338 tertio
1681 5282 1926 5356 tribuunt
1950 5288 2061 5356 tres

2158 5226 2323 5281 quem
2353 5209 2446 5281 alii
2484 5206 2802 5281 Bandonem
2835 5214 3052 5262 vocant.
3086 5237 3151 5281 -—_
3182 5206 3235 5281 4.
3296 5204 3498 5281 .loanui
3525 5204 3773 5281 __decimo

2161 5275 2389 5337 ascribit
2420 5295 2527 5334 non
2561 5279 2803 5350 integros
2855 5293 3032 5333 annos
3059 5276 3400 5348 quindecim.
3428 5277 3580 5350 —_5.
3616 5275 3772 5350 Leoni

2165 5368 2294 5407 vero
2328 5350 2567 5406 nominis
2596 5346 2750 5404 sexto
2798 5365 3019 5403 menses
3072 5346 3288 5418 septem
3338 5358 3393 5401 et
3423 5347 3626 5418 quinos
3665 5346 3774 5418 dies

2167 5439 2291 5503 cum
2308 5422 2667 5547 C{eceutiores
2693 5429 2750 5474 et
2769 5420 3013 5475 tribuant
3058 5417 3238 5475 solum
3271 5417 3496 5474 menses
3510 5434 3631 5486 sex,
3661 5417 3773 5471 dies

2169 5509 2301 5547 aum
2345 5508 2505 5547 ecrm.

2169 5508 2505 5565 qumoecxm.

447 5365 625 5408 annos
650 5353 911 5407 duntaxat
939 5369 1063 5407 cum
1093 5351 1640 5424 mensibus‘qnatuor
1669 5371 1684 5406 τ
1720 5351 2065 5424 Frodoardus

446 5437 623 5478 annos
653 5433 885 5503 septem:
908 5425 1031 5503 —g.
1073 5425 1357 5503 Anastasio
1400 5422 1663 5478 Baronius
1700 5439 1876 5478 annos
1904 5422 2063 5503 duos,

446 5507 670 5566 menses
686 5493 880 5566 viginti
918 5513 935 5549 :
979 5495 1324 5566 Frodoardus
1378 5510 1598 5549 menses
1626 5509 1874 5566 sexgcum
1906 5493 2067 5546 denis

450 5561 665 5627 diebus,
697 5561 772 5604 -ἱ
820 5565 873 5623 3.
933 5564 1277 5623 Frodoardus
1314 5566 1677 5637 prietermittit
1728 5564 2066 5627 Landonem,
