3972 6208
233 269 344 322 833
849 267 928 320 DIE
971 267 1223 320 CIIIIIS'I'I
1269 268 1623 323 'l'llll‘NIl’llIS
1666 266 1834 326 APUD
1880 272 2136 327 IT.-\I,|.-\.'II
2183 274 2352 329 LIBRI
2400 277 2525 329 XIV.
2573 309 2638 316 ——-
2682 279 2801 332 LII}.
2850 280 2982 335 XIII.
3480 291 3581 345 834

747 448 1240 535 INCIPIT
1330 452 1724 539 LIBER
1818 456 2402 544 DECIMUS
2484 458 3092 549 TERTIUS.

1650 609 1857 664 CAPUT
1908 611 2189 668 PllIIIITM.

1057 707 1133 765 Dc
1158 713 1381 768 sanctis
1427 711 1740 784 Theodoro,
1776 715 2043 786 Acontio,
2080 716 2330 775 Sci-vnio
2364 727 2410 774 et
2441 717 2762 777 Januario.

237 839 372 905 Quis
394 855 684 895 numerare
715 846 881 910 queat
901 840 1103 910 quibus
1146 841 1410 897 illustrata
1441 845 1734 916 triumphis
1886 857 1939 925 Α
1966 847 2264 922 Languoris
2297 850 2451 904 novit
2485 852 2798 921 patienter?
2825 854 3086 911 Servulus
3110 874 3252 914 unus

242 930 415 983 Roma
448 930 583 982 nitet
616 929 834 992 Christi,
868 928 997 982 dum
1034 945 1136 984 nec
1176 932 1447 1003 magnalia
1475 933 1614 986 Petri
1970 937 2167 990 Rerum
2201 938 2398 1006 opibus
2427 956 2637 1009 pauper
2666 943 2978 997 meritorum
3008 962 3235 1002 munere
3269 949 3441 1017 dives,

238 1022 402 1074 Gesta
441 1022 604 1074 domo
638 1037 696 1073 se
727 1021 1020 1090 complecti
1059 1024 1295 1078 valuisse
1338 1027 1580 1098 resignet
1969 1029 2171 1100 Largus
2199 1040 2251 1082 ct
2294 1030 2575 1104 indignus,
2607 1035 2722 1087 Suilt
2747 1036 2944 1105 pietate
2975 1038 3163 1093 virilis.

240 1112 558 1182 Gregorius,
594 1112 677 1164 vel
708 1114 989 1182 proposito
1023 1114 1309 1171 discedere
1341 1128 1560 1182 cuncto,
1970 1117 2030 1171 Et
2058 1119 2252 1171 studiis
2284 1118 2457 1183 fortis,
2490 1122 2777 1176 Dominum
2811 1126 3033 1180 laudare
3067 1127 3257 1183 dolore

240 1204 373 1267 Quis
406 1204 668 1274 supplere
703 1213 854 1274 putet
888 1222 946 1258 se
985 1223 1143 1276 posse
1185 1210 1332 1278 quod
1369 1211 1457 1264 ille
1492 1210 1758 1282 negavit?
1968 1209 2186 1263 Obsitus
2211 1211 2521 1284 invigilaus,
2557 1215 2714 1281 cujus
2745 1217 3007 1285 patientia
3039 1220 3207 1274 cmlos

243 1294 502 1364 Nunquid
529 1294 851 1349 Theodorus
893 1296 1222 1352 famulorum
1265 1318 1491 1356 cernere
1524 1303 1672 1357 solus
1968 1303 2244 1357 Exsultare
2274 1305 2419 1371 facit,
2449 1308 2605 1376 queis
2632 1309 2816 1364 dedita
2834 1312 2961 1366 dum
2996 1315 3128 1383 petit
3151 1323 3297 1371 astra

241 1389 479 1444 Visentis
507 1390 714 1444 vultum
751 1391 963 1445 Domini
996 1410 1297 1465 vocemque
1338 1395 1614 1468 loquentis

1967 1395 2117 1448 Mens
2149 1396 2236 1466 pia
2267 1397 2507 1451 curlestis
2530 1402 2733 1474 spargit
2766 1402 3057 1473 fragrantia
3089 1415 3228 1462 tecta

241 1484 382 1532 Aurc
411 1480 566 1549 sequi
599 1480 822 1552 dignus,
855 1482 1011 1549 cujus
1041 1500 1098 1536 se
1131 1485 1320 1538 Petrus
1349 1488 1546 1541 adesse
1969 1489 2115 1543 llaue
2148 1493 2501 1563 paradysiaco
2526 1495 2858 1565 depromens
2886 1510 3104 1556 nectare
3138 1503 3374 1560 functam
3398 1505 3426 1559 ?

243 1566 494 1621 Servitiis
527 1571 711 1638 patula
746 1579 1068 1639 praesentem
1100 1573 1221 1627 luce
1251 1576 1511 1644 probaret
1969 1584 2195 1640 Solusve
2227 1597 2431 1658 martyr
2462 1591 2664 1660 templa
2694 1592 2988 1650 Ianuarius

244 1653 408 1708 Solus
437 1671 504 1708 an
538 1656 824 1727 obsequiis
855 1659 1084 1714 devotus
1108 1663 1370 1717 ‘Acontius
1391 1665 1510 1733 ejus
1968 1674 2118 1728 Vetat
2149 1677 2424 1746 inquinari
2455 1681 2753 1738 criminoso
2789 1683 3000 1748 funere,

246 1742 462 1798 Vixerat
494 1744 747 1800 Ecclesiae
779 1765 944 1818 quem
977 1751 1202 1823 dignum
1234 1755 1473 1823 pandere
1515 1757 1688 1829 signis
1968 1763 2171 1818 Mutare
2200 1765 2399 1820 vellera
2425 1776 2613 1822 suetus
2640 1779 2697 1825 ut
2727 1772 3003 1828 coloribus

246 1832 477 1886 Duceret
509 1850 570 1887 ac
606 1851 700 1905 per
729 1853 852 1890 eum
879 1840 1179 1910 paralytica
1211 1844 1456 1898 membra
1488 1845 1666 1899 levare
1705 1848 1729 1899 ἶ)
1974 1852 2179 1906 Ardere
2211 1869 2269 1907 se
2290 1855 2559 1910 clamante
2599 1859 2718 1913 dire
2757 1862 2948 1930 spiritu

247 1923 374 1977 Visa
399 1925 483 1978 vel
518 1926 634 1979 haec
665 1934 873 1982 tantum
917 1947 1040 2000 qua!
1069 1931 1235 2005 digna
1262 1935 1434 1988 salute
1477 1939 1661 2006 puella

1980 1947 2386 2019 Propelleretur
2412 1969 2440 2004 e
2467 1954 2635 2009 sacris
2667 1956 2967 2011 miserrime
2991 1960 3018 2011 ξ)

248 2015 520 2072 Mumibus
552 2027 643 2074 aut
675 2021 726 2074 in
751 2023 1068 2092 apostolicis
1102 2027 1332 2082 tolerare
1360 2029 1598 2085 laborem

1765 2135 1972 2192 CAPUT
2023 2140 2086 2194 11.

608 2225 686 2284 De
715 2231 937 2288 sanctis
979 2230 1310 2304 Deusdedit,
1359 2235 1671 2310 Victorino,
1712 2239 2047 2315 Anastasio,
2084 2244 2414 2323 Rede-mpm,
2449 2249 2644 2324 Galla,
2687 2252 2936 2314 Romula
2969 2267 3018 2315 et
3052 2258 3227 2319 Mosa.

247 2335 572 2412 Relligionis
617 2358 757 2410 Opus
787 2343 1006 2398 solusne
1040 2347 1325 2416 probabile
1356 2350 1538 2405 Romae

1901 2364 1948 2430 Β
1978 2359 2106 2413 C(eli
2142 2361 2468 2432 discipulum
2503 2366 2807 2440 linguarum
2838 2371 2982 2426 dona
3015 2376 3336 2444 probarunt,

247 2426 492 2482 Patrarat
517 2433 905 2502 vatesjamjam
942 2453 1106 2506 quem
1141 2440 1317 2494 visere
1348 2442 1548 2496 iturum

1977 2449 2341 2522 Przedictique
2373 2453 2559 2508 obitus
2587 2473 2709 2511 mox
2741 2458 2932 2514 funera
2964 2463 3129 2518 verba
3158 2477 3362 2525 secuta.

252 2517 504 2574 Ezechiel
539 2523 837 2595 Danielque
867 2526 1057 2598 legunt
1090 2532 1313 2602 notique
1340 2541 1644 2601 patescunt,
1975 2537 2246 2612 Numquid
2275 2545 2610 2610 Anastasius,
2642 2547 2827 2604 blandi
2857 2568 2945 2606 res
2979 2570 3182 2623 ponere
3214 2561 3404 2617 mundi

252 2609 346 2663 llle
381 2609 700 2678 Deusdedit,
737 2621 830 2667 aut
861 2623 1013 2670 sutor
1044 2618 1129 2670 cui
1161 2620 1388 2675 sabbata
1422 2625 1596 2677 solum
1974 2632 2242 2687 Strenuus
2271 2635 2524 2690 inventus
2565 2639 2821 2694 Romanis
2849 2645 3067 2700 arcibus
3105 2665 3266 2719 unus,

249 2703 535 2758 JEdiIicare
559 2707 805 2774 domum,
842 2709 1216 2782 fabricamque
1239 2719 1535 2772 extendere
1557 2719 1699 2784 visu,
1975 2725 2185 2780 Scrinia
2218 2727 2519 2792 dimittens,
2553 2732 2646 2801 qui
2685 2742 2860 2788 castra
2883 2742 3184 2796 monastica
3215 2743 3366 2816 legit,

250 2790 483 2816 n-_-...-
521 2796 701 2816 ---_:_
753 2797 908 2816 1:,_9_
1151 2801 1184 2816 ,ο
1255 2802 1275 2816 ρ
1344 2805 1373 2816 .-
1439 2806 1464 2816 Α

250 2790 486 2845 Ornatus
517 2796 704 2864 operis
735 2797 917 2868 dignis
945 2801 1222 2870 :equantia
1253 2802 1407 2857 factis
1439 2806 1465 2857 ἴ)
1976 2817 2360 2890 Emeritusque
2393 2821 2534 2890 palis
2563 2824 2769 2878 accitur
2795 2843 2929 2896 rupe
2958 2839 3206 2898 vocatus,

249 2885 352 2940 Aut
384 2885 696 2943 Victorinus
725 2890 852 2945 lavit
884 2891 1026 2947 bene
1058 2895 1289 2950 crimina
1321 2898 1472 2953 solus
1975 2907 2204 2978 Moxque
2236 2911 2475 2964 secuturi
2503 2913 2797 2968 recitantur
2826 2915 2882 2970 in
2924 2919 3118 2974 ordine
3142 2920 3355 2989 fratres,

250 2978 515 3043 Fletibus,
553 2991 611 3038 ut
641 2986 936 3042 commissa
958 2989 1046 3058 pio
1077 2991 1348 3046 solamine
1373 2993 1588 3049 functus
1975 2997 2243 3050 Obtcntus
2273 3000 2528 3068 precibus
2561 3018 2664 3056 nec
2682 3019 2813 3058 voce
2855 3015 3072 3063 notatus
3097 3012 3348 3068 amicus?

251 3071 525 3129 Gauderet
551 3075 725 3132 laxata
766 3080 892 3145 sibi,
936 3081 1146 3155 fulgore
1178 3083 1420 3140 vibratus
1974 3089 2076 3142 Aut
2107 3106 2227 3142 cum
2261 3091 2551 3163 discipulis
2583 3097 2744 3150 vitam
2771 3116 3021 3168 praecone
3046 3103 3210 3161 beato

252 3164 368 3242 Quo
401 3176 800 3223 monstraretur
827 3172 1040 3226 meritis
1069 3174 1314 3230 caruisse
1339 3176 1624 3232 tenebris?
1976 3177 2200 3251 Dignam
2243 3180 2505 3254 Gregorio
2541 3184 2724 3238 Romae
2744 3188 2853 3260 egit
2885 3191 3000 3244 sola
3033 3193 3358 3267 Redempta,

2039 3237 2071 3251 υ
2351 3237 2382 3254 υ
2599 3237 2604 3238 ,
2645 3237 2648 3238 ν
2685 3237 2714 3238 η
2778 3237 2853 3260 υτ-
2885 3237 3000 3244 η.--
3190 3237 3358 3267 ...,ι.ι.,

251 3237 438 3307 Militis
466 3271 534 3308 an
571 3264 776 3312 tantum
802 3261 966 3314 unius
997 3263 1239 3318 Romam
1273 3266 1539 3335 probatur
1978 3264 2172 3319 Mentis
2200 3268 2411 3323 honore
2442 3272 2643 3336 nitens,
2672 3284 2724 3328 et
2759 3277 3053 3334 hirundine
3087 3284 3255 3356 digna
3286 3290 3541 3361 magistra
3576 3292 3602 3345 ?

254 3345 402 3398 1mm
425 3355 602 3402 castra
633 3350 808 3417 labor,
844 3353 1086 3422 placidas
1116 3363 1173 3409 υι
1203 3356 1382 3411 visere
1405 3359 1568 3412 sodes
1986 3351 2214 3408 Romula
2245 3358 2562 3411 coclicorum
2593 3362 2863 3418 solamine
2895 3367 3011 3421 sola
3042 3370 3210 3426 levari

254 3433 336 3487 Sit
368 3437 620 3504 meritus,
651 3441 800 3493 solus
818 3441 1104 3512 visumque
1138 3444 1340 3500 referre
1375 3447 1610 3501 nitorem
1985 3442 2214 3498 Lumine
2247 3446 2484 3514 Ῑυδιΐῖιτί,
2519 3452 2727 3506 οωιοδῑί
2760 3465 2980 3510 1100ιᾶΓο
3013 3461 3186 3527 Pasch

256 3524 476 3580 Gallave
507 3530 734 3598 patricio
758 3533 1003 3586 renitens
1033 3535 1280 3607 genitore
1312 3549 1571 3604 venusta,
1983 3538 2252 3592 Ailhercis
2272 3539 2422 3611 fungi
2448 3544 2714 3613 exequiis,
2743 3553 2797 3599 et
2820 3548 2937 3601 luce
2967 3566 3209 3620 superna

258 3611 519 3670 Prwduce
537 3618 632 3671 sed
662 3619 845 3686 Petro,
868 3637 1183 3694 sponsoque
1210 3626 1490 3680 venustior
1511 3627 1620 3682 alto
1639 3627 1665 3680 ?
1907 3669 1956 3736 Ο
1981 3630 2126 3686 Mosa
2168 3633 2326 3688 Probi
2357 3650 2511 3688 soror
2531 3643 2623 3689 aut
2651 3639 2865 3707 superis
2892 3640 3009 3695 sola
3035 3654 3162 3713 apta
3182 3646 3400 3703 choreis

258 3706 346 3736 an
381 3725 521 3736 nu-..
551 3714 808 3736 -_...-....:_
841 3715 1116 3736 _._-_i:__-_,
1169 3718 1198 3736 ,-
1307 3720 1337 3736 ιο
1382 3721 1413 3736 ι.
1459 3720 1492 3736 ,ο
1995 3728 2005 3736 .
2087 3728 2096 3736 .
2169 3729 2177 3736 .
2348 3729 2356 3736 .
2418 3729 2427 3736 .
2533 3731 2548 3736 -
2611 3731 2620 3736 .
2691 3733 2699 3736 .

256 3706 349 3761 Vel
381 3725 521 3778 puer
550 3714 812 3767 armentis
839 3715 1122 3769 studiosus
1157 3718 1548 3788 simplicitatis,
1907 3706 1956 3736 υ
1983 3728 2201 3792 Ascisci,
2234 3729 2498 3802 genitrice
2531 3731 2623 3784 Dei
2655 3733 2864 3788 visente
2904 3740 3088 3792 vocari

258 3801 425 3865 Quem
457 3805 538 3858 vis
569 3821 740 3875 prona
769 3806 920 3861 dedit
960 3809 1133 3873 C(IEIIS,
1168 3811 1440 3883 terrisque
1475 3815 1786 3880 remissum,
1985 3816 2201 3871 [nstitui
2237 3819 2478 3883 monitis,
2514 3819 2740 3892 ipsaque
2782 3831 3004 3894 petente
3037 3831 3234 3884 resolvi
3267 3833 3295 3886 ‘P

1775 3949 1984 4004 CAPUT
2031 3951 2121 4007 Ill.

633 4045 710 4103 De
737 4048 964 4106 sanctis
998 4047 1372 4106 diversorum
1410 4049 1670 4109 iocorum
1704 4047 1724 4108 1
1744 4053 1921 4122 talim,
1957 4052 2259 4111 l-Ionorato
2287 4055 2530 4124 scilicet,
2569 4057 2858 4116 Libertina
2893 4067 2945 4116 et
2977 4060 3219 4120 cwtcris.

263 4181 323 4236 At
352 4182 481 4236 dum
514 4182 758 4255 Gregorii
787 4187 1104 4242 venerando
1137 4195 1374 4258 syrmate
1407 4197 1653 4260 prompta
1990 4191 2275 4262 Pr0posito
2294 4195 2493 4265 culpet,
2524 4199 2750 4252 strictim
2785 4199 3029 4256 libentur
3058 4205 3260 4274 Opima.

265 4272 528 4329 Claudere
551 4277 887 4332 carminibus
927 4279 1164 4333 modulis
1187 4279 1381 4333 diffusa
1413 4281 1584 4353 ligare
1710 4283 1712 4286 ’
1990 4279 2181 4335 Divino
2220 4283 2304 4336 vel
2340 4284 2670 4339 Honoratum
2698 4287 3000 4356 spiramine
3032 4292 3251 4348 doctum

266 4361 444 4418 Conor
485 4364 704 4418 adortus
736 4365 837 4419 iter
869 4373 974 4421 tam
1018 4369 1247 4432 celsum,
1282 4376 1388 4422 tam
1416 4369 1548 4440 juga
1578 4378 1815 4440 tentans,
1991 4369 2345 4440 Linquemus,
2376 4373 2617 4429 ccclesiis
2646 4393 2801 4430 amor
2827 4380 2916 4432 cui
2946 4382 3135 4436 cuclica
3169 4387 3367 4452 suasit,

264 4455 445 4509 Ardua
476 4457 704 4511 convexi
736 4473 928 4512 vereor
956 4460 1280 4531 contingere
1312 4460 1454 4521 clivi,
1989 4461 2269 4532 Equorea‘;
2309 4463 2547 4516 samnite
2579 4465 2749 4534 dapes
2772 4468 2857 4521 cui
2891 4487 3025 4540 rupe
3057 4483 3350 4543 parantur:

267 4545 420 4600 Prata
439 4548 596 4603 beata
627 4550 895 4621 datosque
924 4567 1022 4621 per
1050 4551 1247 4622 inclyta
1276 4553 1524 4626 gramina
1556 4553 1719 4608 ﬂores
1989 4553 2276 4608 Multorum
2308 4564 2463 4625 pater
2501 4557 2767 4613 almorum
2787 4564 2881 4632 qui
2914 4566 3118 4621 vertice
3151 4577 3362 4640 ruptam

267 4641 565 4712 Squalidus
596 4645 828 4715 impuris
860 4646 1140 4716 trepidans
1168 4647 1470 4717 irrumpere
1502 4647 1669 4700 rivis.‘
1991 4646 2191 4701 Saxoso
2221 4647 2387 4701 latere
2407 4648 2599 4704 lubrici
2633 4668 2730 4721 per
2759 4669 2930 4723 prona
2959 4668 3208 4714 ruentem

266 4738 371 4792 Sed
399 4737 445 4791 si
476 4738 640 4793 “ante
672 4740 765 4794 ι)οί
800 4749 1018 4796 currant
1043 4742 1339 4811 spiramine
1366 4742 1527 4812 lapsi,
1989 4736 2148 4804 Fixit,
2181 4748 2234 4792 et
2265 4738 2318 4792 in
2357 4739 2546 4794 Christi
2577 4745 2866 4812 suspendit
2898 4749 3124 4804 nomine
3154 4753 3376 4822 molem,

266 4832 482 4887 Emere
513 4833 774 4888 ἀυιοίῃηο
806 4835 1024 4908 purgari
1052 4853 1250 4906 spurca
1281 4838 1565 4901 valebunt,
1988 4825 2238 4896 Eripiens
2259 4827 2473 4895 cellam,
2506 4829 2696 4885 fratres
2728 4835 2876 4888 necis
2909 4836 3109 4908 impete
3141 4857 3383 4898 servans.

266 4927 514 4998 [quue
545 4928 782 4983 aureolis
809 4930 969 4984 suum
991 4938 1278 4985 comemur
1307 4933 1488 4988 arenis
1985 4917 2123 4971 Num
2159 4919 2497 4975 Libertiuum
2535 4933 2739 4978 taceam
2771 4927 2864 4997 qui
2895 4932 3104 4986 assccla
3132 4934 3383 4992 Ilonorati

265 5017 379 5080 Quo
411 5026 593 5072 tamen
626 5019 742 5074 haec
769 5020 975 5075 aditum
1010 5030 1115 5076 tam
1146 5022 1267 5075 lazta
1295 5023 1467 5077 vireta
1499 5023 1703 5094 petenti

1602 5023 1703 5078 εηιί
1988 5006 2234 5062 Doctoris
2257 5011 2464 5065 meritis
2488 5012 2690 5068 effulsit
2721 5023 2775 5069 et
2807 5017 2922 5088 ipse
2955 5019 3170 5089 beatus,

268 5108 593 5163 Ausonizene
629 5125 820 5164 means
850 5127 949 5181 per
979 5127 1124 5176 rura,
1159 5128 1256 5181 per
1277 5113 1481 5182 oppida
1502 5129 1740 5184 quaeram
1986 5094 2370 5170 Pmdigiisque
2397 5117 2607 5157 mlcans
2659 5103 2905 5175 deiccms
2934 5125 3075 5180 θίῖυο
3112 5111 3282 5186 ﬂagra
3319 5116 3596 5187 quondam

267 5200 488 5274 Ignotos
518 5209 745 5255 nutante
772 5202 925 5256 Sinus
951 5205 1222 5277 auingm
1255 5205 1419 5266 ﬂexu,
1987 5189 2121 5241 Dum
2158 5191 2279 5260 pius
2320 5192 2582 5262 impertit,
2614 5195 2828 5253 facilem
2856 5200 2904 5254 vi
2937 5204 3209 5271 praestruit
3237 5222 3451 5263 amnem

266 5292 342 5344 An
372 5291 588 5345 sincera
626 5292 796 5361 patris
827 5292 1063 5347 lustrans
1084 5293 1310 5368 vestigia
1339 5295 1472 5348 tanti

1989 5280 2232 5345 Siderea,
2264 5283 2441 5336 tunsis
2469 5284 2776 5357 lymphanti
2805 5291 2952 5345 caede
2985 5292 3209 5348 caballis

267 5383 592 5438 Summatim
625 5385 864 5439 recolam
899 5387 1172 5460 tangendo
1203 5367 1372 5440 relata
1390 5387 1634 5456 profuse,

1991 5367 2331 5431 Praedonum,
2359 5386 2688 5445 ponensque
2716 5394 2897 5445 suum,
2927 5379 3018 5434 dat
3044 5398 3248 5452 ponere
3264 5395 3489 5441 cunctos

267 5474 399 5528 Nota
426 5474 602 5547 magis
648 5475 816 5528 menti
868 5457 1129 5531 revocans
1163 5492 1324 5546 quam
1371 5484 1510 5530 tecta
1541 5475 1825 5547 resignans
1857 5475 1961 5569 ‘?D
1986 5457 2118 5569 Eum
2152 5459 2344 5559 reflvit
2374 5461 2868 5569 FCC'Pi:HmUICIfiI3
2898 5470 3091 5524 sedilia
3122 5480 3356 5542 ΡΓὶυείθίι

269 5566 537 5620 Fluminis
571 5567 827 5621 immensi
859 5569 983 5640 quis
1012 5567 1257 5622 derivare
1290 5576 1503 5622 meatus
1901 5551 1958 5569 ν
1985 5551 2247 5620 Pauperis
2277 5558 2332 5604 εί
2356 5560 2540 5606 νοίυτη
2575 5555 2724 5626 “gat,
2749 5560 3096 5635 ηδδοινίῑρυθ
3123 5567 3452 5642 Ριῖδίληὲθδτ

266 5657 393 5713 Tam
416 5658 594 5714 valeat
622 5668 802 5714 vastos
821 5660 848 5714 ?
878 5663 948 5715 Ac
988 5677 1057 5714 ne
1087 5675 1185 5729 per
1205 5659 1359 5730 plura
1383 5675 1608 5732 negasse
1984 5644 2074 5698 Sic
2102 5642 2264 5699 etiam
2291 5643 2522 5700 Francos
2547 5650 2748 5716 przedze
2772 5651 2985 5710 fervore
3017 5657 3266 5718 furentes
