3972 6208
437 257 543 314 835

442 389 729 445 Involvens
760 377 1003 437 tenebris
1043 376 1365 444 praesentem
1398 366 1608 421 visibus
1647 360 1840 418 abdit?

439 482 575 549 Quid
603 491 830 550 puerum
851 470 958 525 luci
976 468 1337 527 subtractum,
1356 467 1528 514 matre
1550 461 1838 529 querente,

440 545 667 641 Vlimque
691 565 925 625 ferente,
960 555 1312 612 reformatum
1337 549 1571 618 vitaeque
1602 545 1910 605 reductum,

438 635 648 718 Attactu
680 655 867 728 caliga:
906 645 1148 704 doctoris
1178 647 1466 697 stemmate
1498 637 1619 691 lata;
1645 635 1673 688 ‘P

441 759 604 827 Cujus
635 748 891 808 Honorati
920 740 1251 799 Libertinive
1283 738 1525 792 leremus

444 825 571 914 Hoc,
594 844 805 901 meritis
832 839 961 895 fidei
992 835 1219 891 annisus
1247 829 1345 885 sed
1369 825 1560 882 matris
1588 831 1855 893 uterque:

442 942 611 1011 Hujus
638 937 785 993 celsa
812 931 913 987 viri
945 927 1120 1001 signis
1157 919 1424 995 patientia
1453 914 1669 990 magnis

443 1005 692 1096 Eﬂ‘ertur,
725 1021 1168 1096 correptorisque
1193 1014 1454 1090 magistra
1480 1005 1747 1082 magistri,

1196 239 1561 297 FLODOARDI
1603 232 1909 290 CANONICI
1949 228 2281 287 REMENSIS
2321 224 2657 283 OPUSCULA
2694 220 3006 278 METRICA.

3675 218 3782 275 836

2079 366 2129 432 Α
2157 355 2465 427 Discipulos
2494 352 2741 408 celebres
2771 348 3018 404 miranda
3047 348 3103 401 in
3128 347 3266 401 facta
3288 346 3634 417 relinquens,

2156 449 2393 514 Quorum
2424 445 2595 499 multa
2625 443 2796 496 latent
2817 456 3048 511 operum
3082 437 3396 493 veneranda
3425 437 3670 508 piorum,

2153 544 2281 608 Qum
2321 539 2478 595 ducis
2508 536 2691 593 eximii
2725 551 2979 606 pressere
3000 533 3219 588 silentia
3250 530 3448 599 nobis;

2154 636 2217 689 At
2248 649 2358 688 non
2390 632 2533 687 furta
2557 638 2753 686 vacant
2782 628 3018 692 olerum,
3045 625 3391 696 memorique
3422 623 3683 679 renident
3730 652 3737 657 ι

2158 727 2339 782 Laude
2368 732 2591 789 retecta,
2616 724 2709 777 Dei
2742 722 2847 777 sub
2888 722 3101 777 honore
3140 719 3439 776 celebriter
3463 727 3605 783 acta,

2159 818 2412 873 Gramine
2433 818 2680 881 Servato,
2711 828 2911 885 prenso
2933 829 3133 885 angue,
3163 818 3354 867 tuente
3384 810 3622 877 latrone,

2159 906 2459 978 Suppliciis
2485 905 2653 977 digno
2682 901 3021 958 cruciatibus
3054 902 3211 956 hoste
3242 901 3446 965 soluto,

2160 998 2377 1068 Spebus
2404 996 2581 1052 solato
2612 994 2853 1058 blandis,
2883 1002 2939 1048 ct
2964 1007 3193 1048 munere
3221 990 3354 1047 feto.

1938 1148 2146 1203 CAPUT
2201 1148 2281 1201 ιν.

1006 1299 1081 1358 De
1108 1294 1332 1357 sanctis
1370 1287 1637 1365 Equitio,
1676 1280 2043 1348 Constantio,
2077 1276 2450 1349 Marcellino,
2483 1275 2760 1335 Nomtoso
2789 1283 2841 1333 et
2874 1272 3204 1346 Bonifacio.

444 1469 583 1537 Quid
615 1466 846 1523 referam
893 1456 1166 1531 Equitium
1198 1447 1410 1506 ccelesti
1450 1449 1713 1515 operante
1734 1436 2037 1510 spadonem

444 1564 727 1633 Chirurgo,
751 1555 1025 1624 castisque
1043 1548 1176 1604 viris
1205 1544 1450 1633 ipsisque
1475 1536 1675 1609 puellis

444 1624 754 1713 Ductorem,
783 1651 1097 1709 sanctaeque
1122 1636 1224 1689 viae
1255 1632 1375 1685 sine
1399 1644 1551 1684 more
1582 1624 1927 1699 magistrum,

392 1799 396 1804 ,
442 1743 764 1811 Vergentem
804 1748 864 1786 se
895 1728 1046 1790 imis,
1076 1731 1292 1778 mentes
1330 1719 1396 1774 ad
1420 1717 1566 1773 celsa
1595 1715 1889 1775 levantem,

444 1806 788 1894 Qui'certans
817 1820 946 1875 dum
977 1822 1155 1869 vectat
1192 1825 1325 1866 oves
1350 1807 1417 1863 ad
1451 1806 1593 1861 ovile
1626 1815 1951 1872 supernum,

443 1919 761 1990 Suscipiens
790 1913 998 1984 plures,
1029 1907 1195 1962 etiam
1219 1918 1382 1975 quem
1415 1900 1666 1953 daemone
1696 1896 1917 1965 plenum

448 2012 620 2070 Corde
650 2005 1076 2065 videtSatanam
1107 1997 1351 2052 vocitans
1372 2003 1652 2046 assumere
1684 1992 1834 2058 paret
1866 2001 1880 2046 ;

443 2104 617 2173 thue
648 2096 913 2169 probetur
929 2105 1091 2161 opus,
1123 2085 1271 2156 capit
1301 2082 1443 2137 intra
1472 2087 1631 2148 septa
1660 2076 1950 2138 latronem,

444 2170 582 2247 Dum
612 2193 840 2243 vexatur
863 2180 984 2237 ovis
1008 2183 1252 2233 tentante
1284 2172 1400 2243 lupi
1428 2170 1631 2239 impete
1660 2170 1932 2219 mentem:

446 2282 561 2347 Quo
587 2275 749 2333 simul
782 2274 960 2342 ejecto
989 2265 1205 2340 laqueis
1242 2260 1497 2318 evellitur
1517 2271 1678 2328 agna.

447 2377 558 2432 Nec
582 2374 808 2447 longum
851 2365 978 2421 lidei
1012 2363 1131 2417 zelo
1161 2360 1247 2415 fur
1269 2353 1688 2447 carpiturigne,

448 2466 546 2531 Qui
572 2443 800 2537 magicis
829 2457 1022 2513 cellam
1044 2470 1105 2508 se
1129 2448 1488 2522 suspendisse
1519 2443 1837 2514 frequenter

448 2532 691 2611 Rettulitw
704 2548 924 2621 Equitii,
951 2542 1191 2600 valuisse
1210 2555 1274 2595 ac
1304 2537 1501 2593 laedere
1527 2532 1760 2588 nullum.

447 2646 556 2700 Nec
584 2642 765 2696 minus
792 2637 1105 2705 absorptam
1139 2632 1360 2685 lactucm
1387 2623 1617 2695 dapsilis
1645 2622 1807 2675 hamo

449 2736 598 2792 Fruit
621 2734 681 2805 [f.
710 2727 925 2797 Eximit]
956 2721 1188 2781 zethneis
1218 2716 1460 2787 absorpti
1494 2711 1749 2805 faucibus
1775 2706 1991 2805 anguis,

447 2792 762 2893 Increpanti
786 2818 848 2889 [Γ.
881 2792 1147 2880 Poscenti]
1173 2818 1478 2875 causasque
1508 2800 1706 2863 aditus,
1731 2798 1960 2893 horrore
1983 2792 2064 2892 fe-

446 2914 546 2981 Qui
577 2883 764 2981 superi
787 2883 951 2960 vferro
982 2899 1199 2956 medici.
1220 2898 1426 2968 plectro
1458 2891 1571 2947 oris
1600 2888 1795 2944 adacto
1876 2883 2066 2956 [rentis

451 3002 628 3059 Verbo
654 2997 748 3053 Dei
778 2993 1004 3065 capiens
1027 2990 1214 3059 jussus
1240 2998 1534 3057 praperare
1566 2981 1800 3054 rigatum

452 3096 629 3151 imbre
656 3084 879 3145 salutari
904 3082 1142 3138 sitientis
1160 3085 1383 3151 pectora
1413 3073 1592 3147 plebis

450 3189 585 3243 Dum
612 3181 812 3257 satagit
834 3176 1007 3254 galeis
1033 3174 1246 3229 animas
1282 3168 1501 3240 pietatis
1530 3171 1760 3220 onustus

452 3276 668 3335 Lucrari
689 3272 940 3337 Domino,
973 3267 1126 3323 vicos
1154 3272 1209 3319 et
1233 3270 1413 3318 castra
1444 3271 1767 3332 peragrans,

452 3368 707 3441 Corporis
736 3364 988 3433 abjectus
1019 3356 1207 3430 specie
1228 3353 1326 3409 sed
1354 3359 1537 3407 mente
1568 3355 1854 3413 venustus,

453 3436 767 3529 Sub—ripitur
792 3468 949 3525 papae
981 3460 1291 3521 praeconem
1326 3444 1447 3514 lege
1475 3436 1837 3511 premendum

453 3554 715 3610 Censura:
745 3544 986 3619 subigat,
1019 3540 1298 3610 tantisque
1337 3539 1588 3591 coerceat
1619 3530 1785 3593 ausis,

452 3640 681 3697 Mittitur
710 3635 972 3698 ascitum;
1015 3634 1298 3685 mutantur
1327 3624 1495 3681 corda
1525 3626 1807 3693 petentum

453 3731 681 3787 Pectora
709 3732 986 3783 tantorum
1017 3717 1209 3776 inculti
1242 3712 1533 3787 praesentia
1559 3717 1761 3772 terret;

455 3822 712 3898 Arguitur
739 3816 942 3890 praesul
969 3814 1229 3883 visusque
1256 3809 1483 3863 horrore
1508 3803 1754 3859 vibratur

454 3894 592 3982 Quid
625 3910 849 3968 Domini
878 3912 1039 3962 vexet
1069 3901 1355 3964 famulum,
1380 3897 1686 3969 rapidoque
1714 3894 1899 3949 volatu

454 4004 629 4060 Sceda
649 4008 794 4056 meat
824 3994 1128 4069 prohibens
1146 3992 1269 4053 iter,
1301 3988 1539 4060 implens
1560 3984 1764 4040 famina
1791 3982 1928 4038 vatis

455 4096 689 4152 Invitum
713 4101 877 4162 atque
907 4087 1249 4141 latiscentem
1289 4094 1585 4153 properare
1616 4075 1909 4133 monentis.

454 4187 659 4243 Vixerit
690 4184 781 4239 hic
801 4179 980 4254 qualis
1008 4182 1278 4235 testantur
1308 4174 1450 4228 mira
1478 4170 1739 4243 sepulcri.

455 4276 727 4335 Ruricolae
746 4290 872 4329 arca
895 4269 1253 4343 supersidens
1280 4266 1332 4321 vi
1366 4263 1603 4320 turbinis
1630 4268 1751 4317 acta

2157 1432 2415 1503 Temptor
2429 1439 2483 1486 et
2518 1432 2635 1503 ipse
2664 1431 2740 1486 tui
2764 1436 3094 1499 temptorum
3130 1434 3185 1482 et
3208 1433 3394 1500 gratus
3422 1426 3637 1481 amicus

2162 1527 2387 1599 Magnus
2416 1526 2660 1580 mirificis
2691 1531 2745 1579 et
2773 1522 3195 1578 mansuetudine
3229 1522 3421 1592 major,

2161 1619 2289 1682 Quas
2321 1616 2418 1670 tibi
2446 1614 2778 1680 Marcelline,
2811 1613 2978 1666 feram
3010 1610 3307 1681 prazconia,
3342 1610 3566 1681 praesul,

2162 1706 2424 1759 Virtutem
2455 1704 2721 1775 languore
2751 1702 2953 1756 sedens
2979 1706 3204 1771 Operate
3234 1699 3475 1765 virilem,

2164 1798 2320 1862 Dum,
2354 1796 2559 1850 fractus
2580 1794 2841 1866 podagra,
2863 1792 3205 1845 flammarum
3238 1791 3436 1846 robora
3463 1788 3671 1861 frangis
3688 1788 3718 1841 ?

2164 1888 2331 1952 Queis
2359 1887 2522 1941 etiam
2555 1885 2843 1956 expediam
2879 1882 3175 1954 tranquille
3205 1882 3343 1936 dura
3374 1881 3642 1936 ferentem

2165 1977 2483 2031 Nonnosum
2511 1974 2683 2030 titulis
2721 1979 3034 2044 aequantem
3065 1970 3206 2027 facta
3233 1971 3474 2041 priorum

2165 2072 2483 2145 Magnorum
2513 2070 2606 2124 ille
2630 2076 2843 2140 patrum
2877 2065 3070 2141 gestis,
3103 2067 3230 2120 dum
3266 2074 3536 2136 praeparat
3565 2066 3784 2119 hortum

2168 2166 2297 2220 Acta
2323 2165 2467 2220 mole
2499 2164 2687 2235 procul
2718 2163 2892 2235 rupis,
2922 2168 3162 2217 sectatur
3186 2159 3447 2215 Achivum

2169 2256 2491 2329 Gregorium
2523 2264 2772 2309 sanctum
2798 2272 2812 2319 ;
2854 2252 3087 2309 solidata
3115 2251 3367 2322 lampade
3397 2249 3546 2317 vitri,

2171 2349 2442 2403 Donatum
2471 2364 2484 2411 ;
2514 2345 2773 2417 repplens
2797 2344 2907 2400 olei
2932 2357 3099 2415 parvo
3125 2342 3373 2416 unguine
3404 2357 3529 2397 vasa

2168 2438 2375 2496 Cuncta
2403 2437 2721 2494 monasterii
2742 2437 2902 2510 signo
2933 2436 3141 2490 helisea
3166 2434 3445 2505 rependit.

2165 2533 2272 2586 Sed
2304 2546 2483 2602 neque
2514 2529 2769 2584 dissimili
2800 2528 2998 2582 renitet
3029 2526 3349 2581 Bonifacius
3380 2533 3501 2582 actu

2168 2626 2261 2681 Ille
2291 2624 2609 2681 Ferentinas
2639 2623 2732 2695 qui
2767 2628 3089 2693 paupertate
3117 2620 3367 2675 feracem

2168 2714 2434 2769 Attollens
2466 2712 2709 2768 animum
2747 2725 3034 2782 pressuras
3061 2710 3203 2763 inter
3229 2716 3285 2763 et
3312 2716 3452 2762 acta.

2167 2802 2301 2856 Dum
2326 2802 2557 2857 Domino
2574 2807 2755 2874 grates
2781 2797 3071 2868 dispendia
3096 2796 3326 2851 reddere
3356 2795 3510 2850 novit

2167 2894 2393 2967 Exiguis
2414 2892 2575 2948 stillis
2602 2891 2925 2961 apothecam
2958 2897 3014 2943 et
3043 2887 3188 2943 dolia
3216 2887 3393 2958 replet

2171 2984 2405 3054 Ipsaque
2434 2981 2525 3036 vix
2564 2979 2746 3034 infusa
2775 2992 2927 3033 mero
2956 2978 3075 3032 sola
3111 2991 3341 3031 munere
3362 2981 3648 3047 spargunt.

2118 3135 2140 3157 Ἰ
2170 3076 2297 3141 Quae
2326 3082 2512 3131 custos
2530 3073 2703 3129 animi
2727 3070 3051 3143 prohibens,
3078 3085 3137 3125 se
3158 3070 3214 3124 ia
3247 3083 3501 3140 corpore,
3533 3068 3719 3138 pandi.

2094 3139 2143 3203 Ο
2175 3165 2479 3221 Barbaricis
2510 3178 2732 3235 quoque
2773 3160 2901 3215 vina
2931 3160 3061 3215 viris
3094 3160 3148 3214 in
3172 3174 3299 3213 vase
3323 3139 3526 3229 pusillo

2175 3258 2433 3313 Crescere
2463 3255 2592 3310 dum
2616 3260 2858 3325 praestat,
2888 3251 3039 3306 nasci
3072 3250 3164 3305 dat
3193 3250 3247 3304 in
3278 3248 3472 3304 usibus
3498 3249 3751 3303 haustum
3778 3267 3793 3315 ;

2174 3348 2431 3421 Cymbala
2458 3345 2784 3402 concutiens
2815 3344 3118 3413 laudesque
3148 3357 3217 3395 ex
3246 3356 3343 3395 ore
3374 3340 3516 3394 beati

2176 3443 2545 3505 Praeveniens,
2587 3440 2782 3496 Christi
2814 3437 3140 3510 plectendas
3163 3436 3351 3505 judice
3373 3452 3611 3500 summo,

2175 3532 2514 3591 Praecinitur.
2544 3529 2775 3603 quaesita
2803 3530 3000 3600 planus
3026 3526 3221 3582 solatia
3252 3533 3461 3582 nactus.

2173 3625 2349 3678 Aurea
2374 3638 2641 3695 perpesso
2671 3620 2917 3693 arguitur
2942 3619 3073 3673 dum
3107 3618 3309 3672 damna
3336 3624 3561 3689 nepote,

2173 3713 2350 3767 Aurea
2378 3712 2531 3767 lucra
2556 3709 2745 3776 refert,
2788 3707 2933 3763 canit
2961 3707 3129 3761 ardua
3154 3705 3355 3760 damna
3385 3705 3606 3777 nepoti:

2171 3802 2440 3858 Culminis
2465 3817 2598 3857 auro
2625 3799 2877 3856 affectata
2906 3804 3217 3853 removetur
3246 3797 3473 3851 honore.

2172 3894 2310 3959 Quin
2352 3910 2548 3966 parere
2578 3892 2683 3947 sibi
2713 3891 2927 3946 ratione
2950 3888 3192 3945 carentia
3217 3903 3441 3961 cogens,

2176 3984 2365 4040 Erucis
2394 3991 2595 4040 tectum
2622 3982 2822 4052 juratis
2850 3980 3052 4035 liberat
3074 3980 3317 4035 hortum.

2172 4077 2284 4132 Nec
2304 4076 2556 4131 miranda
2594 4074 2735 4129 adeo
2765 4088 2889 4144 quae
2918 4071 3120 4145 dignus
3148 4072 3359 4126 honore
3384 4070 3642 4126 sacerdos

2174 4172 2431 4239 Gesserit,
2465 4176 2587 4225 acta
2612 4168 2834 4240 quidem
2864 4181 3036 4238 puero
3066 4165 3112 4219 si
3139 4172 3321 4219 mente
3352 4163 3643 4230 librentur,

2172 4261 2707 4336 Ornanteiudignos,
2740 4274 2867 4314 sese
2899 4257 3143 4312 nudante
3173 4254 3515 4327 frequenter,

454 4370 628 4439 Atque
653 4364 876 4435 repulsa
916 4357 1141 4432 procul;
1183 4354 1413 4428 querula
1439 4353 1520 4407 sic
1548 4352 1677 4406 dum
1728 4348 1856 4404 terit
1887 4349 2071 4404 hostes
2088 4404 2147 4439 ῃ
2174 4356 2376 4412 lim-rea
2410 4352 2565 4427 fruge
2592 4352 2717 4406 data
2735 4349 2961 4415 sanctis,
2985 4349 3250 4403 exhausta
3278 4346 3519 4417 rapinis;

453 4457 596 4513 Voce
626 4453 932 4517 lacessitus,
965 4447 1105 4520 tegit
1134 4445 1318 4502 hostili
1334 4443 1555 4519 agmine
1584 4455 1801 4504 vernas,

455 4544 886 4612 Prmsidiumque
915 4538 1097 4594 ferens
1125 4542 1304 4591 servat
1334 4531 1603 4589 tutamine
1634 4528 1853 4584 multos.

455 4631 690 4689 Narcissi
712 4629 914 4701 pariter
936 4624 1209 4684 constanti
1234 4624 1355 4678 luce
1386 4619 1622 4684 renidet,

457 4722 742 4778 lllustrans
760 4718 870 4774 olei
897 4715 1017 4773 vice
1035 4713 1243 4784 templa
1279 4708 1641 4784 flagrantibus
1676 4705 1860 4762 undis.

2171 4449 2359 4505 Matris
2387 4462 2708 4519 compassus
2727 4444 2984 4515 lacrymis
3012 4458 3173 4514 prece
3204 4442 3379 4513 replet
3403 4441 3610 4513 opima,

2172 4540 2289 4606 Quo
2319 4547 2477 4610 raptu
2505 4552 2727 4609 quoque
2754 4534 2990 4609 gallinas
3014 4540 3179 4605 atque
3206 4532 3371 4602 eripit
3398 4533 3576 4599 hoste,

2172 4633 2435 4689 Plectitur
2464 4637 2686 4702 etrapta
2717 4628 2920 4700 raptrix
2949 4626 3237 4699 vulpecula
3268 4625 3478 4696 praeda.

2172 4728 2292 4783 Non
2321 4729 2620 4797 spernente
2650 4722 2761 4777 Deo
2786 4720 2842 4775 in
2863 4718 3108 4775 minimis
3136 4717 3329 4773 audire
3356 4717 3612 4773 clientem

1968 4887 2176 4944 CAPUT
2222 4886 2284 4940 V.

1639 5020 1718 5080 De
1739 5025 1946 5080 sancto
1980 5017 2311 5078 Fortunato
2341 5013 2627 5091 episcopo.

455 5178 571 5238 Nec
588 5174 869 5234 Fortunati
897 5169 1207 5230 Tudertinte
1245 5175 1365 5226 acta
1388 5166 1603 5224 silenda

455 5271 713 5331 Presulis
732 5270 933 5344 insigni
952 5269 1215 5325 virtutum
1245 5266 1366 5321 luce
1387 5263 1648 5328 cluentis,

453 5363 555 5428 Qui
583 5374 747 5430 prece
770 5357 1040 5413 subnixus
1068 5354 1292 5411 hostilia
1320 5368 1466 5425 saepe
1494 5351 1721 5427 fugabat

453 5448 688 5524 Agmina
716 5446 1033 5517 spirituum,
1062 5458 1272 5500 cuneos
1300 5443 1527 5499 horrore
1554 5433 1801 5495 subactis

455 5533 693 5588 Sedibus
712 5531 1040 5599 exturbans;
1079 5528 1258 5585 sensit
1284 5528 1546 5606 suﬁragia
1572 5532 1748 5598 nupta

459 5618 671 5673 Carnea
689 5632 853 5684 quam
878 5631 1151 5687 superans
1175 5630 1286 5670 una
1306 5617 1438 5674 dum
1468 5624 1629 5674 nocte
1657 5612 1933 5679 voluptas,

2176 5160 2387 5235 Degere
2415 5160 2683 5212 secretam
2709 5149 2970 5224 prohibet
2990 5147 3353 5220 thalamisque
3381 5150 3645 5203 remotam
3674 5160 3687 5197 :

2176 5251 2484 5307 Audentem
2513 5246 2744 5302 Domino
2764 5242 3088 5299 sacrandum
3121 5240 3427 5310 irrumpere
3458 5237 3723 5309 templum

2176 5337 2426 5409 Martyris
2444 5336 2683 5391 adventu
2709 5332 2951 5392 vindicta
2981 5344 3175 5385 severa
3204 5334 3450 5391 coercet;

2177 5433 2347 5497 Quam
2378 5431 2531 5486 nisus
2561 5437 2745 5503 tegere
2775 5423 3051 5496 abripitur
3086 5428 3294 5478 tutator
3318 5421 3388 5476 ab
3417 5435 3619 5496 angue,

2174 5520 2503 5578 Thessalicis
2538 5519 2758 5575 addicta
2783 5515 2944 5571 malis
2969 5512 3221 5585 legiones
3249 5510 3503 5583 Chelydri

2179 5609 2484 5680 lmpetitur,
2517 5605 2801 5677 nimioque
2830 5603 3073 5659 fremens
3102 5601 3421 5657 incenditur
3445 5608 3618 5655 aestu:
