3972 6208
213 294 322 350 837
808 292 889 345 DE
930 289 1184 344 CHRISTI
1227 287 1591 345 TRIUMPIIIS
1632 289 1803 345 APUD
1844 287 2107 344 ITAIJAM
2151 290 2324 345 LIBRI
2367 289 2477 345 XIV
2542 323 2607 335 --
2649 293 2773 349 LIB.
2816 294 2953 351 XIII.
3453 302 3559 359 838

217 411 468 466 Confessi
504 410 723 465 tandem
756 411 1035 482 genitores
1065 410 1295 463 crimina
1321 412 1518 480 culpae,
1865 413 1913 481 Α
1943 410 2069 465 Post
2097 427 2246 466 coxae
2273 414 2514 469 attritum
2547 415 2707 490 rigidi
2732 394 2988 474 contritio
3018 420 3202 475 cordis
3236 440 3249 488 ;

219 499 471 555 Pontifici
494 500 718 563 sistunt,
757 499 1062 569 rabidoque
1093 499 1279 553 labore
1311 500 1538 553 levatam
1943 500 2196 571 Corporis
2236 513 2289 559 et
2319 506 2477 576 plexu
2519 507 2667 562 dum
2700 509 2931 565 monitio
2963 513 3197 567 manus;

219 589 331 643 Nec
370 588 593 661 longum
626 594 748 658 post
788 587 1118 642 incolumem
1148 587 1519 659 mundamque
1549 587 1833 641 reducunt.
1938 588 2096 643 Jussa
2137 593 2449 661 patrocinii,
2473 595 2629 649 velox
2651 597 2907 653 solidatio
2940 600 3198 668 membri,

222 676 471 748 Ηοερίιίο
498 676 707 744 ciemus
732 676 907 746 Ρτίνδῐ
927 674 1057 728 dum
1078 676 1231 745 Pl‘Ole
1262 683 1542 746 Parenlem
1943 680 2171 753 Moxque
2201 693 2388 739 secuta
2405 685 2573 753 salus,
2597 696 2831 760 actoque
2856 690 3045 746 dolore
3068 694 3306 760 medela,

222 766 341 820 Non
376 766 516 819 bene
540 772 861 820 tractantem
894 763 1041 818 bona
1072 761 1317 834 perﬁdus
1350 764 1552 835 hOSpes
1581 772 1767 833 aperte
1944 768 2207 840 Expertus
2247 788 2467 844 quoque
2499 774 2785 830 Marcellus
2815 777 2882 832 de
2909 788 3089 835 ηιοιιιρ
3112 782 3375 839 reductus

223 855 379 910 Haud
400 855 799 909 admittendum
830 860 980 943 notat
1006 854 1111 908 hoc
1140 869 1371 908 censore
1404 852 1672 943 fugatum.
1945 858 2071 929 Ejus
2098 862 2152 915 in
2181 863 2420 919 adventu
2452 864 2674 921 decreta
2702 869 3196 943 sedilialinquens,

224 944 456 999 Lumina
494 944 769 997 damnatis
798 942 1101 996 redhibens
1130 943 1218 996 hic
1246 959 1386 1013 papa
1419 942 1694 1007 fenestris,
1945 949 2087 1004 Voce
2118 951 2221 1005 levi
2256 952 2480 1007 rediens
2513 972 2525 1007 :
2556 955 2719 1023 hujus
2750 957 2883 1027 quid
2914 942 3039 1013 vota
3070 962 3355 1017 valerent!

223 1035 436 1106 Eripuit
467 1047 687 1107 quoque
716 1035 1220 1105 depulsojumenta
1252 1034 1459 1097 furore,
1946 1038 2008 1091 At
2044 1039 2370 1095 Fortunatus
2398 1040 2574 1097 fuerat
2604 1060 2706 1098 ceu
2734 1060 2964 1116 corpore
2995 1048 3204 1123 degens

226 1128 286 1181 Et
318 1128 591 1199 quidquid
607 1128 763 1198 petiit
789 1127 1048 1182 comitata
1079 1134 1163 1180 est
1194 1126 1333 1181 actio
1375 1142 1603 1197 compos
1632 1145 1645 1191 ;
1946 1131 2197 1205 .‘Egrotos
2228 1133 2425 1188 solitus
2463 1151 2676 1205 curare,
2709 1136 2995 1193 absolvere
3030 1158 3221 1209 nexos,

223 1221 505 1291 Approbat
525 1236 648 1275 orsa
670 1220 849 1285 Gothi,
882 1226 1199 1289 contempto
1232 1228 1405 1289 patre,
1438 1218 1596 1273 ruina
1948 1220 2157 1277 Pellere
2183 1224 2506 1294 perniciem,
2531 1243 2632 1282 nec
2653 1228 2836 1285 adhuc
2858 1241 2981 1301 post
2999 1230 3193 1288 funera
3219 1244 3416 1292 cessat.

1742 1348 1953 1404 CAPUT
1992 1352 2054 1406 VI

1402 1451 1479 1509 Dc
1504 1453 1731 1510 sanctis
1761 1452 2051 1529 .Hartyrio
2082 1464 2133 1513 et
2161 1455 2398 1517 Severo.

230 1591 430 1647 Extulit
451 1599 505 1645 et
525 1596 773 1645 sanctum
796 1587 1112 1643 veneranda
1133 1587 1347 1642 Valeria
1387 1597 1595 1659 patrem
1950 1590 2213 1660 Repperit
2242 1598 2300 1645 ut
2323 1592 2595 1661 functum,
2629 1594 2837 1666 plangit
2869 1598 3019 1651 necis
3042 1609 3210 1673 utque
3244 1610 3453 1658 reatum

230 1682 567 1752 Martyrium,
597 1680 786 1750 prunis
818 1694 1012 1749 panem
1036 1685 1260 1741 tectum,
1294 1684 1460 1747 atque
1485 1677 1667 1731 favilla
1949 1680 2147 1752 Sicque
2176 1682 2361 1737 datum
2406 1686 2659 1757 lacrymis
2692 1690 2887 1759 recipit
2915 1693 3181 1764 tetrisque
3211 1695 3558 1765 redemptum

228 1773 330 1838 Ουί
361 1773 519 1846 Signo
551 1770 680 1824 ﬁdei
723 1786 831 1823 non
862 1778 1006 1823 tactu
1036 1768 1264 1840 insignit
1293 1768 1485 1822 adacto
1870 1826 1915 1846 Π
1948 1772 2269 1843 Suppliciis,
2310 1793 2472 1846 quem
2517 1778 2643 1832 dum
2678 1781 2891 1836 modica
2917 1784 3188 1838 tristarier
3219 1786 3351 1840 hora

229 1868 448 1937 Hacque
480 1863 824 1918 sacerdotem
859 1861 1158 1930 accipimus
1191 1859 1417 1931 regione
1451 1860 1712 1914 Severum
1869 1859 1918 1893 υ
1950 1867 2096 1921 llaud
2118 1869 2317 1937 patitur
2356 1869 2595 1927 Christus
2625 1893 2641 1939 ;
2672 1876 2915 1931 redivivo
2946 1878 3015 1931 ad
3049 1888 3172 1934 vola
3202 1881 3417 1950 patroni

233 1957 505 2012 Eniiuisse
536 1954 727 2025 probis
758 1953 908 2007 ιηὶτῐθ
926 1952 1147 2023 pietatis
1178 1958 1232 2005 εἰ
1258 1951 1414 2017 aclis.
1947 1957 2097 2013 Flere
2137 1959 2228 2014 dat
2257 1977 2565 2030 excessum,
2599 1966 2678 2020 sic
2703 1976 2881 2023 terrea
2912 1969 3156 2040 linquere
3188 1972 3390 2037 laetum,

232 2051 450 2123 Algrum
492 2049 600 2103 fine
622 2049 807 2119 operis
834 2048 1033 2101 vetitus
1063 2046 1157 2118 qui
1180 2046 1360 2100 visere
1392 2045 1614 2100 tardans
1947 2046 2191 2103 Fletibus
2220 2056 2274 2103 et
2296 2052 2534 2121 propriis
2559 2053 2728 2109 lotum
2761 2063 2816 2111 et
2849 2058 3111 2131 plangore
3140 2060 3325 2115 Severi

1723 2170 1931 2225 CAPUT
1971 2172 2081 2228 VII.

1057 2277 1131 2336 De
1159 2274 1456 2334 sacerdote
1490 2276 1600 2351 qui
1628 2273 1947 2351 defunctus
1973 2274 2171 2351 furem
2205 2278 2409 2348 vinxit
2436 2282 2733 2356 sepulcro,

239 2418 407 2482 Quam
438 2416 614 2489 viguit
642 2414 865 2487 dignus,
893 2430 1055 2485 quam
1088 2413 1251 2468 claris
1289 2413 1503 2468 actibus
1533 2414 1675 2468 altus
1955 2410 2015 2464 Et
2045 2411 2139 2481 qui
2163 2418 2316 2482 rapta
2338 2412 2546 2467 vehens
2573 2414 2809 2470 vincitur
2842 2417 2967 2485 jure
2997 2418 3209 2486 latenti,

242 2509 517 2564 Laudibus
546 2509 647 2561 hac
676 2507 889 2562 Domini
916 2506 1132 2577 pollens
1166 2505 1394 2579 regione
1424 2506 1684 2562 sacerdos
1954 2500 2118 2555 Fasce
2150 2502 2329 2572 palam
2365 2504 2566 2573 posito,
2601 2514 2890 2575 prtestatur
2913 2526 3143 2583 pergere
3185 2513 3344 2567 liber.

239 2601 337 2665 Qui
369 2599 587 2654 functus
616 2600 787 2652 furem
817 2598 988 2652 vinxit
1014 2597 1315 2651 tumulatus
1344 2605 1567 2651 euntem
1953 2593 2040 2647 Sic
2068 2593 2232 2647 etiam
2264 2594 2621 2650 Prienestinis
2652 2597 2707 2650 in
2737 2600 3019 2655 montibus
3051 2602 3143 2657 ille

238 2691 419 2746 Mirari
450 2691 693 2764 gaudent
718 2690 849 2744 socii
880 2688 1173 2760 splendore
1204 2688 1474 2762 magistri,
1956 2684 2021 2738 Ut
2047 2685 2176 2739 vixit
2207 2693 2359 2757 pater
2386 2688 2643 2760 egregius
2668 2689 2759 2743 dat
2788 2707 3013 2747 cernere
3042 2694 3279 2749 functus.

239 2785 440 2839 Vivens
471 2785 563 2855 qui
596 2784 739 2837 alma
758 2784 937 2847 docet,
967 2781 1260 2835 defunctus
1318 2781 1458 2835 furta
1488 2787 1710 2836 coercet
1766 2780 1778 2834 ι
1956 2777 2219 2832 Mirantur
2246 2780 2394 2851 gnati
2427 2782 2584 2848 cujus
2613 2782 2741 2837 data
2774 2793 2929 2854 pacta
2949 2786 3175 2856 sepulti,

244 2873 349 2927 Fur
379 2873 513 2926 vivis
543 2878 794 2926 metuens
823 2870 972 2925 cerni
1015 2870 1236 2924 tabente
1268 2868 1467 2941 ligatur
1957 2868 2055 2932 Qui
2083 2869 2227 2939 quod
2244 2868 2417 2924 flabra
2445 2871 2666 2926 trahens
2686 2875 3259 2943 spondet,tumulatus
3279 2879 3566 2951 adimplet,

244 2963 453 3017 Ponere
489 2978 589 3015 nec
612 2962 755 3032 potis
778 2969 861 3015 est
888 2960 1148 3030 praedam,
1167 2976 1271 3014 nec
1301 2958 1441 3013 ferre
1476 2964 1745 3013 retentam
1958 2957 2252 3028 Depositus
2273 2958 2605 3029 deponendo
2640 2962 2758 3017 loca
2773 2964 3130 3032 ceditamico,

244 3052 391 3107 Vivis
419 3052 549 3106 dum
580 3050 812 3121 stupidis
840 3050 1133 3103 adhibetur
1161 3048 1355 3103 funere
1390 3064 1582 3115 nexus,
1960 3046 2268 3101 Admittens
2298 3048 2525 3103 charum
2554 3059 2706 3119 parta
2736 3051 2867 3106 olim
2895 3052 3030 3107 cede
3070 3054 3337 3123 sodalem,

245 3140 465 3208 Aﬁ'erat,
493 3158 559 3195 an
585 3141 757 3211 rapiat
787 3140 1088 3206 dubitatur,
1120 3140 1367 3211 pondere
1397 3145 1630 3194 onustus
1663 3155 1677 3204 ;
1902 3206 1934 3214 Δ
1963 3138 2037 3193 Ad
2070 3155 2258 3195 vocem
2288 3141 2526 3212 queruli,
2558 3143 2687 3197 dum
2717 3159 2777 3198 se
2815 3150 3007 3214 aptant
3035 3147 3278 3202 membra
3312 3148 3502 3204 soluti.

246 3237 382 3290 Dum
414 3235 622 3290 crimen
655 3233 831 3289 fassus
864 3232 1121 3304 precibus
1151 3233 1311 3287 datur
1342 3232 1421 3286 ire
1442 3230 1680 3298 solutus,
1888 3206 1939 3276 Ε

1717 3357 1926 3415 CAPUT
1973 3358 2111 3413 VIII.

1160 3466 1238 3526 De
1264 3474 1468 3526 sancto
1500 3464 1811 3525 Benedicto
1842 3473 1894 3523 et
1918 3465 2133 3524 multis
2162 3465 2292 3540 ejus
2320 3468 2662 3528 miraculis.

320 3608 500 3663 Laude
532 3606 644 3678 poli
676 3604 903 3676 dignum
960 3601 1173 3655 meritis
1199 3615 1367 3670 super
1410 3600 1613 3654 aethera
1645 3604 1857 3661 notum,
1962 3596 2326 3668 Pastoresque
2348 3597 2402 3651 in
2433 3613 2566 3653 oves
2583 3600 2773 3655 mutati
2806 3603 2972 3657 corda
2996 3603 3194 3671 ferina,
3222 3650 3229 3653 ν

246 3702 495 3772 Syrmate
527 3696 773 3771 Gregorii
816 3694 1117 3765 tepidoque
1140 3690 1423 3747 volumine
1450 3692 1682 3755 cultum,
2035 3690 2144 3744 Nec
2174 3697 2355 3745 tamen
2416 3692 2518 3746 hac
2563 3698 2806 3748 tentator
2861 3695 3033 3763 abest,
3079 3698 3439 3771 refugamque
3496 3698 3578 3755 la—

249 3794 361 3857 Qua
391 3790 667 3845 celebrem
698 3787 881 3843 stolidi
914 3785 1271 3839 Benedictum
1305 3782 1469 3837 laude
1498 3781 1739 3836 feremus
1764 3781 1791 3834 ‘P
3326 3791 3513 3861 [cessit

248 3888 472 3942 Climata
501 3901 599 3956 per
630 3883 818 3939 mundi
845 3886 1041 3937 cuncto
1071 3877 1405 3933 venerabilis
1424 3876 1544 3932 orbi
1971 3871 2205 3945 Flagitii,
2230 3870 2552 3944 facibusque
2576 3872 2829 3929 libidinis
2850 3891 3012 3930 usere
3046 3877 3297 3931 membra

253 3977 351 4042 Qui
385 3975 605 4029 radians
631 3971 825 4026 Christi
858 3984 1067 4024 cuneos
1092 3968 1156 4001 3“
1192 3968 1258 4021 ad
1289 3967 1473 4021 sidera
1497 3966 1683 4020 mittit.
1970 3960 2289 4016 Mortificata
2321 3969 2495 4032 parat,
2528 3962 2737 4017 viscum
2768 3964 3111 4036 laqueosque
3140 3966 3411 4021 columbae

252 4066 349 4130 Qui
382 4079 520 4135 puer
545 4062 652 4116 alta
680 4061 892 4133 legens,
928 4058 1059 4111 vicit
1084 4056 1283 4126 probra
1304 4055 1471 4111 corde
1502 4054 1704 4118 senili;
1970 4048 2221 4105 Culmina
2252 4060 2606 4126 transgressae
2636 4053 3026 4125 mundanaque
3058 4071 3182 4109 arce
3214 4056 3445 4126 relapsze

254 4132 603 4212 Dum-mundi
631 4152 796 4208 ﬂores
826 4159 885 4205 ut
912 4148 1153 4219 pulveris
1182 4148 1334 4202 arida
1365 4147 1603 4205 calcans,
1970 4140 2094 4194 Ales
2121 4156 2275 4195 avem
2307 4144 2460 4215 nigra
2480 4132 2775 4197 'candente
2802 4142 2871 4177 3“
2906 4144 3047 4213 petit
3093 4144 3340 4214 improba
3370 4147 3584 4215 mitem,

254 4246 616 4317 Splendorem
648 4240 871 4313 generis
903 4237 1096 4292 tumidi
1130 4251 1255 4290 cum
1286 4235 1407 4290 luce
1430 4234 1637 4304 leporis
1967 4229 2124 4284 Tetra
2150 4247 2365 4286 venena
2392 4233 2585 4287 animae
2601 4232 2948 4306 nigrantibus
2976 4232 3169 4288 incutit
3198 4232 3300 4287 alis
3335 4250 3347 4286 :

253 4338 493 4410 Spernit,
524 4342 579 4390 et
604 4334 844 4388 incultus
867 4328 1307 4401 sapienterculta
1339 4328 1679 4399 relinquens.
1970 4328 2074 4381 Sed
2108 4327 2285 4382 crucis
2315 4328 2381 4381 ad
2423 4327 2639 4401 signum
2666 4343 2867 4382 vacuas
2899 4326 3136 4381 discedit
3168 4327 3221 4380 in
3246 4343 3425 4383 auras.

255 4430 442 4484 Rebus
467 4444 589 4483 cum
607 4425 806 4480 studiis
821 4422 943 4478 οωΙί
967 4420 1103 4492 petit
1131 4420 1303 4474 ardua
1327 4419 1529 4473 missis.
1978 4418 2176 4473 Pectus
2208 4418 2554 4488 inexpertum
2580 4418 2921 4472 ﬂammarum
2950 4417 3097 4484 jacta
3122 4416 3354 4488 fatigant

253 4522 401 4592 (201)
433 4522 661 4591 Quoque
692 4516 1079 4585 animo,quam
1110 4519 1296 4567 mente
1320 4512 1410 4582 pia
1427 4511 1495 4544 ³¹²
1518 4509 1715 4581 probat
1731 4509 1874 4564 actio
1975 4509 2214 4580 Spicula,
2242 4517 2295 4562 et
2334 4508 2619 4562 obsessam
2655 4506 2817 4561 vallat
2846 4505 2929 4561 vis
2953 4506 3113 4577 ignea
3143 4513 3405 4566 mentem.

1606 4598 1801 4672 (gesta,
1889 4638 1946 4705 Β
1977 4605 2337 4674 Irrepensque
2369 4600 2567 4671 adytis,
2598 4600 2800 4671 patitur
2826 4599 2914 4655 vix
2946 4607 3168 4669 pectore
3200 4599 3406 4653 claudi.

257 4702 489 4771 Ipsaque
520 4713 645 4752 mox
674 4704 830 4750 actus
858 4693 1020 4747 etiam
1052 4690 1356 4762 ρτεεθιιηιίει
1371 4689 1548 4762 signa.
1889 4689 1944 4705 "
1976 4699 2402 4765 Increscensque
2431 4694 2621 4758 altum,
2653 4698 3074 4762 consumpserat
3100 4691 3290 4745 intima
3319 4707 3466 4763 gaza:
3496 4691 3585 4757 ³³⁵,

258 4787 568 4843 Etsolidata
596 4782 875 4855 capisterii
903 4783 1139 4835 fractura
1152 4778 1339 4843 soluti,
1974 4790 2034 4843 Ni
2075 4793 2322 4843 servator
2360 4801 2526 4856 opum
2549 4784 2619 4818 ³¹⁶
2648 4783 2771 4837 coeli
2805 4790 3014 4838 secreta
3044 4782 3341 4853 petendum

256 4878 478 4934 Ventosi
509 4877 636 4949 fuga
663 4874 917 4940 rumoris,
946 4871 1240 4941 nutrixque
1258 4869 1467 4934 relicta,

1975 4879 2176 4933 ludens
2206 4875 2522 4939 consilium,
2547 4874 2789 4928 dextram
2823 4872 2926 4927 sub
2957 4888 3133 4947 agone
3159 4871 3400 4926 tulisset.

258 4971 519 5027 Secessus
544 4968 738 5033 eremi.
759 4966 989 5037 δοιοειυθ
1011 4962 1257 5018 habilalﬁ
1290 4977 1389 5033 Per
1408 4975 1586 5015 annos
1973 4970 2109 5024 Dum
2136 4967 2386 5039 veprium
2414 4963 2653 5019 stimulis
2678 4961 3010 5018 cohibentur
3043 4962 3150 5016 tela
3180 4960 3399 5026 furoris,

253 5065 383 5120 Tres
410 5079 630 5136 specus,
662 5062 947 5132 impensus
978 5057 1207 5113 Romani
1240 5056 1402 5127 panis
1433 5054 1650 5110 habena
1679 5054 1749 5089 3“
1782 5071 1795 5108 :
1972 5057 2104 5131 Igne
2135 5055 2434 5111 urticarum
2465 5051 2695 5107 Veneris
2724 5050 3018 5122 depellitur
3043 5048 3212 5123 ignis,

258 5158 544 5229 Presbyter
558 5154 872 5211 admonitus
897 5151 1175 5224 paschalia
1196 5150 1428 5221 prandia
1454 5149 1618 5216 ferre,
1973 5148 2033 5203 Et
2054 5146 2200 5202 cedit
2228 5144 2448 5220 fugiens
2468 5147 2674 5198 mutata
2704 5140 2894 5197 dolore
2919 5139 3189 5211 voluptas.

1330 5310 1596 5365 GLDSSAE
1641 5309 2058 5364 MARGINALES
2100 5305 2509 5362 MABILLONII.

325 5427 389 5461 3“
450 5424 671 5499 agmina
726 5421 1135 5477 monachorum.
1196 5418 1264 5451 ³¹²
1319 5417 1436 5481 scil,
1494 5416 1631 5486 petit
1685 5416 1876 5470 ardua.
1909 5415 1979 5448 3‘3
2028 5414 2175 5468 fune.
2232 5413 2376 5477 3“1'.
2412 5411 2590 5466 cauda
2646 5412 2714 5447 3‘5
2769 5408 2989 5466 divitias
3046 5406 3248 5483 gratia}.
3308 5404 3377 5441 ³¹θ
3407 5404 3571 5463 virtu-

261 5504 397 5552 tum.

1806 5585 2011 5641 ΝΟΤᾹΞ.

333 5697 475 5767 (201)
508 5696 642 5753 Vide
673 5697 725 5750 S.
760 5695 1105 5769 Gregorium,
1137 5688 1345 5760 Dialog.
1389 5689 1488 5744 lib.
1516 5705 1575 5755 ιι,
1608 5703 1731 5759 cap.
1772 5688 1798 5741 1
1822 5701 1979 5757 seqq.
