3972 6208
145 298 256 350 841
779 290 859 344 DE
899 289 1151 343 CHRISTI
1193 286 1554 342 TRIUMPIIIS
1597 284 1765 338 APUD
1808 282 2067 337 ITALIAM
2111 284 2283 338 LIBRI
2327 286 2454 340 XIV.
2497 317 2567 325 —-
2595 287 2719 342 LIB.
2761 288 2898 344 XIII.
3398 293 3503 348 842

153 431 467 484 Instituens
487 445 680 492 unum,
713 427 1047 497 reliquorum
1083 433 1304 495 pectora
1335 431 1534 477 servat.

229 523 336 576 Ore
370 521 754 592 pusillanimes
795 517 1035 582 firmans,
1087 518 1448 588 relevansque
1499 523 1778 586 paventes,

151 613 325 666 Panis
355 619 408 665 et
431 610 708 683 indignos,
733 609 865 662 dum
898 607 1234 678 pollicitatnr
1255 608 1458 677 Opima,

159 704 497 757 Promissam
533 707 685 771 parat
716 699 932 754 occulto
961 698 1230 752 solamine
1263 698 1496 771 frugem,

155 795 605 863 Praedictumque
639 791 806 845 refert
836 805 1128 844 numerosa
1158 789 1301 843 fasce
1335 791 1583 842 levamen

234 881 552 937 Condendis
582 882 747 934 etiam
787 878 1026 950 quodam
1058 879 1214 949 quasi
1251 893 1469 932 carcere
1502 877 1643 929 liber

161 967 402 1036 Spiritus
433 967 739 1022 advolitans
764 967 958 1021 castris
986 967 1073 1032 ³³0,
1101 967 1368 1037 promissa
1395 966 1647 1036 rependit

164 1055 448 1109 Fratribus
469 1055 766 1109 admonitis
796 1055 914 1109 visu
945 1056 1065 1109 loca
1095 1055 1382 1108 commoda
1412 1062 1645 1118 metatis,

165 1149 536 1220 Depactaeque
559 1150 658 1202 viae
691 1149 811 1201 sine
844 1163 1072 1218 corpore
1092 1147 1277 1201 munia
1301 1147 1606 1218 complens.

239 1245 549 1309 Quinetiam
583 1244 728 1298 facili
763 1252 952 1298 sontes
979 1260 1234 1297 sermone
1276 1243 1467 1317 ligare,

167 1335 396 1389 Solvere
421 1334 505 1389 vel
539 1334 748 1388 meritis
777 1334 989 1386 animas
1019 1341 1304 1404 acceperat
1333 1333 1475 1386 altis.

167 1427 490 1499 Virginibus
513 1435 662 1480 notat
691 1427 741 1480 id
776 1427 1022 1498 querulis
1054 1427 1200 1481 illata
1232 1427 1501 1480 minarum

173 1517 357 1580 Paene,
381 1515 785 1586 sacrisquoque
817 1516 1056 1570 libandis
1081 1524 1306 1572 ostensa
1331 1517 1574 1587 repulsa,

173 1607 409 1661 Reddita
440 1607 716 1661 defunctis
737 1608 826 1677 pia
856 1608 1205 1679 participatio
1239 1609 1432 1674 Patris,

173 1698 308 1751 Dote
339 1697 700 1750 sacramentis
728 1697 915 1750 harum
949 1713 1043 1767 pro
1063 1714 1196 1767 pace
1229 1698 1397 1751 litata.

251 1786 404 1840 Haud
425 1803 586 1839 secus
602 1795 654 1839 et
679 1803 908 1856 puerum
934 1797 1095 1840 castae
1121 1786 1408 1856 probitatis
1435 1785 1715 1840 alumnum

173 1878 366 1932 Visere
397 1879 648 1932 carnales
667 1879 840 1932 sancti
880 1879 1087 1949 absque
1131 1878 1314 1933 favore
1346 1888 1604 1949 parentes

173 1969 404 2031 Ausum,
448 1982 680 2038 moxque
712 1968 832 2021 neci
865 1968 1141 2021 addictum
1197 1977 1466 2040 terraeque
1498 1969 1738 2024 locatum
1773 1987 1786 2034 ;

169 2055 296 2108 Post
323 2063 540 2110 noctem
569 2072 738 2126 super
758 2057 1064 2122 inventum,
1095 2074 1388 2128 rursusque
1421 2067 1700 2129 repostum

170 2145 384 2199 Rursus
417 2146 745 2212 etejectum,
779 2147 907 2200 dum
931 2158 1272 2202 sacramenta
1303 2149 1507 2219 petitus

167 2234 383 2309 Allegat
413 2233 644 2299 tumulo,
672 2235 908 2304 positum
934 2236 1236 2290 consistere
1265 2245 1486 2306 praestat

242 2328 418 2381 Invito
451 2343 672 2397 quoque
705 2327 969 2381 dimissus
1009 2329 1242 2399 migrare
1269 2337 1520 2399 patrono,

174 2419 554 2489 Compellente
578 2419 818 2474 dracone
851 2421 995 2475 redit
1022 2421 1162 2475 duce
1193 2422 1344 2475 callis
1364 2422 1557 2492 iniqui.

173 2513 234 2565 Et
266 2528 431 2582 quem
464 2513 746 2566 ductorem
773 2513 1019 2566 tenebris
1050 2521 1288 2568 sectatur
1317 2522 1593 2584 Opertum.

171 2603 386 2656 Exierat
412 2602 587 2657 Patris
613 2604 864 2670 obtentu,
896 2605 1021 2658 dum
1055 2605 1232 2661 cernit
1258 2614 1508 2676 apertum

175 2694 582 2760 lnsidiatorem,
613 2695 749 2764 petit
773 2697 930 2750 hoste
963 2704 1193 2771 urgente
1217 2699 1468 2752 salutem.

250 2783 394 2837 Labe
427 2783 782 2853 elepliantina
807 2802 1034 2854 puerum
1063 2788 1327 2858 sanieque
1363 2788 1624 2843 fluentem

175 2883 496 2947 Advectum,
527 2883 692 2936 celeri
726 2883 883 2953 pulsa
914 2885 1005 2938 dat
1039 2885 1160 2940 tabe
1182 2887 1361 2940 saluti.

244 2974 451 3028 Fenore
475 2975 715 3029 devincti
752 2975 1149 3048 reddendaque
1179 2994 1288 3032 tere
1320 2980 1556 3035 carentis

173 3062 438 3133 Pauperis
469 3063 700 3138 anguori
731 3063 926 3118 solatia
958 3065 1102 3120 ferre
1144 3067 1366 3136 petitus,

178 3155 314 3208 Dum
346 3155 644 3210 miseretur
670 3172 855 3226 opem,
891 3158 1062 3227 patria
1094 3159 1224 3212 dare
1256 3167 1439 3214 mente
1471 3171 1689 3231 paratus

177 3246 450 3311 Pondera,
486 3262 586 3300 nec
610 3256 810 3317 praesto
845 3265 858 3311 ;
892 3247 1147 3319 suffragia
1175 3257 1302 3304 nota
1335 3251 1691 3322 frequentans

179 3335 402 3389 Obtinet
441 3343 660 3389 assueto
699 3336 927 3406 quaesita
959 3339 1272 3406 precamine
1305 3339 1469 3394 dona.

185 3429 416 3497 Insuper
452 3436 616 3498 atque
648 3443 856 3482 moram
884 3438 1206 3498 compensat
1233 3431 1384 3505 larga
1411 3433 1619 3488 datoris

185 3519 436 3584 Dextera,
468 3520 786 3590 pauperiem
812 3520 1084 3584 relevans,
1126 3529 1179 3575 et
1207 3523 1394 3578 debita
1428 3527 1679 3595 pendens
1705 3526 1792 3578 331.

256 3611 468 3665 Attactu
482 3609 908 3684 fugiuntmorbi.
936 3613 1166 3682 depulsa
1198 3616 1405 3670 recedit

187 3703 383 3766 Pestis,
402 3709 456 3756 et
477 3702 597 3772 ipse
629 3702 781 3757 color
801 3704 1030 3759 maculis
1059 3713 1323 3760 vacuatur
1366 3707 1659 3779 ademptis,

184 3793 406 3849 Miratus
433 3795 674 3849 celerem
706 3796 915 3864 stupuit
936 3798 1239 3867 sumpsisse
1271 3799 1564 3864 medelam,

186 3883 355 3954 Inque
385 3899 539 3936 suam
574 3882 806 3936 rediisse
831 3892 1029 3938 cutem.
1065 3886 1158 3939 Cui
1192 3895 1317 3956 pota
1348 3903 1580 3953 venena,

187 3972 395 4026 Pellere
426 3972 555 4026 dum
587 3978 868 4042 nequeunt
896 3973 1157 4038 animam,
1199 3975 1441 4030 candore
1476 3976 1704 4046 pudenti

187 4066 358 4135 Atque
385 4064 551 4134 leprae
575 4063 714 4118 facie
745 4064 1016 4120 fuadarant
1046 4066 1220 4120 lurida
1249 4067 1516 4130 membra,

191 4153 318 4217 Quas
350 4153 522 4208 decus
554 4153 810 4207 amissum
846 4162 1035 4210 sancto
1067 4161 1330 4209 tractante
1353 4166 1658 4212 resumunt.

260 4244 516 4313 Prompta
547 4259 742 4298 manus
773 4242 965 4317 largita
988 4259 1130 4313 penu
1155 4255 1578 4313 consumpserat
1601 4263 1765 4302 omne
1791 4266 1803 4302 :

195 4335 288 4388 Vix
307 4335 416 4390 olei
449 4352 676 4406 parvum
710 4335 883 4391 vitreo
910 4337 1014 4392 sub
1044 4355 1174 4392 vase
1196 4339 1448 4395 relictum

201 4425 400 4480 Usibus
431 4425 651 4480 attribui
686 4426 954 4481 mandans
985 4428 1243 4483 instantis
1269 4430 1452 4497 amici,

192 4513 272 4568 Nil
315 4514 558 4568 retinere
596 4521 770 4585 parat,
805 4516 934 4570 dum
965 4516 1112 4571 czelis
1140 4533 1388 4572 crescere
1414 4528 1587 4574 curat.

193 4605 592 4678 Compertoque
623 4606 1037 4677 pusillanimum
1079 4608 1336 4662 mandata
1362 4609 1672 4664 ministrum

196 4700 427 4773 Prodiga
448 4715 872 4775 transgressum,
907 4703 1165 4772 praecelsa
1191 4704 1339 4757 exire
1364 4703 1601 4760 fenestra

197 4794 447 4866 Praecipit
477 4798 772 4867 ampullam
810 4799 862 4853 in
893 4815 1141 4870 praeceps
1164 4807 1376 4856 tentore
1412 4810 1681 4858 retentam

265 4883 401 4940 Tuta
435 4886 532 4940 sed
557 4887 645 4940 illa
673 4905 839 4943 ruens
863 4889 915 4943 in
938 4906 1063 4944 saxa
1093 4891 1350 4958 iacentia,
1385 4891 1515 4946 sidit
1543 4893 1634 4958 33*,

201 4976 309 5031 Nec
339 4971 581 5047 lapidum
605 4980 775 5034 sentit
805 4979 1016 5054 fragilis
1041 4988 1234 5035 natura
1264 4982 1523 5056 rigorem,

202 5064 309 5120 Nec
337 5067 543 5136 patitur
563 5083 799 5142 vergens
829 5070 1112 5125 commissi
1138 5070 1338 5125 damna
1369 5071 1615 5143 liquoris.

203 5155 328 5218 Quae
353 5156 518 5212 simul
547 5156 774 5212 effertur
806 5159 1034 5215 nullaesa
1059 5160 1128 5192 ³³³
1158 5160 1338 5214 levata
1371 5163 1606 5231 petenti,

1809 424 1856 487 Α
1887 419 2251 490 Arguitnrque
2287 433 2468 486 tenax,
2500 424 2742 494 reliquos
2763 425 3031 478 solamina
3065 425 3304 496 placant.

1886 509 2094 563 Fenora
2114 518 2406 565 sumuntur
2434 529 2633 582 supera
2657 514 2854 569 virtute
2886 515 3130 585 profusa,

1885 599 2048 652 Oratu
2089 616 2319 654 vacuum
2355 600 2526 655 Patris
2557 611 2609 656 et
2639 603 2843 672 pietate
2871 606 3114 675 repletur

1886 691 2119 754 Delium,
2157 699 2210 744 et
2240 693 2526 746 exundans
2563 695 2813 748 cwlestia
2854 712 3082 750 munera
3123 697 3323 766 fundit,

1962 781 2066 833 Nec
2093 787 2303 833 tantum
2331 781 2587 850 precibus
2608 782 2785 836 solitis
2817 791 2921 836 tam
2956 785 3093 838 mira
3125 795 3357 856 patrare,

1891 873 2030 936 Quin
2054 874 2170 927 solo
2205 874 2354 928 visus
2378 891 2777 946 nonnunquam
2814 893 3065 947 promere
3090 885 3241 932 nutu.

1893 966 1948 1018 Id
1979 966 2192 1036 capitur
2222 968 2493 1021 monacho
2532 968 2772 1022 simulati
2806 968 2997 1024 fraude
3029 971 3254 1026 subacto

1893 1055 1995 1108 Mul
2028 1055 2228 1109 medici
2253 1057 2398 1122 (203)
2420 1055 2931 1128 plausuquemanns
2959 1059 3226 1130 alapaque
3258 1070 3496 1131 recepto.

1965 1148 2217 1201 Rusticus
2248 1148 2340 1200 ille
2382 1148 2542 1201 etiam
2567 1149 2699 1203 loris
2733 1152 2953 1204 tortoris
2985 1152 3211 1206 adactus

1895 1241 2123 1306 Iudicat,
2154 1241 2386 1295 intuitus
2407 1243 2524 1297 sola
2542 1242 2744 1296 virtute
2772 1243 3006 1298 solutus.

1896 1329 1956 1383 Et
1987 1330 2120 1383 Geta
2145 1329 2213 1362 ³³⁸
2245 1346 2658 1395 mansuescens,
2705 1331 3032 1404 animosque
3062 1334 3337 1389 adstratus
3359 1338 3505 1404 {omit

3273 1428 3433 1500 [tens.

1966 1514 2188 1566 Exstant
2211 1520 2265 1567 et
2304 1513 2539 1584 supplici
2572 1515 2829 1584 praeclara
2849 1516 3166 1585 precamine
3196 1526 3371 1590 gesta,

1895 1603 2146 1657 Ruricola
2173 1611 2230 1657 ut
2259 1605 2368 1658 nati
2401 1605 2678 1675 quondam
2710 1606 3027 1662 miserabile
3060 1607 3222 1662 funus

1894 1693 2196 1746 Advectans
2222 1692 2390 1758 ulnis,
2419 1691 2704 1747 effundere
2737 1701 2860 1749 vota
2887 1695 3067 1765 coegit

1895 1779 2203 1848 Improbus,
2233 1780 2582 1853 ingeminans
2613 1788 2667 1835 et
2698 1790 2912 1853 raptum
2938 1791 3114 1838 morte
3141 1801 3434 1856 reposcens

1895 1871 2026 1924 Dum
2058 1869 2295 1942 genibus
2328 1870 2479 1924 flexis
2511 1872 2745 1925 animam
2778 1873 2991 1928 obtinet
3023 1873 3115 1928 ille
3157 1883 3398 1945 precatu,

1895 1965 2056 2037 Ignea
2089 1973 2401 2020 restaurans
2428 1966 2628 2040 gelidis
2648 1968 2905 2022 alimenta
2933 1969 3210 2024 medullis.

1966 2056 2208 2110 Vincitur
2237 2062 2289 2110 at
2321 2059 2599 2128 quondam
2632 2067 2771 2113 nutu
2798 2060 3016 2130 pietatis
3038 2062 3248 2125 amicae,

1894 2147 2284 2218 Excelluntque
2315 2147 2419 2217 piae
2452 2149 2702 2202 rcnuenti
2736 2157 2858 2204 vota
2897 2151 3104 2205 sororis
3124 2151 3192 2185 ³³⁵

1891 2235 2138 2289 Tendere
2169 2244 2330 2290 nocte
2362 2252 2542 2290 moras
2570 2236 2718 2292 fratri
2754 2238 2995 2294 sitientis
3026 2239 3094 2293 ab
3127 2256 3222 2294 ore

1893 2323 2151 2378 Melliﬂuo
2171 2340 2385 2393 superae
2414 2325 2599 2379 satiari
2628 2334 2846 2382 nectare
2875 2329 3020 2382 vitae.

1892 2414 2018 2476 Quae
2046 2414 2302 2483 precibus
2332 2415 2528 2468 coelum
2559 2415 2873 2479 olmubens,
2901 2416 3073 2486 liquat
3101 2433 3228 2471 aera
3279 2418 3503 2483 nimbis,

1894 2506 2162 2559 Murmure
2193 2507 2346 2580 virgo
2388 2516 2539 2561 tonat
2567 2507 2754 2573 tacito,
2789 2507 3147 2579 lacrymisque
3177 2517 3365 2563 coacta

1899 2603 2093 2657 Nubila
2127 2603 2497 2670 condensans,
2530 2602 2746 2658 diffudit
2774 2604 2997 2659 fletibus
3029 2605 3254 2659 imbres.

1897 2695 2242 2764 Tempestate
2272 2699 2454 2771 fugam
2484 2696 2627 2750 sistit
2648 2694 2967 2762 famulante,
2997 2705 3239 2751 moratur

1900 2787 1960 2841 Et
1987 2794 2135 2842 tenet
2164 2787 2391 2842 invitum
2421 2787 2560 2840 coelo
2592 2787 2928 2842 Scholastica
2959 2786 3202 2852 fratrem,

1898 2877 2073 2946 Atque
2103 2875 2409 2946 triumphat
2437 2891 2606 2930 ovans
2634 2891 2887 2949 magnam
2911 2875 3230 2930 sibicedere
3249 2878 3512 2946 praedam.

1897 2963 2199 3034 Solatuque
2229 2964 2427 3018 animae
2456 2963 2692 3038 vigilatae
2733 2971 2890 3019 nocte
2913 2964 3088 3035 potita

1897 3054 2042 3109 Laeta
2065 3056 2223 3120 redit,
2247 3055 2609 3129 gaudensque
2636 3057 2760 3127 polo
2791 3057 3071 3112 terrestria
3093 3063 3289 3124 mutat,

1859 3142 1875 3164 ‘
1900 3142 2075 3197 C(BIOS
2115 3144 2261 3197 celsa
2292 3151 2489 3213 petens
2525 3162 2536 3197 :
2571 3161 2732 3215 quam
2765 3143 2904 3198 fixus
2937 3145 2989 3198 in
3017 3145 3223 3200 aathere
3256 3146 3427 3201 frater

1899 3237 2110 3290 Siderei
2145 3237 2319 3292 cernit
2349 3237 2479 3290 dum
2507 3238 2766 3291 culminis
2790 3237 2899 3292 alta
2931 3246 3232 3307 petentem,

1896 3330 2071 3399 Atque
2099 3329 2418 3382 columbino
2459 3336 2813 3398 superantem
2845 3329 3029 3384 sidera
3058 3331 3181 3383 nisu
3213 3350 3230 3394 ;

1900 3420 2265 3493 Congaudens
2303 3419 2444 3489 apici
2470 3419 2559 3484 ³³⁵,
2590 3427 2773 3494 grates
2804 3420 3126 3490 dependere
3155 3421 3342 3493 dignis

1902 3519 2146 3572 Decertat
2187 3517 2441 3576 modulis.
2475 3516 2687 3572 Christo
2707 3519 2985 3586 praeconia
3017 3534 3267 3590 pangens

1901 3607 2112 3680 Dirigit,
2137 3615 2192 3662 et
2223 3622 2486 3661 revocans
2519 3606 2715 3678 recipit
2741 3607 2969 3661 socialia
3002 3608 3271 3673 membra,

1908 3699 2146 3769 Quaeque
2164 3697 2454 3769 sepulcrali
2481 3705 2634 3768 parto
2663 3697 2765 3751 sibi
2789 3698 2977 3751 condit
3001 3698 3212 3754 honore
3238 3717 3252 3753 :

1899 3789 2161 3863 Jungeret
2190 3797 2249 3844 ut
2271 3789 2534 3855 tumulus,
2562 3789 2686 3842 caeli
2719 3802 2858 3858 quos
2883 3787 3141 3855 junxerat
3169 3798 3336 3844 aestus
3357 3791 3446 3858 ³³⁷,
3477 3801 3480 3805 ·

1971 3886 2081 3940 Nec
2112 3885 2422 3940 mirandum
2455 3885 2593 3940 adeo
2620 3885 2950 3940 subeuntem
2983 3901 3151 3957 regna
3172 3902 3414 3956 superna

1907 3975 2228 4030 Germanam
2259 3974 2461 4029 vidisse
2501 3974 2762 4041 animam,
2795 3974 2881 4029 cui
2913 3973 3119 4029 fabrica
3152 3975 3341 4028 mundi

1908 4068 2110 4122 Cuncta
2131 4067 2305 4122 oculis
2337 4067 2582 4134 subjecta
2602 4074 2769 4137 patet,
2804 4066 3050 4121 radiante
3077 4081 3306 4120 corusco

1906 4157 2176 4212 .‘Ethereae
2199 4157 2358 4222 lucis,
2387 4163 2532 4211 totus
2561 4173 2670 4228 qua
2691 4158 2930 4210 cernitur
2967 4157 3136 4222 orbis,

1911 4253 2075 4326 Ignea
2097 4252 2426 4306 Germanum
2453 4252 2714 4305 comitatu
2754 4250 2937 4305 caelite
2971 4251 3162 4306 fultum

1910 4342 2136 4411 Sphazra
2161 4340 2441 4402 renitenti,
2471 4356 2578 4410 qua
2609 4340 2726 4393 visa
2758 4339 2963 4393 inferre
2999 4340 3185 4395 decori
3218 4340 3302 4392 ³³³.

1911 4432 2086 4487 Currit
2114 4433 2182 4486 ad
2211 4432 2468 4486 intuitum
2491 4433 2716 4494 accitus.
2760 4437 3084 4503 partemque
3113 4431 3309 4486 diacon

1922 4520 2240 4576 Servandus
2266 4520 2406 4574 radii
2436 4520 2576 4592 rapit
2606 4521 2671 4574 ad
2708 4520 2967 4574 miracula
2999 4520 3170 4576 testis.

1993 4618 2195 4672 Caetera
2219 4622 2376 4690 gesta
2402 4615 2576 4670 Patris
2602 4613 2862 4669 sectanda
2892 4614 3112 4668 silentia
3143 4613 3301 4668 nobis

1919 4707 2289 4778 Suppressere
2319 4705 2477 4760 ducis
2505 4705 2594 4772 33°,
2655 4704 2994 4776 reliquorum
3047 4703 3192 4758 bella
3220 4703 3289 4737 ³⁸0
3325 4710 3526 4774 peten-

3352 4797 3458 4866 [tis.

1918 4887 2181 4959 Dogmata
2213 4900 2322 4957 quo
2354 4884 2525 4959 viguit
2552 4903 2565 4951 ;
2591 4885 2989 4940 monachorum
3031 4885 3216 4959 regula
3247 4886 3456 4958 pangit.

1919 4982 2015 5035 Cui
2045 4983 2292 5051 praescita
2311 4982 2430 5036 dies
2450 4983 2655 5047 obitus,
2688 4983 2794 5038 hoc
2821 4997 3046 5036 munere
3079 4982 3298 5055 dignus.

1928 5073 2146 5129 Prodita
2177 5075 2461 5144 discipulis
2495 5077 2614 5146 ipso
2649 5080 2928 5148 retegente
2948 5073 3178 5143 patescit

1925 5164 2101 5220 Strata
2126 5167 2327 5222 decore
2355 5168 2466 5237 via,
2506 5166 2817 5238 SpIendOI’IS
2846 5166 3054 5222 honore
3085 5171 3354 5220 coruscat.

1273 5266 1538 5321 GLOSSJE
1600 5267 2020 5324 MARGINALES
2061 5271 2468 5340 MARILLONII,

272 5361 342 5395 33°
412 5365 752 5420 monasterio
799 5365 1200 5421 Terracinensi.
1263 5366 1328 5400 ³³¹
1398 5366 1639 5431 solvens,
1705 5368 1773 5401 ³³³
1835 5371 2041 5424 resedit
2098 5371 2167 5404 ³³³
2234 5372 2550 5426 nullatenus
2615 5373 2743 5428 laesa
2807 5373 2875 5407 33‘
2941 5372 3166 5428 Gothus.
3207 5370 3275 5405 ³³⁵
3314 5368 3538 5425 Schola-

202 5432 372 5487 πείθω.
409 5432 480 5467 ³³⁸
519 5434 715 5490 honori
747 5437 979 5492 sororis.
1011 5437 1080 5471 ³³⁷
1113 5452 1283 5492 amor.
1314 5437 1382 5471 ⁸³⁸
1409 5437 1615 5510 gloriae.
1653 5437 1721 5473 339
1753 5441 1763 5489 t

1894 5440 2020 5494 ‘orii.
2048 5440 2118 5474 διο
2149 5457 2358 5514 agones

517 5833 819 5893 PATROL.
875 5832 1208 5894 CXXXV.

1791 5537 1981 5592 NOT/E

286 5627 822 5706 t20_3)_ﬂinc_liq_uido
849 5633 1209 5706 confirmatur
1230 5635 1418 5700 lectio,
1443 5651 1605 5706 quam
1633 5637 1688 5690 in
1721 5637 1852 5691 Vitae

215 5700 388 5754 sancti
419 5700 726 5768 Benedicti,
748 5705 926 5775 capite
950 5704 1039 5771 30,
1059 5706 1426 5770 assentimus,
1455 5700 1651 5775 nempe
1672 5711 1844 5761 mulo-

1966 5640 2163 5694 medz'ci
2176 5653 2364 5693 vocem
2396 5643 2761 5709 compositam
2787 5660 2930 5708 esse,
2964 5661 3074 5700 non
3105 5646 3158 5700 in
3192 5645 3327 5700 duas
3357 5638 3547 5698 dictio-

1957 5727 2055 5764 nes
2085 5710 2528 5782 distinguendam

3179 5855 3258 5916 27
