3972 6208
443 329 551 387 843
1205 316 1570 372 FLODOARDI
1611 312 1912 368 CANONICI
1958 311 2283 367 REMENSIS
2322 310 2661 366 OPUSCUIA
2702 307 3017 363 METRICA.
3681 306 3791 360 844

442 457 719 512 Scandere
756 455 1093 507 monstratur
1118 462 1228 518 qua
1244 444 1437 501 coelica
1463 441 1703 498 culmina
1730 440 1915 510 justus
2084 446 2135 513 Α
2159 443 2372 514 Quique
2403 443 2536 514 tegit
2574 440 2827 505 famulos,
2860 439 3106 494 obcaecat
3130 452 3315 491 amara
3346 435 3674 502 frementes,

446 548 650 603 Emicat
678 545 833 600 Clalis
860 540 1137 603 manibus»
1165 537 1447 607 sacrisque
1479 534 1711 596 (libatus.
2162 533 2239 588 Ne
2268 547 2448 585 coram
2481 529 2687 601 positos
2718 529 2934 582 valeant
2953 534 3204 597 spectare
3240 526 3441 595 petitos
3470 526 3558 579 ³⁵³.

445 640 685 693 Tradens
716 645 1019 691 extremum
1046 648 1143 701 per
1164 629 1327 684 verba
1358 627 1638 699 precantia
1671 625 1881 690 ﬂatum,
1970 674 1977 675 κ
2166 623 2380 692 Raptim
2410 620 2547 674 ferre
2572 620 2730 688 jubet
2759 635 2922 693 gazas
2953 634 3072 671 sese
3102 618 3326 687 auspice
3361 623 3632 687 sumptas,

448 730 689 800 Inclytus
718 726 837 782 aede
871 739 1095 796 precum
1125 721 1360 776 tendens
1387 720 1455 774 ad
1485 719 1688 788 templa
1718 716 1991 787 polorum.
2168 711 2375 781 Datque
2396 710 2583 763 videre
2614 710 2849 772 hostem,
2878 722 2979 760 nec
3012 721 3176 776 posse
3205 705 3447 759 viderier
3479 706 3655 760 hoste.

523 797 755 891 Pignera
780 813 1014 869 delubro
1046 811 1172 865 data
1200 823 1311 881 quo
1340 806 1603 878 depulsus
1633 804 1845 875 Apollo,
2171 805 2403 859 Numine
2434 803 2513 858 sic
2554 803 2675 869 tuti,
2705 801 2902 857 tollunt
2927 800 3053 855 data
3082 799 3305 870 praemia
3334 797 3465 864 laeti,

454 888 744 984 Egregium
773 902 977 961 celebri
1005 908 1268 974 promunt
1296 900 1501 954 victore
1530 895 1891 966 triumphum.
2170 892 2450 948 Praadictis
2478 908 2600 963 quae
2627 898 2781 962 rapta
2813 891 2920 944 Deo
2937 896 3200 944 censente
3226 888 3401 942 ruinis

453 977 581 1063 Qua:
596 977 845 1051 monitus
870 990 1133 1048 transfert
1158 986 1354 1062 Aigulfi
1380 985 1711 1041 Mummolus
1738 990 1862 1038 actu
2171 984 2390 1039 Prodita
2417 981 2771 1053 resplendent
2792 980 3031 1046 Francis,
3054 979 3214 1033 simul
3242 996 3367 1034 ossa
3396 977 3626 1043 sororis,

458 1090 564 1144 Hac
590 1089 659 1144 de
687 1105 746 1142 re
773 1085 951 1151 missi,
984 1098 1199 1155 superae
1230 1080 1325 1152 qui
1356 1078 1496 1134 lucis
1514 1079 1784 1133 honorem
2170 1075 2447 1129 Gallorum
2477 1072 2684 1127 crebris
2713 1071 2881 1126 urbes
2906 1068 3224 1124 decorantia
3244 1068 3436 1143 signis.

457 1180 592 1235 Dum
609 1191 830 1232 servare
857 1174 1019 1239 0319‘,
1054 1187 1157 1243 Per
1186 1184 1360 1240 Opaca
1385 1165 1606 1221 Silentia
1646 1162 1825 1218 ηοαῑίε
2248 1168 2311 1221 At
2337 1168 2457 1222 loca
2483 1164 2627 1219 culta
2649 1163 2805 1217 Pater
2819 1159 2967 1214 haud
2994 1158 3305 1213 deseruisse
3338 1158 3578 1222 videtur,

462 1275 685 1330 Munera
711 1270 1074 1342 consequitur
1102 1267 1268 1339 longo
1299 1263 1533 1336 quaesita
1561 1261 1774 1316 labore.
2179 1260 2350 1314 Immo
2374 1261 2593 1327 rogatus
2622 1252 2797 1315 adest,
2828 1249 2968 1304 ultro
2998 1263 3219 1320 quoque
3240 1246 3464 1319 praemia
3494 1244 3730 1300 confert.

463 1363 655 1434 Eripit,
687 1334 1403 1432 attollit,'germanaquei3“
1436 1351 1666 1426 pignera
1690 1347 1899 1420 junctis
2180 1348 2308 1412 Qua:
2339 1344 2618 1416 lymphata
2646 1341 2782 1393 ³⁸³...
2825 1337 3104 1408 saltusque
3132 1346 3186 1390 et
3225 1336 3386 1389 devia
3416 1334 3658 1388 lustrans

465 1422 835 1527 Complicibus
864 1422 1095 1517 confert,
1125 1422 1292 1505 sim—ul
1327 1422 1531 1502 haecad
1559 1444 1748 1500 munia
1778 1444 1906 1497 divo
2186 1436 2417 1506 Experta
2446 1441 2531 1487 est
2564 1428 2782 1493 mulier,
2814 1425 3002 1497 spelzei
3036 1424 3286 1498 ingressa
3313 1422 3504 1477 cubile

466 1519 651 1622 Legati
673 1550 829 1619 jussu
860 1552 1176 1619 properant.
1212 1550 1267 1598 et
1295 1542 1366 1597 ad
1388 1540 1589 1596 extima
1621 1538 1855 1593 tendunt
2188 1531 2365 1585 Prima
2399 1527 2519 1582 viro
2552 1522 2791 1622 tirocinii
2823 1519 3201 1622 quo'exercitia
3234 1519 3427 1622 luctui:

465 1608 719 1697 Αυξοηίξε
735 1608 876 1707 3013;
905 1608 1037 1693 διίηι
1078 1652 1235 1708 papa,
1259 1649 1519 1690 revocare
1536 1631 1685 1687 suasi
2190 1618 2327 1671 Dum
2357 1616 2500 1688 sapit
2521 1610 2835 1687 egrediens,
2869 1608 3037 1663 animi
3067 1616 3120 1664 et
3146 1608 3274 1663 data
3331 1608 3528 1663 robora
3559 1620 3806 1667 servans,

465 1733 754 1789 Sectantur
789 1699 953 1787 cunei
978 1699 1191 1785 Christo
1222 1726 1365 1782 duce
1391 1732 1545 1796 rapta
1576 1723 1803 1778 talenta.
2194 1708 2429 1764 Pristina
2467 1723 2571 1763 nec
2601 1707 2742 1762 laesae
2771 1703 2966 1777 retegit
2997 1701 3316 1757 discrimina
3348 1699 3569 1753 mentis.

1978 1848 2188 1905 CAPUT
2231 1846 2296 1901 ιχ

1736 1959 1812 2018 De
1836 1963 2040 2016 sancto
2072 1948 2335 2012 Paulino
2372 1944 2565 2024 i204).

480 2115 767 2171 Immensae
798 2108 1024 2183 pietatis
1052 2122 1191 2180 Opus
1220 2120 1330 2179 qua
1357 2103 1521 2160 laude
1538 2100 1780 2158 feremus
2126 2098 2176 2166 Β
2205 2089 2476 2146 Gramiuis
2503 2087 2756 2157 injuncti,
2790 2098 3105 2155 saavumque
3124 2082 3377 2138 amittere
3404 2079 3604 2134 vcrber

476 2204 687 2261 Paulini
721 2172 821 2275 per
841 2216 1016 2273 prona
1040 2172 1136 2254 Dei
1164 2172 1396 2271 vestigia
1426 2193 1648 2258 Christi,
2200 2182 2417 2238 Judicio
2447 2180 2590 2235 servi
2634 2179 2986 2233 dominorum
3022 2181 3239 2245 sceptra
3271 2172 3534 2246 regentis.

474 2268 1006 2359 Tramite-vix-trito,
1033 2300 1088 2347 at
1113 2289 1253 2346 mira
1275 2268 1477 2345 virtute
1509 2285 1708 2349 secuti,
2205 2277 2442 2352 Erigitur
2472 2274 2681 2341 rastris,
2710 2272 2875 2329 cultis
2906 2270 3199 2326 abducitur
3227 2268 3420 2330 hortis,

477 2390 743 2463 Dogmate
775 2382 1052 2456 fulgentis,
1076 2386 1268 2437 contra
1294 2377 1506 2434 hostica
1533 2376 1641 2430 tela
1668 2370 1957 2445 vigentis?
2203 2366 2445 2439 Regibus
2462 2364 2746 2424 excolitur,
2785 2360 3021 2415 famulus
3049 2359 3181 2412 dare
3213 2365 3335 2412 vota
3370 2359 3605 2428 rogatur.

477 2456 741 2550 Princeps
770 2476 1026 2531 Ecclesiae
1054 2473 1236 2528 viduae
1263 2487 1324 2527 se
1364 2468 1573 2525 addicit
1611 2482 1802 2540 egena?
1834 2481 1847 2518 :
2203 2457 2297 2513 lllc
2336 2456 2696 2511 animasauro
2724 2467 3075 2525 praeponens,
3107 2465 3205 2521 pro
3235 2464 3406 2523 grege
3432 2456 3594 2518 capto

478 2538 901 2638 Servus'sponte
931 2564 1113 2627 datus,
1148 2568 1316 2633 ponat
1343 2574 1454 2630 quo
1500 2538 1719 2613 vincula
1750 2567 1942 2607 servus
1972 2569 1989 2616 ;
2203 2550 2382 2606 Poscit
2409 2568 2424 2617 ;
2468 2549 2781 2603 adnuantur
2807 2544 3064 2615 dispersi,
3102 2556 3442 2611 manereque
3465 2538 3609 2593 aucti

479 2656 625 2713 Colla
655 2628 783 2730 iugo
815 2660 1049 2725 pressat,
1082 2628 1229 2705 servi
1262 2628 1378 2720 quo
1401 2646 1541 2702 calla
1582 2642 1857 2706 resolvat;
2201 2640 2486 2695 Mittuntur
2512 2638 2673 2710 patri,
2704 2650 2981 2706 navesque
3012 2633 3292 2703 dapesque
3324 2628 3577 2684 feruntur
3611 2644 3626 2691 ;

480 2728 765 2818 Captivum
796 2744 942 2816 legat
957 2756 1039 2806 se,
1070 2744 1129 2793 ut
1156 2744 1378 2808 captum
1397 2733 1585 2805 praedo
1617 2730 1855 2785 remittat
1885 2746 1901 2791 ;
2204 2737 2559 2808 Stipatusque
2590 2734 2775 2790 ovium
2804 2733 2963 2787 laetus
2992 2730 3133 2784 redit
3159 2728 3379 2803 agmine
3405 2732 3590 2798 pastor

483 2836 734 2891 Servitiis
762 2834 929 2888 instat
952 2846 1166 2904 regum,
1197 2827 1296 2882 sed
1322 2825 1571 2899 regmina
1593 2822 1756 2877 librat
1785 2838 1800 2887 ;
2207 2826 2269 2880 Ει
2297 2825 2391 2897 qui
2426 2839 2522 2896 pro
2550 2822 2757 2877 famulo
2784 2837 2907 2876 sese
2928 2818 3241 2887 subjecerai
3262 2831 3398 2883 uno,

482 2926 780 2997 Subjicitur
808 2924 1065 2989 Domino,
1093 2922 1191 2977 sed
1220 2926 1441 2992 praestat
1456 2918 1666 2973 honore
1687 2923 1918 2987 tyranno
1951 2932 1967 2981 ;
2207 2916 2464 2971 Pluribus
2501 2914 2729 2985 ereptis,
2761 2912 2902 2967 liber
2929 2927 3053 2967 cum
3085 2909 3248 2981 plebe
3279 2907 3539 2978 remigret
3564 2922 3577 2958 :

486 3018 738 3075 Culmina
766 3014 1037 3087 disponit,
1068 3013 1378 3078 famulatur,
1404 3017 1460 3066 et
1483 3009 1716 3080 imperat
1742 3007 1889 3063 idem
1925 3025 1941 3074 ;
2205 3008 2438 3063 Scrvitio
2470 3008 2673 3062 multos
2693 3006 2974 3061 redimens
3000 3003 3148 3076 quod
3189 3002 3400 3074 legerat
3427 3014 3591 3054 unus.

486 3110 774 3164 llortorum
812 3105 1011 3169 cultor,
1042 3117 1230 3176 regum
1263 3100 1425 3155 datur
1461 3097 1656 3153 ordine
1686 3103 1887 3160 rector,
2206 3097 2372 3166 Cujus
2402 3094 2689 3151 miriﬁcam
2723 3095 2913 3150 divino
2946 3093 3152 3149 lumine
3183 3092 3346 3146 vitam

488 3198 837 3269 Nutritorqne
869 3195 1082 3251 olerum
1114 3198 1304 3249 censet
1335 3188 1714 3246 moderamina
1743 3202 1957 3263 regum,
2204 3192 2345 3247 Mors
2374 3191 2614 3263 pretiosa
2632 3189 2848 3262 probat,
2881 3187 3220 3260 trepidaeque
3248 3184 3480 3241 vibratio
3506 3182 3681 3247 cellae,

489 3293 818 3366 lmperitaus
851 3289 1077 3364 populis
1104 3287 1252 3344 ﬂecti
1277 3302 1337 3343 se
1362 3286 1535 3343 altore
1566 3285 1764 3340 tuetur'
2203 3280 2362 3335 Mella
2391 3279 2662 3336 recessuri
2702 3278 2864 3334 labiis
2892 3277 3111 3333 admota
3135 3273 3383 3332 Joannis.

1994 3398 2203 3454 CAPUT
2251 3398 2313 3454 Χ.

1738 3501 1816 3562 De.
1850 3508 2057 3562 sancto
2082 3500 2254 3561 Datio
2290 3500 2581 3578 episcopo.

492 3645 920 3703 Mediolauensis
937 3644 1123 3700 Datius
1150 3657 1261 3715 quo
1289 3641 1486 3696 robore
1516 3638 1689 3694 fultus
2136 3651 2185 3717 (ξ
2216 3636 2403 3694 Hostia
2426 3637 2549 3694 viva
2579 3638 2688 3693 Deo
2715 3652 2925 3692 sacram
2954 3641 3266 3692 mactantur
3292 3632 3360 3690 ad
3390 3650 3538 3689 aram
3570 3650 3586 3698 ;

493 3737 698 3794 Enituit
725 3736 854 3792 fidei
884 3736 1056 3791 sensit
1080 3734 1268 3809 gavisa
1298 3731 1613 3797 Corinthus,
2210 3731 2322 3786 Nec
2348 3745 2536 3786 cassus
2566 3729 2723 3785 labor
2750 3727 3021 3784 almicola:
3048 3728 3268 3783 seniore
3297 3725 3562 3799 probatur

495 3828 755 3882 Flaminis
774 3826 1005 3897 expulsu
1034 3822 1252 3895 queruli
1298 3818 1615 3889 laribusque
1644 3816 1881 3888 receptis
2210 3819 2403 3875 Attrito
2430 3818 2628 3874 moniti
2659 3817 2908 3891 requiem
2939 3815 3161 3872 differre
3190 3815 3471 3892 gerendis,

496 3914 771 3972 Damonis
802 3911 1026 3968 immani
1056 3910 1262 3965 dudum
1294 3907 1509 3962 feritate
1542 3905 1771 3960 retentis
2211 3911 2348 3966 Dum
2378 3910 2485 3966 sibi
2513 3909 2819 3981 apostolico
2847 3909 3006 3965 reddi
3035 3926 3133 3964 sua
3164 3908 3388 3980 prmmia
3417 3906 3559 3963 festo

497 4003 739 4076 Hospitis
768 4002 837 4057 ad
868 4006 1064 4056 nutum
1103 3997 1223 4052 dira
1253 3995 1604 4068 improbitate
1622 3995 1859 4066 repulsa.
2213 4002 2504 4074 Accipiens
2524 4009 2735 4073 septem
2778 4002 2960 4073 palma
2991 4000 3193 4056 dilatus
3215 4000 3270 4055 in
3300 4015 3497 4064 annos,

501 4095 730 4152 Lumine
757 4109 868 4166 quo
902 4091 1107 4148 mentis
1134 4089 1329 4164 viguit,
1359 4105 1469 4160 qua
1491 4088 1612 4143 lucc
1648 4086 1860 4141 refulsit
2215 4090 2509 4147 Sacriﬁcus
2537 4091 2759 4147 tandem
2789 4088 2954 4145 celsis
2979 4089 3140 4145 datus
3168 4088 3368 4143 emicat
3395 4086 3575 4142 astris.

500 4188 724 4243 Canitiae
754 4184 1042 4241 Canusina!
1062 4182 1175 4252 jam
1199 4181 1410 4237 lacteus
1434 4178 1578 4245 urbi,

2215 4184 2474 4240 Andraaas
2494 4185 2618 4241 vitae
2641 4183 2938 4239 Fundanus
2958 4181 3257 4254 episcOpus
3277 4181 3433 4236 almae

498 4282 698 4338 Fronte
728 4279 955 4353 quidem
987 4293 1185 4346 caecus,
1218 4276 1416 4331 rutilus
1442 4274 1540 4329 sed
1562 4272 1730 4329 corde
1760 4271 2020 4340 Sabinus,
2220 4275 2453 4331 Lubrica
2473 4275 2737 4331 correctis
2752 4281 3120 4331 correctorem
3136 4279 3250 4328 atra
3280 4279 3551 4337 secutum,

497 4372 790 4428 Barbarico
814 4371 983 4427 claret
998 4368 1168 4425 Totila
1182 4374 1428 4423 tentante
1450 4365 1719 4421 ministro.
2214 4365 2503 4436 Tetrisque
2521 4364 2844 4419 instructum
2863 4361 3233 4419 monitoribus
3249 4359 3416 4432 eripit
3441 4359 3577 4414 atris

498 4467 632 4522 Dum
662 4464 817 4520 necis
832 4463 1088 4539 gerulum
1121 4462 1267 4516 letho
1287 4475 1604 4534 cogensque
1638 4457 2009 4529 inhibensque
2217 4461 2468 4515 Amotum
2482 4459 2744 4526 dominis,
2776 4459 3115 4530 laqueosque
3131 4474 3327 4513 cavere
3352 4461 3674 4512 monentem

500 4558 721 4615 Prodita
748 4556 987 4613 lethiferi
1015 4555 1283 4610 damnans
1308 4553 1528 4608 aconita
1556 4552 1761 4608 decore
2216 4548 2642 4621 Evellitlaqueis
2670 4566 2687 4614 ;
2723 4547 3074 4620 paradisique
3114 4546 3316 4618 inclyta
3346 4546 3548 4602 cedrus

501 4654 693 4709 Pressa
720 4652 898 4709 crucis
918 4658 1090 4724 potat,
1122 4656 1407 4720 stratoque
1430 4648 1619 4703 datore
1650 4645 1967 4717 triumphat.
2214 4640 2482 4697 Tartareis
2511 4640 2770 4697 conculsa
2799 4639 2962 4706 dolis,
2993 4639 3123 4694 dum
3154 4644 3348 4705 mutat,
3379 4646 3434 4693 et
3458 4638 3671 4703 haeret;

505 4742 676 4807 Quam
706 4741 892 4797 rutilet
912 4739 1106 4795 Narnis
1133 4736 1451 4793 venerando
1483 4733 1704 4790 Cassius
1731 4750 1850 4801 ore,
2217 4729 2424 4785 Aiterni
2455 4728 2698 4785 nemoris
2714 4727 2974 4784 frondosa
2993 4728 3279 4784 cacumina
3306 4725 3503 4782 ﬁrmat.

503 4832 827 4889 Praemissus
850 4831 1000 4887 videt
1022 4829 1318 4901 experiens
1346 4843 1439 4883 rex
1469 4826 1696 4895 crudus,
1736 4826 1941 4882 omisso
2219 4822 2349 4887 Quae
2378 4828 2533 4878 vates
2560 4820 2807 4877 moriens
2836 4818 3187 4875 Constantius
3216 4833 3375 4874 orsus
3404 4817 3621 4889 Aquina

500 4926 806 5002 Armigero,
836 4924 1146 4997 meritoque
1162 4922 1264 4977 viri
1295 4928 1591 4993 praestante
1631 4929 1856 4992 recepto
1886 4937 1901 4975 :
2139 4961 2199 5030 D
2221 4914 2485 4969 luclamat
2504 4912 2811 4981 toleranda,
2840 4918 3035 4968 notant
3062 4919 3187 4982 post
3215 4909 3386 4966 mulio
3417 4908 3574 4975 fullo,

501 5018 530 5030 ιι.
989 5015 1001 5027 .
1130 5014 1184 5030 μ.
1377 5029 1385 5030 ,
1404 5019 1416 5030 .
1468 5029 1473 5030 ,
1510 5013 1524 5030 ι
1543 5029 1551 5030 ,
1570 5029 1579 5030 ,
1599 5029 1613 5030 γ
1633 5029 1640 5030 ,
1700 5013 1736 5030 1·
1754 5029 1762 5030 ,
1780 5013 1801 5030 ι
1840 5028 1877 5030 ,_
2225 5002 2504 5030 D--_:..:..
2536 5010 2700 5030 ..ιι-..η
2729 5000 2866 5030 ιιι-ηιξ
2887 5000 3181 5030 "LL-mann
3212 4999 3424 5030 nonnl:n
3448 4997 3574 5030 ant".

498 4997 788 5075 Sacrorum
818 5015 1035 5073 arcanis
1062 5014 1256 5071 solitus
1288 5019 1423 5086 quot
1458 5013 1902 5083 adesse,diebus,
2139 4997 2199 5030 υ
2221 5002 2507 5078 [tegminis
2534 5010 2701 5075 atque
2729 5000 2870 5057 sacri
2887 5000 3182 5071 viduaeque
3212 4999 3424 5056 vacatio
3447 4997 3618 5053 sedis.

501 5107 683 5181 Seque
708 5106 855 5163 inter
883 5104 1137 5179 lacrymis
1165 5110 1377 5160 secreta
1395 5102 1553 5160 litare
1574 5101 1840 5176 profusis,

1571 5242 1841 5301 GLOSSE
1898 5241 2320 5300 MARGINALES
2359 5241 2764 5301 MABILLONII.

575 5378 643 5415 ⁸⁴¹
684 5377 913 5435 sororis.
948 5377 1018 5414 3“
1048 5377 1347 5452 appetitos,
1375 5375 1445 5414 “3
1470 5379 1518 5446 f.
1547 5377 1663 5433 diu.

2076 5471 2119 5528 Ν
2123 5472 2283 5529 ΟΤΑΞ.

505 5600 817 5741 “(gain
845 5599 949 5654 hoc
978 5608 1033 5655 et
1083 5598 1209 5655 aliis
1235 5600 1292 5655 in
1334 5600 1699 5670 capp.1025
1726 5616 1758 5654 a
1803 5597 2106 5657 Flodoardo
2154 5598 2451 5659 celebratis
2503 5600 2575 5668 cf,
2633 5603 2692 5657 S.
2749 5601 2909 5674 Greg.
2964 5598 3144 5675 Magn.
3172 5600 3381 5675 Dialog.
3414 5600 3492 5656 lib
3544 5618 3624 5673 in,
3657 5618 3763 5674 cap
3810 5598 3844 5655 5
