3996 6232
380 353 487 411 171

1394 346 1732 408 ATTONIS
1780 344 2367 409 VERCELLENSIS
2412 344 2764 406 EPISCOPI

3680 342 3821 402 1⁸72

368 498 472 554 pro
500 481 656 537 nobis
682 480 1031 549 oblationem,
1064 477 1446 533 nihilominus
1495 482 1553 533 et
1600 478 1859 548 Spiritus
1890 493 2021 532 san-
2050 479 2107 544 Α
2138 474 2512 547 delicet,quia
2533 492 2633 546 per
2660 474 2813 530 leves
2833 478 2891 529 et
2917 478 3358 529 momentaneas
3382 472 3821 529 tribulationes

373 574 525 636 etus,
560 567 698 640 quia
729 567 1139 639 inseparabilis
1186 572 1273 621 est
1320 567 1500 622 totius
1547 565 1850 621 Trinitatis
1879 581 2013 637 ope-

377 657 545 713 ratio.
591 658 656 712 In
706 673 771 713 eo
820 657 1001 729 igitur
1045 656 1201 727 quod
1249 672 1310 710 se
1356 661 1563 727 sponte
1616 655 1878 723 tradidit,
1909 654 2016 708 mi-

382 747 660 811 sericors;
691 746 750 801 in
780 762 847 801 eo
894 761 1025 799 vero
1075 744 1228 816 quod
1280 745 1515 815 prOpria
1563 744 1776 798 virtute
1829 759 2019 797 surre-

381 835 484 903 xit,
519 834 892 906 omnipotens
922 833 1373 887 demonstratur.
1408 833 1471 886 In
1504 850 1618 903 quo
1660 833 1811 886 facto
1854 830 2025 886 nobis

385 922 623 995 reliquit
679 921 1007 993 exemplum
1066 920 1351 975 moriendi
1400 920 1577 987 vitiis,
1611 925 1668 975 et
1721 936 2028 990 resurgen-

387 1012 447 1068 di
502 1012 835 1077 virtutibus,
893 1009 1011 1065 sive
1069 1013 1136 1063 ut
1199 1009 1258 1063 in
1336 1009 1628 1081 baptismo
1686 1006 2031 1064 eommoria.

392 1119 527 1157 mur
580 1105 637 1156 et
692 1098 1158 1171 consepeliamnr
1211 1097 1282 1165 ei,
1345 1102 1401 1152 et
1460 1097 1519 1152 in
1579 1098 1836 1152 novitate
1900 1096 2029 1150 vita

389 1205 787 1262 resurgamus.
811 1187 974 1243 Unde
993 1186 1149 1242 idem
1179 1186 1491 1256 Apostolus
1516 1203 1529 1241 :
1553 1185 1872 1257 Consepulti
1886 1186 2034 1240 enim

387 1294 579 1335 sumus
603 1294 729 1333 cum
760 1277 860 1332 illo
880 1292 981 1347 per
1012 1274 1339 1346 baptismum
1374 1276 1435 1329 in
1463 1284 1713 1340 mortem,
1764 1279 1845 1343 ut,
1894 1276 2035 1327 sicut

387 1367 635 1423 Christus
660 1365 970 1421 resurrexit
996 1381 1031 1419 a
1060 1365 1289 1419 mortuis
1316 1380 1413 1435 per
1443 1365 1680 1432 gloriam
1720 1364 1925 1428 Patris,
1955 1363 2037 1416 ita

383 1465 435 1513 et
461 1471 559 1512 nos
586 1457 647 1510 in
675 1455 916 1509 novitate
940 1454 1074 1508 vitm
1096 1452 1441 1507 ambulemus
1467 1453 1639 1523 (Rom.
1688 1469 1761 1517 v1,
1814 1452 1889 1521 4).
1936 1450 2034 1504 Se-

389 1544 641 1617 quitur:
676 1542 824 1614 (189)
862 1541 1014 1612 (190)
1062 1541 1216 1611 (CAP.
1268 1541 1359 1612 V.)
1409 1540 1704 1610 Iusti/irati
1756 1541 1927 1611 igitur
1971 1553 2040 1593 ex

391 1634 499 1703 ﬁde
523 1648 715 1704 pacem
744 1630 1061 1685 habeamus.
1094 1630 1239 1694 Quia
1284 1630 1468 1685 Judzei
1519 1628 1921 1701 gloriabantur
1968 1627 2040 1680 de

393 1722 493 1776 Dei
526 1721 645 1776 sive
674 1719 819 1789 legis
849 1717 1082 1786 notitia;
1116 1717 1364 1790 gentiles
1394 1723 1588 1772 autem
1608 1718 1677 1772 de
1707 1734 1854 1771 nova
1875 1720 1931 1771 et
1952 1730 2038 1768 re-

397 1810 551 1866 centi
580 1808 907 1873 vocatione;
940 1810 1177 1878 propter
1198 1806 1349 1878 quod
1375 1810 1431 1860 et
1453 1805 1772 1877 plurimum
1806 1805 1960 1859 inter
1980 1820 2042 1857 se

398 1898 749 1955 dissidentes
778 1898 961 1952 erant.
987 1894 1320 1967 Apostolus,
1346 1897 1410 1948 ut
1441 1894 1774 1948 ostenderet
1797 1910 1895 1948 eos
1916 1908 2040 1947 om-

399 2004 504 2044 nes
534 2002 661 2043 esse
690 1989 1039 2057 peceatores,
1072 1982 1345 2053 superius
1371 1984 1451 2037 ait
1479 2000 1490 2037 :
1519 1982 1713 2037 Omnes
1743 1983 1895 2037 enim
1920 1996 2041 2052 pec-

398 2082 657 2132 caverunt
682 2079 735 2128 et
758 2077 915 2140 egent
939 2073 1118 2141 gloria
1151 2073 1272 2127 Dei.
1305 2071 1571 2126 Ostendit
1598 2071 1753 2126 enim
1778 2087 1876 2125 eos
1921 2086 2042 2125 om-

338 2190 345 2195 η
397 2180 501 2221 nes
532 2162 856 2219 declinasse
885 2165 945 2217 et
974 2160 1212 2216 inutiles
1246 2162 1448 2225 factos,
1508 2177 1613 2215 nec
1658 2176 1787 2214 esse
1832 2159 1929 2230 qui
1963 2159 2045 2213 ta-

398 2258 551 2311 ceret
580 2253 1017 2321 bonum,usque
1048 2251 1120 2304 ad
1153 2249 1492 2305 unum.Hac
1518 2248 1699 2320 igitur
1726 2246 2048 2302 intentione

396 2343 747 2409 ﬁnita,nune
776 2339 1053 2394 admonet
1083 2354 1183 2392 eos
1212 2338 1353 2408 quid
1373 2354 1544 2409 agere
1573 2335 2047 2403 debeant,borta-

399 2437 613 2501 turque
658 2444 860 2484 secum
910 2441 1115 2499 pacem
1162 2425 1398 2493 habere,
1447 2427 1648 2481 dicens
1696 2451 1710 2481 ε
1756 2423 2052 2493 Justiﬁcati

403 2522 580 2592 igitur
622 2534 692 2573 ea:
737 2517 846 2587 ﬁde
890 2531 1079 2587 pacem
1124 2514 1435 2577 habeamus,
1471 2531 1536 2569 ac
1562 2515 1611 2569 si
1643 2515 1882 2577 diceret,
1913 2512 2052 2584 quia

406 2606 608 2663 nullus
640 2604 883 2673 meritis,
916 2607 1019 2659 aut
1045 2603 1192 2675 legis
1221 2603 1589 2658 observantia
1637 2603 1915 2667 salvetur,
1949 2600 2050 2655 sed

405 2711 612 2752 omnes
642 2692 742 2749 Dei
775 2692 964 2765 gratia
994 2691 1197 2747 salvati
1230 2708 1439 2746 sumus
1469 2698 1525 2746 et
1567 2692 1677 2746 lide
1720 2689 2048 2762 justificati,

407 2801 524 2841 non
558 2784 683 2855 jam
711 2781 1065 2837 dissidentes
1096 2796 1223 2835 esse
1254 2780 1555 2850 debemus,
1590 2780 1688 2834 sed
1720 2794 1920 2850 pacem
1949 2778 2049 2831 ha-

407 2871 921 2942 beamus.Et,quia
950 2873 1039 2925 est
1068 2885 1177 2940 pax
1206 2866 1519 2938 malorum,
1551 2867 1681 2923 ideo
1699 2866 1925 2937 adjecit
1947 2884 1960 2922 :
1984 2865 2054 2920 ad

410 2968 609 3026 Deum,
659 2961 766 3015 hoc
814 2964 925 3028 est,
976 2959 1301 3013 secundum
1357 2959 1557 3013 Deum.
1619 2956 1781 3011 Unde
1820 2956 1945 3028 ipse
1992 2954 2052 3009 in

409 3049 715 3123 Evangelio
746 3048 889 3103 dicit
920 3063 933 3104 :
966 3052 1107 3115 Non,
1140 3047 1360 3118 qualem
1405 3045 1641 3101 mundus
1690 3045 1808 3114 dat,
1848 3060 1941 3115 ego
1988 3043 2053 3099 do

404 3141 554 3196 vobis
584 3140 759 3211 (Joan.
794 3153 906 3204 xxv,
937 3136 1049 3206 27).
1083 3137 1189 3191 Per
1239 3136 1527 3191 Dominum
1570 3139 1822 3189 nostrum
1869 3135 2054 3189 Iesum

409 3209 705 3299 Christum,
732 3242 834 3298 per
864 3241 1022 3297 quem
1049 3229 1101 3280 et
1128 3240 1402 3280 accessum
1431 3223 1687 3278 habemus
1718 3223 1865 3295 (191)
1905 3221 2051 3293 ﬁdei.
2087 3209 2129 3276 C

406 3316 657 3374 Pulchre
686 3314 827 3371 dicit
855 3329 1178 3381 accessum,
1213 3311 1515 3384 quoniam,
1538 3312 1689 3367 sicut
1718 3309 1932 3382 aliquis
1966 3325 2064 3379 per

417 3405 633 3463 ostium
665 3405 844 3459 intrat
874 3402 932 3458 in
965 3403 1207 3458 domum
1238 3400 1326 3457 vel
1353 3401 1413 3455 in
1440 3400 1856 3468 ecelesiam,ita
1878 3404 1935 3454 et
1964 3414 2066 3470 per

421 3494 739 3561 Christum,
771 3491 1139 3564 unigenitum
1162 3491 1261 3545 Dei
1295 3489 1758 3555 Filium,aditum
1778 3488 2068 3544 habemus

419 3584 689 3641 veniendi
720 3583 791 3637 ad
824 3584 1075 3635 Patrem.
1109 3579 1270 3635 Unde
1296 3579 1419 3648 ipse
1449 3578 1509 3633 in
1540 3576 1846 3650 Evangelio
1878 3576 2019 3631 dicit
2051 3592 2065 3632 :

422 3674 592 3731 Nemo
636 3672 787 3727 venit
816 3671 889 3725 ad
916 3670 1156 3738 Patrem,
1207 3667 1318 3722 nisi
1358 3684 1456 3739 per
1500 3684 1587 3724 me
1632 3668 1815 3738 (Joan.
1847 3683 1961 3735 x1v,
1991 3664 2069 3736 6).

428 3763 498 3819 Et
542 3762 683 3817 item
717 3776 733 3815 :
766 3761 876 3829 Ego
922 3774 1045 3813 sum
1086 3759 1287 3812 ostium
1332 3758 1507 3829 (Joan.
1538 3774 1595 3827 x,
1626 3758 1703 3826 9),
1730 3760 1787 3811 et
1826 3754 2069 3825 reliqua.

428 3853 553 3917 Quo
585 3852 783 3904 autem
810 3846 1133 3902 habeamus
1162 3863 1461 3902 accessum
1492 3846 1908 3917 aperitur,eum
1932 3844 2070 3899 sub-

430 3940 592 3996 ditur
623 3955 637 3993 :
670 3939 733 3993 In
762 3937 1006 4006 gratiam
1034 3935 1479 3991 istam.Gratiam
1509 3938 1675 3990 vocat
1699 3933 2072 4004 adoptionem

429 4028 707 4094 ﬁliorum,
742 4042 859 4097 qua
889 4024 1106 4095 ﬁdeles,
1137 4023 1346 4081 laxatis
1378 4024 1649 4096 peccatis,
1681 4021 1936 4093 adoptivi
1966 4020 2072 4075 filii

426 4117 527 4174 Dei
557 4115 908 4172 efﬁciuntur.
941 4117 1002 4170 In
1030 4132 1137 4187 qua
1164 4118 1371 4170 stamus
1419 4113 1581 4178 dicit,
1636 4116 1699 4165 ut
1744 4110 2074 4165 ostenderet

423 4205 561 4278 quia
606 4205 767 4276 prius
815 4204 871 4259 in
924 4220 1079 4259 caeno
1128 4209 1501 4276 peccatorum
1535 4202 1935 4271 jacueramus.
1972 4198 2071 4252 llle

419 4294 576 4352 enim
606 4294 665 4349 in
697 4309 829 4350 arce
874 4293 1007 4348 fidei
1057 4299 1113 4349 et
1163 4297 1449 4348 Virtutum
1500 4290 1713 4355 stabat,
1764 4289 1864 4360 qui
1915 4287 2069 4342 dice-

418 4385 520 4440 bat
549 4400 564 4439 :
605 4385 749 4441 Vivit
778 4385 1072 4451 Dominus,
1104 4384 1165 4437 in
1193 4381 1350 4443 cuius
1378 4382 1663 4449 conspectu
1689 4386 1767 4433 sto
1807 4378 1900 4448 (IV
1942 4378 2067 4447 Reg.

419 4491 475 4542 v,
510 4474 619 4540 16).

488 4564 553 4617 Et
580 4562 888 4633 gloriamur
908 4563 965 4615 in
984 4575 1074 4631 spe
1094 4559 1284 4627 gloriae
1313 4554 1565 4645 ﬁliorum
1591 4554 2066 4645 Dei.Notandum.
2099 4580 2145 4645 D

417 4650 556 4723 quia
584 4667 698 4706 non
731 4650 830 4722 ait,
865 4650 924 4704 in
957 4646 1161 4720 gloria,
1187 4647 1310 4711 sed,
1343 4643 1402 4697 in
1438 4658 1541 4714 spe
1571 4641 1788 4712 glorise.
1810 4640 2067 4697 Gloriam

416 4738 631 4811 quippe
659 4738 915 4795 filiorum
945 4736 1045 4792 Dei
1080 4751 1238 4789 nunc
1270 4732 1513 4803 quidem
1546 4730 1852 4795 habemus,
1874 4732 1975 4787 sed
2010 4731 2067 4788 in

413 4845 719 4900 spe,quam
751 4833 947 4883 tamen
980 4823 1331 4897 quandoque
1363 4819 1712 4875 habebimus
1734 4820 1793 4873 in
1820 4820 2067 4877 re.Unde

411 4918 566 4973 idem
595 4918 907 4989 Apostolus
942 4913 1081 4970 alibi
1116 4927 1129 4967 :
1164 4912 1271 4965 Per
1299 4908 1462 4979 ﬁdem
1487 4908 1858 4976 ambulamus,
1882 4914 2067 4966 etnon

408 5022 513 5077 per
560 5009 793 5078 speciem
825 5006 896 5075 (II
923 5006 1046 5058 Cor.
1079 5017 1134 5069 v,
1164 5000 1243 5069 7).
1277 4998 1346 5052 Et
1374 4997 1629 5052 Joannes
1669 5016 1681 5053 :
1718 4997 2061 5071 Charissimi,

407 5112 558 5151 nunc
584 5096 694 5167 ﬁlii
716 5095 818 5149 Dei
844 5106 1052 5159 sumus,
1093 5090 1143 5143 et
1184 5086 1425 5140 nondum
1474 5088 1730 5159 apparuit
1773 5089 1904 5159 quid
1949 5091 2061 5145 eri-

406 5200 529 5239 mus
558 5185 607 5256 (I
629 5185 788 5240 Joan.
821 5197 906 5247 ιιι,
936 5178 1013 5249 2).

476 5274 598 5328 Non
620 5272 799 5327 solum
857 5275 1037 5322 autem
1081 5264 1582 5336 (subintelligitur,
1632 5264 1957 5337 gloriamur
1999 5265 2059 5320 in

405 5375 507 5426 spe
523 5356 719 5429 gloriae
742 5353 994 5408 ﬁliorum
1018 5351 1238 5421 Dei)sed
1256 5360 1308 5407 et
1324 5352 1633 5421 gloriamur
1653 5354 1713 5406 in
1733 5352 2060 5408 tribulatio-

401 5448 590 5501 nibus.
614 5447 730 5498 Cur
758 5441 941 5498 sancti
973 5441 1032 5495 in
1064 5440 1541 5497 tribulationibus
1567 5440 1933 5513 gloriantur?
1957 5442 2058 5497 Vi-

474 5583 624 5656 (189)
652 5582 822 5656 Vulg.
852 5600 977 5656 cap.
1011 5583 1079 5637 V.

474 5654 625 5738 (190)
657 5654 721 5713 In
753 5654 976 5733 autogr.
1012 5671 1196 5729 marg.
1220 5671 1270 5711 ο.
1308 5655 1377 5711 ΧΙ

2128 563 2545 635 intelliguntse
2565 564 2862 635 pervenire
2879 567 2949 618 ad
2973 563 3187 636 gaudia
3204 562 3333 618 sine
3356 563 3470 617 fine
3488 578 3816 619 mansura.

2135 652 2299 708 Unde
2326 654 2584 709 Jacobus
2615 653 2756 708 dicit
2781 670 2793 708 :
2820 654 2989 708 Omne
3016 652 3284 722 gaudium
3314 653 3651 723 existimate,
3680 655 3817 711 fra-

2130 746 2258 806 tres,
2290 758 2417 797 cum
2449 744 2509 796 in
2539 744 2872 797 tentationes
2911 744 3097 796 varias
3138 740 3445 795 incideritis
3475 740 3592 811 (Jac
3624 757 3687 807 .1,
3723 741 3817 808 2).

2135 831 2203 885 Et
2233 832 2373 886 item
2410 849 2422 886 :
2458 833 2658 886 Beatus
2708 833 2794 884 vir
2838 832 2939 902 qui
2983 831 3176 901 suffert
3222 832 3580 885 tentationem
3611 829 3817 899 (Ibid,

2140 921 2253 986 12),
2284 925 2342 972 et
2374 919 2620 989 reliqua.
2653 918 2991 974 Glorientur
3021 924 3079 973 et
3106 918 3294 974 sancti
3328 918 3386 973 in
3417 917 3818 973 interioribus

2136 1007 2787 1078 tribulationibus,quia
2815 1007 3108 1062 luxuriam
3142 1007 3455 1073 ret'renant,
3490 1007 3819 1062 moderan-

2138 1100 2234 1150 tur
2255 1096 2454 1166 gulam
2479 1101 2537 1150 et
2555 1096 2884 1167 reprimunt
2905 1096 3095 1151 carnis
3128 1095 3577 1151 illecebras.Cur
3598 1101 3815 1151 autem

2142 1185 2331 1239 sancti
2362 1185 2687 1257 glorientur
2716 1184 2775 1240 in
2808 1184 3312 1251 tribulationibus,
3347 1184 3626 1255 aperitur,
3659 1201 3814 1241 cum

2144 1274 2419 1328 subditur
2439 1290 2452 1329 :
2472 1273 2707 1329 Scientes
2724 1273 2864 1344 quod
2884 1274 3173 1330 tribulatio
3196 1275 3521 1345 patientiam
3535 1283 3820 1345 operatur

2145 1362 2332 1433 (lbid.,
2382 1363 2458 1432 3).
2509 1362 2792 1417 Patientia
2821 1379 2855 1416 a
2883 1362 3138 1433 patiendo
3186 1362 3344 1417 dicta
3397 1366 3506 1429 est,
3565 1361 3680 1429 vel,
3743 1367 3818 1417 ut

2148 1450 2388 1522 quidam
2419 1450 2643 1517 volunt,
2675 1468 2709 1505 a
2739 1450 2982 1521 pavendo
2998 1467 3017 1511 ;
3049 1456 3302 1523 utraque
3332 1456 3527 1507 autem
3562 1451 3675 1507 sibi
3712 1468 3819 1506 ar-

2148 1539 2298 1594 ridet
2328 1538 2697 1611 etymologia.
2733 1538 2931 1595 Saneti
2961 1540 3141 1606 enim,
3174 1556 3308 1595 cum
3340 1540 3666 1611 patiuntur,
3702 1555 3813 1611 pa-

2146 1633 2284 1705 vent
2309 1629 2575 1698 quidem;
2610 1629 2709 1683 sed
2734 1628 3021 1699 patienter
3038 1628 3601 1685 tolerant.Patientia
3620 1637 3817 1684 autem

2146 1717 2542 1787 probationem.
2563 1718 2834 1772 Probatio
2863 1721 2952 1771 est
2980 1717 3269 1789 perfectus
3298 1722 3355 1772 et
3383 1716 3621 1772 nobiliis
3643 1733 3815 1773 men-

2151 1806 2228 1860 tis
2258 1809 2466 1862 status.
2503 1806 2664 1862 Unde
2712 1806 2931 1878 probus
2960 1810 3115 1861 recte
3144 1806 3363 1861 dicitur
3391 1805 3493 1878 qui
3546 1811 3808 1879 emptam

2151 1895 2321 1950 bonis
2351 1895 2544 1966 operis
2593 1894 2880 1950 actionem
2930 1896 3107 1966 probe
3156 1895 3422 1967 perducit
3452 1896 3524 1951 ad
3557 1895 3807 1951 calcem.

2151 1984 2410 2039 Probatio
2458 2000 2580 2039 vero
2620 2000 2789 2055 spem.
2833 1987 2975 2055 Spes
3024 1989 3111 2039 est
3158 1983 3515 2039 desiderium
3573 1984 3811 2040 futuro-

2154 2090 2286 2126 rum
2318 2073 2628 2127 bonorum.
2668 2072 2826 2128 Unde
2855 2078 2912 2127 et
2940 2088 3075 2143 spes
3105 2072 3341 2139 dicitur,
3365 2072 3537 2144 quasi
3568 2078 3812 2144 estpes;

2156 2161 2309 2216 sicut
2337 2161 2492 2215 enim
2523 2160 2735 2232 aliquis
2756 2162 2827 2216 ad
2851 2165 3071 2216 eertum
3096 2159 3289 2216 locum
3316 2161 3568 2233 pedibus
3589 2162 3810 2227 tendit,

2154 2249 2238 2305 ita
2266 2252 2323 2305 et
2353 2250 2535 2304 sancti
2561 2249 2683 2320 spei
2706 2249 2915 2304 virtute
2936 2250 3008 2304 ad
3030 2249 3246 2321 gaudia
3274 2251 3633 2320 sempiterna
3650 2250 3817 2306 festi-

2156 2342 2317 2394 nant.
2352 2337 2515 2393 Unde
2546 2338 2835 2393 contrario
2869 2338 2927 2391 in
2962 2337 3135 2392 malis
3167 2338 3382 2393 dicitur
3425 2339 3760 2411 desperatio
3794 2358 3810 2407 ;

2157 2426 2257 2498 qui
2288 2426 2445 2481 enim
2477 2427 2769 2497 desperat,
2801 2426 2976 2480 eundi
3008 2426 3365 2482 voluntatem
3398 2443 3517 2482 non
3564 2427 3747 2483 habet
3792 2444 3809 2483 :

2159 2516 2287 2587 Spes
2336 2523 2519 2570 autem
2568 2530 2680 2570 non
2724 2515 3034 2586 confundit,
3084 2515 3224 2586 quia
3272 2532 3385 2570 non
3437 2515 3633 2584 timet;
3691 2532 3812 2571 non

2159 2604 2315 2659 enim
2349 2604 2618 2659 timorem
2671 2603 2899 2672 incutit,
2950 2604 3049 2658 sed
3101 2604 3297 2675 potius
3344 2602 3591 2675 repellit.
3649 2604 3816 2659 Unde

2159 2696 2414 2748 Joannes
2465 2710 2478 2748 :
2537 2694 2785 2763 Perfecta
2828 2693 3073 2749 Charitas
3126 2700 3279 2763 foras
3332 2694 3502 2748 mittit
3558 2694 3820 2750 timorem

2163 2781 2572 2851 (Joan.1v,18).
2606 2780 2720 2834 Cur
2750 2785 2945 2836 autem
2995 2798 3110 2836 non
3154 2781 3494 2845 confundat,
3526 2782 3817 2854 aperitur,

2162 2884 2295 2924 cum
2322 2868 2627 2935 subditur;
2661 2870 2794 2940 quia
2820 2869 3064 2924 charitas
3093 2871 3197 2925 Dei
3223 2869 3429 2942 diﬁusa
3456 2879 3534 2925 est
3576 2872 3639 2925 in
3684 2887 3812 2927 eor-

2160 2958 2319 3013 dibus
2347 2956 2861 3013 nostris.Dill‘usam
2889 2956 3230 3015 eharitatem
3262 2959 3392 3014 ideo
3421 2959 3657 3026 dicit,ut
3678 2961 3815 3031 ejus

2161 3044 2531 3101 latitudinem
2557 3044 3070 3102 insinuaret.Unde
3089 3045 3422 3104 Psalmista:
3444 3049 3639 3104 Latum
3654 3065 3816 3104 man-

2162 3134 2354 3189 datum
2384 3137 2541 3189 tuum
2571 3136 2743 3189 nimis
2774 3135 3273 3207 (Psal.cxv1u,96).
3305 3131 3528 3193 Ditl'usa
3559 3154 3831 3209 namque

2167 3227 2258 3278 est
2286 3222 2564 3288 charitas,
2590 3223 2729 3294 quia
2758 3240 2874 3279 non
2905 3223 3096 3279 solum
3128 3224 3336 3293 Deum,
3359 3226 3461 3281 sed
3492 3226 3666 3282 etiam
3692 3244 3828 3297 pro-

2170 3311 2396 3366 ximum
2428 3310 2667 3383 diligere
2687 3312 2998 3383 jubemur;
3033 3329 3138 3368 nec
3160 3314 3332 3370 modo
3352 3314 3573 3371 amicos
3593 3315 3653 3371 in
3682 3321 3823 3387 beo,

2174 3401 2276 3457 sed
2307 3400 2482 3456 etiam
2516 3400 2786 3457 inimicos
2816 3407 3050 3473 propter
3078 3407 3283 3460 Deum.
3313 3404 3524 3472 Sed,ne
3554 3404 3691 3476 quis
3712 3418 3823 3477 pu-

2174 3492 2325 3545 taret
2355 3489 2482 3545 suis
2512 3489 2737 3545 meritis
2768 3494 2870 3545 aut
2900 3489 3045 3562 legis
3073 3491 3442 3548 observantia
3461 3492 3741 3550 diffusam
3763 3495 3825 3550 in

2180 3596 2241 3634 se
2275 3579 2369 3633 Uei
2400 3577 2767 3643 charitatem,
2799 3579 3013 3650 adjecit
3045 3598 3057 3635 :
3089 3596 3188 3651 per
3226 3583 3505 3652 Spiritum
3547 3587 3823 3639 sanetum.

2180 3668 2537 3738 Rursum,ne
2559 3668 2833 3723 eumdem
2856 3668 3137 3740 Spiritum
3158 3675 3428 3726 sanctum
3458 3689 3497 3727 a
3523 3688 3588 3728 se
3607 3672 3827 3730 habere

2181 3760 2504 3831 putaretur,
2536 3757 2844 3828 subjunxit
2876 3776 2889 3813 :
2921 3760 3018 3829 qui
3034 3758 3196 3815 datus
3223 3767 3303 3815 est
3327 3760 3503 3816 nobis.
3529 3760 3629 3817 Ille
3655 3778 3822 3818 nam-

2180 3861 2294 3917 que
2316 3845 2598 3917 Spiritum
2626 3851 2895 3901 sanctum
2919 3846 3262 3903 hominibus
3282 3849 3570 3922 dedit,qui
3591 3851 3830 3924 captivi-

2181 3937 2359 3989 tatem
2393 3939 2652 3989 nostram
2686 3951 2795 3989 sua
2821 3936 3032 3991 virtute
3062 3936 3455 4009 eaptivavit,et
3483 3939 3648 3994 dedit
3670 3940 3835 3996 dona

2180 4022 2541 4077 hominibus.
2574 4022 2778 4094 Igitur,
2798 4027 2862 4078 ut
2891 4024 3137 4080 nimiam
3167 4026 3283 4081 vim
3313 4024 3645 4083 dilectionis
3670 4033 3829 4085 uten-

2181 4112 2363 4180 deret,
2411 4111 2623 4181 adjecit
2654 4128 2667 4166 :
2702 4111 2851 4183 (192)
2896 4114 2957 4170 Ut
3006 4113 3137 4186 quid
3181 4116 3334 4171 enim
3379 4115 3654 4185 Christus,
3701 4134 3827 4173 cum

2180 4199 2358 4254 adhuc
2388 4198 2603 4269 inﬁrmi
2630 4216 2886 4270 essemus,
2918 4203 3220 4258 secundum
3249 4212 3477 4275 tempus,
3501 4220 3602 4277 pro
3631 4206 3827 4277 impiis

2178 4291 2425 4342 mortuus
2482 4291 2593 4343 est?
2642 4288 3145 4363 (subintelligitur,
3206 4292 3318 4347 nisi
3378 4298 3443 4348 ut
3495 4295 3827 4351 ostenderet

2180 4382 2463 4449 quantum
2488 4377 2755 4451 diligeret
2771 4395 2958 4451 genus
2975 4380 3301 4436 humanum
3318 4381 3365 4453 ‘?)
3389 4382 3645 4437 Nimiam
3669 4399 3828 4439 nam-

2178 4482 2291 4538 que
2313 4466 2741 4535 cbaritatem,et
2769 4469 3343 4526 abundantissimam
3375 4470 3654 4542 pietatem
3677 4476 3828 4528 Deus

2177 4555 2345 4611 Pater
2373 4572 2510 4629 erga
2540 4573 2725 4628 genus
2756 4557 3084 4613 humanum
3116 4558 3393 4629 ostendit,
3427 4576 3563 4615 eum
3612 4576 3717 4632 pro
3760 4576 3826 4616 eo

2178 4643 2386 4699 Filium
2421 4661 2595 4699 suum
2626 4644 2950 4712 tradidit,et
2980 4646 3104 4717 ipse
3136 4645 3477 4712 Filius,cum
3499 4663 3605 4718 pro
3627 4647 3828 4719 impiis

2177 4732 2325 4787 mori
2357 4732 2558 4787 voluit.
2590 4736 2732 4788 Cum
2765 4733 2921 4790 enim
2954 4735 3155 4789 subdit
3185 4733 3495 4807 Apostolus
3528 4753 3542 4791 :
3584 4737 3686 4791 Via:
3730 4751 3829 4808 pro

2166 4823 2318 4894 justo
2350 4823 2470 4891 quis
2499 4823 2765 4885 moritur;
2812 4839 2944 4877 nam
2971 4839 3072 4891 pro
3105 4823 3239 4879 bono
3265 4824 3502 4893 forsitan
3551 4825 3675 4895 quis
3722 4841 3827 4881 auo

2174 4911 2298 4965 deat
2347 4911 2524 4970 mori;
2574 4915 2631 4965 et
2678 4910 2946 4967 Christus
2999 4928 3104 4983 pro
3155 4911 3353 4983 impiis
3405 4916 3681 4969 mortuus
3717 4919 3830 4985 est,

2175 4998 2579 5055 incredibilem
2608 5004 2664 5054 et
2694 5001 3019 5055 inauditam
3052 5001 3397 5057 cbaritatem
3428 5002 3825 5059 ostendit.Sed

2172 5087 2476 5143 sciendum
2512 5088 2651 5159 quia
2675 5088 2830 5160 quod
2861 5088 3003 5144 dicit
3022 5089 3254 5160 justum
3284 5093 3341 5145 et
3364 5090 3735 5158 bonum,non
3757 5090 3835 5148 ad

2172 5176 2431 5248 aliquam
2464 5193 2773 5248 personam
2806 5177 3175 5233 referendum
3224 5183 3334 5243 est,
3380 5178 3537 5234 sicut
3585 5180 3828 5251 quidam

2169 5264 2422 5321 haeretici
2450 5264 2783 5333 voluerunt,
2837 5265 2937 5337 qui
2990 5266 3213 5322 bonum
3262 5265 3475 5321 Filium
3508 5269 3823 5339 etjustum

2173 5356 2394 5409 Patrem
2426 5352 2855 5421 intellexerunt,
2884 5355 3009 5423 sed,
3042 5360 3107 5409 ut
3136 5355 3277 5410 dicit
3304 5355 3513 5411 beatus
3546 5355 3826 5432 Hierony-

2172 5458 2324 5510 mus,
2358 5441 2429 5495 ad
2461 5439 2720 5512 aliquam
2753 5459 2872 5497 rem
2897 5445 3124 5514 justam
3158 5443 3247 5500 vel
3282 5444 3517 5501 bonam.
3564 5445 3826 5506 Fuerunt

2239 5581 2386 5655 (191)
2416 5581 2584 5655 _Vulg.
2609 5599 2710 5655 per
2735 5584 2922 5655 ﬁdem.

2236 5652 2383 5739 (192)
2417 5652 2477 5710 in
2508 5652 2704 5731 autog.
2735 5652 2927 5733 marg.
2963 5673 2977 5716 :
3012 5673 3062 5715 ο.
3089 5656 3211 5719 XII.
