3972 6208
263 341 371 394 845
866 340 948 393 DE
988 340 1243 395 IIIIRISTI
1284 342 1647 398 TRIUMPIIIS
1689 345 1859 399 APUD
1902 346 2167 402 ITALIAM
2208 348 2382 403 LIBRI
2425 350 2551 406 XIV.
2597 382 2663 392 —
2705 352 2828 407 LIB.
2874 356 3011 409 XIII.
3494 364 3600 417 846

1768 507 1977 563 CAPUT
2022 509 2112 567 XI.

1582 601 1665 662 De
1707 614 1910 665 sancto
1960 607 2304 683 Frigdz’ano.

416 743 579 813 Cujus
610 744 817 819 vigoris
840 745 1110 819 I’rigdiani
1140 746 1397 801 sanctitas
1915 757 1964 819 Α
2135 752 2239 805 Sed
2258 769 2362 807 nec
2382 752 2595 808 minore
2621 755 2857 810 comitur
2886 756 3162 812 Placentia

416 835 630 889 Lucana
661 852 896 891 vernans
918 837 1132 892 fulserit
1160 839 1264 892 sub
1294 838 1537 912 regmina
2133 844 2338 911 Nitore,
2368 846 2764 916 comprimente
2795 848 3041 919 turgidas
3067 849 3213 906 Pado

416 922 664 987 Flumen,
698 932 913 978 meatus
954 926 1218 980 derelicto
1251 926 1485 989 tramite,
2138 931 2431 1003 Lymphas,
2460 934 2647 988 Sabini
2690 936 2936 1009 mitigato
2968 937 3162 993 litteris

419 1010 666 1065 Rastrum
692 1012 941 1079 jubentis
973 1022 1322 1084 prosecutum
1352 1016 1629 1087 praedicat,
2135 1021 2367 1077 Parente
2392 1024 2548 1093 jusso
2580 1027 2863 1097 praesulari
2898 1028 3141 1085 flumine.

416 1106 581 1159 Sueta
604 1123 837 1176 parcens
859 1108 1127 1179 dissipare
1169 1110 1391 1180 praedia.

1758 1206 1967 1260 CAPUT
2011 1207 2123 1262 XII.

1502 1314 1576 1371 De
1603 1323 1806 1373 sancto
1844 1315 2174 1392 Populonia
2217 1316 2407 1399 (205).

273 1438 438 1499 Quam
470 1437 603 1492 vixit
632 1440 871 1495 celebris
888 1443 1164 1514 quondam
1197 1444 1536 1515 P0pulonius
1563 1446 1783 1516 hospes,
1997 1453 2237 1527 Insignis
2268 1454 2483 1525 trepido
2515 1455 2767 1513 instantis
2794 1458 3114 1517 discrimine
3134 1462 3290 1530 lethi,

274 1528 443 1591 Quam
476 1539 741 1599 praestans
781 1534 989 1588 meritis
1018 1537 1214 1605 praesul
1239 1535 1541 1591 Cerbonius
1572 1539 1696 1593 altis
1996 1542 2166 1613 Inque
2197 1542 2318 1596 cicli
2349 1543 2524 1613 spatio
2556 1546 2797 1615 clausus,
2830 1547 3079 1605 fervente
3105 1552 3289 1606 calore

278 1617 385 1671 Rex
425 1619 632 1675 Gothus
660 1631 951 1689 attentans,
984 1641 1115 1680 urso
1156 1634 1513 1695 monstrante,
1548 1637 1746 1696 tuetur,
1995 1631 2240 1695 Sidereo,
2276 1640 2453 1688 tectus
2483 1634 2581 1689 sed
2613 1635 2758 1690 nube
2792 1645 3018 1709 repente
3060 1655 3289 1696 corusca

275 1709 743 1785 Concelebratquc
774 1716 947 1772 virum
978 1717 1070 1771 tali
1103 1718 1329 1773 doctore
1361 1719 1604 1788 beatum,
1993 1721 2356 1793 Terribiliun
2388 1724 2515 1779 feris
2545 1725 2845 1799 mitemque
2875 1735 3060 1783 tuente
3101 1729 3359 1785 clientem

276 1800 445 1861 Quem
470 1807 587 1854 trux
603 1813 893 1859 censuerat
920 1806 1141 1859 beluina
1171 1806 1324 1861 fauce
1351 1809 1674 1863 vorandum.
1995 1810 2355 1878 Fulminibus,
2387 1830 2507 1884 quae
2539 1814 2716 1868 vincla
2748 1814 2897 1888 fugat
2925 1818 3185 1891 pellitque
3227 1835 3484 1875 coronam
3518 1838 3534 1882 ;

276 1890 515 1944 Flamine
545 1908 705 1962 quem
738 1904 927 1951 sancto
951 1896 1114 1951 funus
1141 1898 1377 1969 viguisse
1412 1899 1651 1974 resignat
1922 1946 1965 1979 ι)
1994 1905 2355 1977 Depulsisquc
2388 1906 2531 1977 lupis
2569 1907 2713 1961 aries
2750 1916 2852 1963 stat
2880 1909 3086 1965 vellere
3116 1912 3286 1979 sicco,

273 1987 408 2039 Ante
438 1986 618 2062 fugam
654 1990 1048 2059 partzejussum
1084 1994 1390 2048 revocarier
1417 2010 1565 2047 urnae
1591 2011 1603 2047 :
1923 1986 1969 2013 υ
1995 1997 2327 2052 Turbinibus
2357 1998 2486 2052 dum
2515 2007 2712 2054 cuncta
2740 2002 2982 2067 madent,
3011 2003 3139 2057 dum
3172 2019 3317 2058 saeva
3339 2002 3539 2058 fatiscit

275 2076 548 2133 Imbribus
578 2081 880 2136 accinctum
912 2084 1059 2138 sicco
1091 2084 1185 2138 sed
1228 2086 1469 2160 tegmine
1504 2086 1691 2153 latum,
1994 2088 2212 2143 (Etherc
2229 2090 2371 2145 victa
2400 2092 2567 2154 acies,
2605 2100 2791 2162 pastor
2821 2110 2931 2165 quo
2974 2096 3219 2165 regmine
3250 2104 3397 2150 tutus

275 2169 533 2225 llostibus
563 2173 824 2237 advectis,
850 2175 1060 2249 gerulis
1080 2177 1143 2229 ad
1163 2177 1321 2245 jussa
1353 2178 1605 2233 revectis.
1998 2180 2187 2236 Hostes
2210 2182 2538 2257 prosubigit,
2567 2182 2834 2238 victorum
2870 2186 3068 2240 robora
3098 2186 3287 2251 vineit,

270 2263 379 2317 Nec
412 2265 592 2320 minus
621 2266 822 2323 effulsit
852 2269 1171 2343 Fulgentius
1205 2272 1582 2339 Utriculensis,
1996 2269 2240 2324 Culmina
2270 2272 2586 2341 prosternit,
2620 2271 3146 2345 frangitsubicitque
3189 2284 3477 2345 tyrannum

270 2354 522 2428 Prodigio
554 2358 742 2426 simili,
773 2361 869 2416 sed
904 2362 1085 2417 adhuc
1117 2364 1366 2433 mortalia
1397 2374 1636 2438 gestans.
1992 2364 2276 2419 Mititicans
2302 2382 2482 2421 acrem
2513 2366 2653 2422 emlo
2693 2368 2979 2424 minitante
3010 2370 3249 2425 leonem.

1755 2492 1961 2548 CAPUT
2003 2495 2138 2550 XIII.

1581 2596 1657 2655 De
1696 2607 1900 2657 sancto
1945 2600 2302 2659 Hercujlano.

415 2719 578 2789 Cujus
602 2723 813 2794 rugitus
845 2725 1204 2781 Herculanum
1239 2745 1520 2784 murmure
2138 2735 2395 2807 Cutisque
2437 2736 2629 2792 abacta
2660 2736 2899 2792 reclivite
2930 2745 3081 2812 grata
3122 2746 3373 2815 tergora:

418 2811 676 2869 Perusina
698 2831 900 2871 czesum
934 2820 1303 2875 contremiseit
1327 2822 1640 2891 praesulem,
2137 2828 2310 2882 Simul
2338 2828 2518 2884 soluto
2539 2829 2748 2885 conditi
2777 2829 3039 2886 cadavere

417 2901 602 2957 Mirata
633 2904 803 2960 functi
837 2907 977 2961 colla
1008 2918 1159 2963 secta
1190 2912 1445 2981 martyris
2139 2918 2299 2974 Pueri
2328 2927 2571 2976 scatente
2595 2923 2862 2978 vermium
2893 2924 3222 2994 putredine;

415 2992 655 3049 Solidata
689 3012 871 3051 rursus
900 3014 963 3052 ac
994 3006 1179 3055 coacta
1209 3002 1449 3072 corpori,
2139 3008 2299 3062 Sedis
2329 3008 2534 3064 micare
2563 3010 2810 3065 membra
2838 2992 2959 3081 post
2989 3020 3184 3084 quater
3209 3013 3331 3069 dies

416 3084 567 3140 Loris
596 3096 805 3145 resecta
838 3090 1155 3148 refloruisse
1176 3093 1407 3161 viscera,
2140 3096 2335 3152 Decem
2365 3097 2623 3155 reductos
2662 3114 2763 3154 ceu
2795 3100 2885 3155 die
2918 3101 3093 3171 prima
3115 3101 3314 3160 exitus.

1754 3222 1958 3278 CAPUT
2006 3222 2135 3278 XIV.

1520 3328 1597 3387 De
1622 3338 1827 3388 sancto
1864 3329 2033 3387 Isaac
2069 3329 2383 3386 monacho.

284 3460 563 3532 Spoletum
594 3478 624 3516 e
663 3461 821 3531 Syria
852 3462 1032 3533 qualis
1056 3464 1379 3534 perducitur
1414 3466 1617 3537 hospes
1923 3472 1973 3539 ρ
1999 3466 2226 3536 Quoque
2253 3465 2461 3519 caduca
2493 3464 2667 3539 magis
2685 3464 2887 3531 renuit,
2920 3481 3179 3520 mansura
3207 3470 3472 3538 capessit.

283 3555 622 3626 Almipotens
651 3558 797 3611 Isaac
829 3558 1033 3629 reperit
1063 3558 1323 3631 Gregoria
1351 3561 1504 3633 virgo
1999 3559 2128 3612 Mira
2161 3563 2333 3628 patrat
2372 3557 2611 3628 divoque
2641 3557 2836 3631 vigens
2872 3558 3177 3627 spiramine
3209 3559 3400 3615 claret.

284 3650 480 3706 Tutore
501 3652 606 3706 hoc
635 3652 891 3707 thalamis
916 3652 1131 3727 fugiens
1153 3653 1379 3709 defensa
1407 3655 1661 3725 petulcis,
2002 3650 2120 3704 Haec
2146 3649 2357 3704 olerum
2391 3648 2541 3703 fures
2570 3649 2850 3721 quondam
2876 3648 3088 3705 fervore
3119 3651 3437 3721 probantes,

278 3742 571 3812 Terrigena
612 3750 823 3813 tempto
853 3744 969 3817 regi
1009 3762 1131 3815 quae
1166 3746 1418 3820 jungitur
1442 3748 1645 3803 aethrae.
1999 3742 2199 3796 Mutato
2229 3741 2417 3795 rastris
2444 3741 2667 3806 instant,
2700 3739 2794 3812 qui
2825 3740 2966 3795 furta
2996 3739 3301 3810 patebant:

280 3829 456 3884 Sentit
485 3838 539 3886 et
567 3831 801 3886 :edituus
828 3832 969 3887 votis
1000 3832 1249 3887 infensus
1281 3835 1503 3904 Opimis,
1999 3831 2158 3885 Parto
2182 3846 2239 3885 se
2265 3829 2524 3905 subigunt
2553 3829 2706 3901 operi
2729 3830 2783 3885 in
2812 3830 3085 3885 contraria
3114 3832 3278 3898 versi,

283 3918 536 3988 Improba
555 3934 679 3972 mox
712 3921 905 3989 palmae
935 3920 1021 3975 cui
1051 3920 1221 3995 ﬂagra
1261 3924 1503 3977 coercuit
1543 3923 1685 3977 ultor
1998 3919 2129 3975 Vota
2159 3919 2243 3974 sui
2273 3918 2432 3974 obliti
2464 3919 2956 3991 secretaquejussa
2985 3919 3181 3982 secuti,

286 4010 483 4074 Hostis,
517 4012 777 4084 agonistaz
797 4012 1009 4067 virtutis
1042 4014 1292 4083 proditor
1315 4015 1462 4080 altae,
2000 4009 2239 4064 Crimina
2270 4016 2601 4077 temnentes,
2644 4009 2863 4081 pietatis
2891 4010 3075 4064 munia
3116 4009 3329 4074 dantes,

286 4098 437 4153 Illico
468 4098 806 4169 pellendum,
840 4107 1063 4171 experto
1090 4117 1150 4155 se
1176 4100 1370 4167 milite,
1404 4117 1682 4172 promens.
2002 4102 2267 4172 Quodque
2292 4101 2493 4171 probro
2516 4102 2723 4172 petiere
2750 4102 2922 4172 proba
2952 4101 3209 4156 mercede
3239 4107 3543 4171 reportant,

289 4195 541 4250 Certatim
576 4195 705 4249 dum
728 4195 899 4251 fertur
926 4198 1124 4264 honos,
1155 4198 1284 4252 dum
1318 4214 1545 4252 munera
1564 4214 1687 4253 rura
2002 4194 2312 4248 Gaudentes
2342 4194 2529 4284 operis
2561 4193 2788 4265 inepino
2819 4210 3047 4284 munere
3069 4193 3260 4249 functi.

288 4285 490 4340 Guncta
513 4285 694 4340 oblata
719 4285 880 4361 fugit,
913 4287 994 4341 vir
1024 4288 1358 4358 paupertatis
1386 4289 1616 4349 amicus,
2002 4282 2091 4337 Sic
2106 4282 2269 4337 etiam
2298 4280 2572 4336 simulatis
2603 4282 2797 4352 inopes
2827 4281 3005 4336 aliena
3027 4287 3280 4352 petentes

290 4375 818 4443 Deseriturbicolas,
852 4376 985 4451 legit
1022 4377 1203 4432 abdita
1237 4378 1403 4433 lustra
1430 4377 1685 4432 ferarum.
2003 4374 2226 4445 Pr0pria
2246 4374 2482 4429 contecti
2503 4382 2789 4449 segmenta
2827 4375 3037 4445 pudore
3061 4378 3377 4446 capessunt.

290 4467 383 4521 llic
414 4481 638 4538 quoque
670 4466 954 4538 discipulis
992 4468 1187 4524 callem
1216 4468 1558 4524 sectantibus
1588 4474 1792 4523 arctum
2002 4463 2236 4521 Portitor
2261 4461 2465 4519 inﬁdus
2492 4464 2573 4519 sic
2601 4480 2696 4520 ora
2725 4464 2929 4520 rubore
2958 4464 3166 4520 salubri

288 4560 514 4613 Sumere
544 4558 822 4630 depensos
848 4560 915 4614 ad
947 4560 1145 4615 victum
1176 4578 1370 4616 suasus
1401 4561 1627 4636 agellos,
2004 4556 2240 4629 Eripitur
2268 4555 2728 4628 plexus,horrore
2756 4574 2787 4612 a
2819 4556 3012 4612 funere
3039 4565 3209 4612 tutus.

290 4647 430 4702 Vitat
456 4648 773 4718 pauperiem
797 4666 808 4702 :
842 4656 1097 4704 metuens
1121 4668 1190 4705 ne
1221 4651 1450 4722 perdere
1481 4652 1677 4705 almam
1705 4668 1715 4713 ;
1924 4717 1963 4723 Β
2003 4650 2143 4715 Quas
2172 4649 2387 4704 virtutis
2407 4665 2542 4721 Opes
2568 4665 2965 4721 nonnunquam
3000 4649 3200 4704 invicta
3228 4648 3492 4723 tegebant

290 4717 574 4791 leestem
606 4752 712 4792 non
735 4754 858 4792 esse
891 4738 1066 4793 fatens
1096 4742 1190 4811 qui
1222 4748 1397 4795 terrea
1417 4741 1628 4811 quaerit.
1924 4717 1978 4783 D
2004 4740 2235 4807 Gaudia,
2265 4757 2571 4815 pugnacem
2612 4740 2846 4797 stimulis
2865 4740 3139 4795 servantia
3168 4746 3405 4794 mentem

1780 4860 1986 4915 CAPUT
2036 4861 2141 4919 XV.

1421 4967 1497 5025 De
1524 4967 1749 5025 sanctis
1780 4963 2079 5025 Florentio
2110 4976 2162 5025 et
2199 4966 2514 5041 Eutychio.

296 5099 457 5165 Queis
484 5099 659 5173 viguit
689 5100 902 5155 meritis
931 5100 1095 5155 frater
1133 5100 1435 5156 Florentius
1466 5102 1574 5155 ursi
2014 5102 2262 5167 lnnocui,
2297 5103 2510 5157 Domini
2550 5101 2789 5156 vindicta
2818 5106 3003 5155 secuta
3033 5099 3301 5164 dolorem,

294 5188 623 5259 Obsequium
655 5189 851 5259 probat
879 5189 1159 5243 indomitae
1190 5195 1245 5244 et
1272 5188 1465 5245 solatia
1492 5188 1683 5255 DCIVtP,
2010 5192 2276 5247 Vindicta:
2304 5201 2359 5248 et
2383 5194 2646 5266 gemitus,
2677 5192 2861 5247 multae
2899 5192 3024 5246 data
3064 5189 3289 5245 ﬂumina
3319 5188 3445 5243 ﬂetu

297 5280 481 5335 Pastor
510 5282 829 5351 inexpertus
859 5281 1124 5356 gregibus
1154 5282 1357 5335 servire
1387 5280 1695 5344 bidentum,
2011 5283 2194 5339 Cernit
2224 5291 2278 5338 et
2304 5284 2511 5340 invisor
2549 5284 2710 5340 levita
2740 5291 2984 5339 servatus
3004 5290 3214 5338 amator

294 5370 485 5427 Parere
513 5373 808 5427 addiscens
837 5373 1087 5439 monitis,
1110 5371 1324 5441 jejunia
1356 5372 1515 5434 ferre,
2009 5373 2236 5455 Agmine
2266 5374 2450 5429 viroso
2481 5374 2772 5429 inveniens
2802 5372 3115 5428 habitacula
3143 5371 3288 5446 cingi

296 5462 621 5518 Praesentem
651 5480 870 5519 servare
898 5465 1103 5531 cibum,
1138 5481 1311 5520 ccenaa
1335 5464 1539 5519 addere
1572 5465 1745 5537 leges,
2014 5460 2248 5530 llospitis
2278 5460 2539 5530 impavidi
2572 5462 2729 5530 cujus
2758 5461 2861 5515 sub
2884 5477 3020 5517 voce
3059 5461 3306 5532 polorum

298 5553 481 5609 Livida
511 5556 635 5610 luce
656 5572 853 5610 manus
884 5556 1025 5629 signi
1054 5555 1308 5626 servique
1337 5555 1675 5626 peremptrix
2010 5554 2256 5608 Culmina
2287 5555 2656 5623 conclamant,
2689 5557 2926 5612 roboans
2948 5557 3033 5612 cui
3057 5557 3258 5611 militat
3286 5554 3453 5610 aether

370 5726 510 5797 (205)
556 5727 644 5781 Sic
699 5727 845 5790 cod.,
876 5727 971 5782 sed
1004 5725 1297 5797 legendum
1341 5726 1408 5779 de
1447 5724 1697 5779 Cerbonio
1737 5724 2021 5792 Populonii
2047 5726 2288 5793 episcopo
2309 5729 2357 5779 et
2387 5726 2665 5791 Fulgentio
2700 5727 3053 5780 Utriculensi.
