3972 6208
395 301 498 353 847
1146 297 1510 353 FLODOARDI
1553 296 1855 351 CANONICI
1899 294 2222 349 REMENSIS
2263 294 2600 349 OPUSCULA
2642 294 2933 350 METRICA
3630 301 3735 354 848

397 430 573 499 Atque
602 426 999 488 veneniferam,
1030 426 1227 480 sternit
1248 424 1581 506 perimitque
1612 439 1893 480 coronam.
2039 430 2086 496 Α
2112 422 2376 477 Panditur
2414 423 2632 494 expleto
2663 423 2825 478 claris
2854 423 3156 479 certamine
3186 426 3360 496 signis

399 517 603 569 Caetera
631 514 895 586 quaerenti
921 512 1176 585 suffragia
1206 520 1354 567 certa
1387 520 1647 584 parantur
2116 515 2237 583 Ipsa
2267 515 2430 569 etiam
2462 516 2630 568 vestis
2658 515 2846 569 divino
2878 532 3106 570 munere
3148 518 3304 571 testis

400 610 718 684 Plumigerze
738 608 923 663 subito
946 608 1119 663 series
1141 608 1348 680 perlata
1378 609 1620 663 cohortis
2112 602 2356 665 Accedit,
2390 605 2602 657 meritis
2625 613 2868 658 avertere
2898 605 3133 659 vindicis
3157 606 3287 661 iram

399 700 607 754 Funera
636 699 757 753 dira
787 700 975 753 levans
1004 706 1059 752 et
1080 696 1327 754 tristibus
1357 698 1495 752 atria
1517 712 1759 772 purgans
2112 691 2297 755 Sueta,
2326 691 2507 745 calore
2540 692 2865 762 hyperionio
2896 691 3257 767 ﬂagrantibus
3284 696 3444 750 arvis.

397 790 714 861 Eutychius,
745 805 973 846 consors
1001 788 1057 843 in
1094 788 1234 844 calle
1270 803 1509 859 superna
1538 795 1763 859 petente
2115 778 2271 843 Dum,
2304 778 2512 848 prolata
2534 779 2757 848 replens
2776 780 3022 835 sitientia
3045 797 3171 836 rura
3204 784 3449 846 madure,

399 883 586 953 Hujus,
618 893 916 940 turmarum
939 885 1050 940 dux
1081 883 1487 955 instrnctorque
1515 883 1752 955 piarum,
2121 869 2347 924 Nursica
2378 870 2631 924 fecundis
2653 871 2949 942 locupletat
2982 875 3185 944 praedia
3215 875 3418 929 nimbis

396 976 507 1039 Qua
541 974 812 1045 probitate
835 990 1036 1046 regens
1060 973 1273 1029 animas
1298 973 1367 1027 ad
1398 972 1546 1027 celsa
1575 972 1782 1029 vocarit

1872 1076 2079 1131 CAPUT
2129 1077 2259 1130 XVI.

1766 1178 1843 1237 De
1870 1187 2071 1238 sancto
2104 1179 2385 1237 Martium.

400 1321 623 1376 Marsica
662 1320 875 1375 Martini
907 1319 1031 1393 iuga
1064 1334 1418 1389 promeruere
1458 1318 1767 1390 triumphos
2118 1318 2210 1372 Sie
2252 1319 2376 1373 victi
2411 1319 2569 1374 furiis
2599 1321 2822 1375 victoris
2851 1321 3026 1395 gloria
3053 1323 3241 1375 claret.

398 1412 555 1480 Saepe
594 1410 781 1463 videre
810 1408 952 1483 geri,
982 1407 1156 1462 subici
1188 1406 1288 1461 atri
1323 1407 1461 1461 colla
1485 1407 1742 1462 draconis
2118 1406 2213 1460 Cui
2247 1408 2314 1461 de
2353 1424 2487 1477 rupe
2512 1409 2696 1464 ferens
2718 1411 2900 1480 prisco
2928 1411 3131 1463 undam
3158 1427 3387 1466 munere
3419 1412 3670 1467 Christus

399 1503 605 1556 Pcllere
635 1500 918 1572 praestanti
957 1499 1185 1554 nitentis
1214 1497 1349 1553 sede
1380 1500 1691 1554 columnam
2118 1504 2285 1561 Quam
2318 1500 2485 1553 cliaro
2518 1500 2779 1554 famulum
2815 1502 2977 1555 docet
3014 1503 3378 1570 amplectatur
3413 1520 3601 1559 amore

397 1593 644 1648 Cwlestis
675 1592 839 1653 rutilo
866 1592 991 1647 vita:
1021 1592 1322 1663 splendore
1364 1592 1653 1646 nitentem.
2116 1586 2289 1656 quue
2322 1588 2611 1657 repentina
2639 1588 2932 1642 muliebria
2953 1587 3062 1642 fata
3093 1589 3249 1641 ruina

395 1687 583 1740 Securi
613 1686 885 1757 siquidem
919 1692 1214 1755 penetrans
1241 1700 1341 1755 per
1362 1684 1556 1739 crebro
1580 1683 1867 1747 latebram,
2124 1677 2417 1732 Notiticant
2447 1679 2651 1733 lmsissc
2683 1681 2848 1733 Deum
2883 1697 3005 1751 quae
3028 1680 3165 1734 laesit
3193 1685 3513 1735 alumnum:

396 1779 577 1834 lnnuit
617 1795 676 1833 sc
706 1787 875 1834 strato
908 1778 1182 1850 precibus,
1221 1777 1568 1849 tendensque
1596 1784 1883 1831 tremorem
2126 1769 2233 1823 Nec
2250 1770 2433 1824 minus
2463 1781 2517 1825 et
2544 1772 2698 1841 pueri
2732 1774 2866 1842 proh
2908 1773 3046 1826 mira
3078 1773 3267 1827 relatio
3296 1774 3430 1843 lapsi

397 1870 647 1925 Incutere
685 1869 865 1924 oranti
884 1867 1117 1923 vinceda
1154 1868 1338 1921 thema
1369 1867 1640 1920 ministret
1672 1865 1884 1936 (205‘);
2044 1910 2091 1939 η
2125 1865 2223 1918 Per
2248 1866 2469 1919 scabros
2502 1873 2613 1920 tute
2643 1869 2919 1938 scopulos,
2946 1884 3043 1939 per
3066 1884 3238 1938 prona
3269 1869 3476 1923 ruentis

397 1910 647 1925 ........-..,
686 1910 865 1924 ν.......
894 1910 1117 1923 mw---
1155 1910 1338 1921 ...υ.....
1672 1910 1802 1935 ,ην
1840 1910 1884 1936 ,,
2127 1910 2139 1917 .
2166 1910 2212 1918 ν.
2248 1910 2469 1919 υν-..,..,ν
2503 1910 2613 1920 ,ων
2643 1910 2919 1938 “verum”,
2946 1910 3031 1939 νυ.
3066 1910 3238 1938 μνη..
3269 1910 3381 1922 ...ω

396 1960 505 2012 Nec
534 1957 676 2013 valet
700 1957 955 2011 inlectam
990 1954 1289 2010 temnentis
1319 1954 1591 2025 stringere
1620 1970 1875 2018 carnem;
2044 1910 2095 1978 Β
2124 1957 2295 2027 Rupis
2322 1966 2373 2011 et
2414 1960 2617 2012 avulsae
2649 1959 2819 2013 saltus
2840 1976 3008 2030 super
3035 1960 3195 2014 obvia
3225 1967 3385 2023 tecta,

393 2050 707 2120 Titaniaque
731 2047 826 2103 ubi
858 2055 939 2101 ter
959 2054 1133 2101 metas
1163 2055 1440 2101 consumit
1473 2046 1662 2113 inane,
2122 2046 2451 2118 Speluncam
2496 2049 2668 2118 patris
2700 2049 2936 2120 impulsu
2970 2066 3036 2104 ne
3068 2050 3291 2105 laederet
3319 2058 3490 2116 actae;

395 2144 669 2195 Accensus
699 2139 1094 2213 Phlegetontzei
1130 2136 1339 2192 fervore
1372 2136 1569 2193 furoris
2124 2142 2249 2212 Ipsa
2280 2150 2476 2197 catena
2514 2143 2734 2213 pedem,
2777 2144 3057 2199 Benedicti
3096 2146 3163 2198 ad
3190 2146 3340 2213 jussa
3374 2148 3673 2211 resolvens,

394 2228 604 2283 Evomit
642 2226 930 2282 horrificas
960 2227 1169 2282 devexa
1204 2241 1302 2297 per
1333 2225 1481 2280 invia
1503 2225 1774 2293 flammas,
2119 2231 2279 2301 Saepe
2312 2231 2582 2285 fatiscenti
2616 2232 2807 2287 tribuit
2835 2249 2959 2303 quae
2993 2235 3189 2288 robora
3212 2233 3344 2288 recti

395 2319 537 2375 Dans
555 2336 678 2375 sese
708 2320 762 2374 in
792 2336 1037 2392 praeceps
1058 2318 1263 2391 sparsis
1293 2334 1519 2375 nemora
1552 2317 1773 2392 ignibus
1800 2334 1967 2374 urens
2001 2338 2012 2372 :
2118 2320 2494 2392 Funicoloque
2518 2322 2671 2375 dedit
2691 2321 2818 2375 ferri
2854 2322 3082 2377 traxisse
3108 2323 3371 2397 vigorem.

1862 2445 2071 2501 CAPUT
2118 2446 2273 2502 XVII.

1477 2547 1555 2606 De
1581 2546 1874 2606 monacho
1902 2547 2147 2606 nomine
2181 2545 2671 2620 Quadragesimo.

394 2685 523 2750 Quis
548 2683 737 2755 quanti
767 2682 948 2737 meriti
970 2682 1058 2736 cui
1091 2680 1553 2753 Quadragesimus
1578 2680 1780 2750 hospes
2117 2681 2344 2737 Pulvere
2373 2681 2589 2738 viviﬁco
2616 2698 2848 2758 surgens
2877 2682 3073 2753 probat
3103 2699 3198 2739 ora
3228 2684 3451 2740 fricatus

397 2776 640 2832 Extiterit
678 2774 1001 2839 monachus,
1024 2772 1243 2846 fugiens
1268 2770 1620 2825 venerandus
1642 2771 1900 2837 honores,
2112 2772 2207 2828 Vix
2232 2774 2381 2829 letho
2413 2774 2672 2845 precibus
2702 2782 2889 2845 raptus
2918 2774 3139 2847 lucique
3162 2776 3439 2831 reductus.

1830 2900 2037 2957 CAPUT
2085 2902 2269 2958 XVIII.

1531 3000 1608 3062 De
1637 3002 1946 3063 Benedicto
1975 3006 2266 3063 monacho
2297 3014 2349 3063 et
2382 3005 2569 3064 Μέντα.

391 3126 700 3195 Campanus
730 3138 949 3195 quoque
981 3137 1144 3194 quam
1174 3120 1338 3175 nituit
1358 3119 1684 3174 Benedictus
1706 3119 1775 3174 ab
1810 3119 1935 3193 igne
2110 3119 2357 3175 Defensa:
2382 3120 2710 3191 profitentur
2738 3138 2889 3183 apes.
2928 3139 3247 3193 pressaeque
3276 3124 3502 3194 rapinae,

388 3214 643 3270 Criminis
668 3213 947 3278 immunis,
989 3210 1172 3266 hostili
1203 3209 1461 3281 panditur
1490 3208 1619 3283 igne
2106 3212 2312 3282 Spretis
2331 3213 2607 3283 supplicio
2640 3213 2824 3267 verbis
2858 3214 3082 3270 invasor
3110 3214 3357 3280 adactus,

387 3310 591 3364 Caetera
612 3314 890 3362 vastantes
921 3306 1139 3361 flamma
1178 3310 1473 3375 superante
1504 3319 1736 3375 vapores
1769 3321 1783 3369 ;
2027 3320 2076 3386 Ο
2102 3304 2381 3359 Mansuete
2411 3303 2524 3359 fera
2551 3321 2723 3376 prona
2744 3323 2958 3372 manus,
2992 3314 3109 3361 truv
3128 3306 3382 3363 subditus
3410 3310 3615 3364 hostis.

384 3398 650 3454 Indicium
682 3397 897 3453 accedit
928 3397 1113 3468 potius
1144 3395 1386 3449 fervante
1418 3393 1605 3449 furore
2105 3392 2345 3463 Subjecti
2379 3392 2566 3447 ferulae
2598 3392 2946 3450 fremebundi
2978 3396 3225 3450 caedibus
3256 3397 3367 3450 ursi

385 3494 602 3547 lnvicue
643 3490 935 3563 probitatis
966 3504 1106 3560 opus
1122 3487 1341 3543 fornace
1375 3486 1664 3556 probante,
2104 3484 2334 3540 Caesaris
2368 3485 2588 3541 lenibus
2628 3486 2906 3561 fugientes
2932 3490 3097 3543 mella
3127 3488 3380 3563 ﬂagellis.

381 3583 609 3653 Quoque
638 3581 812 3651 magis
835 3579 1035 3649 petitur
1054 3576 1317 3632 furiarum
1350 3575 1577 3631 ardente
1607 3576 1811 3643 calore,
2106 3578 2336 3631 Incestis
2368 3579 2618 3649 trepidus
2648 3580 2885 3636 latitanti
2918 3597 3149 3637 munere
3177 3582 3345 3636 credis

387 3670 688 3742 Hocmagis
713 3665 984 3740 effulgens
1011 3665 1130 3719 auri
1172 3664 1489 3734 resplendet
1517 3664 1748 3727 honore.
2106 3670 2421 3741 Deprensus
2448 3673 2673 3727 sceleris
2690 3689 2939 3729 censurae
2968 3676 3089 3729 luce
3119 3682 3397 3745 stuprator

385 3762 501 3817 Non
528 3761 767 3816 audente
798 3774 932 3830 rogo
960 3758 1045 3813 vel
1076 3772 1289 3812 summa
1319 3755 1531 3810 fervere
1565 3766 1737 3812 veste.
2106 3758 2325 3830 Hocque
2356 3760 2651 3836 redarguto
2676 3763 2872 3818 servati
2904 3763 3134 3817 crimine
3167 3763 3371 3834 plures.

385 3855 554 3918 Quam
583 3852 755 3909 coluit
781 3859 974 3905 sancte
1006 3848 1273 3903 Samnitis
1310 3847 1555 3902 culmina
1581 3847 1788 3914 Menas,

1857 3954 2063 4011 CAPUT
2110 3956 2243 4011 XIX.

923 4055 1001 4115 De
1037 4073 1160 4133 qua
1184 4055 1449 4131 lragz’nta
1476 4057 1724 4114 rusticis
1752 4063 1804 4114 et
1834 4055 1919 4115 eis
1947 4057 2056 4132 qui
2084 4066 2262 4134 caput
2300 4076 2492 4136 caprae
2519 4060 2848 4121 noluerunt
2879 4061 3153 4121 adorare.

375 4191 712 4248 Ausonidum
743 4203 855 4261 quo
884 4186 1233 4245 constiterint
1263 4186 1352 4258 pia
1375 4185 1541 4241 corda
1564 4186 1801 4242 virorum
2090 4186 2191 4239 Aut
2220 4185 2373 4239 necis
2390 4185 2660 4256 asperitas
2686 4186 3135 4242 valuitdivellere
3167 4186 3398 4243 Christo.

375 4288 587 4344 Robore
626 4284 875 4341 ruricolae
906 4289 1177 4339 testantur
1214 4282 1424 4337 viscere
1454 4289 1660 4353 tempto
2092 4280 2186 4337 Hic
2215 4297 2435 4353 quoque
2467 4281 2559 4353 qui
2600 4297 2754 4337 caesae
2787 4282 3031 4337 ridentes
3059 4298 3211 4337 sacra
3243 4282 3469 4352 capellae

374 4379 580 4445 Fortes,
621 4378 893 4450 sacrilego
912 4391 1053 4447 quos
1079 4375 1444 4450 quadraginta
1472 4374 1776 4445 prehensas
2004 4441 2051 4450 _
2095 4370 2231 4425 Dum
2262 4370 2461 4442 capitis
2488 4371 2713 4425 horrent
2737 4386 2895 4426 orare
2919 4370 3111 4425 insana
3142 4371 3351 4442 caprini

376 4471 609 4525 Barbara
634 4485 737 4525 nec
774 4484 973 4523 manus
1012 4483 1147 4522 ense
1179 4467 1363 4521 minax
1398 4481 1502 4522 nec
1540 4464 1757 4521 funeris
1794 4441 2062 4520 horrorD
2089 4461 2452 4533 Splendorem
2483 4461 2637 4535 regni
2659 4460 2901 4532 capitum
2932 4460 3188 4515 mercede
3212 4468 3490 4532 pararunt.

1845 4589 2056 4645 CAPUT
2104 4588 2211 4643 XX.

1517 4692 1593 4752 De
1620 4697 1846 4754 sanctis
1874 4696 2156 4753 Amantio
2187 4700 2239 4751 et
2272 4692 2403 4751 Flor
2416 4690 2535 4750 ida.

364 4828 534 4891 Quam
566 4824 758 4879 validae
787 4822 972 4877 senior
1013 4820 1224 4877 virtutis
1260 4818 1544 4874 Amantius
1572 4825 1697 4875 actu
2086 4820 2359 4887 Floridus,
2384 4824 2603 4873 enarrat
2632 4815 2858 4888 dapium
2889 4816 3244 4870 decoramine
3277 4823 3465 4886 pastus

360 4916 718 4988 Simplicitate
750 4914 931 4968 nitens
961 4911 1231 4967 effulserit
1258 4927 1405 4989 aegra
1433 4910 1670 4965 levando
1946 4912 1955 4919 ’
2082 4914 2365 4986 Multiplici
2388 4914 2587 4985 prtesul
2619 4912 2810 4968 crebro
2839 4918 2895 4967 et
2925 4911 3263 4965 saturamine
3304 4911 3525 4981 plenus,

358 5009 526 5063 Tactu
557 5004 803 5061 membra
821 5021 1021 5060 manus
1046 5010 1101 5059 et
1129 5002 1432 5074 apostolico
1462 5002 1605 5058 altus
1634 5002 1869 5068 honore,
2081 5005 2485 5079 Gregoriusque
2509 5012 2686 5071 pater,
2713 5002 2941 5074 verique
2964 4999 3158 5054 nitoris
3174 5007 3387 5053 amator

358 5102 551 5166 Quam,
584 5096 765 5152 crucis
792 5094 862 5150 ad
887 5094 1128 5167 signum,
1152 5092 1336 5150 virosa
1364 5092 1687 5168 extinguere
1717 5092 1873 5149 fortis
2077 5093 2338 5165 Apposito
2370 5092 2564 5164 probat
2593 5092 2788 5146 insano
2814 5088 3074 5158 salvoque
3108 5095 3352 5159 recepto.

1835 5232 2046 5288 CAPUT
2085 5231 2219 5287 XXI.
2313 5243 2325 5254 ‘

1818 5342 1897 5401 De
1938 5343 2247 5404 Sanctulo.

349 5469 463 5531 Qua
493 5462 773 5536 probitate
789 5465 984 5538 vigens
1010 5465 1233 5535 pietatis
1259 5466 1471 5524 lumine
1496 5468 1677 5524 clarus
2076 5468 2200 5538 Ipse
2228 5467 2315 5521 vel
2351 5473 2577 5523 exactus
2600 5467 2742 5523 votis
2779 5472 3022 5519 extrema
3052 5462 3273 5519 fatetur.

348 5554 648 5610 Sanctulus
686 5552 883 5607 enituit
912 5565 1096 5609 narrat
1120 5556 1319 5610 vicinis
1352 5559 1506 5613 testis
2076 5555 2309 5626 Namqui
2341 5562 2537 5625 petens
2564 5555 2671 5611 olei
2693 5554 2864 5625 praelo
2897 5559 3164 5607 renuente
3193 5552 3466 5625 liquorem

414 5668 604 5737 (205*)
647 5664 823 5717 Verba
852 5677 1122 5738 corrupta.
