3972 6208
314 292 420 346 861)
924 293 1005 346 DE
1044 292 1298 346 CllIlISTI
1338 293 1696 348 TRIUilPIllS
1734 295 1904 349 APUD
1947 295 2209 349 ITALIAM
2253 295 2425 350 LIBRI
2467 295 2596 349 XIV.
2641 326 2696 335 -—
2747 297 2849 351 LIB
2913 299 3051 356 XIII.
3552 304 3660 362 850

319 415 492 483 Atque
525 414 876 481 importunus
908 414 1096 467 Bardis
1127 415 1478 487 cingentibus
1501 415 1713 470 instans
1969 425 2021 489 Α
2047 419 2166 488 Ipse
2189 417 2478 471 occidendi
2500 424 2758 488 properat
2789 417 2906 471 vice
2938 419 3164 473 tendere
3193 420 3352 484 colla,

319 508 474 570 Quod
513 516 666 577 rogat
696 507 960 578 impertit,
981 509 1197 562 confert
1224 510 1370 580 quod
1399 526 1645 580 quaerere
1674 510 1844 577 visus,
2044 506 2447 576 Subjectusque
2486 505 2606 559 ensi
2642 504 2887 559 ferientis
2907 507 3154 562 continet
3182 511 3388 578 ulnam,

319 594 531 662 Mitigat
562 595 809 649 infensos
841 595 1112 665 placidus,
1149 596 1415 667 laetusque
1456 597 1700 652 furentes
2044 596 2359 666 Elatamque
2387 596 2578 668 gelans
2612 594 3008 650 emollitcorda
3040 597 3342 665 furentum,

321 687 594 740 Exhilarat
624 687 1016 759 lymphamque
1042 705 1233 742 serens
1261 689 1395 761 legit
1427 691 1671 762 unguina
1701 691 1864 755 laeta,-
2041 688 2212 757 Atque
2243 703 2387 761 genu
2418 686 2559 740 ﬂexo
2589 687 2834 741 dirorum
2878 697 3100 756 pectora
3137 687 3325 755 flectit,

321 775 589 846 Pluraque
629 775 724 845 qui
757 776 947 844 paucis
981 793 1080 845 per
1098 793 1156 829 se
1188 776 1318 829 olim
1340 776 1511 829 millia
1553 777 1699 846 pavit
2040 775 2276 830 Mitilicat
2302 775 2522 840 crudos,
2553 785 2767 830 atroces
2807 775 3063 848 subjugat
3096 778 3279 831 hostes

320 863 513 917 Multos
546 881 686 934 pane
717 864 907 917 cibaus
941 881 1038 934 per
1058 880 1274 917 servum
1306 872 1515 918 recreat
1540 880 1648 917 uno
2035 868 2442 939 Absolvensqne
2474 885 2646 933 reum,
2677 876 2944 922 temerare
2977 869 3104 922 hinc
3135 877 3324 924 sancta
3345 880 3650 942 vacantem,

319 958 508 1011 Divina
535 958 779 1011 bonitate
806 957 934 1011 dato
963 957 1233 1028 fessisque
1258 967 1471 1027 reperto
2034 956 2238 1009 liimitti
2270 956 2428 1022 jubet
2457 956 2742 1016 innocuos,
2778 955 2868 1009 dat
2897 955 3050 1009 abire
3081 957 3290 1011 solutos
3323 976 3336 1022 ;

317 1050 576 1103 :‘Edicolis
607 1049 712 1102 usti
750 1050 902 1104 testis
935 1050 1319 1119 reparantibus
1346 1049 1548 1112 aulam,
2035 1049 2278 1118 Dumque
2304 1047 2423 1100 neci
2461 1047 2625 1100 unius
2653 1064 2711 1101 se
2745 1065 2844 1118 pro
2877 1049 3181 1104 cervicibus
3203 1049 3360 1106 oﬂ'ert

314 1139 530 1208 Quique
551 1138 640 1190 die
672 1138 860 1207 paucis
895 1143 1081 1207 posset
1113 1137 1244 1190 satis
1271 1153 1391 1190 esse
1422 1138 1505 1188 vel
1537 1151 1646 1189 una
2037 1139 2256 1193 Jactura
2285 1137 2490 1192 multos
2512 1137 2818 1192 libernecis
2847 1139 2963 1209 ipse
2993 1141 3236 1196 resolvit.

317 1231 375 1284 In
408 1231 490 1283 bis
512 1230 758 1301 quinque
781 1245 908 1282 esus
933 1229 1243 1283 numerosis
1264 1226 1464 1281 sufficit
1488 1243 1653 1291 unus,
2043 1231 2152 1284 Iloc
2191 1230 2393 1284 lethale
2425 1230 2625 1283 malum
2660 1231 2836 1300 rapidi
2871 1232 2926 1284 in
2954 1248 3108 1287 sacra
3138 1250 3265 1287 vasa
3289 1233 3488 1288 furoris

314 1323 649 1374 Accrescens
673 1320 879 1374 mensis
909 1318 1188 1374 cumulato
1222 1317 1490 1391 fragmine
1524 1315 1700 1387 panis.
2042 1318 2339 1390 Sanguinis
2364 1318 2649 1385 hancjusti
2685 1318 2895 1372 foveam
2923 1336 3234 1392 saevamque
3264 1321 3581 1392 charybdin)

318 1414 440 1477 Iste,
471 1413 563 1465 Dei
590 1420 853 1482 praestans
883 1411 1034 1465 celso
1059 1411 1314 1464 sublimis
1341 1425 1548 1473 amore,
2046 1411 2246 1481 Martyr
2268 1409 2516 1464 Pontifici
2542 1410 2646 1464 fert
2679 1410 2955 1480 Eutychus
2982 1421 3107 1465 ante
3142 1412 3446 1482 Redempto

317 1503 432 1556 Non
464 1500 968 1572 dubitatpropriam
994 1500 1144 1553 fratri
1175 1500 1494 1569 dependere
1529 1500 1698 1553 vitam
2044 1499 2399 1569 Addiscitque
2441 1498 2761 1552 Ferentinas
2786 1499 2858 1552 ita
2884 1497 2991 1552 fine
3022 1501 3338 1572 pr0pinquo

321 1593 756 1664 Subjectumque
795 1590 935 1663 fuga:
966 1589 1224 1663 suffragia
1253 1606 1474 1644 sumere
1507 1605 1732 1661 cogens,
2046 1589 2344 1641 llumanam
2379 1587 2504 1640 ferri
2535 1595 2778 1643 saerator
2804 1587 2871 1642 ad
2900 1588 3091 1643 ultima
3129 1605 3370 1654 carnem,

1900 1726 2105 1779 CAPUT
2146 1725 2302 1780 XXII.

1055 1832 1127 1890 De
1155 1834 1379 1890 sanctis
1409 1831 1676 1907 Specioso
1709 1839 1759 1888 et
1791 1830 2069 1906 Gregorio
2103 1831 2396 1908 fratribus
2427 1840 2748 1907 sanctoque
2780 1829 2912 1908 Spe.

312 1968 480 2030 Quam
512 1971 701 2019 sancle
742 1970 907 2033 atque
938 1962 1023 2030 pie
1061 1961 1340 2015 Benedicti
1373 1962 1629 2035 dogmate
1659 1959 1828 2030 patris
1962 1963 2010 2030 Β
2038 1957 2357 2012 Notilieatur
2387 1957 2532 2021 huic,
2559 1957 2790 2012 Domino
2823 1966 3126 2031 retegente,
3160 1960 3365 2015 laboris

314 2054 541 2108 Lusll‘ali
576 2054 766 2106 fratres
785 2051 1080 2121 Speciosus
1112 2060 1411 2120 menteque
1444 2066 1618 2103 nexus
2033 2048 2344 2112 Terminus,
2376 2053 2430 2100 et
2459 2047 2710 2100 claustris
2739 2048 3048 2114 mandatur,
3083 2049 3289 2104 lumine
3321 2060 3541 2122 sumpto

311 2146 604 2218 Gregorius
630 2161 791 2216 gazas
830 2143 951 2197 coeli
977 2145 1030 2196 in
1063 2150 1275 2196 secreta
1307 2142 1481 2196 tulere
2033 2138 2307 2208 Corporis,
2342 2135 2564 2209 attiguis
2598 2136 2782 2189 lumen
2814 2152 3134 2210 respergere
3163 2140 3362 2205 cordis,

317 2238 465 2290 Illius
495 2237 792 2310 ingressus,
828 2235 989 2305 hujus
1017 2234 1325 2304 speculatio
1354 2241 1639 2287 monstrat.
2031 2229 2304 2300 Obsequio
2337 2229 2555 2298 expleto
2588 2244 2845 2283 remeans
2874 2229 3110 2283 statione
3143 2231 3341 2296 revisa,

318 2330 378 2382 L't
409 2329 621 2398 patiens
660 2327 852 2383 Christi
893 2326 994 2381 sub
1037 2327 1265 2380 verbere
1293 2325 1623 2397 longanimis
1649 2325 1787 2395 Spes
2029 2322 2191 2375 Sacra
2215 2321 2351 2391 petit
2376 2319 2699 2389 mediusque
2722 2318 2910 2373 accitis
2940 2319 3197 2374 fratribus
3225 2328 3427 2386 astans,

313 2421 651 2484 Constiterit,
684 2435 860 2475 caecus
892 2419 1027 2475 facie
1058 2419 1152 2472 sed
1185 2419 1350 2473 corde
1389 2417 1671 2481 renidens,
2029 2411 2247 2465 Cantica
2276 2409 2400 2462 diva
2429 2415 2585 2462 sonat
2615 2417 2919 2479 cantusque
2940 2409 3165 2463 exordia
3203 2427 3472 2484 pangens.

313 2514 588 2568 Exteriore
620 2528 814 2567 carens
845 2511 988 2566 haud
1013 2511 1269 2566 interiore
1305 2510 1494 2574 nitela,
2032 2500 2278 2552 Intentus
2307 2497 2564 2568 precibus
2594 2513 2716 2551 eum
2751 2498 2892 2552 votis
2923 2498 3105 2553 sidera
3135 2500 3370 2564 scandit,

311 2607 575 2662 Redditus
605 2606 878 2676 expromit
909 2615 1031 2676 post
1054 2606 1217 2677 longa
1233 2602 1516 2658 volumina
1549 2601 1719 2656 visus.
2031 2593 2205 2662 Atque
2235 2589 2552 2645 οοιυῐηδίηο
2582 2591 2730 2643 ViSUS
2763 2599 2952 2660 Ρῡῐοω
2982 2600 3127 2646 astra
3157 2593 3339 2648 V0181"

315 2699 587 2751 Annorum
621 2695 781 2751 denis
812 2695 1030 2751 tandem
1064 2700 1258 2766 quater
1290 2691 1520 2747 orbibus
1552 2689 1689 2744 actis
2035 2685 2285 2740 Proditur
2315 2685 2416 2739 hac
2445 2693 2588 2739 meta
2617 2701 2784 2755 quam
2811 2684 3040 2756 simplex
3067 2692 3185 2741 acta
3212 2689 3481 2758 palaestra.

1771 2815 1980 2872 CAPUT
2019 2815 2201 2870 XXIII.

789 2931 864 2990 De
893 2930 1152 3007 quodam
1182 2930 1516 3008 presbytero
1548 2926 1782 2986 Nursiae
1810 2935 1861 2984 et
1895 2925 2082 2983 Probo
2114 2921 2378 3000 episcopo
2410 2930 2587 2998 atque
2617 2920 2915 2997 Stephano
2947 2922 3169 2981 abbate.

313 3073 569 3128 Nursicus
600 3073 686 3126 ille
716 3088 883 3126 senex
915 3071 1116 3125 sociam
1145 3070 1237 3141 qui
1266 3069 1459 3122 limine
1493 3068 1647 3139 pellit
2034 3063 2182 3117 Ilanc
2212 3077 2375 3117 secus
2396 3060 2632 3116 internis
2656 3061 2887 3115 rutilans
2923 3060 3220 3118 virtutibus
3250 3065 3438 3120 urbem

312 3163 480 3216 Morte
510 3178 729 3232 quoque
761 3160 1050 3214 adstrictus
1082 3161 1290 3230 paleam
1308 3159 1594 3232 velutigne
1627 3174 1928 3228 pavescens
2030 3156 2394 3226 Contemptor
2427 3155 2742 3224 Stephanus
2773 3155 2963 3209 mundi
2986 3174 3156 3228 quam
3199 3159 3398 3216 robore
3429 3159 3583 3217 firmo

311 3257 544 3311 Accendi
575 3255 836 3308 membris
856 3253 1110 3324 prohibet
1139 3255 1392 3323 prepiare
1424 3251 1638 3314 solutis,
2031 3248 2316 3302 Excellens
2345 3246 2513 3300 animi
2550 3247 2809 3316 patientis
2828 3247 3020 3302 coalica
3054 3249 3193 3303 rexit

309 3349 476 3409 Quam
520 3345 865 3414 bene,quam
898 3350 1046 3396 caste
1081 3342 1388 3409 injunetum
1417 3341 1650 3395 servavit
1672 3340 1815 3395 ovile
1945 3366 1993 3430 Ο
2027 3337 2209 3390 Castra
2251 3337 2444 3390 cluens
2470 3335 2598 3390 finis
2623 3336 2756 3391 clari
2777 3338 3050 3407 depromit
3075 3339 3288 3410 agonis.

308 3439 585 3492 Adventus
615 3435 758 3490 Petri
791 3434 1052 3506 Paulique
1077 3442 1130 3488 et
1160 3435 1333 3508 gratia
1363 3435 1562 3489 clamat
1957 3427 1978 3430 ⁷
2023 3427 2270 3482 Cernitur
2299 3435 2352 3482 et
2380 3427 2552 3502 gestis
2594 3428 2868 3498 dictisque
2899 3435 2953 3498 et
2982 3444 3170 3483 amore
3203 3438 3500 3488 nocentum

310 3531 515 3585 Laetitia
548 3529 780 3598 repetita
805 3528 954 3582 senis
981 3544 1237 3598 suprema
1269 3527 1537 3581 trahentis
2020 3517 2209 3571 Messis
2237 3527 2296 3572 ut
2327 3519 2566 3572 incensae
2597 3518 2890 3589 tranquilla
2921 3526 3106 3574 mente
3129 3519 3378 3575 levamen

310 3619 570 3680 Flamina,
600 3619 970 3687 decessusque
1004 3615 1156 3689 nigra
1189 3615 1481 3670 formidine
1511 3615 1665 3668 liber.
2018 3613 2285 3666 Amittens
2315 3611 2465 3665 dolet
2495 3610 2735 3676 authori,
2765 3627 2864 3665 sua
2893 3611 3095 3666 damna
3138 3611 3384 3669 refutans

304 3708 407 3761 Sed
439 3723 617 3776 neque
646 3703 920 3775 pontificis
953 3704 1199 3758 florentis
1239 3703 1481 3758 culmine
1509 3704 1632 3756 vitae
2020 3707 2417 3781 Flagitiumque
2438 3721 2670 3779 gemens
2696 3704 2854 3773 cujus
2883 3704 3172 3761 decoratur
3193 3707 3426 3777 honore,

305 3797 446 3851 Urbe
479 3797 706 3850 Reatina
737 3794 922 3859 Probi,
949 3793 1048 3848 etsi
1080 3794 1326 3864 pondere
1360 3809 1629 3862 pressum,
2023 3795 2204 3849 Exitus
2233 3793 2483 3868 angelico
2514 3809 2638 3864 qua:
2667 3808 2777 3848 non
2811 3793 3103 3863 praesentia
3133 3794 3280 3849 visus

306 3887 605 3958 Languoris
635 3901 838 3956 supero
877 3884 1166 3939 frustratur
1197 3885 1401 3939 lumine
1423 3885 1606 3945 funus,
2025 3883 2264 3938 Mortalis
2296 3882 2537 3954 perferre
2578 3882 2741 3949 valet,
2775 3897 2880 3936 nec
2909 3881 3325 3950 cmlicasuffert,

312 3978 444 4031 Dum
475 3976 758 4031 Iuvenalis
788 3975 1195 4046 Eleutheriique
1224 3976 1400 4030 nitore
1431 3974 1754 4027 tremiscens
2026 3973 2158 4025 Dum
2190 3981 2343 4041 pater
2369 3970 2632 4025 emeritus
2661 3970 3060 4042 comprendere
3090 3971 3308 4026 scandit
3340 3974 3478 4043 (206)

309 4070 420 4124 Non
456 4070 599 4123 valet
629 4085 871 4123 assessor
898 4069 1169 4121 visentum
1203 4067 1342 4122 ferre
1375 4068 1630 4122 decorem
1665 4086 1680 4130 ;
2026 4067 2254 4122 Praemia
2283 4074 2566 4137 perpetua:
2591 4066 2854 4122 caelorum
2884 4067 2936 4122 in
2967 4082 3135 4140 regna
3163 4081 3401 4122 coronae.

310 4159 474 4223 Queis
503 4159 795 4214 comitatus
825 4158 938 4212 adit
967 4158 1216 4232 gaudens
1245 4156 1492 4211 cualestia
1523 4157 1738 4226 priesul.

1757 4286 1969 4341 CAPUT
2010 4285 2184 4340 XXIV.

575 4397 648 4453 De
676 4395 901 4453 duobus
932 4398 1242 4454 monachis
1287 4393 1652 4453 Vatentionis
1691 4391 1918 4451 abbatis
1946 4399 1998 4449 et
2024 4397 2228 4448 sancto
2257 4388 2544 4448 Suranno
2570 4399 2750 4466 atque
2780 4391 3032 4450 dia-cono
3063 4392 3344 4468 quodam.

310 4531 609 4585 Barbaricze
645 4531 858 4584 feritate
891 4547 1088 4584 manus
1110 4531 1177 4584 de
1210 4531 1408 4586 robore
1443 4531 1597 4600 pensi
1938 4538 1997 4607 D
2021 4527 2357 4596 Pectoraque
2399 4525 2685 4595 excipiens
2713 4527 2950 4582 tremulo
2981 4528 3288 4584 vibramine
3317 4539 3498 4585 motus

307 4625 452 4687 Quos
477 4622 618 4675 alma
649 4622 923 4676 imbuerat
955 4623 1225 4692 probitate
1257 4622 1505 4676 Valentio
1538 4621 1752 4680 fratres.
2028 4621 2137 4676 Hoc
2164 4621 2406 4692 loquitur
2435 4620 2661 4675 sceleris
2689 4622 2923 4676 horrens
2953 4623 3276 4678 discrimina
3305 4625 3433 4679 szevi

308 4715 437 4767 Dum
474 4714 644 4767 functi
679 4714 890 4769 alterno
923 4715 1214 4769 reboantes
1243 4715 1485 4768 carmina
1519 4715 1777 4784 psallunt.
2027 4715 2100 4766 Ac
2124 4711 2348 4766 sufferre
2380 4720 2621 4766 tremens
2653 4713 2873 4783 pietatis
2897 4716 3146 4784 pondera
3176 4725 3355 4770 tanta}.

306 4803 563 4858 Attonitis
582 4804 728 4857 clara
759 4803 920 4856 laniis
945 4819 1165 4874 quoque
1199 4819 1332 4856 voce
1363 4801 1602 4857 fatentur
2027 4803 2148 4873 Ipse
2178 4818 2397 4874 quoque
2426 4802 2479 4856 id
2511 4818 2682 4858 caasor
2705 4803 2860 4856 Marsi
2893 4804 2994 4858 sub
3035 4822 3190 4860 sacra
3221 4806 3453 4860 ministri

305 4895 473 4958 Quam
495 4909 620 4947 vere
652 4892 867 4946 Domini
888 4893 1075 4947 vivant
1101 4902 1224 4962 post
1254 4892 1447 4946 funera
1478 4893 1642 4959 servi,
2027 4897 2230 4952 Eventu
2262 4899 2481 4970 pandit:
2512 4899 2707 4953 merito
2738 4914 2976 4970 caroque
3004 4901 3206 4956 cliente

307 4982 457 5036 Mons
488 4982 650 5036 etiam
678 4981 900 5036 absecto
941 4982 1131 5035 Surani
1152 4983 1354 5037 vertice
1387 4992 1577 5037 tonsus
2021 4986 2296 5054 Abscisso,
2322 4986 2533 5042 Domini
2575 4986 2782 5041 crudeli
2812 4987 3085 5043 addicitur
3111 4988 3276 5045 hosti.

1762 5117 1972 5172 CAPUT
2007 5119 2157 5174 XXV.

1322 5219 1396 5278 De
1423 5222 1650 5280 sanctis
1685 5219 1924 5294 .ilcttito,
1963 5221 2342 5299 leeophanio
2379 5234 2431 5284 et
2459 5226 2652 5285 Pet-ro.

305 5361 472 5421 Quam
505 5359 740 5429 simplex
781 5376 1061 5431 purusque
1091 5360 1197 5430 piis
1222 5361 1456 5415 Mellitus
1491 5362 1543 5416 in
1573 5365 1708 5418 aclis
2025 5365 2287 5422 Ilumanis
2313 5370 2822 5439 memoratjamjam
2853 5387 2912 5426 se
2942 5371 3137 5426 cedere
3167 5371 3348 5426 laetum

305 5450 677 5520 Splenduerit,
707 5453 856 5508 visus
882 5463 1047 5526 atque
1073 5471 1238 5510 aurea
1269 5465 1569 5526 grammata
1598 5457 1846 5531 signant;
2025 5458 2254 5529 Moxque
2286 5469 2574 5516 secuturos
2597 5465 2913 5520 venerando
2940 5464 3144 5520 famine
3176 5465 3383 5540 pangit.

312 5539 474 5602 Queis
500 5539 822 5611 insignitum
856 5558 965 5614 quo
1005 5560 1065 5597 se
1086 5543 1353 5597 solamine
1375 5544 1568 5599 fretam
2027 5548 2228 5620 Sicque
2250 5551 2641 5622 'Iheophanius
2670 5554 3164 5612 Centumcellensis
3192 5539 3435 5611 habenas

380 5665 521 5734 (206)
543 5668 825 5728 tllaudicat
852 5688 1062 5728 versus.
