3972 6208
378 295 478 351 851
1138 288 1504 344 FLODOARDI
1547 287 1857 344 CANONICI
1901 288 2225 342 REMENSIS
2264 288 2597 344 OPUSCULA
2639 289 2946 345 METRICA.
3608 298 3715 353 852

380 421 613 477 Strenus
635 428 695 476 ut
722 419 880 486 rexit,
912 418 1158 474 clemens
1194 424 1250 471 et
1280 416 1516 471 idoneus
1532 414 1703 481 urbis,
2017 420 2067 485 Α
2094 413 2346 469 Perditus
2371 413 2625 479 intereat,
2658 414 2744 468 cui
2768 414 3021 470 ﬂammea
3053 416 3169 472 visa
3188 418 3447 491 gehenna

381 512 511 568 Fine
531 516 697 583 patet,
727 509 857 563 dum
888 507 1135 563 discussa
1165 506 1256 577 pia
1296 505 1405 560 fata
1428 512 1677 560 secutum
2100 504 2345 577 Igneque
2377 503 2730 578 mergendus,
2762 505 2888 561 caeli
2919 515 3212 563 revocante
3240 510 3462 576 colono,

380 602 721 673 Tempestate
750 600 926 671 liquet
964 598 1242 668 prtemissa
1274 597 1395 651 luce
1413 612 1709 663 serenum;
2100 594 2430 669 Regreditur
2458 594 2814 666 monitusque
2839 596 3027 665 probis
3065 612 3125 651 se
3154 598 3229 652 ita
3259 600 3558 670 supprimit
3579 604 3717 659 actis

384 693 751 748 Membrorum
783 690 1037 746 columen
1069 690 1262 745 morbo
1293 689 1561 760 sanieque
1591 689 1853 745 ﬂuentem
2098 684 2314 739 Tartara
2343 684 2701 755 conspexisse
2731 684 2915 739 nitens
2943 692 3004 740 ut
3027 686 3139 741 vita
3165 687 3420 759 loquatur
3448 707 3464 756 ;

380 784 751 854 Tabentisque
792 782 988 853 probat
1017 781 1277 837 redolens
1300 780 1585 853 ﬂagrantia
1613 780 1813 835 carnis.
2101 776 2216 840 Quo
2249 775 2455 840 tendat,
2490 791 2653 846 quam
2695 783 2843 830 certa
2870 783 3038 847 petat,
3072 793 3236 849 quam
3265 788 3396 834 nota
3438 782 3721 839 tremiscat

388 875 579 928 Petrus
605 880 782 928 morte
809 870 959 943 capit
984 870 1308 938 monachus,
1334 885 1404 924 ne
1435 875 1608 925 morte
1646 868 1891 924 secunda
2102 865 2310 939 Lingua
2338 864 2501 920 simul
2532 872 2741 921 testans
2765 872 2820 920 et
2841 865 3079 921 candida
3108 866 3251 923 facta
3281 868 3609 940 probantur.

1826 996 2032 1053 CAPUT
2081 995 2260 1049 XXVI.

1029 1124 1108 1183 De
1134 1124 1361 1182 sanctis
1385 1120 1600 1182 Severo
1628 1128 1682 1180 et
1708 1117 1936 1196 Egistto
1965 1116 2306 1194 caeterisque
2346 1117 2643 1177 Ravenna
2681 1120 3074 1195 martyribus.

392 1266 589 1323 Christi
617 1265 935 1320 Ravennam
962 1260 1267 1315 dedicatam
1292 1257 1508 1331 legibus
2102 1251 2417 1324 Tentusque
2435 1252 2641 1323 equino
2662 1251 2973 1309 lancinatur
3001 1258 3256 1325 tormine,

393 1360 590 1431 Cephae
620 1357 822 1411 cliente
845 1354 999 1426 jussa
1016 1353 1182 1408 dante
1213 1351 1456 1406 diximus
2106 1343 2267 1398 Ducis
2293 1344 2567 1400 resultans
2599 1341 2741 1398 ferre
2771 1344 3138 1401 contubernia

395 1451 511 1515 Quo
542 1446 710 1520 digna
731 1444 853 1500 cceli
878 1442 1021 1498 ferre
1047 1450 1219 1498 certat
1247 1442 1479 1514 pignora
2106 1431 2284 1486 Fovea
2312 1432 2544 1504 supinus
2572 1432 2702 1487 hinc
2742 1433 3015 1504 profunda
3046 1438 3312 1513 mergitur

396 1542 631 1596 Severus
668 1539 864 1593 borum
896 1541 1099 1605 martyr
1125 1542 1286 1605 atque
1320 1530 1586 1603 pontifex.
2108 1521 2376 1593 Saxisque
2407 1537 2628 1593 pressus
2652 1532 2794 1578 terra
2822 1532 3050 1595 opertus
3079 1526 3300 1584 abditur

398 1634 599 1689 Cruore
639 1632 831 1686 lustrat
852 1628 993 1683 hanc
1012 1640 1312 1697 comesque
1345 1623 1580 1698 Egistius
2110 1615 2353 1686 Aulaque
2386 1614 2525 1669 lucis
2547 1614 2796 1671 Ursicino
2816 1617 3090 1690 jungitur.

398 1728 581 1782 Victor
608 1723 820 1779 solutor
856 1737 921 1775 ac
949 1718 1270 1774 Valentinus
1293 1718 1479 1773 simul.
2114 1704 2319 1772 Coniux
2353 1703 2543 1758 relicta
2569 1706 2826 1776 martyris
2850 1706 3066 1762 Valeria

400 1818 495 1872 llic
523 1815 851 1880 Ursicinum,
881 1812 1009 1866 dum
1044 1810 1294 1881 palestra:
1318 1808 1564 1880 pondere
2117 1799 2387 1873 chressa
2416 1799 2729 1855 Mediolana
2744 1800 2872 1856 dum
2893 1803 3091 1858 solatia

397 1910 626 1979 Jamjam
645 1906 866 1961 labante
882 1901 1029 1957 bella
1058 1907 1181 1972 post
1214 1899 1483 1955 acerrima
2117 1891 2353 1961 Repetit,
2379 1890 2600 1947 litantes
2624 1893 2827 1949 rustico
2856 1895 3089 1950 incurrit
3109 1896 3221 1952 Deo

404 2001 601 2055 Palma:
615 1997 729 2053 sub
758 1994 953 2051 umbra
974 1993 1201 2048 horrore
1220 1989 1355 2045 lethi
1374 1988 1678 2060 pendulum
2046 2032 2095 2099 Β
2118 1982 2339 2038 Silvano
2371 1990 2598 2057 agentes
2626 1984 2793 2039 stulta
2820 1986 3043 2041 stultius
3069 2003 3224 2042 sacra
3249 2006 3266 2055 ;

404 2090 478 2099 ....
522 2087 555 2099 ι.
676 2086 690 2099 ι
933 2083 966 2099 ι·
1063 2081 1076 2099 ι
1102 2096 1202 2099 "da
1254 2097 1265 2099 _
1290 2080 1421 2099 jr.-_
2121 2073 2356 2099 [ιη-εἷμα-
2393 2074 2493 2099 [2..-
2532 2075 2683 2099 ----;-
2705 2077 2901 2099 _.-_.-.I-
2938 2078 3181 2099 _-_-:.___

404 2087 611 2154 Vitalis,
642 2086 798 2141 alma:
830 2083 1001 2155 prolis
1030 2081 1207 2136 almus
1245 2080 1443 2144 editor,
2046 2073 2095 2099 υ
2118 2073 2361 2129 Demissa
2392 2074 2496 2130 fixo
2527 2075 2685 2147 queis
2705 2077 2907 2133 veredo
2938 2078 3182 2149 poscitur

406 2179 723 2236 Gervasium
752 2193 874 2232 cum
906 2175 1071 2230 fratre
1101 2173 1192 2246 qui
1225 2171 1419 2248 genuit
1445 2169 1574 2242 polo
2122 2167 2503 2240 Coinquinatis
2531 2168 2800 2224 accubare
2829 2169 3050 2225 ferculis
3077 2189 3092 2237 ;

406 2272 591 2327 Suasis
610 2271 786 2326 beatae
817 2268 1040 2324 roborat
1059 2263 1382 2323 constantiae
2125 2260 2341 2317 Refutat
2364 2261 2477 2327 illa,
2512 2261 2736 2316 infanda
2766 2261 2946 2316 vitans
2984 2263 3240 2334 prandia,

407 2362 679 2419 Medicum
710 2360 928 2417 medela
949 2357 1248 2414 recreando
1276 2361 1504 2427 perpete
2127 2354 2190 2410 Et
2219 2353 2581 2409 Christianam
2614 2369 2749 2410 voce
2768 2352 2911 2409 fatur
2939 2355 3161 2426 publica
3194 2375 3208 2420 ;

410 2455 580 2517 Quem
609 2450 751 2507 colla
771 2449 926 2524 regni
948 2448 1088 2503 ferre
1120 2445 1298 2501 ﬁrmat
1327 2457 1555 2499 munere
2130 2445 2388 2516 Correpta
2418 2460 2586 2515 quare
2619 2444 2769 2498 caede
2801 2445 2968 2499 multa
3003 2446 3275 2512 tunditur,

414 2542 628 2597 Honore
658 2540 825 2595 funus
850 2554 913 2594 ac
934 2538 1156 2593 decorat
1181 2533 1413 2598 extimo,
2132 2534 2472 2605 Spiransque
2505 2533 2776 2587 destinata
2798 2541 2953 2588 vecta
2984 2533 3051 2588 ad
3077 2534 3284 2589 moenia

413 2634 536 2704 lpse
557 2642 611 2688 et
640 2632 833 2687 salutis
855 2638 1045 2686 nactus
1082 2624 1565 2697 hauritpoculum,
2132 2624 2228 2679 Vix
2258 2623 2520 2679 semiviva
2557 2622 2782 2678 sedibus
2808 2622 3090 2677 reducitur

411 2723 540 2778 Jesu
572 2726 827 2791 patenter
850 2719 1107 2773 invocato
1124 2713 1372 2779 nomine.
2137 2719 2419 2789 Biduoque
2452 2722 2662 2771 restans
2691 2718 2845 2787 parta
2872 2715 3087 2771 scandit
3105 2714 3365 2771 culmina.

1856 2857 2060 2915 CAPUT
2103 2852 2304 2909 XXVII.

1328 2995 1407 3053 De
1433 2999 1639 3053 sancto
1677 2988 1971 3049 Germano
1996 2973 2508 3042 Antissiodorensi
2529 2971 2817 3051 episcopo.

416 3154 721 3209 Germanus
749 3149 869 3220 ipse
898 3143 1099 3219 praesul
1127 3142 1285 3199 urbis
1313 3140 1544 3216 gallicae,
2141 3129 2472 3197 Deprompta
2490 3122 2659 3186 letho,
2694 3120 2921 3175 suscitat
2933 3118 3290 3188 juvenculum

418 3248 615 3302 Doctor
633 3212 843 3314 sophiae
872 3212 1158 3313 fulgurans
1184 3212 1512 3300 vibramina,
2137 3217 2416 3273 Volusiani
2448 3214 2653 3270 nobilis
2672 3212 3018 3278 clientulum,

418 3340 548 3394 Post
566 3335 739 3391 multa
768 3332 900 3389 clari
923 3329 1139 3386 roboris
1167 3326 1465 3403 magnalia,
2138 3309 2479 3380 Dominoque
2495 3324 2554 3361 se
2586 3306 2817 3371 visente,
2849 3304 3109 3375 linquens
3137 3311 3336 3370 terrea,

418 3429 740 3499 Animaaque
769 3430 957 3495 raptos
976 3422 1064 3476 bis
1094 3392 1386 3475 Britannos
1416 3416 1609 3472 funere

2066 3462 2112 3499 ρ
2138 3399 2388 3469 Superna
2412 3396 2624 3452 scandii
2648 3395 2769 3449 luce
2801 3400 3012 3447 mactus
3041 3392 3283 3447 culmina
3309 3412 3325 3458 ;

419 3462 625 3484 nluqu
672 3462 740 3482 μυ
771 3462 829 3480 η.
874 3462 957 3479 ,νυ
976 3462 1064 3476 ν...
1095 3462 1386 3475 υ.........νυ
1418 3462 1609 3472 ._..-.-
2221 3462 2231 3469 ,

419 3523 536 3577 Huc
560 3462 711 3592 pagis
738 3462 895 3573 uetitis
919 3512 1241 3571 obtinenda;
1257 3510 1454 3587 gratia,
2066 3462 2114 3530 α
2138 3490 2303 3555 Queis
2332 3489 2480 3546 clara
2510 3486 2765 3558 splendet
2785 3485 2966 3539 celsus
2987 3483 3133 3540 inter
3159 3484 3343 3540 sidera

419 3575 691 3680 I-Ixceptus
714 3608 838 3662 aula
863 3604 1106 3679 gloriose
1128 3575 1396 3677 fungitur,
1443 3575 1446 3576 7
2144 3582 2291 3638 Plebi
2335 3580 2484 3637 fideli
2518 3578 2778 3636 comitate
2800 3575 2972 3651 regia,

423 3700 652 3772 Ilioque,
675 3698 821 3753 inter
839 3695 948 3752 alta
973 3691 1282 3751 sanctitatis
1306 3688 1517 3745 lumina

1849 3783 2057 3840 CAPUT
2096 3781 2327 3838 XXVIII.

1186 3914 1265 3975 De
1292 3913 1518 3975 sanctis
1552 3910 1890 3983 Theodosio,
1934 3910 2184 3980 Donato,
2212 3906 2596 3968 Secundiano
2623 3912 2674 3964 et
2717 3903 2987 3963 Romulo.

425 4060 516 4116 Sic
538 4058 632 4114 illa
662 4054 943 4128 quondam
967 4049 1258 4107 marmoris
1284 4048 1436 4104 rubri
1459 4047 1549 4105 via
2146 4044 2341 4098 Presso
2382 4049 2615 4112 tyranno
2632 4038 2769 4094 calle
2787 4035 3183 4101 inaestimabili,

425 4150 674 4209 Rectoris
698 4149 808 4204 alta
827 4150 1165 4219 praeparatur
1188 4141 1364 4218 gloria
2144 4134 2344 4188 Ductor
2364 4130 2548 4185 ﬁdelis
2574 4130 2697 4184 laeta
2723 4128 2826 4183 fert
2840 4128 3147 4183 celeumata

425 4246 598 4300 Ductu
628 4217 841 4296 viantis'
864 4252 962 4309 per
983 4234 1236 4308 pavenda
1258 4232 1438 4288 cmlici
2142 4224 2342 4280 Palma:
2367 4222 2543 4278 datori
2573 4221 2739 4293 digna
2764 4220 2903 4274 dans
2932 4217 3211 4289 praeconia

426 4331 666 4388 Pastoris
693 4345 787 4386 ore
806 4307 1201 4383 ﬂuctuantibus
1228 4321 1363 4388 dati,
2060 4344 2112 4410 υ
2144 4314 2469 4384 Mittensque
2499 4311 2638 4366 festa
2664 4308 2944 4365 saecularis
2977 4307 3189 4381 gloriae,

427 4424 627 4479 Arente
649 4420 779 4475 dum
804 4417 997 4473 tellure
1017 4411 1314 4469 Theodosii
2064 4397 2107 4410 ν
2146 4405 2336 4460 Grates
2358 4403 2476 4477 jugi
2499 4402 2732 4458 ferendo
2755 4398 3000 4472 persistit
3028 4397 3139 4452 die.

430 4515 670 4571 Pedibus
698 4510 959 4584 paludem
980 4507 1185 4563 milites
1212 4503 1376 4561 siccis
1395 4508 1599 4567 terunt,
2146 4497 2386 4552 Donatus
2408 4503 2464 4550 et
2480 4492 2864 4549 Secundiauus
2897 4487 3163 4543 Romulus

429 4573 720 4679 Nunquam
751 4603 946 4659 datura
976 4615 1101 4672 quae
1126 4602 1319 4670 putata
1343 4599 1427 4650 est
1448 4592 1699 4649 semitam
2146 4584 2403 4657 Sociique
2429 4598 2607 4659 agone
2633 4580 2906 4637 luminant
2925 4573 3298 4633 concordiam.

1866 4711 2073 4768 CAPUT
2128 4710 2307 4766 XXIX.

1480 4821 1561 4881 De
1579 4820 1806 4880 sanctis
1850 4818 2218 4891 Hermagora
2243 4823 2295 4875 et
2328 4814 2677 4873 Fortunato.

434 4969 597 5026 Marci
636 4966 910 5038 discipulo
933 4964 1143 5020 radiata
1176 4959 1430 5035 Aquileia
1451 4958 1695 5023 nitescit,
2154 4954 2412 5010 Eductam
2431 4949 2563 5005 fidei
2594 4948 2927 5021 papulorum
2968 4943 3156 5001 fomite
3186 4955 3447 5004 messem,

435 5060 766 5133 Hermagoro
780 5032 1059 5121 tradente,
1079 5032 1278 5109 bibens
1303 5051 1374 5107 de
1410 5050 1639 5105 ﬂumine
1685 5047 1852 5115 Petri,
2153 5047 2393 5104 Plurima
2423 5060 2707 5117 ptenarum
2739 5046 3061 5098 constanter
3089 5034 3325 5092 tormina
3352 5032 3519 5097 victa,

436 5154 591 5209 Clara
615 5124 910 5206 salutiferae
940 5148 1034 5220 qui
1059 5152 1181 5219 post
1204 5144 1468 5201 miracula
1496 5142 1660 5206 lucis,
2155 5141 2287 5198 Cum
2319 5140 2616 5195 Fortunato
2637 5135 2815 5207 primo
2846 5132 2913 5186 ad
2946 5130 3037 5202 pia
3061 5144 3216 5183 sacra
3237 5124 3494 5179 ministro

439 5242 716 5316 Dogmatis
744 5219 1038 5297 instantem
1068 5238 1252 5295 studio
1272 5236 1522 5295 fervente
1548 5235 1817 5302 laborem,
2154 5234 2429 5291 Jacturam
2446 5229 2641 5301 capitis
2677 5225 2802 5285 caeli
2832 5226 3156 5294 compensat
3181 5219 3389 5274 honore

1880 5363 2092 5419 CAPUT
2139 5364 2293 5420 XXX.

1232 5473 1308 5531 De
1340 5470 1563 5532 sanctis
1593 5467 1836 5540 Cantia,
1872 5465 2195 5541 Cantiano,
2232 5462 2612 5524 Cantianilla
2652 5471 2705 5521 et
2737 5457 2949 5521 Probo.

440 5602 593 5655 Hanc
617 5614 781 5656 carne
819 5600 1017 5655 fratres
1047 5600 1374 5674 nobilesque
1400 5600 1673 5675 sanguine
2157 5593 2358 5650 Urbem
2379 5594 2672 5642 venustam
2701 5582 3020 5646 Cantianus,
3043 5574 3290 5640 Cautius,

440 5682 754 5738 Aniciorum
776 5687 901 5742 luce
925 5684 1055 5739 clari
1066 5686 1251 5742 caelite
1286 5664 1302 5674 ’
1501 5664 1536 5675 υ
2158 5683 2357 5737 Sorore
2376 5676 2567 5745 juncta
2585 5670 2913 5730 Cantianilla
2929 5664 3145 5729 ordine,
