3972 6208
186 304 295 359 853

189 429 338 483 [stuc
367 429 436 483 ab
481 430 623 484 Urbe
651 445 835 485 amore
863 429 1010 484 ducti
1044 428 1230 500 glorize

189 527 323 579 Cum
357 525 663 600 pzedagogo
704 539 813 596 quo
855 522 1105 578 nitebant
1146 522 1420 594 praeduee,

191 619 422 673 Doctore
457 619 632 675 Probo
665 617 868 691 [Proto]
899 632 1009 690 quo
1039 615 1300 690 vigebant
1332 618 1384 672 in
1416 617 1546 683 fide,

781 299 862 353 DE
903 299 1159 354 CHRISTI
1199 299 1557 354 TRIUMPIIIS
1598 300 1769 354 APUD
1812 299 2075 354 lTALlAM
2120 299 2292 353 LIBRI
2336 298 2465 354 XIV.
2509 329 2575 338 —
2616 299 2737 353 LIB.
2785 299 2914 354 XIV.

3423 297 3531 352 854

1841 447 1893 512 Α
1919 425 2108 480 Gladio
2139 425 2298 480 recisi
2319 425 2459 480 colla
2478 423 2752 480 scandunt
2779 423 2960 480 sidera

1920 520 2098 575 Roseo
2124 520 2324 576 decore
2353 520 2615 576 luculenti
2633 529 2687 576 et
2716 520 2912 576 lacteo.

814 841 1258 930 INCIPIT
1335 842 1678 928 LIBER
1757 843 2262 932 DECIMUS
2343 841 2934 956 QUARTUS.

1605 1052 1812 1107 CAPUT
1858 1052 2140 1109 PRIMUM.

1345 1185 1419 1244 De
1461 1194 1667 1244 sancto
1700 1184 1982 1245 .llichaele
2009 1186 2394 1261 archangelo.

196 1343 390 1397 Limite
418 1344 725 1416 Garganum
757 1342 952 1397 attollit
983 1342 1276 1413 Campania
1298 1342 1494 1397 collem

197 1432 428 1486 Lumin‘e
466 1447 630 1501 quem
655 1446 856 1501 supero
887 1431 1188 1502 crebroque
1213 1431 1388 1485 nitore
1415 1438 1713 1486 venustans

196 1529 260 1582 Et
292 1526 479 1596 templi
513 1524 718 1580 fabrica
750 1525 976 1580 Michael
999 1527 1363 1599 archangelus
1389 1536 1575 1593 ornat;

197 1623 443 1678 lncolcre
475 1623 575 1675 hoc
606 1636 664 1673 se
687 1620 1020 1690 depromens
1049 1621 1344 1691 splendore
1377 1622 1651 1692 frequenti

198 1714 471 1767 Virtutum
507 1711 729 1764 humani
761 1711 980 1784 generis
1013 1726 1110 1782 pro
1151 1711 1270 1765 luce
1302 1711 1588 1778 datarum;

197 1801 353 1866 Quod
387 1800 582 1872 probat
628 1799 718 1853 ille
757 1816 996 1870 sequens
1042 1808 1256 1854 taurum
1301 1816 1527 1855 nemora
1571 1803 1677 1855 alta
1725 1816 1816 1857 co-

1525 1895 1746 1965 [lentem

198 1984 474 2038 Armentis
504 1984 770 2056 refugam,
805 1981 912 2036 telo
945 1981 996 2035 in
1039 1982 1313 2036 contraria
1342 1998 1500 2036 verso

199 2074 353 2138 Quod
389 2073 616 2126 dederat
647 2073 786 2126 fixus
815 2071 865 2124 vi
896 2071 1116 2125 saucius
1144 2070 1381 2142 agminis
1411 2072 1531 2126 alti:

203 2168 372 2238 quue
402 2165 636 2236 probant
674 2164 822 2219 cives
853 2164 1326 2234 facerentjejunia
1354 2165 1623 2219 mandans

201 2257 586 2327 Auspiciisquc
617 2257 824 2310 docens
851 2256 1094 2310 divinum
1129 2256 1214 2309 his
1244 2273 1493 2327 quaerere
1524 2266 1737 2324 nutum,

201 2352 294 2406 Cui
326 2365 574 2405 summus
606 2365 665 2403 se
699 2347 984 2403 notiﬁcans
1016 2347 1116 2402 fert
1145 2349 1381 2402 nuncius
1410 2364 1536 2403 orsa

202 2445 350 2497 Velle
375 2459 472 2495 suo
516 2442 765 2512 pandens
806 2457 916 2494 rem
942 2448 1151 2514 gestam
1175 2441 1267 2512 qui
1295 2441 1425 2511 juga
1456 2450 1658 2507 servet,

203 2535 299 2600 Qui
334 2533 474 2588 colat
506 2534 735 2587 electum
765 2533 991 2604 reliquis
1025 2549 1135 2602 prae
1169 2534 1449 2588 mentibus
1479 2550 1672 2588 unum.

205 2628 533 2679 Assuescunt
557 2624 723 2697 igitur
760 2622 901 2678 votis
940 2623 1114 2677 accire
1148 2623 1457 2678 ministrum

206 2717 448 2772 Luminis
479 2715 726 2776 a-therei.
756 2715 1017 2785 templum
1053 2723 1343 2785 penetrare
1372 2733 1474 2771 nec
1505 2719 1622 2774 ausi

208 2811 319 2865 Pra:
341 2809 556 2865 foribus
586 2809 784 2863 devota
814 2815 1013 2879 gerunt
1051 2824 1113 2862 ac
1153 2809 1410 2864 laudibus
1438 2810 1675 2877 instant;

205 2899 458 2954 Hostibus
480 2898 607 2951 inde
630 2897 863 2952 lacessiti
896 2895 1153 2970 suffragia
1194 2905 1430 2967 poscunt

205 2990 445 3044 Ρηνεὶἀῆ
468 2988 724 3062 angelici,
752 2988 979 3042 Domino
1001 2988 1213 3056 jejunia
1252 2987 1464 3052 libant;

205 3081 313 3135 Nox
347 3079 728 3133 interveniens
758 3077 1050 3132 dirimebat
1089 3077 1202 3131 sola
1231 3077 1496 3132 duellum.

205 3169 452 3224 Pontilici
487 3169 746 3222 assistens
778 3167 963 3220 dubiis
1003 3167 1364 3240 archangelus
1390 3184 1536 3238 aegro

207 3261 336 3314 Dum
371 3259 536 3313 rebus
568 3259 762 3331 relegit
789 3265 1042 3327 suscepta
1074 3258 1389 3328 precamina
1418 3258 1583 3324 cuzlo,

203 3353 471 3422 Tempora
499 3351 733 3423 praztigit
763 3350 908 3403 bello
941 3366 1107 3421 seque
1140 3349 1305 3405 affore
1337 3352 1644 3421 Spondens,

209 3443 467 3498 Laetificat
498 3460 692 3514 papam
718 3443 994 3513 promissa?
1036 3458 1260 3495 munere
1294 3442 1506 3512 palmze,

211 3532 301 3586 llis
342 3532 464 3586 freti
490 3531 828 3602 jamjamque
859 3531 981 3584 sinu
1006 3531 1161 3602 quasi
1194 3539 1317 3586 vota
1347 3540 1602 3604 gerentes

206 3620 395 3695 Signis
422 3619 587 3675 obvia
618 3621 774 3691 signa
797 3619 1002 3682 ferunt,
1031 3620 1331 3674 certamine
1360 3620 1585 3676 fervent.

208 3715 440 3767 Cernere
467 3719 584 3766 erat
607 3712 804 3767 clivum
836 3727 1032 3784 magno
1057 3711 1270 3766 vibrare
1302 3720 1539 3767 tremore

209 3807 440 3881 Fulgura
472 3807 663 3860 crebra
695 3806 900 3871 volare,
932 3806 1143 3876 apicem
1177 3806 1414 3881 caligine
1453 3807 1599 3881 cingi

209 3899 266 3952 Et
294 3914 526 3969 superos
549 3898 693 3971 ignis
714 3898 932 3952 ﬂamma
971 3899 1192 3952 rutilare
1221 3899 1505 3953 ministros

204 3990 496 4044 Terrentur
525 3996 739 4059 gentes,
781 3987 1133 4058 cmlestiaque
1166 4003 1313 4041 arma
1348 3996 1607 4056 paventes

207 4079 505 4153 Diffugiunt
538 4079 737 4150 passim
765 4079 996 4149 telisque
1024 4086 1284 4150 petuntur
1313 4079 1379 4132 ah
1407 4079 1536 4144 alto,

208 4171 486 4241 Neapolim
520 4170 658 4240 lapsi
691 4170 930 4224 subeunt
953 4170 1394 4241 trej‘iidantiaque
1428 4170 1630 4224 intrant

209 4259 426 4326 Mtenia,
461 4275 571 4313 rem
595 4259 882 4328 replicant,
908 4267 1242 4331 cxpertaque
1266 4259 1494 4312 fulmina
1523 4267 1770 4315 tractant.

209 4350 512 4406 Prostratos
543 4349 793 4414 recitant,
817 4347 1012 4402 Christi
1039 4350 1313 4420 praeconia
1353 4355 1619 4422 pangunt,

209 4439 419 4494 Numen
451 4437 827 4513 magnificant,
870 4438 1111 4493 cervices
1142 4439 1381 4494 subdere
1409 4437 1674 4512 gaudent,

211 4535 343 4590 llinc
368 4532 644 4606 Sipontini
668 4539 851 4604 grates
879 4540 930 4585 et
957 4540 1082 4586 vota
1111 4531 1310 4597 daturi,

211 4626 456 4682 Culmina
487 4627 633 4681 celsa
662 4631 853 4696 petunt
893 4625 1226 4694 inventaque
1257 4623 1459 4677 muenia
1490 4621 1682 4692 templi

214 4719 530 4776 Lustrantes
553 4719 818 4790 impressa
852 4718 1042 4772 vident
1072 4716 1305 4789 vestigia
1337 4714 1482 4768 saxis

211 4809 516 4865 Clariﬁcant
544 4807 666 4862 caeli
697 4823 977 4878 procerem
1012 4805 1304 4876 praesentia
1335 4804 1488 4871 cujus

211 4898 316 4955 Hoc
341 4905 493 4970 patet
523 4895 752 4962 indicio,
777 4895 1039 4950 decorant
1067 4893 1347 4948 testudine
1380 4906 1617 4945 marmor

1847 4867 1903 4934 D

1923 1341 2223 1396 Nobilitant
2241 1357 2332 1396 ara
2353 1348 2514 1412 atque
2543 1340 2670 1396 dato
2701 1341 3033 1413 cognomine
3055 1351 3300 1412 comunt,

1922 1435 2114 1490 Sacras
2151 1435 2420 1504 adjiciunt
2449 1435 2616 1501 aedes,
2648 1434 2949 1506 penetralia
2989 1435 3114 1490 diva

1921 1527 2197 1580 Attentare
2228 1526 2424 1580 timent
2464 1525 2626 1596 pede,
2656 1525 2826 1579 limen
2856 1523 2994 1578 inire
3034 1530 3308 1579 verentur.

1920 1618 2112 1673 Scitari
2136 1619 2282 1672 unde
2312 1633 2469 1672 sacer
2497 1632 2886 1688 summumque
2917 1616 3198 1687 requirere
3233 1632 3428 1687 papam

1923 1710 2119 1784 Deligit
2158 1727 2225 1764 an
2251 1709 2421 1763 sacris
2453 1717 2610 1782 egeat
2643 1709 2794 1764 locus
2823 1708 2939 1779 ipse
2973 1707 3163 1762 dicari.

1921 1803 2064 1856 Scita
2105 1809 2258 1871 pater
2283 1801 2464 1855 reddit
2485 1800 2852 1871 mandataque
2875 1799 3041 1874 digna
3077 1799 3349 1870 rependit,

1921 1899 2008 1952 Sic
2033 1897 2279 1952 sananda
2307 1895 2517 1950 homini
2547 1901 2653 1950 tam
2684 1893 2822 1949 sacri
2856 1891 3058 1947 muenia
3081 1893 3269 1964 templi

1920 1989 2046 2044 Tam
2080 1989 2209 2044 celsi
2243 1986 2544 2059 provisoris
2574 1986 2859 2060 rogitanda
2899 1984 3173 2047 voluntas,

1923 2084 2145 2152 Quaque
2177 2080 2266 2134 die
2294 2079 2418 2133 data
2459 2078 2737 2148 przecipue
2765 2075 2992 2131 victoria
3021 2075 3187 2137 fulsit.

1924 2171 2029 2224 Hac
2063 2169 2301 2223 instante
2337 2184 2531 2238 preces
2563 2166 2754 2221 humili
2789 2165 2991 2237 pietate
3025 2164 3287 2231 ferantur,

1919 2259 2153 2326 chuniis
2174 2258 2434 2329 utrinque
2467 2258 2576 2311 Deo
2609 2256 3147 2327 perducerejcertum

1922 2351 1999 2404 Ad
2038 2349 2201 2404 finem
2229 2356 2454 2419 accepto
2478 2347 2613 2402 ferat
2641 2356 2698 2401 ut
2724 2362 2820 2401 sua
2851 2362 3080 2400 munera
3101 2345 3364 2399 Christus.

1923 2444 2033 2498 Nox
2068 2443 2316 2497 umbram
2349 2441 2508 2496 terris
2536 2447 2814 2495 revocarat
2843 2439 3028 2493 sidera
3055 2437 3230 2504 caelis,

1845 2554 1894 2621 Β
1925 2535 2055 2589 Cum
2080 2533 2328 2600 veniens,
2361 2533 2591 2587 summis
2620 2531 2822 2586 dubios
2852 2531 3161 2585 moniturus
3185 2529 3253 2584 ab
3278 2527 3464 2593 astris,

1927 2622 2123 2677 Militia:
2153 2621 2409 2693 princeps
2435 2637 2649 2691 superae
2681 2620 2909 2690 quaesita
2928 2617 3132 2673 revelat

1923 2714 2054 2769 Orsa
2071 2713 2343 2769 sacerdoti
2368 2713 2694 2782 jamdudum
2720 2712 2871 2782 jussa
2905 2709 3115 2782 petenti
3147 2727 3160 2763 :

1931 2830 1955 2860 α
1996 2809 2110 2864 Νοη
2144 2824 2283 2879 Opus
2326 2815 2410 2863 est
2438 2814 2677 2862 vestrum
2719 2812 2926 2872 nostra,
2979 2805 3176 2877 inquit,
3217 2803 3422 2875 templa
3452 2803 3542 2857 di-

3295 2896 3439 2968 [care
3456 2915 3473 2962 ;

1927 2997 2119 3052 Editor
2148 2996 2266 3067 ipse
2285 2993 2512 3066 quidem
2541 2992 2836 3067 dignoscar
2865 2991 3055 3063 etipse
3084 2991 3309 3046 dicator.

1926 3091 2054 3156 Vos,
2084 3096 2294 3145 tantum
2327 3087 2581 3160 ingrcssi,
2614 3086 2832 3157 pOpulis
2863 3085 3186 3152 astantibus,
3213 3091 3340 3156 apta

1925 3181 2105 3236 Sacris
2124 3188 2249 3235 vota
2279 3179 2626 3250 frequentate
2653 3187 2707 3232 et
2746 3177 3055 3248 depromite
3088 3176 3299 3241 laudes,

1925 3270 2352 3340 Muneribusque
2386 3267 2527 3320 datis
2555 3265 2794 3336 populus
2835 3265 3207 3319 communicet
3233 3263 3364 3327 aris,

1928 3363 2310 3432 Pandeturque
2344 3360 2522 3414 locum
2554 3363 2758 3411 memet
2786 3373 3029 3412 sacrasse
3053 3364 3320 3426 paratum.

1926 3450 2228 3521 Responsis
2249 3448 2458 3503 alacres
2482 3454 2781 3518 properant
2809 3460 2950 3499 nova
2989 3443 3189 3518 gaudia
3218 3442 3369 3498 cives

1928 3541 2124 3605 Edere,
2167 3536 2447 3592 basilicam
2475 3535 2736 3598 subeunt,
2767 3532 2956 3586 divina
2983 3532 3332 3602 frequentant

1930 3635 2117 3690 Munia
2147 3633 2522 3702 miranturque
2561 3629 2786 3683 domum
2814 3627 3014 3681 virtute
3041 3625 3336 3680 micantem

1925 3725 2203 3801 Angelica,
2235 3722 2511 3794 rubroque
2542 3719 2678 3774 altar
2706 3717 2981 3773 velamine
3011 3723 3291 3787 comptum

1926 3816 2042 3870 Non
2073 3830 2216 3886 Opus
2252 3813 2553 3867 humanum
2587 3816 2860 3864 tcxtumve
2893 3820 3184 3860 manumve
3208 3811 3456 3871 notante,

1927 3907 2099 3964 Corda
2134 3907 2349 3977 replent.
2374 3903 2556 3976 plebis
2583 3903 2670 3975 pia
2696 3899 2918 3976 gaudia,
2953 3897 3176 3953 deditur
3201 3896 3377 3951 almus

1925 3999 2068 4055 Ordo
2109 3998 2486 4052 ministrorum
2519 3995 2712 4050 laudes
2750 3999 2802 4048 et
2822 3990 3061 4046 carmina
3093 3988 3218 4042 diva

1925 4090 2261 4146 Contiuuare
2293 4089 2403 4151 die,
2439 4092 2602 4142 noctu
2633 4102 2757 4140 nam
2800 4099 2961 4139 nemo
2993 4097 3096 4136 nec
3125 4095 3290 4134 ausus

1925 4182 2216 4253 lnvigilare
2243 4195 2344 4234 nec
2375 4179 2515 4232 intro
2542 4176 2721 4246 adytis
2746 4175 2976 4249 vestigia
2999 4173 3160 4227 ferre.

1923 4273 2078 4328 Stilla
2106 4271 2224 4325 ﬂuit
2243 4286 2370 4325 saxo
2395 4284 2504 4340 quo
2528 4267 2772 4341 tegmine
2799 4265 3036 4336 protegit
3055 4263 3254 4329 aedem,

1926 4363 2127 4418 Lucida
2155 4377 2276 4434 quae
2296 4361 2483 4415 vitreae
2509 4359 2764 4434 guttatim
2795 4356 3039 4411 illabitur
3069 4371 3219 4409 urnae
3243 4370 3254 4406 :

1927 4449 2107 4505 Dulcis
2139 4458 2193 4504 et
2223 4448 2290 4502 ad
2319 4445 2543 4502 morbos
2583 4453 2716 4517 potu
2739 4443 3085 4499 medicabilis
3117 4442 3326 4507 hausta,

1926 4546 2118 4611 Quam,
2163 4550 2285 4613 post
2315 4557 2468 4595 sacra
2497 4539 2616 4606 Dei,
2637 4538 2786 4594 soliti
2811 4545 3031 4610 gustare
3053 4535 3268 4600 fideles,

1929 4635 2270 4708 Depellitque
2301 4631 2487 4688 febres
2516 4630 2790 4706 aegrisque
2821 4628 3070 4683 medetur
3094 4624 3340 4690 anhelis;

1930 4732 2371 4800 Praestanturque
2398 4727 2505 4799 piis
2535 4727 2625 4781 hic
2655 4723 2888 4796 plurima
2903 4721 3050 4777 dona
3079 4721 3272 4776 salutis

1930 4821 2209 4895 Angelicis
2240 4820 2366 4876 data
2393 4817 2654 4875 subsidiis
2683 4814 2928 4872 bonitate
2951 4811 3237 4869 Tonantis.

1717 5036 1926 5091 CAPUT
1978 5035 2044 5089 ll.

1163 5178 1238 5236 De
1271 5184 1476 5236 sancto
1524 5173 1818 5242 Aristo—ne,
1847 5168 2018 5228 Justo
2049 5174 2102 5226 et
2135 5163 2314 5224 sociis
2350 5178 2578 5222 eorum.

213 5329 392 5384 Multis
411 5330 644 5382 venuste
675 5329 941 5394 martyres
962 5319 1312 5392 Campaniam

216 5424 445 5479 Comunt
475 5418 770 5489 triumphis
797 5418 1138 5493 fulgurantes
1169 5414 1390 5486 inclytis

217 5511 282 5566 Ex
313 5511 474 5584 queis
503 5507 721 5563 Ariston
760 5505 946 5561 Justus
970 5512 1136 5576 atque
1176 5503 1475 5574 compliccs

219 5599 636 5658 Crescentianus
662 5613 902 5670 cumque
933 5594 1277 5650 Felicissimo

220 5693 468 5748 Urbanus
496 5707 560 5746 ac
587 5689 775 5744 Vitalis
803 5697 860 5744 et
892 5687 1038 5743 Felix
1074 5685 1236 5740 simul

1937 5307 2067 5362 Cum
2090 5305 2354 5361 Martlana
2379 5319 2444 5360 ac
2489 5302 2853 5375 Symphorosa
2882 5294 3176 5369 praenitent

1935 5398 2137 5454 Cruore
2167 5397 2360 5462 tincta,
2390 5403 2582 5450 vernat
2617 5395 2716 5449 hac
2745 5394 3007 5447 Antonius

1935 5491 1991 5544 ln
2021 5489 2191 5544 frusta
2224 5487 2428 5541 fractus
2466 5486 2664 5557 hisque
2703 5485 2908 5539 ﬂumen
2934 5494 3262 5536 consecrans

1929 5581 2046 5645 Quo
2078 5576 2388 5640 diluuntur,
2421 5574 2569 5646 quod
2603 5571 2844 5645 sepulcri
2877 5571 2971 5626 dat
2999 5569 3173 5625 vicem
