3972 6208
485 312 591 369 855
1255 313 1620 368 FLOIJOAHUI
1666 311 1964 365 CANONICI
2010 311 2337 365 lil‘lMENSlS
2380 313 2713 368 OPUSCUIA
2756 313 3056 369 METRICA.
3727 322 3824 374 856

1972 469 2178 525 CAPUT
2218 470 2309 525 ιιι.

1285 597 1362 654 De
1391 600 1615 655 Sanctis
1646 597 1868 659 Prisco,
1910 595 2233 667 Antonino,
2275 598 2504 654 Aristeo
2532 605 2715 673 atque
2748 598 3030 656 Paulino.

485 728 691 783 Attollit
714 726 952 797 Capuam
978 725 1201 780 tradens
1224 740 1365 780 nova
1386 727 1639 800 dogmata
1673 727 1891 781 Priscus
2133 733 2176 798 Α
2209 726 2495 781 Mulctatus
2525 727 2783 783 mulctata
2816 727 2945 798 piat,
2986 730 3288 801 pulsusque
3310 732 3523 789 reducit

486 819 733 890 Antiquae
766 816 995 871 rutilans
1026 816 1227 872 Christi
1261 816 1484 888 pietatis
1507 816 1788 881 alumnus,
2205 818 2282 871 Ad
2314 825 2528 888 portum
2552 820 2718 874 maris
2746 819 2925 874 insani
2956 820 3249 890 dispendia
3280 839 3471 893 passos

486 911 614 964 Cum
643 925 753 981 quo
781 908 1079 974 Antonino,
1112 908 1341 978 puerilia
1367 908 1612 962 membra
1644 916 1913 962 sacrante.
2206 909 2613 983 Naufragioque
2647 912 2787 982 rapit
2813 911 3044 966 Probum
3080 914 3288 982 prolem
3318 921 3484 986 atque
3503 918 3751 973 maritam

486 1001 722 1072 Martyrii
745 1002 922 1071 palma
953 1000 1087 1055 colit
1127 1001 1270 1054 hanc
1307 1000 1537 1054 antistes
1565 1000 1825 1054 Aristeus.
2209 1004 2525 1057 Diemonica
2540 1003 2788 1058 sobolem
2828 1003 3132 1074 lymphanti
3165 1012 3315 1075 peste
3339 1007 3608 1079 jugalem,

490 1093 687 1146 Felicis
726 1092 936 1146 calamo
968 1090 1187 1145 decorat
1212 1089 1472 1144 Paulinus
1491 1105 1716 1163 agones,
2210 1091 2272 1144 Et
2299 1092 2463 1146 simul
2494 1101 2714 1163 ereptos
2738 1092 2950 1147 Christo
2981 1109 3105 1147 cum
3140 1094 3390 1163 pluribus
3405 1094 3583 1151 oﬂ'ert.

484 1191 630 1254 Quos
655 1187 851 1257 raptim
886 1186 1130 1259 tetigisse
1145 1186 1301 1255 juvat
1343 1185 1599 1241 Nolensis
1626 1185 1717 1240 hic
1743 1184 1936 1240 almus.
2206 1183 2509 1254 Regressus
2533 1182 2739 1235 laribus
2768 1182 2895 1236 dum
2940 1189 3133 1237 tractat
3164 1184 3331 1254 digna
3361 1187 3644 1251 decenter.

488 1279 779 1349 Presbyter
806 1277 1060 1332 astrictus
1082 1277 1348 1349 Dravique
1374 1275 1659 1332 obtutibus
1688 1283 1839 1330 actus
2206 1277 2411 1349 Anguis
2442 1276 2570 1330 item
2603 1277 2809 1347 petitur
2840 1276 3029 1331 rabido
3063 1277 3230 1332 livore
3262 1278 3514 1335 furentis.

490 1368 760 1423 Pictorum
795 1366 932 1420 nihil
964 1381 1087 1420 esse
1116 1366 1278 1421 docet
1309 1374 1562 1436 portenta
1592 1365 1855 1430 deorum;
2208 1364 2537 1420 Ohscuratur
2576 1372 2745 1429 atrox,
2790 1364 2977 1435 praedo
3008 1374 3242 1421 caecatur
3282 1365 3506 1440 iniquus

490 1460 762 1530 lmpulsus
800 1472 1021 1529 quoque
1050 1456 1340 1531 sacrilegis
1366 1457 1537 1510 libare
1564 1455 1786 1529 figuris:
2209 1453 2489 1507 Scrutator
2509 1451 2725 1526 rogitat,
2754 1451 2992 1524 caligine
3019 1469 3263 1524 pressus,
3297 1462 3572 1525 apertum,

491 1573 514 1599 α
563 1551 755 1605 Hostes
788 1550 940 1615 estis,
970 1548 1067 1614 ait,
1094 1554 1397 1602 vestrorum
1427 1548 1529 1602 hoc
1559 1563 1783 1602 munere
1814 1547 2001 1601 divum
2209 1545 2410 1611 Quaerit
2438 1552 2492 1599 et
2512 1546 2829 1617 alloquitur,
2857 1546 3006 1601 videt
3035 1563 3097 1601 ac
3122 1547 3227 1602 sibi
3256 1550 3478 1620 prodier
3503 1560 3645 1616 orat,

487 1642 651 1708 Queis
682 1657 768 1695 me
802 1640 1070 1712 producto
1099 1639 1319 1695 eveniet
1349 1641 1496 1711 quod
1530 1639 1762 1713 contigit
1791 1640 1896 1695 illis
2212 1638 2654 1710 Praiscntemque
2686 1646 2846 1693 tuens
2874 1639 3088 1693 absenti
3121 1648 3305 1695 mente
3337 1642 3585 1713 requirit,

488 1738 724 1793 Felicem
759 1736 979 1791 fratrem
1003 1734 1208 1807 quibus
1237 1734 1555 1791 exhibuisse
1588 1735 1821 1801 doletis;
2211 1731 2398 1801 Palpat
2427 1737 2484 1784 ut
2518 1730 2572 1784 in
2606 1731 2851 1785 tenebris
2881 1747 3019 1801 puro
3050 1730 3264 1787 fervore
3302 1733 3435 1790 dici.

488 1827 549 1878 At
586 1824 801 1879 Domini
833 1823 1093 1895 indagare
1121 1824 1226 1878 mei
1259 1824 1305 1879 si
1334 1825 1561 1878 numina
1591 1825 1741 1879 cordi
1782 1832 1888 1891 est,
2211 1824 2470 1877 Demente
2494 1822 2671 1887 eluso,
2700 1822 2921 1878 latebra:
2954 1824 3089 1894 petit
3114 1824 3307 1879 intima
3340 1825 3485 1879 Felix

486 1916 733 1985 luppiter
766 1931 797 1969 ο
830 1915 932 1985 [ut]
987 1930 1243 1986 princeps
1275 1921 1416 1980 ruat,
1455 1915 1521 1969 ad
1553 1914 1819 1987 Capitolia
1850 1916 2034 1972 ducar.
2078 1938 2101 1965 ι)
2211 1911 2320 1965 Nec
2347 1926 2500 1965 mora
2532 1911 2859 1981 regreditur,
2890 1911 3074 1967 vultus
3102 1912 3204 1966 sub
3237 1913 3403 1967 corde
3433 1913 3689 1969 volutans

489 2008 725 2117 Apribus
752 2010 1034 2117 oppressis
1058 2010 1236 2117 judex.
1256 2010 1401 2064 hunc
1430 2010 1632 2107 robore
1661 2010 1885 2065 mandat
2139 2051 2186 2117 Β
2211 1998 2464 2117 ςθιρῑεξξοτ
2492 2000 2753 2117 ειῗιξξὶυες
2787 2000 3064 2117 δεξάοίἱυεεει
3090 2000 3320 2117 οὑξιιιῐηὶι⁸
3339 2002 3577 2057 arachne

487 2098 748 2161 Obtundi,
777 2099 1097 2169 celsumque
1123 2097 1240 2152 dari
1270 2098 1557 2169 aptarique
1582 2105 1834 2160 catastae;
2139 2092 2186 2117 υ
2215 2092 2498 2146 lntroitum
2541 2092 2664 2146 telis
2695 2092 2993 2162 perniciter
3021 2108 3143 2147 acrc
3173 2092 3375 2159 ductis,

485 2189 742 2245 Truditur
768 2190 895 2245 hinc
923 2192 1083 2245 caecis
1113 2189 1353 2245 barathri
1386 2190 1659 2262 siccisque
1704 2190 1952 2245 tenebris
2211 2180 2547 2252 Tutaturquc
2580 2182 2752 2252 ρὶυπι.
2785 2180 2925 2235 ludit
2952 2182 3226 2237 velamine
3256 2200 3483 2250 δευνυπι,

488 2283 729 2338 Nexibus
760 2283 1033 2347 astrictus,
1067 2289 1386 2337 sternuntur
1414 2282 1668 2339 acumina
1708 2290 1861 2356 {ergo
2214 2270 2645 2341 Prmdonemquc
2668 2270 2772 2324 levi
2806 2287 2870 2325 ac
3140 2271 3458 2327 discrimine
3493 2275 3759 2344 praedam.

488 2376 690 2444 Aspera
720 2380 981 2427 testarum
1012 2372 1328 2427 recubantis
1357 2374 1563 2427 vellere
1598 2388 1877 2437 somnum,

2214 2357 2487 2411 Frustrato
2511 2357 2742 2412 cedente
2765 2358 2918 2429 lupo,
2950 2358 3087 2429 petit
3116 2375 3291 2432 agnus
3314 2360 3477 2427 ovile,

488 2463 564 2519 As
589 2460 770 2516 fractae
802 2461 1002 2516 lectum
1036 2462 1235 2516 coclea:
1278 2461 1635 2516 mucronibus
1665 2467 1892 2515 armant.

2215 2445 2492 2501 Fomentis
2522 2446 2727 2501 altricis
2756 2447 2872 2502 ovis
2903 2447 3023 2502 sine
3057 2463 3210 2503 more
3245 2450 3488 2520 potitus:

488 2548 687 2603 Visitur
724 2547 813 2603 his
850 2548 1067 2619 superis
1096 2549 1334 2620 divoque
1364 2549 1544 2604 nitore
1571 2548 1803 2616 levatur,

2213 2534 2378 2603 Cujus
2415 2535 2678 2589 subsidiis
2709 2536 2873 2590 alitur
2893 2536 3121 2591 minime
3149 2552 3247 2591 ora
3274 2544 3484 2603 tuetur;

489 2643 765 2713 Nocteque
791 2643 893 2697 sub
919 2643 1101 2697 media
1129 2643 1299 2697 scissa
1328 2644 1481 2697 trahe
1512 2642 1714 2697 dissilit
1742 2643 1893 2698 orbis
2216 2625 2317 2679 Lac
2350 2624 2565 2695 puerile
2598 2625 2746 2695 capit
2775 2632 3068 2696 servatque
3094 2624 3251 2680 virile
3282 2625 3575 2681 libramem

488 2734 654 2788 Crura
675 2733 874 2804 duplex
908 2734 1049 2789 {ensi
1080 2734 1174 2805 qui
1205 2742 1479 2805 presserat
1504 2750 1601 2786 ειχο
1623 2734 1825 2799 solum,
2212 2719 2300 2774 Sic
2340 2729 2528 2774 ternos
2555 2719 2769 2794 agitans
2799 2734 2994 2775 cursus
3022 2719 3279 2791 lunaeque
3311 2719 3552 2789 labores,

487 2828 677 2897 Adque
700 2827 1042 2880 sacerdotem
1074 2825 1249 2896 ruptis
1270 2825 1564 2879 mandatur
1593 2824 1806 2890 ahenis,
2213 2812 2534 2869 Pontiﬁcem
2565 2823 2687 2885 post
2718 2815 3031 2869 larvicolam
3075 2814 3168 2869 dat
3198 2815 3426 2870 credere
3455 2814 3747 2883 Christum,

490 2913 925 2985 Pontilicemque
953 2930 1110 2968 suum
1137 2914 1430 2987 egrediens
1452 2912 1773 2986 perquirere
1806 2913 1963 2981 liber,
2213 2903 2363 2957 Εΐυίι
2395 2911 2448 2957 οἱ
2470 2904 2733 2974 templum
2762 2904 2952 2959 (Ῐίνίηο
2985 2904 3209 2958 numine
3238 2918 3482 2972 Versum,

489 3008 896 3077 inventumque
920 3004 1043 3059 urbi
1076 3005 1393 3076 laribusque
1414 3005 1651 3059 educere
1682 3014 1838 3061 caute
2212 2994 2312 3061 Qui
2345 3010 2609 3065 responsa
2638 2995 2825 3063 dabat,
2868 2995 3086 3070 fugiens
3106 2994 3200 3049 ubi
3230 2995 3377 3050 cedit
3404 2996 3617 3067 Apollo.

490 3098 553 3154 Et
580 3104 781 3153 tectum
806 3096 1077 3163 refovere,
1107 3096 1257 3151 domi
1284 3096 1412 3150 dum
1437 3096 1599 3152 turbo
1619 3097 1840 3153 residat,
2212 3089 2433 3144 Actibus
2451 3089 2535 3143 his
2564 3090 2763 3147 clarus.
2798 3089 3010 3143 virtutis
3049 3089 3257 3145 honore
3290 3088 3546 3156 decorus,

489 3185 589 3251 Qui
617 3184 807 3240 senior
832 3200 935 3239 nec
963 3183 1106 3240 ferre
1129 3184 1320 3239 valens
1346 3193 1633 3251 tormenta,
1658 3185 1896 3241 ferarum
2216 3180 2346 3232 Uum
2371 3178 2577 3249 Petitur
2600 3185 2797 3233 cuncta
2829 3177 3028 3250 PNBSUI
3057 3176 3304 3233 fervente
3333 3185 3570 3242 caterva.

490 3278 680 3333 Lustra
711 3276 953 3342 fovebat,
984 3293 1153 3349 agens
1169 3277 1333 3332 vitam
1350 3294 1607 3348 suprema
1637 3278 1969 3345 trahentem,
2130 3307 2179 3371 ω
2207 3270 2513 3371 Pontificali
2544 3272 2712 3371 alium
2750 3288 2993 3371 renuens
3022 3271 3307 3371 legit-arce
3334 3272 3650 3371 [eremi-um.

486 3366 704 3441 Frigore
734 3364 1067 3431 confectum,
1098 3365 1257 3420 famis
1284 3375 1339 3420 ct
1365 3366 1686 3421 discrimina
1714 3384 1956 3438 passum.
2134 3358 2179 3371 ν
2206 3358 2435 3415 Pacifico
2468 3360 2595 3414 inde
2624 3366 2768 3414 meat
2794 3360 3053 3415 duodena
3083 3360 3365 3415 volumina
3386 3360 3577 3417 Phoebi

486 3457 780 3513 lnvcniens
804 3455 952 3512 Felix
983 3465 1103 3527 post
1142 3457 1337 3511 crebra
1374 3457 1656 3513 volumina
1682 3458 1856 3513 saltus
2210 3452 2343 3506 Hinc
2362 3452 2643 3506 hominem
2676 3452 2889 3527 magnis
2921 3451 3168 3522 locuples
3195 3451 3506 3521 virtutibus,
3532 3453 3666 3519 exit,

482 3546 599 3601 Jam
623 3544 858 3617 rigidum
883 3544 1167 3599 immotum
1188 3544 1747 3619 gelidumquejacere
1774 3545 2031 3612 cadaver,
2207 3541 2277 3596 Se
2307 3542 2455 3597 velut
2486 3550 2639 3597 oratu
2658 3553 2913 3597 sternens
2942 3541 3207 3597 altaribus
3237 3542 3417 3609 almis,

484 3636 689 3691 Aistuat
717 3635 863 3691 unde
896 3644 1103 3708 patrem
1139 3636 1362 3703 relevet,
1389 3635 1613 3690 ﬂantem
1632 3636 1826 3691 ultima
1855 3644 2030 3705 curet,
2207 3633 2334 3689 Post
2367 3634 2644 3689 celebrata
2668 3634 2757 3688 die
2790 3632 2986 3689 Christi
3029 3634 3285 3705 mysteria
3315 3650 3474 3690 sacro

487 3726 565 3792 Et,
601 3727 735 3797 proh
769 3726 906 3780 mira
932 3724 1069 3780 fides
1102 3723 1115 3779 l
1152 3726 1393 3797 pendere
1424 3725 1480 3778 in
1507 3724 1764 3780 sentibus
1795 3741 1954 3779 uvam
2206 3728 2342 3782 Pace
2371 3726 2499 3781 data
2520 3726 2736 3781 cunctis
2754 3726 2981 3781 subiens
3011 3726 3257 3781 coelestia
3289 3726 3458 3790 Felix,

486 3819 621 3873 Ecce
651 3818 802 3873 videt
839 3818 1094 3890 stupidus
1134 3835 1257 3890 quae
1286 3833 1458 3893 grana
1481 3818 1719 3886 jacentis
1746 3817 1801 3872 in
1828 3834 1923 3874 ore
2207 3820 2330 3875 Post
2360 3819 2540 3874 crucis
2562 3827 2785 3873 exactus
2817 3820 2989 3873 multo
3028 3817 3129 3872 sub
3153 3834 3329 3889 agone
3360 3819 3669 3891 triumphos

484 3909 676 3964 Pressa
714 3909 863 3965 senis
903 3919 1152 3964 recreant
1182 3910 1424 3965 animum
1468 3910 1835 3984 attolluntque
1867 3910 2098 3966 rcfotum
2203 3911 2402 3966 Felicis
2434 3911 2627 3982 palma:
2650 3910 2822 3964 titulis
2852 3909 3087 3965 feliciter
3119 3926 3271 3965 usus.

484 3998 712 4053 lnsolito
741 3998 961 4053 dulcem
996 3998 1099 4052 fert
1128 4015 1327 4069 aspera
1356 4000 1506 4069 sylva
1536 4015 1791 4071 saporem
2201 4004 2527 4075 Presbytero
2551 4002 2712 4057 datur
2743 4002 2998 4074 Hclpidio
3024 4011 3251 4057 curante
3277 4003 3534 4073 sepulcro

482 4091 858 4162 Laetitiamque
897 4092 1032 4147 meri
1064 4091 1370 4147 tribuerunt
1400 4094 1630 4165 cuspide
1658 4093 1830 4148 dumi.
2200 4092 2566 4164 Pincensique
2586 4092 2704 4146 solo
2733 4090 2933 4146 renitet
2964 4089 3178 4145 virtutis
3199 4090 3408 4160 Opimo.

483 4184 810 4258 Aggreditur
830 4184 977 4239 Felix
1009 4185 1153 4239 ulnis
1182 4185 1541 4257 humerisque
1575 4193 1815 4257 reportat
2202 4183 2312 4238 Hoc
2342 4198 2561 4254 quoque
2593 4180 2908 4252 pontificem
2933 4179 3146 4233 felicem
3176 4179 3295 4234 lucc
3328 4178 3559 4250 potitum

484 4276 625 4331 Rurc
652 4284 859 4347 patrem
884 4278 1085 4351 tugurii
1114 4288 1167 4333 ct
1193 4278 1427 4333 vidualis
1457 4279 1699 4333 culmine
1727 4278 1934 4342 condit,
2201 4272 2457 4326 Mirorum
2481 4287 2510 4324 a
2539 4285 2711 4341 puero
2733 4269 3062 4340 culmenque
3091 4268 3355 4322 decenter
3384 4268 3669 4338 adeptum,

482 4367 871 4441 Occultumque
904 4368 1072 4437 fovet,
1104 4381 1407 4442 cautusque
1439 4370 1701 4425 alimenta
1733 4370 2024 4425 ministrat.
2201 4367 2438 4438 Martyrii
2470 4366 2634 4422 sociis
2665 4375 2748 4420 ter
2767 4365 2912 4419 deno
2943 4370 3233 4418 stemmate
3264 4363 3441 4427 nexis,

484 4455 679 4526 Captus
707 4457 834 4512 item
866 4465 1069 4531 martyr
1098 4459 1307 4515 Circeio
1347 4458 1570 4514 deditur
1601 4459 1726 4513 exul
2126 4530 2147 4531 ᾗ
2204 4460 2493 4530 Presbyter
2522 4456 2808 4529 llelpidius
2836 4454 3060 4512 Nolensi
3090 4454 3323 4511 collocat
3352 4453 3495 4509 aula.

482 4550 619 4605 Saxa
640 4568 827 4608 secare
862 4552 1041 4625 apici;
1072 4553 1347 4610 damnatis
1386 4553 1567 4610 vivere
1598 4568 1848 4617 consors,
2121 4530 2176 4597 D

1984 4710 2193 4766 CAPUT
2232 4710 2316 4765 ιν.

1838 4838 1915 4897 De
1955 4846 2165 4900 sancta
2204 4838 2481 4899 Iuliana.

484 4967 712 5023 lrradiat
740 4967 936 5024 Cumas
964 4970 1119 5025 fortis
1141 4969 1361 5025 Juliana
1388 4969 1601 5046 virago,
2202 4968 2421 5026 Invenit
2443 4968 2532 5023 hic
2561 4967 2771 5023 cunctis
2797 4964 3091 5021 truciorcm
3114 4959 3432 5016 horroribus
3458 4960 3675 5015 hostem

483 5060 635 5124 Quae,
670 5068 795 5131 post
814 5061 1078 5118 obtritum
1113 5063 1272 5118 bellis
1300 5072 1465 5134 caput
1493 5064 1669 5119 hostis
1694 5064 1893 5136 iniqui,
2203 5068 2425 5122 lnterna
2453 5059 2726 5132 oppositis
2755 5065 3091 5127 externaque
3107 5052 3250 5108 bella
3279 5059 3615 5106 moventem.

482 5150 727 5207 Membra
757 5153 919 5208 beata
937 5155 1060 5210 tulit
1087 5154 1255 5211 variis
1272 5155 1510 5212 exercita
1537 5156 1759 5231 pugnis,
2203 5152 2546 5223 lnternisque
2576 5149 2760 5204 sciens
2784 5146 3039 5202 invictam
3070 5143 3255 5216 prodit
3283 5151 3475 5231 aperte

480 5248 649 5313 Quam
686 5254 839 5318 pater
875 5249 1122 5320 auspicio
1154 5250 1313 5306 lucta:
1344 5226 1676 5305 cruciatibus
1706 5251 1837 5323 egit,
2198 5240 2485 5300 Terriﬁcos
2514 5238 2697 5295 vultus
2725 5235 3027 5307 miserique
3060 5226 3339 5289 notamina
3367 5230 3567 5323 cultus,

479 5336 813 5391 Verberibus
840 5318 1017 5393 tritam
1045 5338 1439 5395 zelolaceravit
1468 5355 1673 5395 amaro.
1742 5318 1769 5323 ν
2202 5335 2318 5390 Stat
2346 5339 2530 5388 tamen
2557 5327 2852 5400 intrepide,
2893 5332 3077 5379 manet
3100 5318 3469 5392 imperterrita
3496 5320 3674 5395 virgo,

482 5426 727 5483 Praefecti
752 5427 1055 5500 sponsique
1084 5431 1213 5485 dein
1253 5438 1528 5487 tormenta
1557 5430 1812 5505 fatigans,

2200 5426 2313 5481 Nec
2342 5436 2608 5478 concussa
2632 5420 2837 5485 tremit,
2870 5432 2972 5472 nec
3001 5413 3245 5469 desolata
3274 5411 3539 5482 pavescit,

479 5519 731 5575 Sulcatur
757 5499 948 5593 virgis,
973 5499 1223 5592 quatitur
1251 5538 1520 5594 suSpensa
1550 5499 1788 5594 capillis,
2202 5512 2630 5585 Conﬂigensque
2658 5511 2835 5582 palam
2875 5507 3071 5580 palma
3110 5499 3409 5594 splendore
3434 5500 3656 5555 nitescit

479 5609 693 5665 Venice
723 5612 792 5667 de
822 5591 1036 5667 summo
1069 5614 1295 5682 plumbo
1330 5591 1550 5685 perfusa
1578 5591 1787 5685 liquato
1811 5630 1827 5677 ;
2201 5608 2511 5663 Certantem
2542 5616 2707 5670 quam
2727 5601 2872 5656 bella
2901 5603 3128 5667 stopens
3144 5591 3466 5685 Nicomedia
3494 5593 3651 5659 vidit,

479 5693 722 5751 Carceris
740 5699 869 5752 huic
896 5706 1053 5752 antro
1082 5683 1342 5771 caecoque
1373 5707 1593 5770 recepta
1619 5683 1877 5754 barathro
2201 5700 2389 5772 Regna
2419 5690 2845 5761 triumphantem
2885 5687 3133 5763 gaudens
3162 5683 3461 5755 Campania
3491 5683 3743 5756 sumpsit.
