3972 6208
248 293 358 346 857
836 291 917 344 DE
959 290 1219 344 CHRISTI
1260 289 1620 344 TIIIUMPIIIS
1660 291 1829 345 APUD
1871 289 2138 344 ITALIAM
2180 289 2356 343 LIBIII
2397 286 2528 340 XIV.
2571 317 2637 326 —
2678 287 2800 339 LIB.
2846 284 2972 337 XIV.
3488 281 3594 333 858

1774 469 1983 523 CAPUT
2034 469 2093 523 V.

1349 601 1425 656 De
1456 601 1774 675 .s‘potetana
1805 599 2002 656 sancti
2038 599 2215 656 Pauli
2244 598 2507 656 ecclesia.

254 725 541 818 Spoletum
577 746 739 800 rutilo
772 746 988 798 Patrum
1013 745 1309 814 splendore
1348 746 1604 800 decoram
1905 749 1957 816 Α
1985 745 2265 798 Obcaeeata
2293 743 2459 797 minis
2482 751 2564 797 ast
2595 741 2862 794 illustrala
2890 738 3168 808 trephwis.

256 838 602 891 Praetulimus
623 837 933 906 claramque
971 836 1074 905 piis
1105 836 1419 906 celsamque
1448 835 1730 906 palaestris.
1985 837 2253 909 Frangere
2271 836 2510 889 clausam
2541 832 2737 887 adiens
2767 829 3086 900 prohibetur
3116 827 3254 880 inire
3290 834 3587 896 patentem,

258 930 403 983 Hane
433 929 596 981 etiam
632 928 780 981 I’auli
808 928 1021 996 pollens
1057 926 1297 980 Ecclesia
1331 926 1524 980 lustrat
1983 927 2150 988 Quam
2180 924 2509 977 dumlumen
2528 921 2660 979 adit.
2698 917 2967 972 tumidum
2995 915 3170 987 caligo
3192 913 3432 987 subegit,

258 1023 322 1074 Iit
349 1021 529 1090 palma
569 1020 718 1084 fidei,
751 1020 990 1089 caligine
1024 1019 1254 1073 luminat
1277 1019 1468 1084 hostis,
1984 1019 2229 1088 Fureque
2247 1024 2468 1079 caecato,
2495 1013 2621 1067 fidei
2655 1011 2868 1084 fulgore
2912 1009 3172 1081 ﬂagrante

261 1112 450 1166 Clausa
482 1111 594 1181 lupi
631 1111 808 1175 furiis,
839 1111 966 1184 agni
999 1110 1095 1163 sed
1127 1119 1317 1180 aperta
1349 1110 1662 1181 triumphis,
1983 1109 2223 1163 Ecclesia
2257 1108 2447 1162 invasu
2467 1097 3082 1174 reprimunturluminis
3109 1099 3312 1152 hostes.

1769 1283 1976 1337 CAPUT
2021 1282 2108 1335 VI.

1437 1417 1510 1473 De
1535 1425 1737 1474 sancto
1775 1416 2118 1473 Eleutherio
2149 1419 2433 1485 martyre.

261 1557 434 1612 Patris
463 1557 760 1611 Eleutherii
797 1558 1038 1626 probitas
1071 1557 1159 1610 hic
1180 1557 1325 1611 clara
1353 1565 1622 1622 coruscat,
1987 1555 2085 1620 Qui
2108 1554 2442 1625 signansque
2475 1551 2620 1604 diem
2659 1548 3016 1622 gaudensque
3064 1547 3128 1600 ad
3183 1547 3406 1616 prwmia
3439 1546 3606 1600 fertur

260 1647 335 1698 Ad
368 1647 530 1699 vitam
565 1647 828 1714 lacrymas
858 1646 1014 1712 cujus
1047 1659 1333 1698 revocasse
1368 1644 1603 1698 cadaver
1989 1646 2209 1716 Mystica
2236 1643 2409 1714 poscit
2440 1658 2611 1696 ovans
2633 1656 2850 1694 carmen
2883 1639 3120 1709 prolibat
3147 1647 3199 1691 et
3220 1639 3478 1708 hymnos,

256 1736 512 1790 Testibus
535 1737 760 1789 asseclis
783 1735 1077 1807 Gregorius
1103 1735 1299 1790 asserit
1326 1735 1504 1788 almus
1540 1753 1554 1799 ;
1991 1739 2138 1792 Ferie
2172 1751 2404 1791 monens
2433 1734 2650 1798 fratres,
2676 1732 2783 1786 ciet
2813 1732 2879 1785 ad
2913 1747 3081 1804 regna
3107 1731 3214 1783 alta
3234 1729 3480 1784 sodalem
3516 1746 3528 1781 :

259 1827 371 1880 Nec
403 1825 528 1880 silet
554 1825 766 1880 obtenti
795 1842 890 1894 per
917 1841 1039 1878 eum
1062 1822 1166 1878 sibi
1190 1825 1335 1878 dona
1368 1824 1591 1896 vigoris,
1990 1854 2017 1882 ιι
2054 1830 2205 1893 Urse,
2239 1829 2363 1882 veni
2395 1827 2639 1880 clamans
2666 1823 2676 1876 !
2718 1856 2730 1866 ο
2784 1824 2918 1878 socii
2951 1840 3053 1877 nec
3085 1832 3266 1877 mente
3305 1829 3602 1891 capessunt

261 1916 480 1969 “rma”
507 1915 760 1970 οοίυηιθη
788 1915 1054 1970 SlOmaChi
1079 1915 1293 1983 Ieiunia
1327 1915 1429 1968 Γίῐθ
1987 1926 2156 1990 Dicta,
2189 1939 2289 1976 nec
2319 1921 2606 1974 advertunt
2635 1919 2978 1989 quodfassus
2997 1934 3158 1988 quem
3188 1917 3460 1976 vocitarit.

262 2007 418 2060 Ferre
440 2008 650 2071 datum,
685 2007 847 2077 positi
879 2008 960 2058 vel
996 2007 1216 2061 vincere
1246 2006 1749 2077 ponderisaequum

1989 2018 2119 2071 Dum
2156 2022 2277 2084 post
2307 2014 2446 2068 scire
2473 2014 2632 2067 datur
2662 2019 2931 2066 semotum
2967 2010 3180 2064 tramite
3209 2009 3373 2081 longo

261 2103 325 2154 At
356 2101 485 2154 dum
521 2118 718 2175 magna
748 2109 927 2172 patrat
961 2101 1230 2171 premitur
1259 2108 1441 2155 tamen
1476 2100 1814 2168 ipselihratu
1993 2105 2301 2159 [)eccssissc
2336 2113 2545 2172 patrem
2580 2098 3103 2172 rebuscognominis
3137 2097 3316 2164 hujus.

262 2194 468 2249 Divinze
497 2194 818 2248 moderante
852 2210 1046 2247 Inanus
1067 2193 1185 2263 qui,
1207 2193 1339 2247 sede
1374 2199 1656 2262 receptura
1993 2194 2266 2248 Momento
2299 2193 2403 2245 hoc
2437 2192 2630 2245 fultum
2664 2187 2995 2243 venerandis
3011 2187 3222 2240 actibus
3243 2185 3362 2256 ipso

262 2281 707 2352 Applicitumque
742 2281 900 2353 nigro
935 2296 1164 2350 puerum
1199 2281 1552 2349 spurcamine
1574 2287 1789 2350 purgat,
1923 2318 1970 2384 Β
1994 2287 2260 2356 Suprema
2293 2291 2396 2338 stat
2430 2282 2726 2336 Eleutherii
2748 2281 2992 2352 quivoce
3020 2280 3266 2333 citatum.

263 2376 434 2438 Quem
471 2372 717 2428 trucibus
746 2374 967 2428 solvunt
999 2374 1088 2444 pia
1119 2374 1484 2428 contubernia
1515 2374 1734 2436 vinclis,
1923 2366 1970 2384 "
1998 2374 2309 2446 Virgineam
2342 2382 2495 2442 pater
2526 2372 2612 2425 hic
2643 2378 2882 2424 mentem
2918 2369 3046 2422 dum
3075 2366 3296 2420 dotibus
3327 2375 3502 2426 ornat,

267 2466 600 2535 lnsuetoque
624 2464 1263 2520 feruntnoctesductare
1297 2464 1531 2536 quietas,
2001 2467 2214 2523 Christo
2280 2465 2615 2530 defunctam,
2666 2462 3068 2532 mundumque,
3129 2467 3448 2530 patremque
3511 2473 3610 2510 ne-

263 2557 590 2626 Tripudians
617 2556 779 2610 donis
808 2566 962 2627 pater
983 2563 1147 2626 atque
1182 2555 1489 2626 improvida
1507 2555 1721 2622 jactans
3305 2550 3541 2624 [gantem

265 2646 473 2701 Gaudia
499 2645 882 2716 supprimitur.
913 2660 1084 2716 puero
1107 2645 1324 2718 adjuga
1345 2646 1524 2715 prisca
1556 2647 1776 2714 relapso
1805 2663 1819 2708 ς
1994 2656 2168 2707 Aurea
2201 2654 2348 2710 dona
2381 2655 2550 2710 lutum
2584 2652 2771 2724 sponsi
2803 2650 3097 2722 splendore
3127 2654 3429 2719 putantem,

267 2740 436 2802 Quem
456 2738 708 2807 lacrymm
740 2737 960 2791 demum
1017 2747 1072 2791 et
1105 2737 1385 2792 redimunt
1430 2737 1642 2805 jejunia
1663 2736 1892 2790 fratrum
1997 2748 2165 2809 Quam
2193 2746 2274 2800 sic
2296 2746 2463 2820 digna
2488 2747 2652 2816 capit,
2688 2744 2802 2817 regi
2831 2758 2996 2814 quam
3026 2749 3180 2815 grata
3200 2755 3367 2809 super

268 2827 625 2897 Perfecteque
657 2835 842 2879 manet
871 2826 1080 2896 degens
1117 2826 1170 2878 in
1199 2833 1401 2880 caetera
1424 2825 1582 2879 liber.
1997 2835 2254 2890 Ruricola
2284 2846 2510 2906 accepto
2537 2834 2920 2904 ίηοιορρίωφιε
2941 2832 3155 2885 latrone
3189 2829 3395 2900 fugato,

269 2922 598 2976 Germanum
631 2922 722 2975 hic
762 2921 979 2976 fratrem
1002 2922 1209 2976 clarum
1243 2923 1514 2992 probitate
1535 2923 1804 2977 Joannem
2002 2924 2154 2978 IIaud
2179 2924 2548 2995 aliquidjuris
2580 2939 2668 2976 res
2712 2922 2767 2975 in
2794 2919 3046 2976 candoris
3073 2918 3316 2972 habente

280 3013 824 3084 Extuleratpraeseita
846 3013 950 3084 piae
970 3015 1056 3068 cui
1081 3015 1254 3086 gloria
1286 3024 1467 3078 metze,
2002 3016 2092 3070 Vel
2120 3026 2393 3072 temerare
2426 3016 2643 3071 valente
2678 3016 2862 3070 datum
2894 3012 2997 3067 nisi
3028 3011 3243 3082 virgine
3275 3017 3516 3079 portum.

1745 3176 1954 3230 CAPUT
2007 3177 2115 3231 VII.

1464 3307 1541 3366 De
1565 3316 1769 3366 sancto
1802 3307 2034 3368 Joanne
2067 3311 2416 3382 confessore.

270 3438 516 3492 Joannes
537 3437 746 3508 Syriam
785 3439 998 3492 virtutis
1029 3439 1547 3510 culminelinquens
1993 3439 2276 3493 Roboreos
2306 3439 2426 3492 sine
2458 3453 2610 3491 more
2645 3435 3108 3490 videntfrondere
3143 3435 3399 3498 lacertos,

276 3532 676 3602 Ausoniamque
696 3541 912 3602 petens,
956 3533 1323 3586 Penarensem
1384 3533 1659 3587 illuminat
1699 3534 1890 3587 urbem
1995 3525 2305 3597 Vestirique
2337 3527 2464 3580 dato
2497 3541 2604 3580 non
2639 3525 2694 3578 in
2728 3541 2826 3578 sua
2859 3531 3105 3591 tempora
3134 3523 3304 3575 cultu.

273 3624 715 3694 Perquirensque
744 3623 922 3677 locum
949 3631 1075 3679 tutae
1106 3635 1160 3678 et
1184 3625 1440 3679 stationis
1470 3625 1732 3698 agellum,

1923 3676 1965 3698 μ
1999 3614 2236 3669 Scitatus
2257 3615 2380 3686 quis
2409 3624 2463 3668 et
2488 3614 2632 3668 unde
2655 3613 2880 3667 domum
2914 3611 3165 3680 quojure
3195 3620 3448 3664 moretur

277 3679 538 3769 PsalIerio
563 3679 670 3768 ιδίο
694 3715 791 3768 sed
819 3730 943 3769 mox
972 3715 1039 3768 ad
1071 3723 1195 3770 vota
1225 3716 1417 3779 relato,
1503 3679 1536 3698 Θ
1720 3679 1732 3689 1
1921 3679 1968 3740 (ἶ
1994 3702 2064 3757 Se
2097 3679 2296 3760 Christi
2337 3704 2500 3758 modo
2534 3702 2760 3756 servitio
2791 3679 3008 3753 venisse
3050 3697 3275 3763 fatetur,

277 3806 477 3879 Deligit
501 3806 587 3859 hic
609 3814 827 3877 sumpto
857 3807 1052 3861 collata
1076 3807 1386 3863 habitacula
1412 3809 1607 3881 signo;
1999 3800 2106 3853 Hoc
2127 3799 2324 3867 sejure
2356 3796 2512 3862 locis,
2547 3795 2652 3848 hoc
2675 3793 2854 3847 sidere
2877 3789 3239 3881 rurihusillis.

276 3896 484 3950 Certior
508 3896 759 3968 angelico
782 3896 916 3966 quin
939 3895 1139 3950 famine
1170 3896 1426 3966 protinus
1456 3879 1608 3953 audit
1995 3892 2118 3945 Visa
2151 3890 2332 3945 ferunt
2361 3888 2604 3960 populis,
2639 3883 2914 3940 turmatim
2947 3882 3118 3934 densa
3150 3879 3405 3933 feruntur

279 3989 429 4042 Hunc
445 3987 549 4041 sibi
573 3987 670 4042 rite
698 3987 875 4041 locum
901 3987 1134 4042 Domino
1166 3997 1462 4058 praestante
1493 3991 1820 4060 parandum,
1995 3985 2247 4059 Agmina,
2274 3983 2544 4052 stipantes
2573 3989 2777 4034 coeunt
2797 3977 2912 4030 haec
2939 3974 3116 4027 visere
3144 3980 3332 4026 turmae
3366 3990 3380 4036 ;

279 4077 522 4150 Degendi
556 4083 770 4146 portum
795 4092 1098 4148 cursusque
1128 4077 1344 4149 viaeque
1377 4079 1650 4134 levamen.
1999 4078 2185 4132 Castra
2215 4076 2468 4131 locantur
2500 4074 2667 4126 humo
2700 4069 2817 4124 solo
2846 4064 3147 4142 gaudentia
3172 4064 3330 4126 coelo,

280 4163 516 4218 Canebat
537 4163 783 4235 glacialis
813 4165 1024 4235 hyems,
1049 4180 1246 4220 nemus
1272 4181 1437 4221 omne
1468 4168 1686 4241 rigebat
2000 4167 2300 4223 Praeﬁcitur
2331 4163 2620 4221 certaturis
2648 4160 2962 4217 certaminis
2992 4173 3238 4227 auspex;

281 4260 536 4313 Duratum
571 4259 892 4330 nudumque
923 4275 1085 4314 coma
1127 4261 1509 4334 scriptumque
1535 4264 1752 4333 pruina,
1998 4265 2267 4338 Aggregat
2307 4270 2469 4331 atque
2502 4259 2637 4331 regit
2672 4256 2902 4311 Domino
2958 4253 3280 4306 moderante
3319 4255 3566 4303 catervas
3597 4260 3611 4311 ;

281 4351 484 4422 llleque
507 4350 610 4404 sub
639 4351 786 4406 vidui
830 4352 1105 4408 residebat
1130 4354 1371 4424 tegmine
1395 4354 1530 4429 ligni
1561 4373 1576 4421 ;
1999 4353 2091 4408 Sic
2117 4361 2311 4422 quater
2340 4349 2593 4404 undenos
2626 4345 2839 4416 pollens
2869 4341 3370 4429 virtutibusannos

281 4443 487 4497 Venatu
515 4442 644 4498 fessi
667 4450 791 4513 post
819 4443 983 4517 longa
1008 4445 1291 4500 volumina
1309 4427 1506 4507 saltus.
2002 4443 2135 4498 Hinc
2165 4447 2414 4511 sumptus
2443 4435 2634 4507 requie
2675 4432 2874 4488 renitet
2904 4427 3220 4500 splendoris
3251 4427 3479 4486 honore,

282 4533 490 4589 Erroris
514 4534 642 4589 dum
674 4543 803 4590 nota
835 4542 1028 4605 petunt
1068 4537 1340 4592 solamina
1369 4538 1540 4610 longi,

1757 4676 1966 4731 CAPUT
2013 4675 2151 4730 VIII.

1487 4808 1561 4866 De
1588 4815 1792 4866 sancto
1830 4807 2119 4866 Cassiano
2148 4811 2431 4878 martyre.

283 4940 444 5011 Syllae.
467 4940 642 4995 forum
673 4957 780 5011 qua
805 4941 827 4992 ί
847 4940 1098 4995 assianus
1121 4941 1297 5016 gloria
1919 4945 1978 5013 Ι)
2007 4940 2279 5012 Datusque
2309 4937 2469 4992 saevis
2497 4930 2846 5003 dissipandus
2872 4927 3134 4999 parvulis,

282 5035 538 5098 Illustrat,
572 5036 704 5100 edit,
734 5045 1108 5107 concrepante
1140 5038 1382 5092 carmine
2005 5033 2183 5088 Sumit
2213 5046 2402 5085 severa
2433 5026 2584 5081 mille
2606 5025 2816 5079 vinctus
2835 5020 3081 5075 vulnera.

283 5127 532 5182 Clemens
563 5127 868 5197 palaestram
897 5129 1180 5183 disserens
1197 5129 1470 5196 Aurelius,
2002 5125 2298 5180 Crescente
2332 5137 2496 5193 ptena
2518 5119 2645 5173 dum
2678 5111 3154 5172 fatiscitcarnifex,

286 5215 512 5271 Pictoris
541 5223 657 5269 arte
688 5232 746 5270 se
778 5216 1010 5271 docente
1042 5224 1096 5271 et
1124 5217 1358 5287 hospite.
2003 5213 2194 5267 Pueris
2223 5209 2467 5284 magistri
2505 5224 2601 5278 per
2637 5211 2815 5261 cutem
2845 5200 3187 5265 ludentibus,

282 5304 430 5359 Altor
465 5303 664 5358 scolari
687 5304 774 5358 hic
805 5305 1144 5375 praestitutus
1173 5306 1400 5378 agmini,
2004 5303 2148 5366 Quas
2176 5301 2294 5372 ipse
2318 5301 2487 5354 durus
2517 5294 2962 5353 doctorediderat
2984 5291 3144 5354 notis,

284 5395 674 5466 Spernensque
694 5395 866 5450 sacris
895 5397 1212 5467 supplicare
1233 5396 1505 5465 formulis,
2003 5391 2246 5446 Tandem
2281 5405 2464 5444 moras
2483 5386 2742 5443 luctantis
2772 5385 2902 5439 olim
2934 5381 3158 5455 spiritus

287 5485 517 5556 lmpube
547 5487 744 5557 vulgus
774 5487 992 5541 erudire
1035 5495 1091 5542 ut
1118 5488 1398 5558 panditur,
2006 5485 2270 5538 Miserans
2303 5481 2532 5536 latebris
2561 5480 2786 5535 mandat
2814 5477 3023 5532 absolvi
3056 5477 3194 5530 Deus

289 5575 494 5630 Ludum
522 5575 752 5644 jubetur
779 5586 956 5633 morte
985 5578 1219 5648 ephebis
1240 5578 1481 5648 praebeat
2000 5577 2040 5629 A
2083 5583 2188 5630 tam
2219 5580 2445 5629 cruento
2472 5573 2871 5626 lancinatorum
2897 5586 3066 5643 grege

284 5663 436 5730 Quos
461 5665 862 5736 supprimenda
893 5667 1052 5721 seriis
1081 5665 1408 5733 offenderat,
2001 5667 2080 5720 Ad
2107 5666 2426 5740 angelorum
2457 5663 2661 5716 blanda
2677 5662 2880 5717 tollens
2902 5661 3166 5726 culmina,
