3972 6208
137 315 242 370 861
761 311 842 364 DE
881 309 1135 365 CHRISTI
1176 307 1534 364 TRIUMPHIS
1573 307 1742 361 APUD
1785 301 2044 358 ITALIAM
2089 298 2261 353 LIBRI
2303 294 2434 349 XIV.
2477 323 2545 332 —
2586 290 2709 344 LIB.
2753 287 2881 340 XIV.
3383 281 3489 334 862

146 445 380 514 Ignibus
411 443 675 497 immunis
700 441 971 496 scelerum
1005 447 1163 495 necat
1190 446 1304 494 atra
1332 455 1597 509 vaporum
1801 441 1847 506 Α
1877 432 2179 486 Verborum
2219 425 2434 500 gladius
2467 413 3216 514 plectrumque.abscinditur
3253 412 3385 474 oris,

149 536 532 605 Edomitisque
555 534 691 589 focis
713 540 919 602 perstat
953 532 1145 586 Christi
1180 532 1355 586 hostia
1385 531 1594 585 victrix.
1882 521 2114 578 Interior
2143 519 2240 574 sed
2285 517 2446 588 plena
2461 513 2597 605 serit
2625 523 2899 605 PHRCODIR
2931 507 3118 605 lingua
3147 520 3163 569 ἰ

150 624 308 688 Quod
345 595 624 693 nequeunt
653 595 856 675 clibani
889 622 1088 674 dantur
1128 620 1386 689 supplere
1414 618 1688 689 chelydri;
1876 611 2164 682 lmpetitur
2194 606 2355 661 saevis
2377 603 2579 693 totiens
2607 600 2865 652 decorata
2897 595 3130 693 sagittis,
3207 688 3215 693 Δ
3258 681 3268 690 ⁹

149 713 496 769 Marcescunt
517 720 696 768 tamen
730 713 953 767 aetherei
987 712 1186 766 virtute
1219 710 1502 779 triumphi,
1881 699 2128 756 Bellatrix
2159 697 2315 768 pulsa
2341 701 2395 748 et
2417 691 2615 761 jaculis
2642 703 2801 742 mens
2841 685 3038 740 emicat
3059 688 3111 736 et
3141 688 3319 735 astris.

1629 834 1837 891 CAPUT
1887 830 2035 886 XlIl.

1486 940 1559 998 De
1600 945 1804 997 sancto
1851 935 1891 992 Α
1904 929 2174 990 mbrosio.

155 1067 405 1121 Comitur
437 1066 712 1121 Ambrosii
741 1067 952 1122 meritis
982 1067 1113 1121 urbs
1134 1067 1459 1132 Mediolana,
1885 1054 2271 1114 Sincerwﬁdei
2301 1051 2593 1108 candentia
2624 1048 2827 1104 vellera
2849 1045 3052 1111 subdit,

154 1156 331 1220 Quam
363 1156 534 1228 gestis
562 1164 727 1229 atque
758 1172 852 1212 ore
884 1157 1015 1211 colit
1045 1156 1336 1211 virtutibus
1362 1166 1542 1220 ornat,
1884 1145 2111 1219 Singula
2150 1142 2359 1197 militia:
2389 1148 2624 1194 tractans
2664 1152 2886 1208 quoque
2918 1133 3105 1188 munia
3134 1133 3293 1188 divae.

155 1244 290 1307 Quae
323 1244 545 1298 monitis
578 1245 882 1317 Augustini,
908 1246 1154 1309 Pauline,
1185 1247 1449 1319 resignas.
1886 1240 2152 1296 Omnibus
2182 1237 2249 1291 ad
2275 1251 2548 1290 summum
2579 1231 2893 1286 laetantibus
2924 1230 3034 1283 exit
3062 1230 3352 1291 honorem,

156 1337 313 1390 llunc
342 1345 495 1407 pater
522 1337 783 1392 infantem
816 1338 1025 1392 cmlesti
1056 1339 1307 1393 examine
1340 1338 1498 1393 cunis
1881 1332 2230 1401 Autistesque
2261 1329 2420 1382 datus
2446 1333 2630 1380 sancte
2655 1329 3003 1378 sacrosancta
3026 1320 3322 1384 ministrat,

164 1427 419 1480 lnvasum
463 1427 692 1480 miratur
731 1444 892 1497 apum
927 1444 1050 1481 mox
1078 1437 1220 1481 astra
1255 1437 1538 1498 potentum
1882 1427 2103 1482 Actibus
2134 1424 2404 1495 eﬂulgens
2428 1419 2640 1476 Domini
2675 1417 2971 1489 splendore
3005 1414 3272 1471 coruscis.

163 1516 544 1588 Prwsagitque
573 1515 749 1569 virum
779 1516 1024 1570 coelestia
1054 1517 1212 1571 mella
1243 1518 1517 1571 daturum.
1883 1517 2161 1590 Approbat
2193 1517 2244 1570 id
2269 1522 2410 1569 tacta
2447 1513 2696 1586 gaudens
2721 1509 3017 1580 paralytica
3050 1512 3198 1561 veste

163 1607 226 1658 At
258 1620 416 1673 puer,
460 1612 743 1658 ostentans
774 1621 928 1659 sacro
957 1623 1014 1659 se
1048 1621 1197 1659 more
1227 1607 1542 1671 colendum,
1885 1611 1944 1665 Et
1980 1608 2204 1680 proprio
2237 1606 2457 1660 rediens
2486 1604 2669 1658 alieno
2702 1602 2883 1654 vincta
2913 1599 3146 1662 ducatu;

161 1694 431 1767 Porgebat
463 1694 590 1748 ιυάο
633 1695 881 1748 venerari
911 1694 1123 1765 Virgine
1146 1697 1387 1750 (lUXlI‘ﬂm
1884 1705 2055 1773 Atque
2097 1702 2326 1772 indigna
2366 1698 2502 1769 petit
2531 1698 2730 1750 claram
2763 1692 2996 1748 connixa
3027 1691 3304 1744 lucernam

163 1782 590 1852 Vaticinansque
614 1783 798 1836 datum
833 1784 1172 1838 memorabat
1202 1801 1259 1837 se
1281 1783 1476 1837 ordine
1509 1793 1706 1838 vatum.
1885 1793 2097 1848 Vellere
2129 1790 2482 1854 candelabro,
2525 1787 2733 1841 lcthum
2776 1783 2879 1837 sibi
2908 1782 3069 1836 stulta
3099 1780 3286 1849 virago

164 1871 407 1925 Eductus
434 1871 624 1925 ferulis
657 1873 995 1943 rutilansque
1028 1874 1201 1928 nitore
1223 1876 1429 1943 sophia)

1883 1889 2073 1943 Tracta
2111 1896 2263 1941 veste
2297 1884 2456 1953 rapit,
2487 1880 2889 1950 temerariaque
2921 1893 3068 1931 arma
3095 1874 3364 1935 retundit;

161 1966 401 2020 Auribus
426 1965 636 2019 accitur
667 1982 954 2036 procerum
988 1969 1234 2022 consulta
1267 1978 1508 2024 notatum
1889 1979 2148 2051 Repperit
2177 1978 2264 2032 hic
2295 1977 2458 2031 etiam
2495 1974 2623 2027 Elim
2651 1971 2951 2041 spiramine
2981 1968 3197 2022 fervens

161 2056 283 2125 Ipse
316 2070 538 2125 quoque
569 2054 771 2108 ascitus
803 2056 1061 2125 princeps
1096 2057 1386 2128 legumque
1429 2059 1705 2132 magister,
1887 2071 2141 2127 [tiezabel
2165 2069 2386 2124 rabidos
2421 2067 2578 2140 nigro
2602 2065 2771 2118 livore
2795 2061 3006 2115 furores

154 2147 391 2200 Tutatur
422 2148 670 2217 patriam,
706 2147 940 2217 pepulos
981 2150 1139 2221 regit,
1165 2151 1384 2206 ordinat
1424 2151 1609 2206 urbes.
1884 2166 1998 2228 Qua
2025 2163 2246 2217 fraudes
2277 2159 2420 2214 hosti
2453 2156 2680 2212 coluber
2705 2153 2928 2208 molitur
2958 2156 3148 2220 aperto

160 2240 266 2293 "ac
295 2255 402 2308 0Pe
433 2239 739 2294 Μθάίοίίιηῖι
781 2247 974 2310 PMB"3
1007 2241 1224 2314 fastigia
1259 2253 1443 2313 Partes
1884 2252 2190 2324 Exquirens
2216 2249 2364 2313 odia,
2399 2245 2624 2301 exilium
2661 2250 2835 2313 parat,
2867 2239 3057 2293 incitat
3086 2253 3218 2291 auro

159 2332 613 2386 Nititurexsectze
643 2331 839 2386 Christi
882 2349 1009 2386 core
1049 2337 1159 2401 (sic)
1192 2336 1356 2389 vestis
1817 2390 1857 2411 η
1890 2342 2344 2411 Culminibusque
2377 2337 2592 2392 animos
2631 2333 2804 2405 pactis
2847 2332 2897 2384 in
2928 2329 3033 2384 tela
3065 2327 3263 2382 furoris

161 2425 277 2488 Quo
311 2424 572 2494 templum
597 2425 780 2479 studio
811 2426 1118 2499 ingreditur
1147 2429 1454 2499 scissasque
1488 2431 1789 2503 phalanges
1817 2390 1862 2455 Β
1891 2436 1998 2489 Nec
2036 2434 2195 2488 Jesus
2227 2390 2412 2485 tamen
2442 2390 2703 2482 athletam
2736 2439 2833 2477 sua
2865 2431 3040 2474 castra
3072 2424 3350 2491 regentem

166 2514 460 2568 Pacificare
483 2522 658 2584 parat,
683 2515 812 2567 dum
832 2521 953 2569 vota
988 2517 1040 2568 in
1075 2516 1231 2585 plura
1257 2518 1506 2573 feruntur
1537 2540 1550 2584 ;
1889 2525 2118 2584 Deserit,
2161 2523 2383 2590 adjutor
2414 2519 2628 2574 validus
2658 2516 2761 2572 sibi
2785 2515 2951 2570 corda
2985 2512 3255 2566 ferentum

165 2605 397 2659 Infantis
426 2622 527 2660 vox
557 2607 1015 2661 Ambrosiumdat
1047 2609 1256 2664 honore
1287 2613 1612 2667 sacrandum
1889 2612 2046 2666 Pellit
2067 2611 2134 2666 ab
2169 2609 2386 2664 insidiis
2416 2609 2628 2662 hostem
2647 2610 2936 2673 servatque
2970 2599 3246 2653 clientem.

170 2696 429 2752 Conversi
461 2714 566 2768 qua
608 2697 815 2752 dividui
847 2699 902 2752 in
929 2699 1253 2771 diversaque
1281 2704 1418 2772 rapti
1890 2709 2044 2763 Latro
2072 2706 2219 2778 quod
2247 2710 2504 2775 expertus
2535 2700 2830 2772 laqueique
2863 2704 3086 2767 parator
3112 2691 3287 2762 Operti

165 2787 514 2843 Conveniunt
549 2787 603 2842 in
638 2796 794 2859 pacta
825 2790 949 2857 viri,
985 2807 1141 2844 mens
1169 2793 1428 2848 omnibus
1450 2811 1558 2848 una
1890 2800 2137 2854 Vicinum
2159 2797 2252 2870 qui
2274 2812 2332 2850 se
2364 2793 2618 2848 Ecclesiae
2651 2791 2753 2845 fert
2783 2789 2976 2844 tollere
3007 2792 3219 2856 raptum

165 2877 396 2942 luditur,
430 2877 774 2933 Ambrosium
806 2895 960 2934 sacro
987 2879 1094 2934 sibi
1119 2881 1245 2948 jure
1268 2882 1562 2938 dicandum
1885 2889 1948 2942 Ut
1978 2893 2142 2958 queat
2172 2884 2422 2954 ejusdem
2452 2880 2630 2936 facilis
2657 2877 2889 2933 crimine
2920 2875 3138 2930 culmen
3159 2871 3327 2941 (207}.

165 2966 518 3020 Conclamant
558 2967 815 3039 utrinque
845 2968 1004 3023 simul
1038 2970 1386 3025 concorditer
1415 2988 1612 3026 omnes
1881 2979 2048 3051 Cujus
2074 2980 2128 3032 in
2161 2977 2450 3032 adversum
2473 2971 2769 3028 tentamina
2787 2970 2949 3022 ducta
2974 2977 3222 3021 tenorem

166 3059 258 3112 Ille
291 3058 474 3131 fugam
508 3061 780 3115 meditans
808 3078 1011 3116 saavum
1041 3063 1346 3118 instaurare
1370 3066 1610 3120 tribunal
1882 3072 1996 3136 Quo
2030 3076 2183 3141 putat
2211 3067 2470 3138 abripere
2501 3063 2775 3135 abripitur
2803 3058 3108 3134 gestamine
3139 3061 3348 3119 νοοὶιιε,

161 3147 434 3218 Praecipit,
465 3149 851 3221 applicitisque
883 3151 992 3205 reis
1020 3158 1288 3208 tormenta
1320 3156 1526 3210 volutat
1558 3175 1574 3220 ;
1885 3165 2114 3232 Quoque
2147 3159 2237 3212 die
2283 3163 2492 3228 patrem
2535 3162 2682 3208 ratus
2730 3158 2998 3204 extorrem
3031 3160 3150 3199 esse
3191 3141 3504 3206 ferendum,

161 3237 269 3291 Nec
293 3253 577 3292 removere
609 3240 754 3293 valet
784 3241 1042 3311 cauptisve
1064 3242 1337 3298 abducere
1372 3245 1592 3314 plebem
1888 3249 2163 3313 Exulabit,
2183 3262 2342 3300 versa
2375 3246 2428 3298 in
2464 3242 2690 3312 preprio
2718 3240 2826 3294 sibi
2857 3237 3060 3292 vertice
3094 3234 3306 3288 fraude.

164 3327 533 3384 Clamantem:
595 3356 606 3370 -
667 3331 844 3401 Super
913 3332 1185 3404 addantur
1249 3342 1339 3388 tua
1398 3336 1629 3391 crimina
1686 3354 1785 3392 no-
1884 3322 1999 3396 Scit
2030 3337 2244 3394 Domini
2278 3334 2500 3390 monitis
2531 3343 2711 3387 tamen
2754 3331 2964 3384 hostem
2997 3326 3193 3397 praesul
3223 3338 3406 3376 amare

1507 3432 1640 3502 [bisl
1687 3453 1710 3483 ιι
1888 3425 2368 3502 Proscriptumque
2399 3428 2588 3481 levans
2617 3424 2819 3495 Opibus
2836 3421 3030 3476 solatia
3060 3417 3298 3481 confert,

171 3515 393 3570 Pondus
420 3515 562 3569 inire
594 3515 783 3584 legens
810 3518 1016 3587 sephize
1050 3528 1353 3585 revocatur,
1387 3520 1572 3591 inepta
1890 3524 1951 3577 Et
1990 3522 2117 3575 licet
2145 3520 2266 3590 ipse
2297 3530 2455 3586 aequo
2488 3514 2707 3584 plexum
2741 3527 2799 3564 sc
2824 3508 3009 3577 judice
3028 3505 3242 3560 clamet.

168 3609 448 3664 Sacrando
481 3608 585 3662 sibi
628 3616 807 3664 scorta
828 3610 1054 3666 adhibet
1085 3627 1187 3666 nec
1215 3619 1336 3668 vota
1378 3614 1608 3669 reflectit
1888 3618 2002 3672 Non
2035 3625 2216 3670 tamen
2246 3620 2360 3666 atra
2383 3625 2579 3664 manus
2608 3613 2767 3678 pavet
2799 3605 3002 3658 addere
3034 3599 3321 3654 fraudibus
3351 3614 3508 3651 arma

173 3701 503 3754 tlernentum
535 3698 774 3770 ferrique
802 3701 910 3755 sibi
945 3702 1060 3756 haec
1093 3713 1318 3772 peccata
1352 3713 1656 3776 rogantum.
1814 3759 1856 3778 η
1889 3707 2171 3778 Pugnaces
2200 3701 2330 3756 dum
2361 3715 2506 3753 saeva
2526 3697 2673 3751 viros
2705 3695 2797 3748 dat
2830 3690 3032 3746 femina
3064 3689 3250 3744 valvas

169 3791 393 3845 Nisibus
423 3791 509 3844 his
529 3791 698 3846 cassis
729 3791 976 3867 fugiendi
1003 3801 1251 3864 tempora
1277 3805 1457 3866 captat
1810 3778 1859 3826 υ
1891 3799 2189 3855 Obstruere
2212 3792 2469 3849 Ecclesia:
2499 3801 2822 3858 sacramque
2855 3781 3124 3852 repellere
3153 3778 3371 3850 plebem

175 3883 547 3956 Egressusque
569 3883 762 3938 urbem
785 3884 889 3938 sub
919 3893 1070 3940 vasta
1097 3885 1315 3941 silentia
1356 3889 1532 3943 noctis
1891 3896 1954 3948 At
1980 3891 2245 3947 Dominus
2274 3895 2534 3960 praestare
2556 3882 2742 3938 solens
2773 3895 2838 3934 ex
2872 3878 3028 3930 hoste
3059 3880 3264 3940 trepzea

171 3979 229 4032 Et
257 3977 505 4033 Ticinum
536 3995 596 4033 se
617 3978 756 4033 ferre
789 3987 986 4050 putans
1012 3989 1164 4036 recto
1194 3984 1416 4056 agmine
1446 4002 1714 4059 gressum,
1895 3984 2069 4040 Effera
2096 3982 2424 4056 belligerum
2458 3978 2706 4033 demutat
2735 3972 2897 4028 corda
2924 3968 3168 4059 virorum

169 4067 325 4121 Mane
356 4075 606 4137 repertus
631 4070 786 4124 adest
809 4077 974 4141 portae
1003 4073 1156 4128 urbis
1185 4057 1544 4142 Mediolanie;
1891 4078 2121 4130 Servare
2156 4075 2429 4135 inventos,
2454 4068 2745 4123 admittere
2774 4063 2964 4118 limine
3006 4057 3165 4112 fidos.

173 4162 302 4215 Acta
332 4166 565 4230 stupens
579 4162 723 4215 aries
765 4164 977 4218 Domini
1011 4166 1344 4221 attollendus
1373 4169 1502 4222 ovili
1895 4168 2062 4238 ldque
2098 4181 2310 4236 parum,
2341 4162 2445 4216 nisi
2469 4177 2588 4215 cum
2623 4157 2826 4229 pepulo
2853 4160 2975 4209 vota
3004 4165 3153 4205 arma
3176 4145 3511 4218 profundant

174 4252 435 4304 Inventus
460 4251 692 4321 capitur,
721 4259 902 4308 tentus
928 4266 1195 4322 servatur,
1231 4257 1456 4312 adactus
1894 4260 2066 4330 Atque
2099 4257 2267 4311 Deum
2283 4254 2444 4308 simul
2479 4251 2686 4306 attollat
2712 4265 2835 4303 cum
2871 4244 3034 4316 plebe
3055 4239 3274 4296 satelles
3300 4254 3313 4298 ;

171 4339 444 4411 Alligitur,
473 4341 678 4414 gaudet
708 4343 908 4412 raptari
940 4360 1009 4398 an
1040 4361 1194 4399 sacra
1223 4347 1556 4416 Toparcham
1895 4329 2195 4408 Pascantur
2239 4348 2446 4420 pariter
2477 4346 2585 4410 leo,
2641 4344 2763 4407 bos,
2797 4343 2960 4411 lupus
3000 4351 3174 4408 agnus
3213 4340 3268 4387 et
3300 4329 3507 4384 haedus.

175 4428 352 4483 Caesar
375 4430 501 4484 etin
529 4431 783 4486 comitem
819 4434 1080 4504 praadicta
1109 4435 1389 4505 implerier
1418 4453 1543 4492 orsa
1895 4444 2002 4498 Nec
2031 4438 2404 4496 siletantistes
2429 4433 2869 4503 tantosingratus
2895 4430 3157 4489 honores,

174 4522 339 4586 Queis
367 4525 568 4593 praesul
603 4525 768 4580 veluti
796 4527 984 4596 jussus
1005 4529 1135 4582 dare
1161 4529 1288 4595 jura
1320 4537 1548 4595 mearat,
1896 4532 2122 4586 Cumere
2151 4527 2416 4604 gratificis
2440 4524 2681 4597 insignia
2713 4521 2974 4576 laudibus
3005 4517 3198 4582 edens,

178 4609 377 4684 Effugit
407 4612 536 4668 hinc
567 4613 765 4668 iterum
797 4623 1008 4670 secreta
1037 4616 1348 4670 habitacula
1379 4634 1654 4688 quaerens.
1896 4624 1957 4678 Et
1987 4621 2258 4677 Christum
2289 4617 2524 4674 modulis
2555 4630 2813 4671 resonare
2845 4612 3151 4666 celeumata
3182 4605 3404 4660 tradens

178 4704 294 4758 Alta
323 4705 506 4760 subire
547 4722 772 4776 pavens,
805 4725 981 4781 agnus
1011 4724 1239 4764 censore
1272 4709 1468 4765 minaci
1817 4780 1834 4782 _
1899 4710 2235 4782 llymnidicis
2263 4708 2496 4763 reboare
2527 4704 2711 4760 choris
2739 4720 2802 4757 ex
2836 4717 2945 4773 quo
2977 4699 3118 4752 alma
3158 4703 3351 4749 suetus

177 4792 429 4848 Proditur
457 4801 699 4862 exactus,
734 4780 992 4868 purisque
1021 4797 1244 4853 ablutus
1273 4798 1328 4854 in
1357 4799 1538 4862 undis,
1814 4780 1871 4847 Ῑ)
1899 4780 2173 4856 occiduus
2205 4799 2394 4870 pangit
2426 4797 2545 4851 sine
2578 4795 2752 4849 limite
2778 4790 3021 4847 carmina
3046 4787 3224 4842 limes.

1650 4929 1858 4985 CAPUT
1905 4931 2036 4985 XIV.

1262 5032 1338 5091 De
1365 5035 1587 5092 sanctis
1617 5031 1900 5092 Gervas-io
1931 5042 2109 5118 atque
2140 5033 2426 5091 Protasio.

177 5167 339 5223 Addit
359 5168 663 5226 clarificare
694 5171 836 5227 Deus
865 5188 925 5228 se
956 5171 1349 5228 clariﬁcantem
1895 5173 2034 5227 Luce
2065 5178 2416 5226 coruscantes
2436 5182 2636 5238 supera
2672 5161 2953 5236 signisque
2993 5155 3278 5210 micantes.

177 5258 272 5314 Cui
303 5262 480 5316 celata
501 5262 596 5318 diu
626 5264 868 5334 pretiosa
898 5264 1102 5320 talenta
1129 5265 1352 5328 revelat,
1894 5259 2089 5314 Christi
2120 5259 2280 5313 laude
2311 5258 2453 5312 datis
2479 5236 2804 5310 famulorum
2837 5248 3043 5303 lumine
3074 5236 3341 5315 promptis

180 5351 314 5406 Dum
340 5370 402 5408 se
430 5353 507 5408 illi
533 5361 699 5411 testes
728 5355 940 5411 Domini
969 5356 1258 5410 Cervasius
1286 5363 1449 5428 atque
1893 5350 2140 5407 Pontifici
2170 5349 2452 5420 precibus,
2497 5347 2676 5417 posito
2707 5356 3012 5411 somnoque
3040 5341 3258 5410 gravato

180 5438 315 5496 Huic
343 5442 629 5500 individue
669 5444 837 5501 frater
859 5445 1132 5502 Protasius
1154 5445 1389 5511 haerens,
1893 5441 2003 5496 Visi
2029 5440 2241 5494 adstare
2273 5438 2450 5508 palam
2477 5437 2714 5503 juvenes
2756 5433 2996 5487 candore
3026 5428 3265 5482 nitentes

181 5531 545 5588 Adversorum
587 5535 654 5589 ad
680 5535 901 5606 probra,
936 5542 1144 5602 notant,
1167 5535 1232 5588 ad
1272 5534 1406 5590 vatis
1432 5535 1718 5599 honorem,
1894 5533 2068 5602 Atque
2098 5528 2225 5600 polo
2257 5525 2515 5580 manibus
2557 5524 2743 5592 pansis
2770 5531 2829 5577 ut
2856 5526 2980 5575 vota
3006 5518 3259 5572 ferentes.

252 5667 403 5740 (207)
461 5669 640 5725 Verba
686 5673 870 5739 facilis
914 5672 1141 5726 crimine
1195 5671 1400 5726 culmen
1451 5668 1556 5725 alia
1600 5682 1798 5722 manus
1839 5666 2076 5738 scripsit.
2109 5663 2205 5720 sed
2242 5662 2360 5716 sine
2404 5673 2596 5714 sensu.
