3972 6208
495 291 601 344 863

496 425 771 481 Sollicitus
799 444 955 482 sacer
982 444 1045 483 ac
1076 436 1276 485 nutans
1306 432 1401 486 ubi
1426 434 1543 487 nisa
1562 436 1827 493 recedunt

499 514 633 568 Vera
664 517 796 584 petit
826 517 1023 586 repeti,
1056 518 1100 570 si
1133 534 1291 581 vana,
1326 520 1594 576 facessere
1626 525 1818 579 ventis.

501 603 744 673 Augetur
770 620 934 672 pareo
968 605 1210 671 devotio,
1242 609 1355 661 visa
1398 622 1703 674 recurrunt,

490 696 608 749 Jam
640 711 859 767 quoque
893 701 1185 754 marcentis
1228 718 1415 757 vocem
1440 705 1567 758 dum
1595 707 1750 761 tertia
1780 708 1908 781 galli

495 786 604 839 Nox
640 787 915 853 redhibet,
950 790 1183 845 redeunt
1209 794 1308 847 visi
1352 812 1414 849 ac
1447 797 1753 866 produntur
1782 801 2003 870 ephcehi

496 876 734 929 lnsomni
756 893 819 930 ac
845 878 1065 947 stupido
1097 898 1381 954 vacuoque
1415 893 1471 939 ut
1494 902 1722 956 corpore
1755 888 1898 943 fesso

494 967 711 1021 Tertius
743 969 841 1023 hos
862 970 1049 1025 ductat
1081 972 1303 1027 Paulum
1337 993 1500 1047 quem
1533 979 1757 1033 schema
1785 980 1979 1055 ﬁgurat

497 1059 710 1130 Quiqne
742 1068 940 1114 notans
972 1063 1153 1118 socios
1184 1068 1375 1135 pandit
1397 1085 1497 1124 suo
1521 1070 1671 1137 jussa
1692 1080 1909 1127 secutos

498 1154 654 1206 Saacli
684 1154 1000 1211 adversatos
1023 1160 1259 1231 pompis,
1292 1164 1634 1236 vestigiaque
1666 1166 1759 1221 alti

498 1240 743 1296 Sectatos
777 1242 1023 1310 Domini,
1054 1248 1273 1303 culmen
1306 1253 1578 1321 sprevisse
1610 1255 1900 1321 caducum,

502 1329 747 1400 Binaque
787 1332 1078 1389 conclusos
1100 1339 1375 1407 quondam
1408 1341 1487 1396 sic
1518 1343 1685 1397 lustra
1714 1344 1926 1400 dicasse

500 1418 847 1491 Servitioque
884 1424 975 1477 Dei
1007 1425 1260 1498 divaeque
1293 1447 1515 1485 vacasse
1549 1436 1760 1504 sephia‘

503 1507 758 1577 Martyrio
785 1511 955 1585 digno
988 1515 1165 1570 donec
1203 1534 1436 1574 vernare
1462 1522 1671 1591 probati
1697 1540 1710 1585 ;

501 1599 735 1667 Corpora
775 1618 884 1670 quo
914 1602 1093 1657 fundit
1123 1613 1243 1660 vota
1277 1608 1608 1664 invenienda
1640 1612 1835 1667 locello

498 1695 684 1745 Arcam
720 1697 1069 1752 exultandam
1106 1703 1482 1774 templumque
1523 1705 1743 1761 celebre
1776 1710 2116 1778 parandum;

501 1779 729 1837 Nomina
762 1785 985 1840 scitatus
1016 1789 1161 1858 capit
1187 1790 1476 1846 inventum
1510 1794 1589 1848 ire
1629 1795 1875 1850 libellum

504 1870 732 1928 Nomina
762 1893 870 1946 quo
905 1880 1272 1953 meritumque
1307 1884 1452 1958 legat
1480 1895 1835 1958 sumptusque
1863 1904 2117 1955 coronas,

511 1964 601 2017 Ille
627 1965 779 2020 ciens
806 1968 1001 2024 fratres
1022 1972 1254 2039 telluris,
1286 1974 1339 2027 in
1359 1977 1553 2030 ordine
1587 1979 1816 2048 primus,

505 2053 675 2124 Terga
703 2058 879 2125 aperit
910 2059 1206 2127 fodiendo;
1240 2064 1331 2117 diu
1364 2075 1574 2121 secreta
1605 2076 1891 2137 patescunt

508 2142 732 2198 Munera
751 2163 851 2202 nec
881 2157 1137 2222 corrupta
1175 2154 1282 2209 situ
1317 2172 1418 2211 nec
1440 2159 1562 2212 tabe
1590 2160 1768 2213 soluta

510 2232 682 2305 thue
704 2236 796 2290 diu
819 2240 995 2307 posita
1025 2242 1123 2296 hac
1145 2244 1403 2318 fragranti
1435 2257 1653 2302 nectare
1685 2266 1904 2319 sparsa;

511 2327 799 2398 Expectata
828 2343 977 2402 patet
1010 2340 1259 2407 pandens
1284 2343 1552 2411 promissa
1581 2343 1832 2398 libellus:

509 2418 727 2474 Abdidit
753 2429 812 2476 ut
843 2432 969 2477 nato
1000 2429 1297 2485 comitante
1330 2432 1443 2486 haec
1474 2442 1628 2503 rapta
1658 2433 1969 2506 Philippus,

509 2510 687 2565 Edidit
717 2521 775 2568 ut
802 2517 1054 2589 geminos
1084 2520 1255 2576 Vitale
1288 2523 1496 2580 Valeria
1528 2533 1701 2595 patre,

1261 298 1628 353 FLODOARDI
1670 300 1973 356 CANONICI
2014 302 2343 357 REMENSIS
2384 298 2723 355 OPUSCULA
2760 297 3071 352 METRICA.

3743 303 3841 355 864

2130 443 2181 508 Α
2208 436 2436 491 Nomina
2468 450 2593 489 mox
2624 441 2888 504 actusque
2930 440 3102 499 notat,
3136 435 3471 505 patrimonia
3504 442 3739 489 cuncta.

2213 525 2384 578 Pensa
2407 523 2545 587 foro,
2580 521 2826 594 indignis
2853 521 3187 593 famulisque
3215 522 3445 578 ferenda
3474 524 3703 590 solutis,

2211 619 2409 689 Sicque
2441 619 2631 672 decem
2664 616 2923 688 precibus
2953 615 3212 688 lectuque
3234 633 3427 672 vacare
3450 618 3557 673 sub
3583 618 3775 681 annis,

2217 710 2277 763 Ut
2304 711 2464 763 datur
2503 709 2740 780 palmam
2767 717 3008 778 quonam
3040 709 3342 763 certamine
3376 710 3666 773 scandant,

2214 804 2503 859 Sacricolis
2530 811 2587 858 ut
2618 803 2805 869 delati,
2851 819 3113 873 responsa
3143 804 3419 875 negarint,

2213 897 2385 969 Digna
2415 894 2536 950 deis
2574 895 2707 949 tenti
2732 902 2791 949 ut
2814 893 2954 948 fanis
2983 911 3138 949 sacra
3168 895 3313 949 ferre
3345 903 3679 951 monentur:

2214 989 2358 1041 Vana
2391 988 2539 1056 prior
2570 985 2830 1060 ﬁgmenta
2860 986 3089 1053 docens,
3112 1004 3210 1056 per
3238 986 3411 1041 ﬂabra
3439 987 3677 1055 jubetur

2218 1079 2429 1134 Plumbi
2464 1077 2612 1133 exire
2637 1078 2916 1131 hominem
2938 1094 2952 1140 ;
2976 1076 3242 1131 suadetur
3260 1093 3325 1132 ac
3353 1078 3494 1131 alter
3523 1077 3592 1131 ad
3614 1083 3758 1142 atra,

2218 1170 2266 1223 ls
2312 1184 2533 1240 quoque
2587 1167 2908 1222 suadentem
2939 1168 3200 1222 miserum
3257 1168 3649 1240 trepidumque
3710 1167 3850 1221 resi-

3546 1256 3776 1326 [gnans,

2222 1352 2475 1405 Fustibus
2505 1350 2777 1416 atteritur,
2806 1349 3092 1419 majorque
3124 1348 3192 1402 ad
3224 1348 3368 1403 bella
3401 1350 3637 1415 levatur,

2220 1443 2569 1514 Compatiens
2599 1442 2742 1497 hosti
2776 1441 2972 1496 doctus
2998 1441 3374 1515 paradigmate
3407 1440 3629 1505 Christi,

2219 1539 2418 1609 Sicque
2441 1538 2600 1592 datus
2628 1536 2827 1611 gladiis
2857 1552 2979 1590 cum
3015 1534 3178 1590 fratre
3208 1536 3494 1590 asciscitur
3518 1536 3705 1590 astris.

2220 1627 2459 1691 Quorum
2494 1626 2587 1679 ubi
2615 1626 2684 1681 de
2716 1625 2841 1679 trita
2864 1626 3133 1679 tolluntur
3154 1625 3390 1698 pignora
3420 1625 3611 1679 tumba

2222 1715 2450 1769 Condita
2478 1714 2686 1768 lecticis
2714 1714 2953 1785 insngnia
2979 1713 3137 1785 plura
3168 1713 3362 1768 salutis

2221 1807 2465 1863 Praestita
2497 1806 2751 1871 defessis,
2778 1806 2934 1861 titulo
2971 1805 3287 1876 panduntur
3317 1806 3545 1861 honoris

2222 1898 2547 1970 Martyrihus
2574 1899 2687 1963 lati,
2717 1898 2921 1969 pietate
2954 1905 3008 1952 et
3036 1897 3286 1967 praasulis
3315 1897 3443 1951 almi

2220 1991 2508 2061 Martyrum
2541 1990 2647 2061 (sic)
2675 1996 2924 2043 attrectat
2952 1986 3079 2042 fidei
3105 1988 3378 2043 velamina
3407 1988 3555 2053 nisu,

2225 2081 2364 2133 Luce
2397 2078 2727 2133 reformatur
2760 2094 2937 2131 czeeus
2970 2078 3215 2131 radiante
3250 2076 3518 2141 Severus;

2225 2172 2493 2225 Curantur
2512 2170 2668 2242 nigro
2700 2170 2909 2223 obsessi
2943 2169 3246 2240 Spiramine
3274 2168 3483 2240 plures,

2223 2260 2621 2329 Gratanterque
2651 2265 2986 2311 revertentes
3018 2258 3065 2311 vi
3102 2257 3330 2311 luminis
3358 2264 3582 2327 augent,

2224 2348 2479 2403 Ecclesiae
2511 2347 2767 2401 minuunt
2792 2347 2940 2417 pravi
2969 2346 3213 2401 fomenta
3244 2344 3464 2405 furoris,

2226 2437 2613 2507 lueipiuntque
2639 2436 2766 2490 forte
2783 2436 2988 2489 sensim
3017 2451 3293 2489 rarescere
3326 2434 3519 2498 turbae,

2225 2530 2394 2597 inque
2425 2528 2768 2582 sacerdotem
2805 2527 2999 2581 Christi
3030 2527 3206 2581 excita
3237 2526 3343 2580 tela
3372 2524 3548 2580 relidi.

1954 2654 2163 2709 CAPUT
2216 2655 2321 2709 XV.

1666 2760 1742 2817 De
1773 2761 2100 2819 virtutibus
2128 2762 2323 2818 sancti
2352 2758 2670 2818 Ambrosii.

510 2883 719 2939 Szevam
754 2886 895 2941 intra
940 2890 1190 2959 quamvis
1246 2892 1424 2945 aulam
1482 2894 1636 2967 nigra
1667 2910 1946 2950 murmura
1977 2912 2129 2950 mus-
2152 2899 2201 2966 (ζ
2230 2894 2367 2959 Quid
2396 2894 2710 2949 Zoroastreo
2738 2907 3035 2947 succensus
3059 2891 3223 2945 corda
3252 2888 3456 2943 furoris

1887 2988 2049 3058 [sent,

511 3071 728 3127 Confusi
771 3075 1033 3132 renidunt
1064 3084 1242 3133 tamen
1271 3080 1531 3139 insultare
1559 3098 1834 3158 parantes.

512 3162 801 3218 Reclicolis
825 3164 1028 3222 Zabulo
1059 3167 1185 3222 dum
1218 3170 1439 3241 quidam
1461 3182 1711 3247 arreptus
1742 3193 1930 3233 eorum

513 3255 717 3309 Invitus
747 3257 839 3311 dat
869 3274 995 3312 vera
1027 3259 1172 3326 licet,
1207 3261 1368 3319 laude
1398 3266 1561 3341 erigit
1587 3269 1820 3337 hostem,

512 3344 809 3401 Conturbat
839 3347 1038 3415 socios,
1074 3349 1333 3421 pietatem
1366 3357 1585 3411 nescius
1609 3357 1785 3421 effert,

514 3434 571 3488 Di
605 3450 635 3487 a
674 3442 856 3491 truces
886 3438 1096 3493 addunt
1125 3441 1373 3506 comites,
1428 3446 1812 3520 perimuntque
1855 3451 2121 3513 sodalem,

513 3526 750 3580 Invisum
783 3528 923 3583 veris
953 3532 1237 3586 cumulant
1266 3533 1371 3587 sibi
1404 3536 1601 3606 probra
1632 3539 1907 3602 decorem,

516 3619 687 3691 Digne
711 3620 955 3690 pontiﬁci
991 3621 1201 3679 Christo
1232 3625 1401 3681 decus
1421 3642 1585 3683 omne
1618 3629 1837 3695 ferenti,

516 3710 639 3763 Haec
669 3710 773 3764 sibi
801 3712 895 3783 qui
931 3722 1149 3784 prmstat
1178 3717 1425 3772 etelestia
1455 3736 1683 3775 munera
1711 3738 1889 3787 servo,

514 3802 611 3866 Qui
634 3818 832 3872 supero
858 3804 1162 3860 adstantem
1196 3810 1371 3863 munit
1393 3810 1522 3863 dum
1554 3810 1755 3869 famine
1778 3815 2017 3886 plebem,

514 3895 771 3950 Cominus
799 3898 1073 3952 aethereus
1102 3900 1250 3954 visus
1279 3905 1584 3960 consistere
1613 3907 1769 3971 civis,

514 3987 640 4041 Auri
673 3988 766 4059 qui
786 3988 1009 4042 inferret
1030 3990 1237 4060 pepulo
1259 4009 1383 4063 quae
1411 3994 1531 4063 jura
1561 3997 1811 4052 serenda.

513 4073 756 4129 Aimulus
780 4075 896 4130 haec
928 4078 1101 4131 cernit
1132 4078 1351 4136 fervens
1382 4082 1615 4139 infestus
1644 4095 1698 4141 et
1718 4102 1845 4142 acer

516 4167 863 4238 Invictusque
903 4169 1020 4223 suis
1052 4172 1248 4241 pellaci
1282 4175 1523 4230 creditus
1556 4192 1670 4241 ore,

515 4259 707 4314 Omnia
737 4260 830 4331 qui
874 4269 1022 4317 tetra),
1052 4280 1324 4334 spernens
1368 4268 1652 4324 molimina
1684 4268 1915 4338 fraudis,

517 4352 670 4417 Quod
686 4352 834 4407 ferus
856 4355 1147 4411 umbrabat
1175 4359 1342 4430 ccepit
1368 4361 1695 4431 depromere
1724 4363 1910 4419 lumen

518 4442 759 4513 Contigit
780 4445 883 4500 hoc
912 4446 1067 4521 vigili
1099 4449 1338 4504 servanti
1367 4453 1587 4507 oracula
1617 4460 1832 4507 mente:

518 4536 611 4589 Ast
630 4534 765 4591 alias
802 4537 1009 4593 tumide
1048 4549 1237 4611 pactas
1277 4543 1704 4613 prohibentibus
1733 4561 1895 4600 aures

522 4623 740 4698 Regalis
766 4626 988 4681 thalami
1022 4630 1297 4685 tutoribus
1324 4631 1440 4685 oria
1465 4648 1595 4687 vere
1624 4632 1799 4705 (207')

520 4720 756 4785 Quaesita
773 4724 1013 4777 assensis
1043 4722 1382 4800 fugientibus
1412 4742 1507 4782 ore
1545 4733 1733 4798 parato

522 4808 804 4865 Pontificis
832 4828 958 4868 mox
989 4813 1089 4868 sed
1114 4814 1285 4885 lapsis
1313 4816 1622 4888 capuloque
1641 4816 1846 4875 relatis.

519 4901 764 4956 Praesule
786 4909 1075 4973 tractante,
1106 4906 1253 4962 haud
1274 4907 1465 4962 audire
1494 4908 1809 4964 valentibus
1829 4909 1957 4974 illis,
2043 4970 2049 4977 ,

521 4991 735 5066 Organa
760 4994 852 5064 qui
880 4994 1009 5049 ﬁdei
1036 4994 1179 5051 fastu
1212 5005 1490 5066 tempsere
1519 4998 1777 5069 superbo.

519 5080 645 5149 Ipse
670 5084 975 5139 sacerdotis
1005 5084 1248 5141 Christus
1267 5092 1544 5157 protector
1572 5095 1626 5142 et
1652 5089 1815 5154 ultor,

522 5174 643 5243 Ipse
675 5181 836 5228 tuens
864 5174 1128 5230 famutum
1171 5186 1370 5233 cuncto
1398 5178 1651 5232 servabat
1678 5177 1747 5232 ab
1779 5184 1921 5232 astu.

520 5266 763 5322 Necsilet
787 5269 905 5324 haec
934 5268 1113 5325 hostis
1148 5271 1317 5327 vilent
1348 5273 1436 5328 cui
1461 5272 1691 5328 verbera
1716 5272 1900 5328 carnis

522 5357 754 5411 lncenso
783 5358 912 5433 igne
942 5361 1114 5434 stygis
1143 5362 1401 5419 vindictae
1427 5363 1661 5419 tormine
1692 5363 1854 5429 vatis,

519 5445 781 5515 Angelico
813 5465 935 5503 sese
958 5457 1141 5506 tutore
1167 5460 1378 5508 terente
1412 5452 1582 5519 beati,

600 5584 1105 5661 (207*)5Cfuvitam
1137 5593 1320 5647 Sancti
1363 5594 1635 5651 Ambrosii
1677 5612 1708 5649 a
1753 5592 1983 5648 Paulino
2019 5593 2139 5661 ejus

528 5656 765 5715 notario,
795 5656 826 5723 §
851 5657 1288 5733 18.1ntelligitur
1307 5681 1511 5730 sermo,
1528 5664 1940 5736 exceptishisce
1957 5656 2139 5717 verbis

2224 2986 2305 3044 Sit
2325 2999 2519 3038 suasus
2539 2984 2698 3051 jusso
2718 2980 2950 3034 insidias
2982 2979 3192 3033 fervore
3224 2976 3424 3031 ferocis

2222 3075 2470 3132 Tendere
2500 3070 2850 3143 sceptrigerae
2882 3067 3114 3132 doctori,
3138 3073 3385 3121 avertere
3415 3072 3592 3120 castra

2228 3166 2505 3227 Ecclesiae,
2539 3179 2648 3235 quo
2679 3159 2964 3216 sacrificus
3003 3159 3222 3233 fastigia
3249 3158 3403 3212 nisus

2225 3256 2523 3312 Scanderat
2551 3251 2787 3307 obscura
2816 3249 2991 3302 tacitae
3022 3247 3260 3319 caligine
3293 3245 3472 3300 noctis

2226 3342 2686 3411 Culminibusque
2726 3339 2890 3392 litans
2920 3337 3042 3391 lites
3072 3336 3253 3391 excire
3283 3343 3522 3406 pararat,

2228 3438 2410 3493 Versis
2436 3452 2499 3491 ac
2528 3435 2691 3500 votis,
2723 3432 2851 3487 odio
2884 3447 2981 3501 pro
3012 3430 3163 3485 caede
3191 3428 3385 3499 petito,

2226 3530 2459 3584 Sanctus
2478 3541 2632 3581 amor
2664 3523 2804 3578 Patri
2836 3529 3088 3577 natorum
3116 3521 3169 3574 in
3193 3520 3361 3575 corde
3384 3519 3655 3591 flagravit.

2228 3620 2472 3676 Prodidit
2501 3626 2664 3689 atque
2694 3624 2876 3671 truces
2904 3631 2965 3669 se
2996 3614 3284 3688 delegasse
3314 3611 3597 3666 ministros

2226 3708 2456 3765 Almiﬁci
2488 3708 2721 3763 invisam
2748 3706 2925 3778 pravis
2955 3705 3281 3779 extinguere
3300 3704 3489 3771 vitam,

2228 3804 2339 3858 Nec
2359 3802 2551 3855 saltem
2581 3798 2812 3853 valuisse
2841 3798 3041 3852 domus
3061 3796 3326 3851 accedere
3354 3794 3530 3866 septis

2230 3890 2483 3961 Undique
2511 3887 2737 3941 munitae
2777 3886 2965 3941 invicti
2994 3884 3304 3940 fervoribus
3327 3884 3490 3958 ignis,

2230 3979 2465 4034 Defenso
2488 3978 2658 4046 justo,
2693 3990 2898 4031 saevum
2929 3973 3402 4029 inﬂammantibus
3431 3972 3642 4028 hostem
3675 3989 3689 4037 ;

2233 4075 2322 4128 His
2350 4080 2544 4128 stratas
2583 4070 2817 4126 cessisse
2851 4070 3036 4144 nigras
3065 4067 3458 4144 congressibus
3486 4074 3653 4121 artes.

2230 4166 2530 4238 lnsurgunt
2561 4161 2850 4216 manifesta
2871 4161 3189 4232 caduntque
3222 4160 3386 4214 relisa
3406 4157 3612 4213 duella.

2231 4255 2362 4309 Nam
2394 4252 2634 4325 quodam
2656 4250 2815 4305 datus
2841 4250 3117 4305 insontem
3134 4248 3388 4321 jugulare
3414 4246 3641 4303 satelles

2233 4344 2542 4403 Castiﬁcum
2573 4343 2761 4397 stricto
2792 4350 3091 4413 penetrans
3131 4356 3394 4395 mucrone
3425 4339 3637 4403 cubile,

2234 4444 2370 4497 Dum
2401 4454 2613 4495 sacrum
2642 4435 2808 4490 librat
2839 4435 2893 4489 in
2918 4436 3173 4509 jugulum
3208 4432 3452 4506 deﬁgere
3482 4433 3706 4497 ferrum,

2233 4529 2487 4588 Attonitis
2514 4542 2677 4582 arens
2706 4525 2891 4580 nervis
2907 4525 3165 4595 junctura
3202 4521 3429 4596 rigescit

2235 4625 2346 4680 Nec
2371 4622 2515 4679 valet
2536 4620 2733 4675 elatam
2757 4617 3029 4674 moderari
3054 4615 3293 4670 motibus
3324 4615 3532 4680 ulnam,

2236 4716 2372 4770 Dum
2400 4711 2622 4767 tandem
2655 4707 2835 4763 fassus
2862 4705 3070 4761 crimen
3098 4704 3448 4776 dominaeque
3479 4705 3745 4771 furorem,

2238 4805 2410 4869 Quem
2441 4801 2572 4855 dare
2602 4797 2716 4852 adit
2744 4795 2905 4849 morti
2940 4793 3261 4849 redhibetur
3291 4804 3445 4865 patre
3475 4794 3659 4851 saluti.

2239 4896 2348 4950 Nec
2378 4890 2611 4964 pavidus
2640 4903 2800 4962 reges
2826 4885 3142 4956 trepidusve
3168 4892 3354 4940 orator
3383 4885 3535 4940 adire

2241 4990 2336 5045 llic
2363 4995 2518 5059 pater
2547 4982 2819 5042 extimuit,
2849 4996 2989 5035 czeso
3021 4979 3169 5050 quod
3193 4994 3323 5051 rege
3343 4986 3609 5049 tyrannus

2241 5078 2491 5135 lniremit
2521 5072 2837 5129 admonitus
2867 5070 3149 5141 sacrisque
3175 5076 3420 5125 remotus
3446 5069 3514 5124 ab
3542 5069 3654 5125 aris

2240 5147 2709 5228 lnnocuumidum
2737 5162 3007 5236 poeniteat
3035 5160 3244 5216 fudisse
3275 5177 3552 5217 cruorem.

2238 5266 2303 5320 At
2331 5263 2461 5337 quia
2489 5261 2794 5317 contemnit
2821 5256 3072 5315 consulta
3100 5254 3342 5309 salubria
3368 5253 3531 5321 vatis,

2240 5357 2355 5412 Non
2375 5354 2541 5409 modo
2571 5352 2841 5418 sidereos,
2870 5350 3010 5404 imos
3028 5346 3162 5417 quin
3196 5345 3351 5417 ponit
3381 5346 3645 5409 honores,

2242 5449 2304 5504 Et
2335 5464 2427 5518 qui
2457 5444 2775 5516 pontiﬁcem
2809 5448 3084 5513 praecepto
3110 5438 3353 5512 benigna
3379 5437 3644 5492 ferentem

2238 5589 2542 5659 corruptis:
2581 5592 2702 5643 aria
2728 5604 2868 5652 vere,
2897 5600 3040 5659 quae,
3081 5583 3127 5659 si
3157 5582 3385 5659 omnino
3423 5580 3764 5647 necessaria,
3783 5581 3870 5636 sic

2241 5662 2381 5718 forte
2408 5656 2749 5714 restituenda
2780 5663 2937 5712 sunt:
2968 5656 3127 5709 obvia
3153 5656 3288 5708 veri.
