  <div class='ocr_page' id='page_1' title='image "/cluster/home/n/w/nwhite01/storage/ocr_20150623/134-135/uva.x000829784/1020.png"; bbox 0 0 3972 6208; ppageno 0'>
   <div class='ocr_carea' id='block_1_1' title="bbox 117 320 225 375">
    <p class='ocr_par' dir='ltr' id='par_1_1' title="bbox 117 320 225 375">
     <span class='ocr_line' id='line_1_1' title="bbox 117 320 225 375; baseline -0.009 0"><span class='ocrx_word' id='word_1_1' title='bbox 117 320 225 375; x_wconf 80' lang='lat'><strong>865</strong></span> 
     </span>
    </p>
   </div>
   <div class='ocr_carea' id='block_1_2' title="bbox 120 434 1355 514">
    <p class='ocr_par' dir='ltr' id='par_1_2' title="bbox 120 434 1355 514">
     <span class='ocr_line' id='line_1_2' title="bbox 120 434 1355 514; baseline -0.011 -17"><span class='ocrx_word' id='word_1_2' title='bbox 120 444 358 514; x_wconf 82' lang='lat' dir='ltr'><strong>Spernit,</strong></span> <span class='ocrx_word' id='word_1_3' title='bbox 393 440 634 494; x_wconf 87' lang='lat' dir='ltr'><strong>femineo</strong></span> <span class='ocrx_word' id='word_1_4' title='bbox 662 437 868 491; x_wconf 83' lang='lat' dir='ltr'><strong>fractus</strong></span> <span class='ocrx_word' id='word_1_5' title='bbox 900 447 1105 489; x_wconf 88' lang='lat' dir='ltr'><strong>terrore</strong></span> <span class='ocrx_word' id='word_1_6' title='bbox 1136 434 1355 488; x_wconf 91' lang='lat' dir='ltr'><strong>fatiscit.</strong></span> 
     </span>
    </p>
   </div>
   <div class='ocr_carea' id='block_1_3' title="bbox 123 523 1353 594">
    <p class='ocr_par' dir='ltr' id='par_1_3' title="bbox 123 523 1353 594">
     <span class='ocr_line' id='line_1_3' title="bbox 123 523 1353 594; baseline -0.009 -9"><span class='ocrx_word' id='word_1_7' title='bbox 123 535 212 586; x_wconf 74' lang='lat' dir='ltr'><strong>Ast</strong></span> <span class='ocrx_word' id='word_1_8' title='bbox 237 533 393 585; x_wconf 90' lang='lat' dir='ltr'><strong>aliter</strong></span> <span class='ocrx_word' id='word_1_9' title='bbox 422 528 768 583; x_wconf 84' lang='lat' dir='ltr'><strong>Theodosius</strong></span> <span class='ocrx_word' id='word_1_10' title='bbox 798 536 1086 594; x_wconf 88' lang='lat' dir='ltr'><strong>correptus</strong></span> <span class='ocrx_word' id='word_1_11' title='bbox 1120 534 1173 576; x_wconf 86' lang='lat' dir='ltr'><strong>et</strong></span> <span class='ocrx_word' id='word_1_12' title='bbox 1213 523 1353 576; x_wconf 90' lang='lat' dir='ltr'><strong>orsis</strong></span> 
     </span>
    </p>
   </div>
   <div class='ocr_carea' id='block_1_4' title="bbox 127 618 1280 696">
    <p class='ocr_par' dir='ltr' id='par_1_4' title="bbox 127 618 1280 696">
     <span class='ocr_line' id='line_1_4' title="bbox 127 618 1280 696; baseline -0.01 -16"><span class='ocrx_word' id='word_1_13' title='bbox 127 627 427 696; x_wconf 78' lang='lat' dir='ltr'><strong>lnerepitus</strong></span> <span class='ocrx_word' id='word_1_14' title='bbox 459 623 610 676; x_wconf 89' lang='lat' dir='ltr'><strong>duris</strong></span> <span class='ocrx_word' id='word_1_15' title='bbox 639 621 818 675; x_wconf 89' lang='lat' dir='ltr'><strong>audiri</strong></span> <span class='ocrx_word' id='word_1_16' title='bbox 853 620 1082 689; x_wconf 76' lang='lat' dir='ltr'><strong>praesule</strong></span> <span class='ocrx_word' id='word_1_17' title='bbox 1102 618 1280 671; x_wconf 87' lang='lat' dir='ltr'><strong>dictus</strong></span> 
     </span>
    </p>
   </div>
   <div class='ocr_carea' id='block_1_5' title="bbox 126 707 1634 782">
    <p class='ocr_par' dir='ltr' id='par_1_5' title="bbox 126 707 1634 782">
     <span class='ocr_line' id='line_1_5' title="bbox 126 707 1634 782; baseline -0.011 -13"><span class='ocrx_word' id='word_1_18' title='bbox 126 718 197 769; x_wconf 75' lang='lat' dir='ltr'><strong>Ac</strong></span> <span class='ocrx_word' id='word_1_19' title='bbox 218 715 445 768; x_wconf 91' lang='lat' dir='ltr'><strong>Domino</strong></span> <span class='ocrx_word' id='word_1_20' title='bbox 479 711 741 782; x_wconf 90' lang='lat' dir='ltr'><strong>indignus</strong></span> <span class='ocrx_word' id='word_1_21' title='bbox 765 709 1062 777; x_wconf 85' lang='lat' dir='ltr'><strong>jussnsque</strong></span> <span class='ocrx_word' id='word_1_22' title='bbox 1105 707 1293 759; x_wconf 90' lang='lat' dir='ltr'><strong>audire</strong></span> <span class='ocrx_word' id='word_1_23' title='bbox 1319 711 1634 758; x_wconf 88' lang='lat' dir='ltr'><strong>monentem</strong></span> 
     </span>
    </p>
   </div>
   <div class='ocr_carea' id='block_1_6' title="bbox 130 797 1486 869">
    <p class='ocr_par' dir='ltr' id='par_1_6' title="bbox 130 797 1486 869">
     <span class='ocr_line' id='line_1_6' title="bbox 130 797 1486 869; baseline -0.009 -10"><span class='ocrx_word' id='word_1_24' title='bbox 130 809 410 859; x_wconf 75' lang='lat' dir='ltr'><strong>Decretum</strong></span> <span class='ocrx_word' id='word_1_25' title='bbox 435 818 691 857; x_wconf 85' lang='lat' dir='ltr'><strong>revocare</strong></span> <span class='ocrx_word' id='word_1_26' title='bbox 714 801 980 869; x_wconf 85' lang='lat' dir='ltr'><strong>datasque</strong></span> <span class='ocrx_word' id='word_1_27' title='bbox 1019 798 1285 850; x_wconf 82' lang='lat' dir='ltr'><strong>revellere</strong></span> <span class='ocrx_word' id='word_1_28' title='bbox 1315 797 1486 869; x_wconf 82' lang='lat' dir='ltr'><strong>leges,</strong></span> 
     </span>
    </p>
   </div>
   <div class='ocr_carea' id='block_1_7' title="bbox 128 886 1642 960">
    <p class='ocr_par' dir='ltr' id='par_1_7' title="bbox 128 886 1642 960">
     <span class='ocr_line' id='line_1_7' title="bbox 128 886 1642 960; baseline -0.011 -8"><span class='ocrx_word' id='word_1_29' title='bbox 128 902 258 952; x_wconf 91' lang='lat' dir='ltr'><strong>Dum</strong></span> <span class='ocrx_word' id='word_1_30' title='bbox 292 898 448 950; x_wconf 89' lang='lat' dir='ltr'><strong>daret</strong></span> <span class='ocrx_word' id='word_1_31' title='bbox 481 897 532 948; x_wconf 90' lang='lat' dir='ltr'><strong>in</strong></span> <span class='ocrx_word' id='word_1_32' title='bbox 559 892 751 947; x_wconf 76' lang='lat' dir='ltr'><strong>Christi</strong></span> <span class='ocrx_word' id='word_1_33' title='bbox 785 891 944 944; x_wconf 75' lang='lat' dir='ltr'><strong>saevis</strong></span> <span class='ocrx_word' id='word_1_34' title='bbox 975 891 1061 960; x_wconf 87' lang='lat' dir='ltr'><strong>pia</strong></span> <span class='ocrx_word' id='word_1_35' title='bbox 1094 896 1273 942; x_wconf 82' lang='lat' dir='ltr'><strong>castra</strong></span> <span class='ocrx_word' id='word_1_36' title='bbox 1307 886 1642 955; x_wconf 88' lang='lat' dir='ltr'><strong>triumphos,</strong></span> 
     </span>
    </p>
   </div>
   <div class='ocr_carea' id='block_1_8' title="bbox 131 976 1460 1056">
    <p class='ocr_par' dir='ltr' id='par_1_8' title="bbox 131 976 1460 1056">
     <span class='ocr_line' id='line_1_8' title="bbox 131 976 1460 1056; baseline -0.011 -15"><span class='ocrx_word' id='word_1_37' title='bbox 131 986 414 1056; x_wconf 73' lang='lat' dir='ltr'><strong>Accipiens</strong></span> <span class='ocrx_word' id='word_1_38' title='bbox 438 983 650 1054; x_wconf 90' lang='lat' dir='ltr'><strong>placide</strong></span> <span class='ocrx_word' id='word_1_39' title='bbox 680 980 924 1034; x_wconf 88' lang='lat' dir='ltr'><strong>monitus</strong></span> <span class='ocrx_word' id='word_1_40' title='bbox 955 987 1280 1047; x_wconf 88' lang='lat' dir='ltr'><strong>austeraque</strong></span> <span class='ocrx_word' id='word_1_41' title='bbox 1307 976 1460 1043; x_wconf 86' lang='lat' dir='ltr'><strong>jussa</strong></span> 
     </span>
    </p>
   </div>
   <div class='ocr_carea' id='block_1_9' title="bbox 134 1069 1289 1141">
    <p class='ocr_par' dir='ltr' id='par_1_9' title="bbox 134 1069 1289 1141">
     <span class='ocr_line' id='line_1_9' title="bbox 134 1069 1289 1141; baseline -0.01 -9"><span class='ocrx_word' id='word_1_42' title='bbox 134 1079 245 1132; x_wconf 77' lang='lat' dir='ltr'><strong>Non</strong></span> <span class='ocrx_word' id='word_1_43' title='bbox 275 1077 376 1130; x_wconf 87' lang='lat' dir='ltr'><strong>nisi</strong></span> <span class='ocrx_word' id='word_1_44' title='bbox 405 1075 507 1129; x_wconf 88' lang='lat' dir='ltr'><strong>sub</strong></span> <span class='ocrx_word' id='word_1_45' title='bbox 541 1073 667 1126; x_wconf 86' lang='lat' dir='ltr'><strong>fidei</strong></span> <span class='ocrx_word' id='word_1_46' title='bbox 703 1072 861 1126; x_wconf 93' lang='lat' dir='ltr'><strong>titulo</strong></span> <span class='ocrx_word' id='word_1_47' title='bbox 883 1088 1074 1141; x_wconf 87' lang='lat' dir='ltr'><strong>parere</strong></span> <span class='ocrx_word' id='word_1_48' title='bbox 1115 1069 1289 1123; x_wconf 73' lang='lat' dir='ltr'><strong>suasis</strong></span> 
     </span>
    </p>
   </div>
   <div class='ocr_carea' id='block_1_10' title="bbox 134 1158 1375 1220">
    <p class='ocr_par' dir='ltr' id='par_1_10' title="bbox 134 1158 1375 1220">
     <span class='ocr_line' id='line_1_10' title="bbox 134 1158 1375 1220; baseline -0.011 0"><span class='ocrx_word' id='word_1_49' title='bbox 134 1167 643 1220; x_wconf 88' lang='lat' dir='ltr'><strong>Obtinetannutans</strong></span> <span class='ocrx_word' id='word_1_50' title='bbox 675 1160 844 1213; x_wconf 88' lang='lat' dir='ltr'><strong>sacris</strong></span> <span class='ocrx_word' id='word_1_51' title='bbox 876 1158 1142 1212; x_wconf 78' lang='lat' dir='ltr'><strong>accedere</strong></span> <span class='ocrx_word' id='word_1_52' title='bbox 1179 1164 1375 1209; x_wconf 90' lang='lat' dir='ltr'><strong>vatem.</strong></span> 
     </span>
    </p>
   </div>
   <div class='ocr_carea' id='block_1_11' title="bbox 135 1247 1464 1329">
    <p class='ocr_par' dir='ltr' id='par_1_11' title="bbox 135 1247 1464 1329">
     <span class='ocr_line' id='line_1_11' title="bbox 135 1247 1464 1329; baseline -0.011 -17"><span class='ocrx_word' id='word_1_53' title='bbox 135 1260 222 1312; x_wconf 89' lang='lat' dir='ltr'><strong>Sic</strong></span> <span class='ocrx_word' id='word_1_54' title='bbox 252 1255 530 1329; x_wconf 89' lang='lat' dir='ltr'><strong>quondam</strong></span> <span class='ocrx_word' id='word_1_55' title='bbox 562 1270 730 1324; x_wconf 84' lang='lat' dir='ltr'><strong>super</strong></span> <span class='ocrx_word' id='word_1_56' title='bbox 757 1251 1012 1304; x_wconf 80' lang='lat' dir='ltr'><strong>admissis</strong></span> <span class='ocrx_word' id='word_1_57' title='bbox 1036 1265 1221 1302; x_wconf 86' lang='lat' dir='ltr'><strong>errore</strong></span> <span class='ocrx_word' id='word_1_58' title='bbox 1252 1247 1464 1318; x_wconf 82' lang='lat' dir='ltr'><strong>piaclis.</strong></span> 
     </span>
    </p>
   </div>
   <div class='ocr_carea' id='block_1_12' title="bbox 143 1337 1414 1414">
    <p class='ocr_par' dir='ltr' id='par_1_12' title="bbox 143 1337 1414 1414">
     <span class='ocr_line' id='line_1_12' title="bbox 143 1337 1414 1414; baseline -0.01 -14"><span class='ocrx_word' id='word_1_59' title='bbox 143 1348 342 1414; x_wconf 89' lang='lat' dir='ltr'><strong>lnjuste</strong></span> <span class='ocrx_word' id='word_1_60' title='bbox 377 1345 616 1398; x_wconf 90' lang='lat' dir='ltr'><strong>innocuo</strong></span> <span class='ocrx_word' id='word_1_61' title='bbox 649 1341 947 1394; x_wconf 91' lang='lat' dir='ltr'><strong>multorum</strong></span> <span class='ocrx_word' id='word_1_62' title='bbox 981 1337 1248 1410; x_wconf 89' lang='lat' dir='ltr'><strong>sanguine</strong></span> <span class='ocrx_word' id='word_1_63' title='bbox 1275 1337 1414 1395; x_wconf 85' lang='lat' dir='ltr'><strong>fuso.</strong></span> 
     </span>
    </p>
   </div>
   <div class='ocr_carea' id='block_1_13' title="bbox 143 1429 1422 1504">
    <p class='ocr_par' dir='ltr' id='par_1_13' title="bbox 143 1429 1422 1504">
     <span class='ocr_line' id='line_1_13' title="bbox 143 1429 1422 1504; baseline -0.011 -12"><span class='ocrx_word' id='word_1_64' title='bbox 143 1445 362 1491; x_wconf 80' lang='lat' dir='ltr'><strong>Amotus</strong></span> <span class='ocrx_word' id='word_1_65' title='bbox 395 1436 615 1504; x_wconf 84' lang='lat' dir='ltr'><strong>templis</strong></span> <span class='ocrx_word' id='word_1_66' title='bbox 643 1433 894 1501; x_wconf 76' lang='lat' dir='ltr'><strong>divisque</strong></span> <span class='ocrx_word' id='word_1_67' title='bbox 926 1429 1178 1499; x_wconf 88' lang='lat' dir='ltr'><strong>repulsus</strong></span> <span class='ocrx_word' id='word_1_68' title='bbox 1199 1429 1266 1480; x_wconf 88' lang='lat' dir='ltr'><strong>ab</strong></span> <span class='ocrx_word' id='word_1_69' title='bbox 1293 1429 1422 1487; x_wconf 77' lang='lat' dir='ltr'><strong>aris,</strong></span> 
     </span>
    </p>
   </div>
   <div class='ocr_carea' id='block_1_14' title="bbox 144 1520 1494 1590">
    <p class='ocr_par' dir='ltr' id='par_1_14' title="bbox 144 1520 1494 1590">
     <span class='ocr_line' id='line_1_14' title="bbox 144 1520 1494 1590; baseline -0.008 -8"><span class='ocrx_word' id='word_1_70' title='bbox 144 1529 372 1583; x_wconf 66' lang='lat' dir='ltr'><strong>l‘raesule</strong></span> <span class='ocrx_word' id='word_1_71' title='bbox 397 1528 669 1581; x_wconf 69' lang='grc' dir='ltr'><strong>οωιρειιοηι</strong></span> <span class='ocrx_word' id='word_1_72' title='bbox 703 1525 879 1577; x_wconf 90' lang='lat' dir='ltr'><strong>solum</strong></span> <span class='ocrx_word' id='word_1_73' title='bbox 908 1528 1189 1590; x_wconf 86' lang='lat' dir='ltr'><strong>spectante</strong></span> <span class='ocrx_word' id='word_1_74' title='bbox 1215 1520 1494 1579; x_wconf 77' lang='lat' dir='ltr'><strong>decorem,</strong></span> 
     </span>
    </p>
   </div>
   <div class='ocr_carea' id='block_1_15' title="bbox 147 1608 1473 1682">
    <p class='ocr_par' dir='ltr' id='par_1_15' title="bbox 147 1608 1473 1682">
     <span class='ocr_line' id='line_1_15' title="bbox 147 1608 1473 1682; baseline -0.008 -12"><span class='ocrx_word' id='word_1_75' title='bbox 147 1618 293 1670; x_wconf 85' lang='lat' dir='ltr'><strong>Haud</strong></span> <span class='ocrx_word' id='word_1_76' title='bbox 328 1618 512 1669; x_wconf 82' lang='lat' dir='ltr'><strong>horret</strong></span> <span class='ocrx_word' id='word_1_77' title='bbox 540 1613 737 1682; x_wconf 86' lang='lat' dir='ltr'><strong>suplici</strong></span> <span class='ocrx_word' id='word_1_78' title='bbox 771 1612 932 1664; x_wconf 78' lang='lat' dir='ltr'><strong>vilem</strong></span> <span class='ocrx_word' id='word_1_79' title='bbox 968 1611 1170 1679; x_wconf 84' lang='lat' dir='ltr'><strong>pietate</strong></span> <span class='ocrx_word' id='word_1_80' title='bbox 1202 1608 1473 1677; x_wconf 74' lang='lat' dir='ltr'><strong>repelsam</strong></span> 
     </span>
    </p>
   </div>
   <div class='ocr_carea' id='block_1_16' title="bbox 148 1701 1397 1780">
    <p class='ocr_par' dir='ltr' id='par_1_16' title="bbox 148 1701 1397 1780">
     <span class='ocr_line' id='line_1_16' title="bbox 148 1701 1397 1780; baseline -0.004 -19"><span class='ocrx_word' id='word_1_81' title='bbox 148 1709 253 1761; x_wconf 79' lang='lat' dir='ltr'><strong>Nec</strong></span> <span class='ocrx_word' id='word_1_82' title='bbox 285 1708 485 1780; x_wconf 82' lang='lat' dir='ltr'><strong>gaudet</strong></span> <span class='ocrx_word' id='word_1_83' title='bbox 507 1705 664 1759; x_wconf 83' lang='lat' dir='ltr'><strong>venia</strong></span> <span class='ocrx_word' id='word_1_84' title='bbox 697 1706 874 1757; x_wconf 89' lang='lat' dir='ltr'><strong>luctus</strong></span> <span class='ocrx_word' id='word_1_85' title='bbox 906 1702 1011 1755; x_wconf 82' lang='lat' dir='ltr'><strong>nisi</strong></span> <span class='ocrx_word' id='word_1_86' title='bbox 1041 1701 1164 1767; x_wconf 87' lang='lat' dir='ltr'><strong>jure</strong></span> <span class='ocrx_word' id='word_1_87' title='bbox 1195 1701 1397 1756; x_wconf 88' lang='lat' dir='ltr'><strong>soluto.</strong></span> 
     </span>
    </p>
   </div>
   <div class='ocr_carea' id='block_1_17' title="bbox 149 1793 1342 1869">
    <p class='ocr_par' dir='ltr' id='par_1_17' title="bbox 149 1793 1342 1869">
     <span class='ocr_line' id='line_1_17' title="bbox 149 1793 1342 1869; baseline -0.007 -17"><span class='ocrx_word' id='word_1_88' title='bbox 149 1801 286 1869; x_wconf 85' lang='lat' dir='ltr'><strong>Lege</strong></span> <span class='ocrx_word' id='word_1_89' title='bbox 316 1799 479 1852; x_wconf 89' lang='lat' dir='ltr'><strong>etiam</strong></span> <span class='ocrx_word' id='word_1_90' title='bbox 503 1795 705 1864; x_wconf 90' lang='lat' dir='ltr'><strong>scripta</strong></span> <span class='ocrx_word' id='word_1_91' title='bbox 734 1810 888 1848; x_wconf 88' lang='lat' dir='ltr'><strong>sacro</strong></span> <span class='ocrx_word' id='word_1_92' title='bbox 922 1794 1090 1848; x_wconf 90' lang='lat' dir='ltr'><strong>latore</strong></span> <span class='ocrx_word' id='word_1_93' title='bbox 1116 1793 1342 1862; x_wconf 91' lang='lat' dir='ltr'><strong>probata</strong></span> 
     </span>
    </p>
   </div>
   <div class='ocr_carea' id='block_1_18' title="bbox 150 1884 1473 1955">
    <p class='ocr_par' dir='ltr' id='par_1_18' title="bbox 150 1884 1473 1955">
     <span class='ocr_line' id='line_1_18' title="bbox 150 1884 1473 1955; baseline -0.005 -12"><span class='ocrx_word' id='word_1_94' title='bbox 150 1892 275 1954; x_wconf 73' lang='lat' dir='ltr'><strong>Quae</strong></span> <span class='ocrx_word' id='word_1_95' title='bbox 316 1890 491 1943; x_wconf 84' lang='lat' dir='ltr'><strong>valeat</strong></span> <span class='ocrx_word' id='word_1_96' title='bbox 521 1888 761 1942; x_wconf 90' lang='lat' dir='ltr'><strong>subitum</strong></span> <span class='ocrx_word' id='word_1_97' title='bbox 794 1886 948 1941; x_wconf 86' lang='lat' dir='ltr'><strong>scitis</strong></span> <span class='ocrx_word' id='word_1_98' title='bbox 983 1887 1198 1955; x_wconf 90' lang='lat' dir='ltr'><strong>placare</strong></span> <span class='ocrx_word' id='word_1_99' title='bbox 1232 1884 1473 1939; x_wconf 91' lang='lat' dir='ltr'><strong>furorem</strong></span> 
     </span>
    </p>
   </div>
   <div class='ocr_carea' id='block_1_19' title="bbox 148 1973 1498 2045">
    <p class='ocr_par' dir='ltr' id='par_1_19' title="bbox 148 1973 1498 2045">
     <span class='ocr_line' id='line_1_19' title="bbox 148 1973 1498 2045; baseline -0.003 -15"><span class='ocrx_word' id='word_1_100' title='bbox 148 1978 418 2032; x_wconf 83' lang='lat' dir='ltr'><strong>Subdenti</strong></span> <span class='ocrx_word' id='word_1_101' title='bbox 449 1977 674 2031; x_wconf 90' lang='lat' dir='ltr'><strong>monitis</strong></span> <span class='ocrx_word' id='word_1_102' title='bbox 714 1982 930 2045; x_wconf 91' lang='lat' dir='ltr'><strong>sceptra</strong></span> <span class='ocrx_word' id='word_1_103' title='bbox 964 1974 1270 2043; x_wconf 87' lang='lat' dir='ltr'><strong>imperialia</strong></span> <span class='ocrx_word' id='word_1_104' title='bbox 1312 1973 1498 2027; x_wconf 89' lang='lat' dir='ltr'><strong>sacris.</strong></span> 
     </span>
    </p>
   </div>
   <div class='ocr_carea' id='block_1_20' title="bbox 149 2064 1372 2122">
    <p class='ocr_par' dir='ltr' id='par_1_20' title="bbox 149 2064 1372 2122">
     <span class='ocr_line' id='line_1_20' title="bbox 149 2064 1372 2122; baseline -0.005 0"><span class='ocrx_word' id='word_1_105' title='bbox 149 2070 322 2122; x_wconf 70' lang='lat' dir='ltr'><strong>Altera</strong></span> <span class='ocrx_word' id='word_1_106' title='bbox 361 2068 636 2121; x_wconf 85' lang='lat' dir='ltr'><strong>substralo</strong></span> <span class='ocrx_word' id='word_1_107' title='bbox 668 2065 894 2119; x_wconf 89' lang='lat' dir='ltr'><strong>victoria</strong></span> <span class='ocrx_word' id='word_1_108' title='bbox 926 2065 1145 2118; x_wconf 80' lang='lat' dir='ltr'><strong>ducitur</strong></span> <span class='ocrx_word' id='word_1_109' title='bbox 1178 2064 1334 2117; x_wconf 89' lang='lat' dir='ltr'><strong>hoste</strong></span> <span class='ocrx_word' id='word_1_110' title='bbox 1361 2081 1372 2116; x_wconf 95' lang='lat'>:</span> 
     </span>
    </p>
   </div>
   <div class='ocr_carea' id='block_1_21' title="bbox 151 2152 1695 2226">
    <p class='ocr_par' dir='ltr' id='par_1_21' title="bbox 151 2152 1695 2226">
     <span class='ocr_line' id='line_1_21' title="bbox 151 2152 1695 2226; baseline -0.004 -16"><span class='ocrx_word' id='word_1_111' title='bbox 151 2159 260 2210; x_wconf 80' lang='lat' dir='ltr'><strong>Prae</strong></span> <span class='ocrx_word' id='word_1_112' title='bbox 302 2156 530 2226; x_wconf 86' lang='lat' dir='ltr'><strong>reliquis</strong></span> <span class='ocrx_word' id='word_1_113' title='bbox 572 2171 662 2208; x_wconf 86' lang='lat' dir='ltr'><strong>rex</strong></span> <span class='ocrx_word' id='word_1_114' title='bbox 693 2154 1036 2207; x_wconf 83' lang='lat' dir='ltr'><strong>Ambrosium</strong></span> <span class='ocrx_word' id='word_1_115' title='bbox 1061 2153 1190 2207; x_wconf 90' lang='lat' dir='ltr'><strong>colit</strong></span> <span class='ocrx_word' id='word_1_116' title='bbox 1219 2152 1479 2206; x_wconf 90' lang='lat' dir='ltr'><strong>omnibus</strong></span> <span class='ocrx_word' id='word_1_117' title='bbox 1502 2168 1695 2219; x_wconf 84' lang='lat' dir='ltr'><strong>unum,</strong></span> 
     </span>
    </p>
   </div>
   <div class='ocr_carea' id='block_1_22' title="bbox 151 2241 1626 2312">
    <p class='ocr_par' dir='ltr' id='par_1_22' title="bbox 151 2241 1626 2312">
     <span class='ocr_line' id='line_1_22' title="bbox 151 2241 1626 2312; baseline -0.005 -12"><span class='ocrx_word' id='word_1_118' title='bbox 151 2247 262 2300; x_wconf 73' lang='lat' dir='ltr'><strong>Prae</strong></span> <span class='ocrx_word' id='word_1_119' title='bbox 287 2245 501 2299; x_wconf 90' lang='lat' dir='ltr'><strong>cunctis</strong></span> <span class='ocrx_word' id='word_1_120' title='bbox 530 2245 582 2297; x_wconf 90' lang='lat' dir='ltr'><strong>in</strong></span> <span class='ocrx_word' id='word_1_121' title='bbox 609 2244 736 2311; x_wconf 93' lang='lat' dir='ltr'><strong>jura</strong></span> <span class='ocrx_word' id='word_1_122' title='bbox 769 2243 961 2312; x_wconf 91' lang='lat' dir='ltr'><strong>probat</strong></span> <span class='ocrx_word' id='word_1_123' title='bbox 994 2258 1159 2312; x_wconf 89' lang='lat' dir='ltr'><strong>quem</strong></span> <span class='ocrx_word' id='word_1_124' title='bbox 1199 2241 1322 2294; x_wconf 88' lang='lat' dir='ltr'><strong>diva</strong></span> <span class='ocrx_word' id='word_1_125' title='bbox 1351 2257 1626 2307; x_wconf 86' lang='lat' dir='ltr'><strong>severum,</strong></span> 
     </span>
    </p>
   </div>
   <div class='ocr_carea' id='block_1_23' title="bbox 153 2329 1546 2407">
    <p class='ocr_par' dir='ltr' id='par_1_23' title="bbox 153 2329 1546 2407">
     <span class='ocr_line' id='line_1_23' title="bbox 153 2329 1546 2407; baseline -0.005 -18"><span class='ocrx_word' id='word_1_126' title='bbox 153 2337 324 2406; x_wconf 73' lang='lat' dir='ltr'><strong>thue</strong></span> <span class='ocrx_word' id='word_1_127' title='bbox 349 2335 496 2404; x_wconf 92' lang='lat' dir='ltr'><strong>pium</strong></span> <span class='ocrx_word' id='word_1_128' title='bbox 539 2333 703 2407; x_wconf 86' lang='lat' dir='ltr'><strong>digne</strong></span> <span class='ocrx_word' id='word_1_129' title='bbox 735 2331 1047 2402; x_wconf 85' lang='lat' dir='ltr'><strong>perculsum</strong></span> <span class='ocrx_word' id='word_1_130' title='bbox 1067 2331 1294 2384; x_wconf 77' lang='lat' dir='ltr'><strong>verbere</strong></span> <span class='ocrx_word' id='word_1_131' title='bbox 1330 2329 1546 2383; x_wconf 75' lang='lat' dir='ltr'><strong>mulctae</strong></span> 
     </span>
    </p>
   </div>
   <div class='ocr_carea' id='block_1_24' title="bbox 150 2418 1628 2493">
    <p class='ocr_par' dir='ltr' id='par_1_24' title="bbox 150 2418 1628 2493">
     <span class='ocr_line' id='line_1_24' title="bbox 150 2418 1628 2493; baseline -0.005 -14"><span class='ocrx_word' id='word_1_132' title='bbox 150 2423 414 2479; x_wconf 84' lang='lat' dir='ltr'><strong>Conciliat</strong></span> <span class='ocrx_word' id='word_1_133' title='bbox 455 2423 703 2482; x_wconf 87' lang='lat' dir='ltr'><strong>Domino,</strong></span> <span class='ocrx_word' id='word_1_134' title='bbox 740 2422 822 2474; x_wconf 88' lang='lat' dir='ltr'><strong>sic</strong></span> <span class='ocrx_word' id='word_1_135' title='bbox 851 2421 1122 2493; x_wconf 77' lang='lat' dir='ltr'><strong>sacrilego</strong></span> <span class='ocrx_word' id='word_1_136' title='bbox 1161 2419 1337 2473; x_wconf 90' lang='lat' dir='ltr'><strong>hostis</strong></span> <span class='ocrx_word' id='word_1_137' title='bbox 1374 2418 1628 2472; x_wconf 88' lang='lat' dir='ltr'><strong>habetur.</strong></span> 
     </span>
    </p>
   </div>
   <div class='ocr_carea' id='block_1_25' title="bbox 153 2511 1467 2582">
    <p class='ocr_par' dir='ltr' id='par_1_25' title="bbox 153 2511 1467 2582">
     <span class='ocr_line' id='line_1_25' title="bbox 153 2511 1467 2582; baseline -0.004 -13"><span class='ocrx_word' id='word_1_138' title='bbox 153 2516 260 2570; x_wconf 84' lang='lat' dir='ltr'><strong>Nec</strong></span> <span class='ocrx_word' id='word_1_139' title='bbox 287 2514 480 2568; x_wconf 87' lang='lat' dir='ltr'><strong>metuit</strong></span> <span class='ocrx_word' id='word_1_140' title='bbox 505 2515 682 2568; x_wconf 81' lang='lat' dir='ltr'><strong>vitans</strong></span> <span class='ocrx_word' id='word_1_141' title='bbox 713 2528 880 2582; x_wconf 83' lang='lat' dir='ltr'><strong>pravo</strong></span> <span class='ocrx_word' id='word_1_142' title='bbox 914 2511 1055 2564; x_wconf 89' lang='lat' dir='ltr'><strong>ferre</strong></span> <span class='ocrx_word' id='word_1_143' title='bbox 1086 2526 1182 2565; x_wconf 92' lang='lat' dir='ltr'><strong>ora</strong></span> <span class='ocrx_word' id='word_1_144' title='bbox 1212 2519 1467 2581; x_wconf 76' lang='lat' dir='ltr'><strong>tyranno,</strong></span> 
     </span>
    </p>
   </div>
   <div class='ocr_carea' id='block_1_26' title="bbox 153 2605 1483 2683">
    <p class='ocr_par' dir='ltr' id='par_1_26' title="bbox 153 2605 1483 2683">
     <span class='ocr_line' id='line_1_26' title="bbox 153 2605 1483 2683; baseline -0.003 -21"><span class='ocrx_word' id='word_1_145' title='bbox 153 2610 342 2683; x_wconf 79' lang='lat' dir='ltr'><strong>Arguit</strong></span> <span class='ocrx_word' id='word_1_146' title='bbox 373 2625 434 2663; x_wconf 88' lang='lat' dir='ltr'><strong>ac</strong></span> <span class='ocrx_word' id='word_1_147' title='bbox 467 2609 679 2661; x_wconf 83' lang='lat' dir='ltr'><strong>facinus</strong></span> <span class='ocrx_word' id='word_1_148' title='bbox 709 2615 942 2661; x_wconf 76' lang='lat' dir='ltr'><strong>austerae</strong></span> <span class='ocrx_word' id='word_1_149' title='bbox 974 2612 1210 2675; x_wconf 86' lang='lat' dir='ltr'><strong>syrmate</strong></span> <span class='ocrx_word' id='word_1_150' title='bbox 1242 2605 1483 2658; x_wconf 71' lang='lat' dir='ltr'><strong>schedae.</strong></span> 
     </span>
    </p>
   </div>
   <div class='ocr_carea' id='block_1_27' title="bbox 155 2699 1596 2772">
    <p class='ocr_par' dir='ltr' id='par_1_27' title="bbox 155 2699 1596 2772">
     <span class='ocr_line' id='line_1_27' title="bbox 155 2699 1596 2772; baseline -0.006 -13"><span class='ocrx_word' id='word_1_151' title='bbox 155 2705 346 2759; x_wconf 78' lang='lat' dir='ltr'><strong>Omnia</strong></span> <span class='ocrx_word' id='word_1_152' title='bbox 377 2711 695 2758; x_wconf 85' lang='lat' dir='ltr'><strong>cernentem</strong></span> <span class='ocrx_word' id='word_1_153' title='bbox 730 2716 1047 2772; x_wconf 85' lang='lat' dir='ltr'><strong>prOponens</strong></span> <span class='ocrx_word' id='word_1_154' title='bbox 1077 2699 1310 2753; x_wconf 91' lang='lat' dir='ltr'><strong>crimina</strong></span> <span class='ocrx_word' id='word_1_155' title='bbox 1350 2700 1596 2762; x_wconf 75' lang='lat' dir='ltr'><strong>damnat,</strong></span> 
     </span>
    </p>
   </div>
   <div class='ocr_carea' id='block_1_28' title="bbox 159 2791 1457 2866">
    <p class='ocr_par' dir='ltr' id='par_1_28' title="bbox 159 2791 1457 2866">
     <span class='ocr_line' id='line_1_28' title="bbox 159 2791 1457 2866; baseline -0.006 -15"><span class='ocrx_word' id='word_1_156' title='bbox 159 2799 578 2866; x_wconf 91' lang='lat' dir='ltr'><strong>Immunemque</strong></span> <span class='ocrx_word' id='word_1_157' title='bbox 609 2795 775 2848; x_wconf 86' lang='lat' dir='ltr'><strong>trucis</strong></span> <span class='ocrx_word' id='word_1_158' title='bbox 799 2794 978 2847; x_wconf 87' lang='lat' dir='ltr'><strong>reddit</strong></span> <span class='ocrx_word' id='word_1_159' title='bbox 1006 2808 1063 2845; x_wconf 89' lang='lat' dir='ltr'><strong>se</strong></span> <span class='ocrx_word' id='word_1_160' title='bbox 1106 2791 1457 2862; x_wconf 85' lang='lat' dir='ltr'><strong>proditionis,</strong></span> 
     </span>
    </p>
   </div>
   <div class='ocr_carea' id='block_1_29' title="bbox 162 2885 1552 2956">
    <p class='ocr_par' dir='ltr' id='par_1_29' title="bbox 162 2885 1552 2956">
     <span class='ocr_line' id='line_1_29' title="bbox 162 2885 1552 2956; baseline -0.005 -14"><span class='ocrx_word' id='word_1_161' title='bbox 162 2889 384 2942; x_wconf 83' lang='lat' dir='ltr'><strong>Munera</strong></span> <span class='ocrx_word' id='word_1_162' title='bbox 407 2886 686 2955; x_wconf 91' lang='lat' dir='ltr'><strong>rejiciens,</strong></span> <span class='ocrx_word' id='word_1_163' title='bbox 715 2886 878 2939; x_wconf 90' lang='lat' dir='ltr'><strong>etiam</strong></span> <span class='ocrx_word' id='word_1_164' title='bbox 910 2885 963 2937; x_wconf 93' lang='lat' dir='ltr'><strong>in</strong></span> <span class='ocrx_word' id='word_1_165' title='bbox 994 2900 1155 2953; x_wconf 89' lang='lat' dir='ltr'><strong>prece</strong></span> <span class='ocrx_word' id='word_1_166' title='bbox 1191 2899 1324 2952; x_wconf 87' lang='lat' dir='ltr'><strong>pace</strong></span> <span class='ocrx_word' id='word_1_167' title='bbox 1353 2889 1552 2956; x_wconf 88' lang='lat' dir='ltr'><strong>negata</strong></span> 
     </span>
    </p>
   </div>
   <div class='ocr_carea' id='block_1_30' title="bbox 165 2973 1252 3052">
    <p class='ocr_par' dir='ltr' id='par_1_30' title="bbox 165 2973 1252 3052">
     <span class='ocr_line' id='line_1_30' title="bbox 165 2973 1252 3052; baseline -0.007 -19"><span class='ocrx_word' id='word_1_168' title='bbox 165 2976 539 3052; x_wconf 88' lang='lat' dir='ltr'><strong>Impugnatori</strong></span> <span class='ocrx_word' id='word_1_169' title='bbox 576 2976 724 3046; x_wconf 84' lang='lat' dir='ltr'><strong>pacis</strong></span> <span class='ocrx_word' id='word_1_170' title='bbox 757 2973 1006 3045; x_wconf 88' lang='lat' dir='ltr'><strong>hostique</strong></span> <span class='ocrx_word' id='word_1_171' title='bbox 1029 2973 1252 3044; x_wconf 89' lang='lat' dir='ltr'><strong>quietis.</strong></span> 
     </span>
    </p>
   </div>
   <div class='ocr_carea' id='block_1_31' title="bbox 167 3063 1404 3138">
    <p class='ocr_par' dir='ltr' id='par_1_31' title="bbox 167 3063 1404 3138">
     <span class='ocr_line' id='line_1_31' title="bbox 167 3063 1404 3138; baseline -0.007 -14"><span class='ocrx_word' id='word_1_172' title='bbox 167 3070 332 3124; x_wconf 86' lang='lat' dir='ltr'><strong>Exciti</strong></span> <span class='ocrx_word' id='word_1_173' title='bbox 363 3069 448 3122; x_wconf 88' lang='lat' dir='ltr'><strong>his</strong></span> <span class='ocrx_word' id='word_1_174' title='bbox 477 3083 734 3138; x_wconf 89' lang='lat' dir='ltr'><strong>proceres</strong></span> <span class='ocrx_word' id='word_1_175' title='bbox 756 3065 912 3119; x_wconf 87' lang='lat' dir='ltr'><strong>infidi</strong></span> <span class='ocrx_word' id='word_1_176' title='bbox 934 3081 1076 3118; x_wconf 79' lang='lat' dir='ltr'><strong>saeva</strong></span> <span class='ocrx_word' id='word_1_177' title='bbox 1108 3063 1404 3117; x_wconf 86' lang='lat' dir='ltr'><strong>frementes</strong></span> 
     </span>
    </p>
   </div>
   <div class='ocr_carea' id='block_1_32' title="bbox 166 3158 1722 3232">
    <p class='ocr_par' dir='ltr' id='par_1_32' title="bbox 166 3158 1722 3232">
     <span class='ocr_line' id='line_1_32' title="bbox 166 3158 1722 3232; baseline -0.006 -13"><span class='ocrx_word' id='word_1_178' title='bbox 166 3164 440 3220; x_wconf 85' lang='lat' dir='ltr'><strong>Jumentis</strong></span> <span class='ocrx_word' id='word_1_179' title='bbox 465 3163 714 3232; x_wconf 89' lang='lat' dir='ltr'><strong>requiem</strong></span> <span class='ocrx_word' id='word_1_180' title='bbox 752 3161 1044 3215; x_wconf 84' lang='lat' dir='ltr'><strong>Ecclesiam</strong></span> <span class='ocrx_word' id='word_1_181' title='bbox 1074 3168 1302 3213; x_wconf 90' lang='lat' dir='ltr'><strong>stratum</strong></span> <span class='ocrx_word' id='word_1_182' title='bbox 1334 3158 1411 3210; x_wconf 91' lang='lat' dir='ltr'><strong>ire</strong></span> <span class='ocrx_word' id='word_1_183' title='bbox 1443 3158 1722 3211; x_wconf 90' lang='lat' dir='ltr'><strong>minantur</strong></span> 
     </span>
    </p>
   </div>
   <div class='ocr_carea' id='block_1_33' title="bbox 167 3249 1614 3324">
    <p class='ocr_par' dir='ltr' id='par_1_33' title="bbox 167 3249 1614 3324">
     <span class='ocr_line' id='line_1_33' title="bbox 167 3249 1614 3324; baseline -0.006 -15"><span class='ocrx_word' id='word_1_184' title='bbox 167 3257 294 3311; x_wconf 88' lang='lat' dir='ltr'><strong>Post</strong></span> <span class='ocrx_word' id='word_1_185' title='bbox 324 3255 431 3308; x_wconf 91' lang='lat' dir='ltr'><strong>sibi</strong></span> <span class='ocrx_word' id='word_1_186' title='bbox 457 3254 780 3324; x_wconf 86' lang='lat' dir='ltr'><strong>promissam</strong></span> <span class='ocrx_word' id='word_1_187' title='bbox 805 3252 983 3322; x_wconf 76' lang='lat' dir='ltr'><strong>stygio</strong></span> <span class='ocrx_word' id='word_1_188' title='bbox 1013 3249 1324 3305; x_wconf 89' lang='lat' dir='ltr'><strong>contamine</strong></span> <span class='ocrx_word' id='word_1_189' title='bbox 1356 3249 1614 3318; x_wconf 85' lang='lat' dir='ltr'><strong>palmam,</strong></span> 
     </span>
    </p>
   </div>
   <div class='ocr_carea' id='block_1_34' title="bbox 172 3339 1508 3408">
    <p class='ocr_par' dir='ltr' id='par_1_34' title="bbox 172 3339 1508 3408">
     <span class='ocr_line' id='line_1_34' title="bbox 172 3339 1508 3408; baseline -0.006 -10"><span class='ocrx_word' id='word_1_190' title='bbox 172 3349 233 3399; x_wconf 82' lang='lat' dir='ltr'><strong>At</strong></span> <span class='ocrx_word' id='word_1_191' title='bbox 265 3343 529 3398; x_wconf 89' lang='lat' dir='ltr'><strong>Dominus</strong></span> <span class='ocrx_word' id='word_1_192' title='bbox 549 3342 730 3408; x_wconf 90' lang='lat' dir='ltr'><strong>justus</strong></span> <span class='ocrx_word' id='word_1_193' title='bbox 759 3348 936 3394; x_wconf 87' lang='lat' dir='ltr'><strong>sortes</strong></span> <span class='ocrx_word' id='word_1_194' title='bbox 977 3339 1320 3393; x_wconf 85' lang='lat' dir='ltr'><strong>discriminat</strong></span> <span class='ocrx_word' id='word_1_195' title='bbox 1351 3354 1508 3408; x_wconf 82' lang='lat' dir='ltr'><strong>aequa</strong></span> 
     </span>
    </p>
   </div>
   <div class='ocr_carea' id='block_1_35' title="bbox 179 3430 1618 3501">
    <p class='ocr_par' dir='ltr' id='par_1_35' title="bbox 179 3430 1618 3501">
     <span class='ocr_line' id='line_1_35' title="bbox 179 3430 1618 3501; baseline -0.006 -10"><span class='ocrx_word' id='word_1_196' title='bbox 179 3439 352 3492; x_wconf 89' lang='lat' dir='ltr'><strong>Lancc</strong></span> <span class='ocrx_word' id='word_1_197' title='bbox 374 3435 551 3498; x_wconf 88' lang='lat' dir='ltr'><strong>datas,</strong></span> <span class='ocrx_word' id='word_1_198' title='bbox 586 3433 812 3487; x_wconf 88' lang='lat' dir='ltr'><strong>sceleris</strong></span> <span class='ocrx_word' id='word_1_199' title='bbox 844 3432 1048 3501; x_wconf 89' lang='lat' dir='ltr'><strong>patitur</strong></span> <span class='ocrx_word' id='word_1_200' title='bbox 1068 3447 1170 3485; x_wconf 90' lang='lat' dir='ltr'><strong>nec</strong></span> <span class='ocrx_word' id='word_1_201' title='bbox 1187 3438 1406 3500; x_wconf 87' lang='lat' dir='ltr'><strong>sceptra</strong></span> <span class='ocrx_word' id='word_1_202' title='bbox 1435 3430 1618 3483; x_wconf 89' lang='lat' dir='ltr'><strong>valere</strong></span> 
     </span>
    </p>
   </div>
   <div class='ocr_carea' id='block_1_36' title="bbox 179 3525 1494 3601">
    <p class='ocr_par' dir='ltr' id='par_1_36' title="bbox 179 3525 1494 3601">
     <span class='ocr_line' id='line_1_36' title="bbox 179 3525 1494 3601; baseline -0.007 -14"><span class='ocrx_word' id='word_1_203' title='bbox 179 3534 335 3587; x_wconf 80' lang='lat' dir='ltr'><strong>Sorte</strong></span> <span class='ocrx_word' id='word_1_204' title='bbox 369 3529 700 3601; x_wconf 90' lang='lat' dir='ltr'><strong>superjusta</strong></span> <span class='ocrx_word' id='word_1_205' title='bbox 730 3544 800 3581; x_wconf 90' lang='lat' dir='ltr'><strong>ne</strong></span> <span class='ocrx_word' id='word_1_206' title='bbox 822 3527 1008 3580; x_wconf 87' lang='lat' dir='ltr'><strong>dextra</strong></span> <span class='ocrx_word' id='word_1_207' title='bbox 1031 3526 1241 3580; x_wconf 81' lang='lat' dir='ltr'><strong>teratur</strong></span> <span class='ocrx_word' id='word_1_208' title='bbox 1269 3525 1494 3596; x_wconf 90' lang='lat' dir='ltr'><strong>iniquis,</strong></span> 
     </span>
    </p>
   </div>
   <div class='ocr_carea' id='block_1_37' title="bbox 177 3619 1588 3695">
    <p class='ocr_par' dir='ltr' id='par_1_37' title="bbox 177 3619 1588 3695">
     <span class='ocr_line' id='line_1_37' title="bbox 177 3619 1588 3695; baseline -0.006 -16"><span class='ocrx_word' id='word_1_209' title='bbox 177 3623 412 3679; x_wconf 77' lang='lat' dir='ltr'><strong>Iustitiae</strong></span> <span class='ocrx_word' id='word_1_210' title='bbox 443 3622 723 3695; x_wconf 85' lang='lat' dir='ltr'><strong>dignoque</strong></span> <span class='ocrx_word' id='word_1_211' title='bbox 758 3619 862 3689; x_wconf 90' lang='lat' dir='ltr'><strong>piis</strong></span> <span class='ocrx_word' id='word_1_212' title='bbox 889 3620 980 3672; x_wconf 90' lang='lat' dir='ltr'><strong>dat</strong></span> <span class='ocrx_word' id='word_1_213' title='bbox 1016 3620 1226 3673; x_wconf 87' lang='lat' dir='ltr'><strong>honore</strong></span> <span class='ocrx_word' id='word_1_214' title='bbox 1257 3619 1588 3688; x_wconf 88' lang='lat' dir='ltr'><strong>triumphos,</strong></span> 
     </span>
    </p>
   </div>
   <div class='ocr_carea' id='block_1_38' title="bbox 183 3707 1447 3779">
    <p class='ocr_par' dir='ltr' id='par_1_38' title="bbox 183 3707 1447 3779">
     <span class='ocr_line' id='line_1_38' title="bbox 183 3707 1447 3779; baseline -0.006 -11"><span class='ocrx_word' id='word_1_215' title='bbox 183 3715 291 3768; x_wconf 86' lang='lat' dir='ltr'><strong>Rex</strong></span> <span class='ocrx_word' id='word_1_216' title='bbox 317 3714 390 3768; x_wconf 86' lang='lat' dir='ltr'><strong>ita</strong></span> <span class='ocrx_word' id='word_1_217' title='bbox 421 3711 654 3766; x_wconf 87' lang='lat' dir='ltr'><strong>devotus</strong></span> <span class='ocrx_word' id='word_1_218' title='bbox 681 3709 920 3779; x_wconf 86' lang='lat' dir='ltr'><strong>pedibus</strong></span> <span class='ocrx_word' id='word_1_219' title='bbox 951 3708 1295 3777; x_wconf 89' lang='lat' dir='ltr'><strong>provolvitur</strong></span> <span class='ocrx_word' id='word_1_220' title='bbox 1320 3707 1447 3761; x_wconf 88' lang='lat' dir='ltr'><strong>almi</strong></span> 
     </span>
    </p>
   </div>
   <div class='ocr_carea' id='block_1_39' title="bbox 182 3796 1484 3869">
    <p class='ocr_par' dir='ltr' id='par_1_39' title="bbox 182 3796 1484 3869">
     <span class='ocr_line' id='line_1_39' title="bbox 182 3796 1484 3869; baseline -0.007 -11"><span class='ocrx_word' id='word_1_221' title='bbox 182 3803 399 3858; x_wconf 88' lang='lat' dir='ltr'><strong>Tutoris</strong></span> <span class='ocrx_word' id='word_1_222' title='bbox 426 3799 729 3869; x_wconf 87' lang='lat' dir='ltr'><strong>famuliquc</strong></span> <span class='ocrx_word' id='word_1_223' title='bbox 759 3797 936 3851; x_wconf 84' lang='lat' dir='ltr'><strong>fidelis</strong></span> <span class='ocrx_word' id='word_1_224' title='bbox 954 3797 1022 3850; x_wconf 89' lang='lat' dir='ltr'><strong>ad</strong></span> <span class='ocrx_word' id='word_1_225' title='bbox 1056 3797 1243 3852; x_wconf 88' lang='lat' dir='ltr'><strong>omnia</strong></span> <span class='ocrx_word' id='word_1_226' title='bbox 1265 3796 1484 3861; x_wconf 89' lang='lat' dir='ltr'><strong>Christi,</strong></span> 
     </span>
    </p>
   </div>
   <div class='ocr_carea' id='block_1_40' title="bbox 185 3885 1731 3960">
    <p class='ocr_par' dir='ltr' id='par_1_40' title="bbox 185 3885 1731 3960">
     <span class='ocr_line' id='line_1_40' title="bbox 185 3885 1731 3960; baseline -0.007 -12"><span class='ocrx_word' id='word_1_227' title='bbox 185 3893 515 3948; x_wconf 89' lang='lat' dir='ltr'><strong>Calcandum</strong></span> <span class='ocrx_word' id='word_1_228' title='bbox 533 3890 634 3943; x_wconf 90' lang='lat' dir='ltr'><strong>sibi</strong></span> <span class='ocrx_word' id='word_1_229' title='bbox 667 3888 1058 3960; x_wconf 87' lang='lat' dir='ltr'><strong>sceptrilegum</strong></span> <span class='ocrx_word' id='word_1_230' title='bbox 1079 3887 1174 3957; x_wconf 90' lang='lat' dir='ltr'><strong>qui</strong></span> <span class='ocrx_word' id='word_1_231' title='bbox 1200 3892 1465 3940; x_wconf 86' lang='lat' dir='ltr'><strong>straverat</strong></span> <span class='ocrx_word' id='word_1_232' title='bbox 1495 3885 1731 3950; x_wconf 89' lang='lat' dir='ltr'><strong>hostem,</strong></span> 
     </span>
    </p>
   </div>
   <div class='ocr_carea' id='block_1_41' title="bbox 189 3977 1559 4048">
    <p class='ocr_par' dir='ltr' id='par_1_41' title="bbox 189 3977 1559 4048">
     <span class='ocr_line' id='line_1_41' title="bbox 189 3977 1559 4048; baseline -0.007 -13"><span class='ocrx_word' id='word_1_233' title='bbox 189 3981 360 4048; x_wconf 83' lang='lat' dir='ltr'><strong>Hujus</strong></span> <span class='ocrx_word' id='word_1_234' title='bbox 389 3995 448 4033; x_wconf 90' lang='lat' dir='ltr'><strong>se</strong></span> <span class='ocrx_word' id='word_1_235' title='bbox 475 3977 688 4033; x_wconf 89' lang='lat' dir='ltr'><strong>meritis</strong></span> <span class='ocrx_word' id='word_1_236' title='bbox 719 3983 1034 4047; x_wconf 87' lang='lat' dir='ltr'><strong>protectans</strong></span> <span class='ocrx_word' id='word_1_237' title='bbox 1059 3981 1112 4028; x_wconf 89' lang='lat' dir='ltr'><strong>et</strong></span> <span class='ocrx_word' id='word_1_238' title='bbox 1144 3989 1308 4044; x_wconf 88' lang='lat' dir='ltr'><strong>prece</strong></span> <span class='ocrx_word' id='word_1_239' title='bbox 1339 3979 1513 4026; x_wconf 91' lang='lat' dir='ltr'><strong>tutum</strong></span> <span class='ocrx_word' id='word_1_240' title='bbox 1545 3990 1559 4037; x_wconf 89' lang='lat'><strong>;</strong></span> 
     </span>
    </p>
   </div>
   <div class='ocr_carea' id='block_1_42' title="bbox 186 4067 1566 4145">
    <p class='ocr_par' dir='ltr' id='par_1_42' title="bbox 186 4067 1566 4145">
     <span class='ocr_line' id='line_1_42' title="bbox 186 4067 1566 4145; baseline -0.008 -16"><span class='ocrx_word' id='word_1_241' title='bbox 186 4074 424 4145; x_wconf 86' lang='lat' dir='ltr'><strong>Moxque</strong></span> <span class='ocrx_word' id='word_1_242' title='bbox 455 4070 533 4124; x_wconf 89' lang='lat' dir='ltr'><strong>rei</strong></span> <span class='ocrx_word' id='word_1_243' title='bbox 562 4069 780 4124; x_wconf 88' lang='lat' dir='ltr'><strong>veniam</strong></span> <span class='ocrx_word' id='word_1_244' title='bbox 813 4067 958 4122; x_wconf 89' lang='lat' dir='ltr'><strong>facili</strong></span> <span class='ocrx_word' id='word_1_245' title='bbox 982 4067 1204 4121; x_wconf 90' lang='lat' dir='ltr'><strong>datione</strong></span> <span class='ocrx_word' id='word_1_246' title='bbox 1229 4073 1526 4136; x_wconf 88' lang='lat' dir='ltr'><strong>capessunt</strong></span> <span class='ocrx_word' id='word_1_247' title='bbox 1554 4083 1566 4118; x_wconf 91' lang='lat'><strong>:</strong></span> 
     </span>
    </p>
   </div>
   <div class='ocr_carea' id='block_1_43' title="bbox 191 4153 1529 4234">
    <p class='ocr_par' dir='ltr' id='par_1_43' title="bbox 191 4153 1529 4234">
     <span class='ocr_line' id='line_1_43' title="bbox 191 4153 1529 4234; baseline -0.007 -19"><span class='ocrx_word' id='word_1_248' title='bbox 191 4162 320 4225; x_wconf 69' lang='lat' dir='ltr'><strong>Quae</strong></span> <span class='ocrx_word' id='word_1_249' title='bbox 352 4159 467 4234; x_wconf 88' lang='lat' dir='ltr'><strong>regi</strong></span> <span class='ocrx_word' id='word_1_250' title='bbox 499 4174 609 4212; x_wconf 91' lang='lat' dir='ltr'><strong>una</strong></span> <span class='ocrx_word' id='word_1_251' title='bbox 627 4157 777 4228; x_wconf 89' lang='lat' dir='ltr'><strong>pium</strong></span> <span class='ocrx_word' id='word_1_252' title='bbox 807 4154 1065 4210; x_wconf 89' lang='lat' dir='ltr'><strong>ductabat</strong></span> <span class='ocrx_word' id='word_1_253' title='bbox 1091 4153 1264 4227; x_wconf 85' lang='lat' dir='ltr'><strong>gratia</strong></span> <span class='ocrx_word' id='word_1_254' title='bbox 1298 4161 1529 4224; x_wconf 89' lang='lat' dir='ltr'><strong>patrem.</strong></span> 
     </span>
    </p>
   </div>
   <div class='ocr_carea' id='block_1_44' title="bbox 191 4247 1683 4324">
    <p class='ocr_par' dir='ltr' id='par_1_44' title="bbox 191 4247 1683 4324">
     <span class='ocr_line' id='line_1_44' title="bbox 191 4247 1683 4324; baseline -0.004 -16"><span class='ocrx_word' id='word_1_255' title='bbox 191 4253 292 4318; x_wconf 81' lang='lat' dir='ltr'><strong>Qui</strong></span> <span class='ocrx_word' id='word_1_256' title='bbox 323 4259 530 4324; x_wconf 87' lang='lat' dir='ltr'><strong>quanta</strong></span> <span class='ocrx_word' id='word_1_257' title='bbox 558 4251 798 4306; x_wconf 85' lang='lat' dir='ltr'><strong>bonitate</strong></span> <span class='ocrx_word' id='word_1_258' title='bbox 829 4249 1021 4321; x_wconf 82' lang='lat' dir='ltr'><strong>vigens</strong></span> <span class='ocrx_word' id='word_1_259' title='bbox 1051 4265 1214 4319; x_wconf 91' lang='lat' dir='ltr'><strong>quam</strong></span> <span class='ocrx_word' id='word_1_260' title='bbox 1241 4248 1406 4302; x_wconf 90' lang='lat' dir='ltr'><strong>corde</strong></span> <span class='ocrx_word' id='word_1_261' title='bbox 1436 4247 1683 4321; x_wconf 90' lang='lat' dir='ltr'><strong>benigno</strong></span> 
     </span>
    </p>
   </div>
   <div class='ocr_carea' id='block_1_45' title="bbox 192 4341 1370 4410">
    <p class='ocr_par' dir='ltr' id='par_1_45' title="bbox 192 4341 1370 4410">
     <span class='ocr_line' id='line_1_45' title="bbox 192 4341 1370 4410; baseline -0.005 -10"><span class='ocrx_word' id='word_1_262' title='bbox 192 4345 438 4402; x_wconf 78' lang='lat' dir='ltr'><strong>Astiterit</strong></span> <span class='ocrx_word' id='word_1_263' title='bbox 466 4343 683 4398; x_wconf 88' lang='lat' dir='ltr'><strong>miseris</strong></span> <span class='ocrx_word' id='word_1_264' title='bbox 713 4349 980 4396; x_wconf 87' lang='lat' dir='ltr'><strong>testantur</strong></span> <span class='ocrx_word' id='word_1_265' title='bbox 1012 4357 1161 4410; x_wconf 84' lang='lat' dir='ltr'><strong>saepe</strong></span> <span class='ocrx_word' id='word_1_266' title='bbox 1193 4341 1370 4395; x_wconf 89' lang='lat' dir='ltr'><strong>soluta</strong></span> 
     </span>
    </p>
   </div>
   <div class='ocr_carea' id='block_1_46' title="bbox 193 4434 1497 4510">
    <p class='ocr_par' dir='ltr' id='par_1_46' title="bbox 193 4434 1497 4510">
     <span class='ocr_line' id='line_1_46' title="bbox 193 4434 1497 4510; baseline -0.005 -16"><span class='ocrx_word' id='word_1_267' title='bbox 193 4439 428 4495; x_wconf 85' lang='lat' dir='ltr'><strong>Vincula</strong></span> <span class='ocrx_word' id='word_1_268' title='bbox 455 4453 720 4492; x_wconf 87' lang='lat' dir='ltr'><strong>nexorum</strong></span> <span class='ocrx_word' id='word_1_269' title='bbox 753 4436 985 4489; x_wconf 91' lang='lat' dir='ltr'><strong>:studiis</strong></span> <span class='ocrx_word' id='word_1_270' title='bbox 1019 4435 1222 4510; x_wconf 84' lang='lat' dir='ltr'><strong>legatio</strong></span> <span class='ocrx_word' id='word_1_271' title='bbox 1255 4434 1497 4497; x_wconf 87' lang='lat' dir='ltr'><strong>fervens,</strong></span> 
     </span>
    </p>
   </div>
   <div class='ocr_carea' id='block_1_47' title="bbox 197 4523 1600 4597">
    <p class='ocr_par' dir='ltr' id='par_1_47' title="bbox 197 4523 1600 4597">
     <span class='ocr_line' id='line_1_47' title="bbox 197 4523 1600 4597; baseline -0.005 -14"><span class='ocrx_word' id='word_1_272' title='bbox 197 4529 360 4583; x_wconf 89' lang='lat' dir='ltr'><strong>Callis</strong></span> <span class='ocrx_word' id='word_1_273' title='bbox 390 4534 445 4582; x_wconf 91' lang='lat' dir='ltr'><strong>et</strong></span> <span class='ocrx_word' id='word_1_274' title='bbox 472 4528 593 4596; x_wconf 90' lang='lat' dir='ltr'><strong>ipse</strong></span> <span class='ocrx_word' id='word_1_275' title='bbox 623 4526 780 4580; x_wconf 88' lang='lat' dir='ltr'><strong>labor</strong></span> <span class='ocrx_word' id='word_1_276' title='bbox 808 4525 983 4597; x_wconf 85' lang='lat' dir='ltr'><strong>longi,</strong></span> <span class='ocrx_word' id='word_1_277' title='bbox 1009 4539 1386 4594; x_wconf 88' lang='lat' dir='ltr'><strong>proceresque</strong></span> <span class='ocrx_word' id='word_1_278' title='bbox 1417 4523 1600 4594; x_wconf 89' lang='lat' dir='ltr'><strong>petiti,</strong></span> 
     </span>
    </p>
   </div>
   <div class='ocr_carea' id='block_1_48' title="bbox 200 4615 1503 4687">
    <p class='ocr_par' dir='ltr' id='par_1_48' title="bbox 200 4615 1503 4687">
     <span class='ocr_line' id='line_1_48' title="bbox 200 4615 1503 4687; baseline -0.005 -13"><span class='ocrx_word' id='word_1_279' title='bbox 200 4621 398 4675; x_wconf 62' lang='lat' dir='ltr'><strong>Excitat:</strong></span> <span class='ocrx_word' id='word_1_280' title='bbox 428 4633 664 4673; x_wconf 74' lang='lat' dir='ltr'><strong>maerore</strong></span> <span class='ocrx_word' id='word_1_281' title='bbox 686 4617 817 4672; x_wconf 78' lang='lat' dir='ltr'><strong>ferae</strong></span> <span class='ocrx_word' id='word_1_282' title='bbox 849 4617 1017 4687; x_wconf 92' lang='lat' dir='ltr'><strong>patris</strong></span> <span class='ocrx_word' id='word_1_283' title='bbox 1047 4615 1299 4686; x_wconf 89' lang='lat' dir='ltr'><strong>improba</strong></span> <span class='ocrx_word' id='word_1_284' title='bbox 1321 4615 1503 4669; x_wconf 87' lang='lat' dir='ltr'><strong>ﬂentis</strong></span> 
     </span>
    </p>
   </div>
   <div class='ocr_carea' id='block_1_49' title="bbox 200 4709 1481 4780">
    <p class='ocr_par' dir='ltr' id='par_1_49' title="bbox 200 4709 1481 4780">
     <span class='ocr_line' id='line_1_49' title="bbox 200 4709 1481 4780; baseline -0.004 -14"><span class='ocrx_word' id='word_1_285' title='bbox 200 4713 411 4766; x_wconf 87' lang='lat' dir='ltr'><strong>Gaudia</strong></span> <span class='ocrx_word' id='word_1_286' title='bbox 451 4711 730 4765; x_wconf 71' lang='lat' dir='ltr'><strong>laetantum</strong></span> <span class='ocrx_word' id='word_1_287' title='bbox 761 4710 900 4780; x_wconf 89' lang='lat' dir='ltr'><strong>rapti</strong></span> <span class='ocrx_word' id='word_1_288' title='bbox 935 4709 1258 4763; x_wconf 90' lang='lat' dir='ltr'><strong>discrimine</strong></span> <span class='ocrx_word' id='word_1_289' title='bbox 1287 4709 1481 4775; x_wconf 90' lang='lat' dir='ltr'><strong>sontis,</strong></span> 
     </span>
    </p>
   </div>
   <div class='ocr_carea' id='block_1_50' title="bbox 201 4796 1485 4870">
    <p class='ocr_par' dir='ltr' id='par_1_50' title="bbox 201 4796 1485 4870">
     <span class='ocr_line' id='line_1_50' title="bbox 201 4796 1485 4870; baseline -0.006 -14"><span class='ocrx_word' id='word_1_290' title='bbox 201 4801 346 4856; x_wconf 86' lang='lat' dir='ltr'><strong>Ultio</strong></span> <span class='ocrx_word' id='word_1_291' title='bbox 375 4799 688 4870; x_wconf 89' lang='lat' dir='ltr'><strong>prosiliens,</strong></span> <span class='ocrx_word' id='word_1_292' title='bbox 720 4797 1000 4852; x_wconf 90' lang='lat' dir='ltr'><strong>Stiliconis</strong></span> <span class='ocrx_word' id='word_1_293' title='bbox 1027 4797 1207 4852; x_wconf 89' lang='lat' dir='ltr'><strong>cessio</strong></span> <span class='ocrx_word' id='word_1_294' title='bbox 1229 4796 1485 4866; x_wconf 90' lang='lat' dir='ltr'><strong>supplex,</strong></span> 
     </span>
    </p>
   </div>
   <div class='ocr_carea' id='block_1_51' title="bbox 205 4887 1405 4960">
    <p class='ocr_par' dir='ltr' id='par_1_51' title="bbox 205 4887 1405 4960">
     <span class='ocr_line' id='line_1_51' title="bbox 205 4887 1405 4960; baseline -0.005 -14"><span class='ocrx_word' id='word_1_295' title='bbox 205 4891 474 4946; x_wconf 81' lang='lat' dir='ltr'><strong>Redditus</strong></span> <span class='ocrx_word' id='word_1_296' title='bbox 502 4890 666 4944; x_wconf 89' lang='lat' dir='ltr'><strong>exilio</strong></span> <span class='ocrx_word' id='word_1_297' title='bbox 692 4905 964 4960; x_wconf 70' lang='lat' dir='ltr'><strong>supremae</strong></span> <span class='ocrx_word' id='word_1_298' title='bbox 996 4888 1270 4943; x_wconf 86' lang='lat' dir='ltr'><strong>obnoxius</strong></span> <span class='ocrx_word' id='word_1_299' title='bbox 1294 4887 1405 4941; x_wconf 73' lang='lat' dir='ltr'><strong>irae.</strong></span> 
     </span>
    </p>
   </div>
   <div class='ocr_carea' id='block_1_52' title="bbox 205 4978 1751 5053">
    <p class='ocr_par' dir='ltr' id='par_1_52' title="bbox 205 4978 1751 5053">
     <span class='ocr_line' id='line_1_52' title="bbox 205 4978 1751 5053; baseline -0.005 -16"><span class='ocrx_word' id='word_1_300' title='bbox 205 4982 321 5047; x_wconf 85' lang='lat' dir='ltr'><strong>Quo</strong></span> <span class='ocrx_word' id='word_1_301' title='bbox 352 4998 454 5053; x_wconf 89' lang='lat' dir='ltr'><strong>per</strong></span> <span class='ocrx_word' id='word_1_302' title='bbox 476 4998 600 5036; x_wconf 89' lang='lat' dir='ltr'><strong>eum</strong></span> <span class='ocrx_word' id='word_1_303' title='bbox 635 4980 822 5051; x_wconf 90' lang='lat' dir='ltr'><strong>plures</strong></span> <span class='ocrx_word' id='word_1_304' title='bbox 849 4980 1000 5034; x_wconf 92' lang='lat' dir='ltr'><strong>missi</strong></span> <span class='ocrx_word' id='word_1_305' title='bbox 1033 4995 1253 5051; x_wconf 89' lang='lat' dir='ltr'><strong>quoque</strong></span> <span class='ocrx_word' id='word_1_306' title='bbox 1272 4979 1462 5048; x_wconf 87' lang='lat' dir='ltr'><strong>judice</strong></span> <span class='ocrx_word' id='word_1_307' title='bbox 1491 4978 1751 5052; x_wconf 83' lang='lat' dir='ltr'><strong>gaudent.</strong></span> 
     </span>
    </p>
   </div>
   <div class='ocr_carea' id='block_1_53' title="bbox 208 5067 1539 5140">
    <p class='ocr_par' dir='ltr' id='par_1_53' title="bbox 208 5067 1539 5140">
     <span class='ocr_line' id='line_1_53' title="bbox 208 5067 1539 5140; baseline -0.005 -13"><span class='ocrx_word' id='word_1_308' title='bbox 208 5073 354 5127; x_wconf 77' lang='lat' dir='ltr'><strong>Pelle</strong></span> <span class='ocrx_word' id='word_1_309' title='bbox 381 5087 476 5126; x_wconf 92' lang='lat' dir='ltr'><strong>cor</strong></span> <span class='ocrx_word' id='word_1_310' title='bbox 505 5070 752 5140; x_wconf 89' lang='lat' dir='ltr'><strong>impliciti</strong></span> <span class='ocrx_word' id='word_1_311' title='bbox 785 5072 906 5124; x_wconf 74' lang='lat' dir='ltr'><strong>haec</strong></span> <span class='ocrx_word' id='word_1_312' title='bbox 936 5070 1100 5125; x_wconf 91' lang='lat' dir='ltr'><strong>etiam</strong></span> <span class='ocrx_word' id='word_1_313' title='bbox 1132 5069 1388 5140; x_wconf 59' lang='lat' dir='ltr'><strong>prmtoria</strong></span> <span class='ocrx_word' id='word_1_314' title='bbox 1416 5067 1539 5122; x_wconf 90' lang='lat' dir='ltr'><strong>duri</strong></span> 
     </span>
    </p>
   </div>
   <div class='ocr_carea' id='block_1_54' title="bbox 205 5158 1473 5232">
    <p class='ocr_par' dir='ltr' id='par_1_54' title="bbox 205 5158 1473 5232">
     <span class='ocr_line' id='line_1_54' title="bbox 205 5158 1473 5232; baseline -0.004 -15"><span class='ocrx_word' id='word_1_315' title='bbox 205 5162 418 5218; x_wconf 75' lang='lat' dir='ltr'><strong>Iudicis</strong></span> <span class='ocrx_word' id='word_1_316' title='bbox 447 5162 730 5216; x_wconf 90' lang='lat' dir='ltr'><strong>obstructo</strong></span> <span class='ocrx_word' id='word_1_317' title='bbox 753 5169 1032 5232; x_wconf 89' lang='lat' dir='ltr'><strong>portarum</strong></span> <span class='ocrx_word' id='word_1_318' title='bbox 1064 5160 1258 5214; x_wconf 90' lang='lat' dir='ltr'><strong>limine</strong></span> <span class='ocrx_word' id='word_1_319' title='bbox 1290 5158 1473 5213; x_wconf 86' lang='lat' dir='ltr'><strong>fantur</strong></span> 
     </span>
    </p>
   </div>
   <div class='ocr_carea' id='block_1_55' title="bbox 207 5251 1570 5326">
    <p class='ocr_par' dir='ltr' id='par_1_55' title="bbox 207 5251 1570 5326">
     <span class='ocr_line' id='line_1_55' title="bbox 207 5251 1570 5326; baseline -0.004 -17"><span class='ocrx_word' id='word_1_320' title='bbox 207 5256 338 5311; x_wconf 87' lang='lat' dir='ltr'><strong>Lata</strong></span> <span class='ocrx_word' id='word_1_321' title='bbox 367 5256 424 5309; x_wconf 89' lang='lat' dir='ltr'><strong>in</strong></span> <span class='ocrx_word' id='word_1_322' title='bbox 455 5271 582 5309; x_wconf 90' lang='lat' dir='ltr'><strong>eum</strong></span> <span class='ocrx_word' id='word_1_323' title='bbox 609 5269 831 5326; x_wconf 91' lang='lat' dir='ltr'><strong>quoque</strong></span> <span class='ocrx_word' id='word_1_324' title='bbox 853 5253 1137 5308; x_wconf 68' lang='lat' dir='ltr'><strong>maerentis</strong></span> <span class='ocrx_word' id='word_1_325' title='bbox 1167 5251 1391 5306; x_wconf 90' lang='lat' dir='ltr'><strong>oracula</strong></span> <span class='ocrx_word' id='word_1_326' title='bbox 1407 5251 1570 5316; x_wconf 87' lang='lat' dir='ltr'><strong>vatis,</strong></span> 
     </span>
    </p>
   </div>
   <div class='ocr_carea' id='block_1_56' title="bbox 205 5339 1696 5417">
    <p class='ocr_par' dir='ltr' id='par_1_56' title="bbox 205 5339 1696 5417">
     <span class='ocr_line' id='line_1_56' title="bbox 205 5339 1696 5417; baseline -0.006 -16"><span class='ocrx_word' id='word_1_327' title='bbox 205 5346 316 5417; x_wconf 90' lang='lat' dir='ltr'><strong>Spe</strong></span> <span class='ocrx_word' id='word_1_328' title='bbox 343 5352 558 5400; x_wconf 90' lang='lat' dir='ltr'><strong>cassata</strong></span> <span class='ocrx_word' id='word_1_329' title='bbox 584 5344 876 5399; x_wconf 86' lang='lat' dir='ltr'><strong>hominum</strong></span> <span class='ocrx_word' id='word_1_330' title='bbox 910 5358 1072 5414; x_wconf 92' lang='lat' dir='ltr'><strong>quam</strong></span> <span class='ocrx_word' id='word_1_331' title='bbox 1093 5340 1326 5395; x_wconf 89' lang='lat' dir='ltr'><strong>fastibus</strong></span> <span class='ocrx_word' id='word_1_332' title='bbox 1346 5339 1440 5394; x_wconf 91' lang='lat' dir='ltr'><strong>ille</strong></span> <span class='ocrx_word' id='word_1_333' title='bbox 1471 5341 1696 5404; x_wconf 87' lang='lat' dir='ltr'><strong>locarat,</strong></span> 
     </span>
    </p>
   </div>
   <div class='ocr_carea' id='block_1_57' title="bbox 205 5431 1826 5506">
    <p class='ocr_par' dir='ltr' id='par_1_57' title="bbox 205 5431 1826 5506">
     <span class='ocr_line' id='line_1_57' title="bbox 205 5431 1826 5506; baseline -0.006 -18"><span class='ocrx_word' id='word_1_334' title='bbox 205 5435 345 5490; x_wconf 90' lang='lat' dir='ltr'><strong>Dum</strong></span> <span class='ocrx_word' id='word_1_335' title='bbox 377 5434 573 5504; x_wconf 90' lang='lat' dir='ltr'><strong>nequit</strong></span> <span class='ocrx_word' id='word_1_336' title='bbox 616 5433 916 5488; x_wconf 85' lang='lat' dir='ltr'><strong>Ecclesiam</strong></span> <span class='ocrx_word' id='word_1_337' title='bbox 944 5431 1163 5506; x_wconf 84' lang='lat' dir='ltr'><strong>fugiens</strong></span> <span class='ocrx_word' id='word_1_338' title='bbox 1195 5438 1491 5500; x_wconf 89' lang='lat' dir='ltr'><strong>penetrare</strong></span> <span class='ocrx_word' id='word_1_339' title='bbox 1545 5433 1826 5500; x_wconf 88' lang='lat' dir='ltr'><strong>patentem</strong></span> 
     </span>
    </p>
   </div>
   <div class='ocr_carea' id='block_1_58' title="bbox 210 5519 1499 5594">
    <p class='ocr_par' dir='ltr' id='par_1_58' title="bbox 210 5519 1499 5594">
     <span class='ocr_line' id='line_1_58' title="bbox 210 5519 1499 5594; baseline -0.002 -18"><span class='ocrx_word' id='word_1_340' title='bbox 210 5523 310 5578; x_wconf 84' lang='lat' dir='ltr'><strong>Hic</strong></span> <span class='ocrx_word' id='word_1_341' title='bbox 340 5529 497 5594; x_wconf 88' lang='lat' dir='ltr'><strong>pater</strong></span> <span class='ocrx_word' id='word_1_342' title='bbox 527 5522 766 5577; x_wconf 90' lang='lat' dir='ltr'><strong>eximius</strong></span> <span class='ocrx_word' id='word_1_343' title='bbox 795 5522 1014 5592; x_wconf 89' lang='lat' dir='ltr'><strong>pietatis</strong></span> <span class='ocrx_word' id='word_1_344' title='bbox 1045 5519 1286 5576; x_wconf 90' lang='lat' dir='ltr'><strong>culmine</strong></span> <span class='ocrx_word' id='word_1_345' title='bbox 1317 5520 1499 5574; x_wconf 90' lang='lat' dir='ltr'><strong>celsus</strong></span> 
     </span>
    </p>
   </div>
   <div class='ocr_carea' id='block_1_59' title="bbox 215 5611 1676 5686">
    <p class='ocr_par' dir='ltr' id='par_1_59' title="bbox 215 5611 1676 5686">
     <span class='ocr_line' id='line_1_59' title="bbox 215 5611 1676 5686; baseline -0.005 -16"><span class='ocrx_word' id='word_1_346' title='bbox 215 5616 395 5680; x_wconf 87' lang='lat' dir='ltr'><strong>Quam</strong></span> <span class='ocrx_word' id='word_1_347' title='bbox 437 5613 603 5668; x_wconf 91' lang='lat' dir='ltr'><strong>fuerit</strong></span> <span class='ocrx_word' id='word_1_348' title='bbox 648 5615 850 5670; x_wconf 86' lang='lat' dir='ltr'><strong>virtute</strong></span> <span class='ocrx_word' id='word_1_349' title='bbox 882 5623 1079 5686; x_wconf 90' lang='lat' dir='ltr'><strong>potens</strong></span> <span class='ocrx_word' id='word_1_350' title='bbox 1109 5612 1247 5666; x_wconf 89' lang='lat' dir='ltr'><strong>mira</strong></span> <span class='ocrx_word' id='word_1_351' title='bbox 1269 5618 1389 5666; x_wconf 90' lang='lat' dir='ltr'><strong>acta</strong></span> <span class='ocrx_word' id='word_1_352' title='bbox 1419 5611 1676 5674; x_wconf 86' lang='lat' dir='ltr'><strong>fatentur,</strong></span> 
     </span>
    </p>
   </div>
   <div class='ocr_carea' id='block_1_60' title="bbox 217 5700 1704 5777">
    <p class='ocr_par' dir='ltr' id='par_1_60' title="bbox 217 5700 1704 5777">
     <span class='ocr_line' id='line_1_60' title="bbox 217 5700 1704 5777; baseline -0.005 -17"><span class='ocrx_word' id='word_1_353' title='bbox 217 5705 638 5777; x_wconf 87' lang='lat' dir='ltr'><strong>Spirituumque</strong></span> <span class='ocrx_word' id='word_1_354' title='bbox 671 5705 933 5777; x_wconf 87' lang='lat' dir='ltr'><strong>frequens</strong></span> <span class='ocrx_word' id='word_1_355' title='bbox 962 5702 1216 5774; x_wconf 90' lang='lat' dir='ltr'><strong>depulsio</strong></span> <span class='ocrx_word' id='word_1_356' title='bbox 1247 5702 1394 5757; x_wconf 90' lang='lat' dir='ltr'><strong>clara</strong></span> <span class='ocrx_word' id='word_1_357' title='bbox 1421 5700 1704 5774; x_wconf 85' lang='lat' dir='ltr'><strong>nigrorum</strong></span> 
     </span>
    </p>
   </div>
   <div class='ocr_carea' id='block_1_61' title="bbox 740 299 2850 363">
    <p class='ocr_par' dir='ltr' id='par_1_61' title="bbox 740 299 2850 363">
     <span class='ocr_line' id='line_1_61' title="bbox 740 299 2850 363; baseline -0.005 0"><span class='ocrx_word' id='word_1_358' title='bbox 740 313 817 363; x_wconf 72' lang='lat' dir='ltr'><strong>III“.</strong></span> <span class='ocrx_word' id='word_1_359' title='bbox 861 309 1116 363; x_wconf 77' lang='lat' dir='ltr'><strong>CHRISTI</strong></span> <span class='ocrx_word' id='word_1_360' title='bbox 1161 305 1519 360; x_wconf 66' lang='lat' dir='ltr'><strong>TRIIEMI’IIIS</strong></span> <span class='ocrx_word' id='word_1_361' title='bbox 1563 302 1730 355; x_wconf 76' lang='lat' dir='ltr'><strong>APUD</strong></span> <span class='ocrx_word' id='word_1_362' title='bbox 1775 299 2035 353; x_wconf 79' lang='lat' dir='ltr'><strong>ITALIAM</strong></span> <span class='ocrx_word' id='word_1_363' title='bbox 2077 300 2249 353; x_wconf 86' lang='lat' dir='ltr'><strong>LIBRI</strong></span> <span class='ocrx_word' id='word_1_364' title='bbox 2294 300 2422 353; x_wconf 84' lang='lat' dir='ltr'><strong>XIV.</strong></span> <span class='ocrx_word' id='word_1_365' title='bbox 2469 331 2520 337; x_wconf 88' lang='lat'><strong><em>—</em></strong></span> <span class='ocrx_word' id='word_1_366' title='bbox 2575 300 2695 353; x_wconf 85' lang='lat' dir='ltr'><strong>LIB.</strong></span> <span class='ocrx_word' id='word_1_367' title='bbox 2740 301 2850 353; x_wconf 78' lang='lat' dir='ltr'><strong>XIV</strong></span> 
     </span>
    </p>
   </div>
   <div class='ocr_carea' id='block_1_62' title="bbox 1768 428 3244 504">
    <p class='ocr_par' dir='ltr' id='par_1_62' title="bbox 1768 428 3244 504">
     <span class='ocr_line' id='line_1_62' title="bbox 1768 428 3244 504; baseline 0.003 -23"><span class='ocrx_word' id='word_1_368' title='bbox 1768 435 1814 496; x_wconf 76' lang='grc' dir='ltr'><strong>Α</strong></span> <span class='ocrx_word' id='word_1_369' title='bbox 1843 428 2184 499; x_wconf 82' lang='lat' dir='ltr'><strong>PanSOphius</strong></span> <span class='ocrx_word' id='word_1_370' title='bbox 2214 443 2351 498; x_wconf 88' lang='lat' dir='ltr'><strong>puer</strong></span> <span class='ocrx_word' id='word_1_371' title='bbox 2383 430 2498 498; x_wconf 90' lang='lat' dir='ltr'><strong>ipse</strong></span> <span class='ocrx_word' id='word_1_372' title='bbox 2532 430 2660 504; x_wconf 82' lang='lat' dir='ltr'><strong>legit</strong></span> <span class='ocrx_word' id='word_1_373' title='bbox 2692 438 2815 501; x_wconf 93' lang='lat' dir='ltr'><strong>post</strong></span> <span class='ocrx_word' id='word_1_374' title='bbox 2843 439 3000 501; x_wconf 89' lang='lat' dir='ltr'><strong>rupta</strong></span> <span class='ocrx_word' id='word_1_375' title='bbox 3032 433 3244 487; x_wconf 90' lang='lat' dir='ltr'><strong>cruenti</strong></span> 
     </span>
    </p>
   </div>
   <div class='ocr_carea' id='block_1_63' title="bbox 1846 520 3043 591">
    <p class='ocr_par' dir='ltr' id='par_1_63' title="bbox 1846 520 3043 591">
     <span class='ocr_line' id='line_1_63' title="bbox 1846 520 3043 591; baseline 0 -17"><span class='ocrx_word' id='word_1_376' title='bbox 1846 521 1999 574; x_wconf 89' lang='lat' dir='ltr'><strong>Retia</strong></span> <span class='ocrx_word' id='word_1_377' title='bbox 2034 521 2312 591; x_wconf 78' lang='lat' dir='ltr'><strong>praedonis</strong></span> <span class='ocrx_word' id='word_1_378' title='bbox 2343 520 2474 574; x_wconf 89' lang='lat' dir='ltr'><strong>lethi</strong></span> <span class='ocrx_word' id='word_1_379' title='bbox 2502 522 2568 574; x_wconf 89' lang='lat' dir='ltr'><strong>de</strong></span> <span class='ocrx_word' id='word_1_380' title='bbox 2593 520 2750 574; x_wconf 77' lang='lat' dir='ltr'><strong>f.~uce</strong></span> <span class='ocrx_word' id='word_1_381' title='bbox 2781 523 3043 576; x_wconf 86' lang='lat' dir='ltr'><strong>revulsus.</strong></span> 
     </span>
    </p>
   </div>
   <div class='ocr_carea' id='block_1_64' title="bbox 1846 611 3176 682">
    <p class='ocr_par' dir='ltr' id='par_1_64' title="bbox 1846 611 3176 682">
     <span class='ocr_line' id='line_1_64' title="bbox 1846 611 3176 682; baseline 0.003 -18"><span class='ocrx_word' id='word_1_382' title='bbox 1846 612 2014 676; x_wconf 88' lang='lat' dir='ltr'><strong>Ilujus</strong></span> <span class='ocrx_word' id='word_1_383' title='bbox 2044 612 2110 664; x_wconf 90' lang='lat' dir='ltr'><strong>ab</strong></span> <span class='ocrx_word' id='word_1_384' title='bbox 2137 613 2294 665; x_wconf 86' lang='lat' dir='ltr'><strong>hoste</strong></span> <span class='ocrx_word' id='word_1_385' title='bbox 2325 611 2411 680; x_wconf 92' lang='lat' dir='ltr'><strong>pia</strong></span> <span class='ocrx_word' id='word_1_386' title='bbox 2433 621 2488 664; x_wconf 91' lang='lat' dir='ltr'><strong>ut</strong></span> <span class='ocrx_word' id='word_1_387' title='bbox 2519 613 2694 682; x_wconf 91' lang='lat' dir='ltr'><strong>potuit</strong></span> <span class='ocrx_word' id='word_1_388' title='bbox 2717 613 3007 682; x_wconf 70' lang='lat' dir='ltr'><strong>praesentia</strong></span> <span class='ocrx_word' id='word_1_389' title='bbox 3045 614 3176 668; x_wconf 89' lang='lat' dir='ltr'><strong>ferri</strong></span> 
     </span>
    </p>
   </div>
   <div class='ocr_carea' id='block_1_65' title="bbox 1846 703 3176 776">
    <p class='ocr_par' dir='ltr' id='par_1_65' title="bbox 1846 703 3176 776">
     <span class='ocr_line' id='line_1_65' title="bbox 1846 703 3176 776; baseline 0.004 -20"><span class='ocrx_word' id='word_1_390' title='bbox 1846 703 2172 758; x_wconf 82' lang='lat' dir='ltr'><strong>Monstratur</strong></span> <span class='ocrx_word' id='word_1_391' title='bbox 2207 703 2363 756; x_wconf 84' lang='lat' dir='ltr'><strong>Probi</strong></span> <span class='ocrx_word' id='word_1_392' title='bbox 2399 720 2566 773; x_wconf 90' lang='lat' dir='ltr'><strong>puero</strong></span> <span class='ocrx_word' id='word_1_393' title='bbox 2596 705 2716 758; x_wconf 89' lang='lat' dir='ltr'><strong>diro</strong></span> <span class='ocrx_word' id='word_1_394' title='bbox 2745 707 2964 775; x_wconf 91' lang='lat' dir='ltr'><strong>hospite</strong></span> <span class='ocrx_word' id='word_1_395' title='bbox 2997 716 3176 776; x_wconf 90' lang='lat' dir='ltr'><strong>capto.</strong></span> 
     </span>
    </p>
   </div>
   <div class='ocr_carea' id='block_1_66' title="bbox 1849 791 3192 868">
    <p class='ocr_par' dir='ltr' id='par_1_66' title="bbox 1849 791 3192 868">
     <span class='ocr_line' id='line_1_66' title="bbox 1849 791 3192 868; baseline 0.004 -25"><span class='ocrx_word' id='word_1_396' title='bbox 1849 791 2091 846; x_wconf 84' lang='lat' dir='ltr'><strong>Pontifici</strong></span> <span class='ocrx_word' id='word_1_397' title='bbox 2120 793 2311 858; x_wconf 91' lang='lat' dir='ltr'><strong>misso,</strong></span> <span class='ocrx_word' id='word_1_398' title='bbox 2337 793 2522 863; x_wconf 90' lang='lat' dir='ltr'><strong>nilque</strong></span> <span class='ocrx_word' id='word_1_399' title='bbox 2545 795 2663 859; x_wconf 84' lang='lat' dir='ltr'><strong>ejus</strong></span> <span class='ocrx_word' id='word_1_400' title='bbox 2695 794 2746 847; x_wconf 92' lang='lat' dir='ltr'><strong>in</strong></span> <span class='ocrx_word' id='word_1_401' title='bbox 2779 795 2914 848; x_wconf 89' lang='lat' dir='ltr'><strong>urbe</strong></span> <span class='ocrx_word' id='word_1_402' title='bbox 2944 804 3192 868; x_wconf 86' lang='lat' dir='ltr'><strong>gravato,</strong></span> 
     </span>
    </p>
   </div>
   <div class='ocr_carea' id='block_1_67' title="bbox 1848 881 3187 954">
    <p class='ocr_par' dir='ltr' id='par_1_67' title="bbox 1848 881 3187 954">
     <span class='ocr_line' id='line_1_67' title="bbox 1848 881 3187 954; baseline 0.004 -20"><span class='ocrx_word' id='word_1_403' title='bbox 1848 881 2151 952; x_wconf 74' lang='lat' dir='ltr'><strong>Moeniaque</strong></span> <span class='ocrx_word' id='word_1_404' title='bbox 2183 897 2404 954; x_wconf 88' lang='lat' dir='ltr'><strong>egresso</strong></span> <span class='ocrx_word' id='word_1_405' title='bbox 2438 890 2586 936; x_wconf 87' lang='lat' dir='ltr'><strong>truce</strong></span> <span class='ocrx_word' id='word_1_406' title='bbox 2606 899 2927 952; x_wconf 88' lang='lat' dir='ltr'><strong>possessore</strong></span> <span class='ocrx_word' id='word_1_407' title='bbox 2968 893 3187 954; x_wconf 88' lang='lat' dir='ltr'><strong>recepto</strong></span> 
     </span>
    </p>
   </div>
   <div class='ocr_carea' id='block_1_68' title="bbox 1847 973 3184 1028">
    <p class='ocr_par' dir='ltr' id='par_1_68' title="bbox 1847 973 3184 1028">
     <span class='ocr_line' id='line_1_68' title="bbox 1847 973 3184 1028; baseline 0.001 -1"><span class='ocrx_word' id='word_1_408' title='bbox 1847 974 2065 1027; x_wconf 78' lang='lat' dir='ltr'><strong>Iuratus</strong></span> <span class='ocrx_word' id='word_1_409' title='bbox 2088 974 2218 1026; x_wconf 90' lang='lat' dir='ltr'><strong>dum</strong></span> <span class='ocrx_word' id='word_1_410' title='bbox 2237 989 2294 1026; x_wconf 88' lang='lat' dir='ltr'><strong>se</strong></span> <span class='ocrx_word' id='word_1_411' title='bbox 2325 973 2668 1027; x_wconf 79' lang='lat' dir='ltr'><strong>Ambrosium</strong></span> <span class='ocrx_word' id='word_1_412' title='bbox 2703 974 2948 1028; x_wconf 89' lang='lat' dir='ltr'><strong>timuisse</strong></span> <span class='ocrx_word' id='word_1_413' title='bbox 2980 975 3184 1028; x_wconf 82' lang='lat' dir='ltr'><strong>revelat</strong></span> 
     </span>
    </p>
   </div>
   <div class='ocr_carea' id='block_1_69' title="bbox 1853 1064 3387 1135">
    <p class='ocr_par' dir='ltr' id='par_1_69' title="bbox 1853 1064 3387 1135">
     <span class='ocr_line' id='line_1_69' title="bbox 1853 1064 3387 1135; baseline 0.001 -18"><span class='ocrx_word' id='word_1_414' title='bbox 1853 1064 2054 1134; x_wconf 88' lang='lat' dir='ltr'><strong>RaptOr</strong></span> <span class='ocrx_word' id='word_1_415' title='bbox 2085 1076 2138 1118; x_wconf 89' lang='lat' dir='ltr'><strong>et</strong></span> <span class='ocrx_word' id='word_1_416' title='bbox 2169 1065 2298 1118; x_wconf 91' lang='lat' dir='ltr'><strong>hinc</strong></span> <span class='ocrx_word' id='word_1_417' title='bbox 2328 1064 2518 1118; x_wconf 87' lang='lat' dir='ltr'><strong>urbem</strong></span> <span class='ocrx_word' id='word_1_418' title='bbox 2561 1082 2720 1119; x_wconf 87' lang='lat' dir='ltr'><strong>secus</strong></span> <span class='ocrx_word' id='word_1_419' title='bbox 2751 1075 3072 1135; x_wconf 83' lang='lat' dir='ltr'><strong>expectasse</strong></span> <span class='ocrx_word' id='word_1_420' title='bbox 3104 1068 3387 1120; x_wconf 86' lang='lat' dir='ltr'><strong>veredum.</strong></span> 
     </span>
    </p>
   </div>
   <div class='ocr_carea' id='block_1_70' title="bbox 1853 1157 3260 1229">
    <p class='ocr_par' dir='ltr' id='par_1_70' title="bbox 1853 1157 3260 1229">
     <span class='ocr_line' id='line_1_70' title="bbox 1853 1157 3260 1229; baseline 0.003 -20"><span class='ocrx_word' id='word_1_421' title='bbox 1853 1157 1990 1220; x_wconf 76' lang='lat' dir='ltr'><strong>Quid</strong></span> <span class='ocrx_word' id='word_1_422' title='bbox 2025 1165 2172 1227; x_wconf 90' lang='lat' dir='ltr'><strong>patet</strong></span> <span class='ocrx_word' id='word_1_423' title='bbox 2205 1158 2304 1211; x_wconf 88' lang='lat' dir='ltr'><strong>iste</strong></span> <span class='ocrx_word' id='word_1_424' title='bbox 2331 1166 2497 1229; x_wconf 88' lang='lat' dir='ltr'><strong>queat</strong></span> <span class='ocrx_word' id='word_1_425' title='bbox 2531 1159 2809 1212; x_wconf 84' lang='lat' dir='ltr'><strong>Nicentius</strong></span> <span class='ocrx_word' id='word_1_426' title='bbox 2840 1159 3036 1213; x_wconf 91' lang='lat' dir='ltr'><strong>ordine</strong></span> <span class='ocrx_word' id='word_1_427' title='bbox 3079 1160 3260 1213; x_wconf 88' lang='lat' dir='ltr'><strong>clarus</strong></span> 
     </span>
    </p>
   </div>
   <div class='ocr_carea' id='block_1_71' title="bbox 1855 1245 3150 1320">
    <p class='ocr_par' dir='ltr' id='par_1_71' title="bbox 1855 1245 3150 1320">
     <span class='ocr_line' id='line_1_71' title="bbox 1855 1245 3150 1320; baseline 0.007 -23"><span class='ocrx_word' id='word_1_428' title='bbox 1855 1245 2110 1301; x_wconf 86' lang='lat' dir='ltr'><strong>Salvifico</strong></span> <span class='ocrx_word' id='word_1_429' title='bbox 2141 1248 2310 1302; x_wconf 91' lang='lat' dir='ltr'><strong>sentit</strong></span> <span class='ocrx_word' id='word_1_430' title='bbox 2339 1249 2566 1318; x_wconf 88' lang='lat' dir='ltr'><strong>capiens</strong></span> <span class='ocrx_word' id='word_1_431' title='bbox 2585 1264 2829 1320; x_wconf 83' lang='lat' dir='ltr'><strong>anguorc</strong></span> <span class='ocrx_word' id='word_1_432' title='bbox 2855 1249 3150 1307; x_wconf 84' lang='lat' dir='ltr'><strong>medelam.</strong></span> 
     </span>
    </p>
   </div>
   <div class='ocr_carea' id='block_1_72' title="bbox 1861 1336 3256 1412">
    <p class='ocr_par' dir='ltr' id='par_1_72' title="bbox 1861 1336 3256 1412">
     <span class='ocr_line' id='line_1_72' title="bbox 1861 1336 3256 1412; baseline 0.004 -23"><span class='ocrx_word' id='word_1_433' title='bbox 1861 1336 2222 1407; x_wconf 86' lang='lat' dir='ltr'><strong>Calcatusque</strong></span> <span class='ocrx_word' id='word_1_434' title='bbox 2254 1337 2450 1407; x_wconf 88' lang='lat' dir='ltr'><strong>pedem</strong></span> <span class='ocrx_word' id='word_1_435' title='bbox 2481 1337 2743 1392; x_wconf 83' lang='lat' dir='ltr'><strong>salvatum</strong></span> <span class='ocrx_word' id='word_1_436' title='bbox 2773 1355 2833 1392; x_wconf 86' lang='lat' dir='ltr'><strong>se</strong></span> <span class='ocrx_word' id='word_1_437' title='bbox 2866 1340 2981 1393; x_wconf 88' lang='lat' dir='ltr'><strong>fore</strong></span> <span class='ocrx_word' id='word_1_438' title='bbox 3008 1341 3256 1412; x_wconf 77' lang='lat' dir='ltr'><strong>gaudens</strong></span> 
     </span>
    </p>
   </div>
   <div class='ocr_carea' id='block_1_73' title="bbox 1858 1429 3086 1501">
    <p class='ocr_par' dir='ltr' id='par_1_73' title="bbox 1858 1429 3086 1501">
     <span class='ocr_line' id='line_1_73' title="bbox 1858 1429 3086 1501; baseline 0.002 -20"><span class='ocrx_word' id='word_1_439' title='bbox 1858 1430 2068 1482; x_wconf 88' lang='lat' dir='ltr'><strong>Attactu</strong></span> <span class='ocrx_word' id='word_1_440' title='bbox 2110 1429 2276 1482; x_wconf 85' lang='lat' dir='ltr'><strong>calcis</strong></span> <span class='ocrx_word' id='word_1_441' title='bbox 2305 1429 2564 1500; x_wconf 89' lang='lat' dir='ltr'><strong>donoque</strong></span> <span class='ocrx_word' id='word_1_442' title='bbox 2595 1440 2862 1501; x_wconf 87' lang='lat' dir='ltr'><strong>sequente</strong></span> <span class='ocrx_word' id='word_1_443' title='bbox 2894 1432 3086 1484; x_wconf 87' lang='lat' dir='ltr'><strong>salutis</strong></span> 
     </span>
    </p>
   </div>
   <div class='ocr_carea' id='block_1_74' title="bbox 1861 1520 3403 1600">
    <p class='ocr_par' dir='ltr' id='par_1_74' title="bbox 1861 1520 3403 1600">
     <span class='ocr_line' id='line_1_74' title="bbox 1861 1520 3403 1600; baseline 0.005 -28"><span class='ocrx_word' id='word_1_444' title='bbox 1861 1521 2028 1584; x_wconf 80' lang='lat' dir='ltr'><strong>Quam</strong></span> <span class='ocrx_word' id='word_1_445' title='bbox 2057 1520 2203 1573; x_wconf 86' lang='lat' dir='ltr'><strong>celer</strong></span> <span class='ocrx_word' id='word_1_446' title='bbox 2232 1522 2554 1584; x_wconf 72' lang='lat' dir='ltr'><strong>orishonor,</strong></span> <span class='ocrx_word' id='word_1_447' title='bbox 2589 1539 2750 1593; x_wconf 88' lang='lat' dir='ltr'><strong>quam</strong></span> <span class='ocrx_word' id='word_1_448' title='bbox 2788 1524 2991 1578; x_wconf 87' lang='lat' dir='ltr'><strong>famina</strong></span> <span class='ocrx_word' id='word_1_449' title='bbox 3025 1525 3187 1594; x_wconf 88' lang='lat' dir='ltr'><strong>plena</strong></span> <span class='ocrx_word' id='word_1_450' title='bbox 3217 1526 3403 1600; x_wconf 87' lang='lat' dir='ltr'><strong>vigore</strong></span> 
     </span>
    </p>
   </div>
   <div class='ocr_carea' id='block_1_75' title="bbox 1863 1613 3084 1688">
    <p class='ocr_par' dir='ltr' id='par_1_75' title="bbox 1863 1613 3084 1688">
     <span class='ocr_line' id='line_1_75' title="bbox 1863 1613 3084 1688; baseline 0.005 -22"><span class='ocrx_word' id='word_1_451' title='bbox 1863 1613 2108 1667; x_wconf 82' lang='lat' dir='ltr'><strong>llliratum</strong></span> <span class='ocrx_word' id='word_1_452' title='bbox 2137 1615 2338 1670; x_wconf 89' lang='lat' dir='ltr'><strong>famulo</strong></span> <span class='ocrx_word' id='word_1_453' title='bbox 2363 1617 2641 1670; x_wconf 86' lang='lat' dir='ltr'><strong>Stilieonis</strong></span> <span class='ocrx_word' id='word_1_454' title='bbox 2674 1618 2898 1670; x_wconf 84' lang='lat' dir='ltr'><strong>flamine</strong></span> <span class='ocrx_word' id='word_1_455' title='bbox 2935 1626 3084 1688; x_wconf 90' lang='lat' dir='ltr'><strong>rapto</strong></span> 
     </span>
    </p>
   </div>
   <div class='ocr_carea' id='block_1_76' title="bbox 1786 1704 3132 1788">
    <p class='ocr_par' dir='ltr' id='par_1_76' title="bbox 1786 1704 3132 1788">
     <span class='ocr_line' id='line_1_76' title="bbox 1786 1704 3132 1788; baseline 0.004 -34"><span class='ocrx_word' id='word_1_456' title='bbox 1786 1723 1834 1788; x_wconf 70' lang='grc' dir='ltr'>Β</span> <span class='ocrx_word' id='word_1_457' title='bbox 1861 1704 2076 1757; x_wconf 86' lang='lat' dir='ltr'><strong>Crudeli</strong></span> <span class='ocrx_word' id='word_1_458' title='bbox 2109 1705 2315 1758; x_wconf 87' lang='lat' dir='ltr'><strong>arbitrii</strong></span> <span class='ocrx_word' id='word_1_459' title='bbox 2353 1705 2586 1757; x_wconf 86' lang='lat' dir='ltr'><strong>necdum</strong></span> <span class='ocrx_word' id='word_1_460' title='bbox 2619 1722 2875 1759; x_wconf 88' lang='lat' dir='ltr'><strong>sermone</strong></span> <span class='ocrx_word' id='word_1_461' title='bbox 2914 1715 3132 1775; x_wconf 81' lang='lat' dir='ltr'><strong>peracto</strong></span> 
     </span>
    </p>
   </div>
   <div class='ocr_carea' id='block_1_77' title="bbox 1864 1797 3197 1868">
    <p class='ocr_par' dir='ltr' id='par_1_77' title="bbox 1864 1797 3197 1868">
     <span class='ocr_line' id='line_1_77' title="bbox 1864 1797 3197 1868; baseline 0.003 -19"><span class='ocrx_word' id='word_1_462' title='bbox 1864 1797 2032 1864; x_wconf 84' lang='lat' dir='ltr'><strong>Hujus</strong></span> <span class='ocrx_word' id='word_1_463' title='bbox 2063 1797 2372 1868; x_wconf 86' lang='lat' dir='ltr'><strong>falsiloquis</strong></span> <span class='ocrx_word' id='word_1_464' title='bbox 2393 1799 2578 1866; x_wconf 89' lang='lat' dir='ltr'><strong>plures</strong></span> <span class='ocrx_word' id='word_1_465' title='bbox 2617 1798 2936 1852; x_wconf 89' lang='lat' dir='ltr'><strong>discrimina</strong></span> <span class='ocrx_word' id='word_1_466' title='bbox 2976 1801 3197 1853; x_wconf 80' lang='lat' dir='ltr'><strong>schedis</strong></span> 
     </span>
    </p>
   </div>
   <div class='ocr_carea' id='block_1_78' title="bbox 1863 1890 3221 1962">
    <p class='ocr_par' dir='ltr' id='par_1_78' title="bbox 1863 1890 3221 1962">
     <span class='ocr_line' id='line_1_78' title="bbox 1863 1890 3221 1962; baseline 0.004 -24"><span class='ocrx_word' id='word_1_467' title='bbox 1863 1890 2182 1944; x_wconf 77' lang='lat' dir='ltr'><strong>Constiterit</strong></span> <span class='ocrx_word' id='word_1_468' title='bbox 2214 1906 2404 1959; x_wconf 85' lang='lat' dir='ltr'><strong>passos</strong></span> <span class='ocrx_word' id='word_1_469' title='bbox 2437 1906 2537 1943; x_wconf 91' lang='lat' dir='ltr'><strong>nec</strong></span> <span class='ocrx_word' id='word_1_470' title='bbox 2561 1890 2755 1943; x_wconf 89' lang='lat' dir='ltr'><strong>vinclis</strong></span> <span class='ocrx_word' id='word_1_471' title='bbox 2787 1891 2955 1962; x_wconf 73' lang='lat' dir='ltr'><strong>dign-1</strong></span> <span class='ocrx_word' id='word_1_472' title='bbox 2983 1899 3221 1945; x_wconf 87' lang='lat' dir='ltr'><strong>secutos.</strong></span> 
     </span>
    </p>
   </div>
   <div class='ocr_carea' id='block_1_79' title="bbox 1868 1979 3373 2051">
    <p class='ocr_par' dir='ltr' id='par_1_79' title="bbox 1868 1979 3373 2051">
     <span class='ocr_line' id='line_1_79' title="bbox 1868 1979 3373 2051; baseline 0.002 -18"><span class='ocrx_word' id='word_1_473' title='bbox 1868 1980 1975 2034; x_wconf 85' lang='lat' dir='ltr'><strong>Nec</strong></span> <span class='ocrx_word' id='word_1_474' title='bbox 1998 1996 2106 2034; x_wconf 92' lang='lat' dir='ltr'><strong>non</strong></span> <span class='ocrx_word' id='word_1_475' title='bbox 2131 1979 2220 2033; x_wconf 89' lang='lat' dir='ltr'><strong>ille</strong></span> <span class='ocrx_word' id='word_1_476' title='bbox 2252 1996 2483 2034; x_wconf 85' lang='lat' dir='ltr'><strong>monens</strong></span> <span class='ocrx_word' id='word_1_477' title='bbox 2516 1980 2656 2036; x_wconf 89' lang='lat' dir='ltr'><strong>facili</strong></span> <span class='ocrx_word' id='word_1_478' title='bbox 2687 1982 2778 2051; x_wconf 92' lang='lat' dir='ltr'><strong>qui</strong></span> <span class='ocrx_word' id='word_1_479' title='bbox 2814 1983 3008 2051; x_wconf 83' lang='lat' dir='ltr'><strong>splene</strong></span> <span class='ocrx_word' id='word_1_480' title='bbox 3039 1983 3373 2036; x_wconf 85' lang='lat' dir='ltr'><strong>cachinnum</strong></span> 
     </span>
    </p>
   </div>
   <div class='ocr_carea' id='block_1_80' title="bbox 1869 2068 3330 2140">
    <p class='ocr_par' dir='ltr' id='par_1_80' title="bbox 1869 2068 3330 2140">
     <span class='ocr_line' id='line_1_80' title="bbox 1869 2068 3330 2140; baseline 0.004 -20"><span class='ocrx_word' id='word_1_481' title='bbox 1869 2068 2102 2121; x_wconf 84' lang='lat' dir='ltr'><strong>Alterius</strong></span> <span class='ocrx_word' id='word_1_482' title='bbox 2141 2068 2326 2138; x_wconf 89' lang='lat' dir='ltr'><strong>lapsus</strong></span> <span class='ocrx_word' id='word_1_483' title='bbox 2365 2085 2474 2123; x_wconf 92' lang='lat' dir='ltr'><strong>non</strong></span> <span class='ocrx_word' id='word_1_484' title='bbox 2509 2087 2645 2123; x_wconf 87' lang='lat' dir='ltr'><strong>vana</strong></span> <span class='ocrx_word' id='word_1_485' title='bbox 2667 2087 2765 2124; x_wconf 90' lang='lat' dir='ltr'><strong>sua</strong></span> <span class='ocrx_word' id='word_1_486' title='bbox 2799 2071 2992 2140; x_wconf 90' lang='lat' dir='ltr'><strong>probat</strong></span> <span class='ocrx_word' id='word_1_487' title='bbox 3020 2087 3141 2125; x_wconf 88' lang='lat' dir='ltr'><strong>orsa</strong></span> <span class='ocrx_word' id='word_1_488' title='bbox 3172 2073 3330 2126; x_wconf 90' lang='lat' dir='ltr'><strong>ruina</strong></span> 
     </span>
    </p>
   </div>
   <div class='ocr_carea' id='block_1_81' title="bbox 1874 2164 3177 2234">
    <p class='ocr_par' dir='ltr' id='par_1_81' title="bbox 1874 2164 3177 2234">
     <span class='ocr_line' id='line_1_81' title="bbox 1874 2164 3177 2234; baseline 0.003 -18"><span class='ocrx_word' id='word_1_489' title='bbox 1874 2164 1931 2216; x_wconf 87' lang='lat' dir='ltr'><strong>Et</strong></span> <span class='ocrx_word' id='word_1_490' title='bbox 1965 2165 2149 2233; x_wconf 90' lang='lat' dir='ltr'><strong>lapsus</strong></span> <span class='ocrx_word' id='word_1_491' title='bbox 2183 2180 2289 2217; x_wconf 94' lang='lat' dir='ltr'><strong>non</strong></span> <span class='ocrx_word' id='word_1_492' title='bbox 2323 2181 2462 2218; x_wconf 83' lang='lat' dir='ltr'><strong>vana</strong></span> <span class='ocrx_word' id='word_1_493' title='bbox 2488 2181 2586 2219; x_wconf 88' lang='lat' dir='ltr'><strong>sua</strong></span> <span class='ocrx_word' id='word_1_494' title='bbox 2620 2166 2814 2234; x_wconf 86' lang='lat' dir='ltr'><strong>probat</strong></span> <span class='ocrx_word' id='word_1_495' title='bbox 2845 2181 2968 2220; x_wconf 87' lang='lat' dir='ltr'><strong>orsa</strong></span> <span class='ocrx_word' id='word_1_496' title='bbox 3003 2168 3177 2220; x_wconf 92' lang='lat' dir='ltr'><strong>ruina.</strong></span> 
     </span>
    </p>
   </div>
   <div class='ocr_carea' id='block_1_82' title="bbox 1873 2256 3206 2328">
    <p class='ocr_par' dir='ltr' id='par_1_82' title="bbox 1873 2256 3206 2328">
     <span class='ocr_line' id='line_1_82' title="bbox 1873 2256 3206 2328; baseline 0.002 -19"><span class='ocrx_word' id='word_1_497' title='bbox 1873 2256 2170 2310; x_wconf 84' lang='lat' dir='ltr'><strong>Successor</strong></span> <span class='ocrx_word' id='word_1_498' title='bbox 2203 2256 2524 2311; x_wconf 87' lang='lat' dir='ltr'><strong>decedentis</strong></span> <span class='ocrx_word' id='word_1_499' title='bbox 2556 2274 2780 2328; x_wconf 87' lang='lat' dir='ltr'><strong>quoque</strong></span> <span class='ocrx_word' id='word_1_500' title='bbox 2814 2258 3206 2328; x_wconf 85' lang='lat' dir='ltr'><strong>Simplicianus</strong></span> 
     </span>
    </p>
   </div>
   <div class='ocr_carea' id='block_1_83' title="bbox 1876 2347 3038 2417">
    <p class='ocr_par' dir='ltr' id='par_1_83' title="bbox 1876 2347 3038 2417">
     <span class='ocr_line' id='line_1_83' title="bbox 1876 2347 3038 2417; baseline 0.003 -18"><span class='ocrx_word' id='word_1_501' title='bbox 1876 2348 1989 2400; x_wconf 82' lang='lat' dir='ltr'><strong>Vim</strong></span> <span class='ocrx_word' id='word_1_502' title='bbox 2019 2347 2338 2401; x_wconf 87' lang='lat' dir='ltr'><strong>verbitenui</strong></span> <span class='ocrx_word' id='word_1_503' title='bbox 2374 2350 2641 2417; x_wconf 65' lang='lat' dir='ltr'><strong>persentit.</strong></span> <span class='ocrx_word' id='word_1_504' title='bbox 2661 2365 2792 2403; x_wconf 81' lang='lat' dir='ltr'><strong>voce</strong></span> <span class='ocrx_word' id='word_1_505' title='bbox 2817 2349 3038 2414; x_wconf 90' lang='lat' dir='ltr'><strong>relatus,</strong></span> 
     </span>
    </p>
   </div>
   <div class='ocr_carea' id='block_1_84' title="bbox 1880 2437 3414 2508">
    <p class='ocr_par' dir='ltr' id='par_1_84' title="bbox 1880 2437 3414 2508">
     <span class='ocr_line' id='line_1_84' title="bbox 1880 2437 3414 2508; baseline 0.003 -20"><span class='ocrx_word' id='word_1_506' title='bbox 1880 2437 2048 2506; x_wconf 90' lang='lat' dir='ltr'><strong>quue</strong></span> <span class='ocrx_word' id='word_1_507' title='bbox 2082 2437 2266 2505; x_wconf 92' lang='lat' dir='ltr'><strong>procul</strong></span> <span class='ocrx_word' id='word_1_508' title='bbox 2297 2438 2504 2506; x_wconf 88' lang='lat' dir='ltr'><strong>positos</strong></span> <span class='ocrx_word' id='word_1_509' title='bbox 2533 2445 2724 2508; x_wconf 92' lang='lat' dir='ltr'><strong>stupor</strong></span> <span class='ocrx_word' id='word_1_510' title='bbox 2748 2445 2981 2507; x_wconf 87' lang='lat' dir='ltr'><strong>occupat</strong></span> <span class='ocrx_word' id='word_1_511' title='bbox 3013 2454 3106 2491; x_wconf 82' lang='lat' dir='ltr'><strong>ore</strong></span> <span class='ocrx_word' id='word_1_512' title='bbox 3125 2448 3376 2494; x_wconf 84' lang='lat' dir='ltr'><strong>serentes</strong></span> <span class='ocrx_word' id='word_1_513' title='bbox 3402 2459 3414 2503; x_wconf 85' lang='lat'><strong>;</strong></span> 
     </span>
    </p>
   </div>
   <div class='ocr_carea' id='block_1_85' title="bbox 1881 2527 3383 2600">
    <p class='ocr_par' dir='ltr' id='par_1_85' title="bbox 1881 2527 3383 2600">
     <span class='ocr_line' id='line_1_85' title="bbox 1881 2527 3383 2600; baseline 0.003 -22"><span class='ocrx_word' id='word_1_514' title='bbox 1881 2527 2113 2580; x_wconf 86' lang='lat' dir='ltr'><strong>Barbara</strong></span> <span class='ocrx_word' id='word_1_515' title='bbox 2141 2529 2394 2581; x_wconf 86' lang='lat' dir='ltr'><strong>virtutem</strong></span> <span class='ocrx_word' id='word_1_516' title='bbox 2419 2543 2636 2598; x_wconf 88' lang='lat' dir='ltr'><strong>quoque</strong></span> <span class='ocrx_word' id='word_1_517' title='bbox 2666 2529 2914 2598; x_wconf 77' lang='lat' dir='ltr'><strong>praesulis</strong></span> <span class='ocrx_word' id='word_1_518' title='bbox 2940 2543 3035 2582; x_wconf 91' lang='lat' dir='ltr'><strong>ora</strong></span> <span class='ocrx_word' id='word_1_519' title='bbox 3060 2531 3383 2600; x_wconf 87' lang='lat' dir='ltr'><strong>loquuntur,</strong></span> 
     </span>
    </p>
   </div>
   <div class='ocr_carea' id='block_1_86' title="bbox 1882 2618 3497 2691">
    <p class='ocr_par' dir='ltr' id='par_1_86' title="bbox 1882 2618 3497 2691">
     <span class='ocr_line' id='line_1_86' title="bbox 1882 2618 3497 2691; baseline 0.002 -19"><span class='ocrx_word' id='word_1_520' title='bbox 1882 2618 2318 2690; x_wconf 85' lang='lat' dir='ltr'><strong>Francorumque</strong></span> <span class='ocrx_word' id='word_1_521' title='bbox 2345 2621 2501 2673; x_wconf 91' lang='lat' dir='ltr'><strong>ducis</strong></span> <span class='ocrx_word' id='word_1_522' title='bbox 2552 2629 2802 2690; x_wconf 83' lang='lat' dir='ltr'><strong>sumptus</strong></span> <span class='ocrx_word' id='word_1_523' title='bbox 2833 2620 2956 2674; x_wconf 89' lang='lat' dir='ltr'><strong>fuso</strong></span> <span class='ocrx_word' id='word_1_524' title='bbox 3000 2622 3155 2675; x_wconf 87' lang='lat' dir='ltr'><strong>hoste</strong></span> <span class='ocrx_word' id='word_1_525' title='bbox 3185 2621 3497 2691; x_wconf 88' lang='lat' dir='ltr'><strong>triumphus</strong></span> 
     </span>
    </p>
   </div>
   <div class='ocr_carea' id='block_1_87' title="bbox 1885 2708 3212 2779">
    <p class='ocr_par' dir='ltr' id='par_1_87' title="bbox 1885 2708 3212 2779">
     <span class='ocr_line' id='line_1_87' title="bbox 1885 2708 3212 2779; baseline 0.002 -18"><span class='ocrx_word' id='word_1_526' title='bbox 1885 2708 2052 2776; x_wconf 84' lang='lat' dir='ltr'><strong>Hujus</strong></span> <span class='ocrx_word' id='word_1_527' title='bbox 2082 2708 2339 2763; x_wconf 87' lang='lat' dir='ltr'><strong>amicitiis</strong></span> <span class='ocrx_word' id='word_1_528' title='bbox 2372 2719 2585 2778; x_wconf 89' lang='lat' dir='ltr'><strong>partum</strong></span> <span class='ocrx_word' id='word_1_529' title='bbox 2621 2725 2784 2779; x_wconf 91' lang='lat' dir='ltr'><strong>quem</strong></span> <span class='ocrx_word' id='word_1_530' title='bbox 2819 2709 2959 2763; x_wconf 85' lang='lat' dir='ltr'><strong>fama</strong></span> <span class='ocrx_word' id='word_1_531' title='bbox 2993 2710 3212 2775; x_wconf 86' lang='lat' dir='ltr'><strong>fatetur,</strong></span> 
     </span>
    </p>
   </div>
   <div class='ocr_carea' id='block_1_88' title="bbox 1885 2800 3192 2873">
    <p class='ocr_par' dir='ltr' id='par_1_88' title="bbox 1885 2800 3192 2873">
     <span class='ocr_line' id='line_1_88' title="bbox 1885 2800 3192 2873; baseline 0 -19"><span class='ocrx_word' id='word_1_532' title='bbox 1885 2800 2202 2855; x_wconf 88' lang='lat' dir='ltr'><strong>Currentem</strong></span> <span class='ocrx_word' id='word_1_533' title='bbox 2247 2801 2480 2870; x_wconf 91' lang='lat' dir='ltr'><strong>imperio</strong></span> <span class='ocrx_word' id='word_1_534' title='bbox 2509 2802 2687 2855; x_wconf 86' lang='lat' dir='ltr'><strong>valeat</strong></span> <span class='ocrx_word' id='word_1_535' title='bbox 2711 2800 2804 2870; x_wconf 90' lang='lat' dir='ltr'><strong>qui</strong></span> <span class='ocrx_word' id='word_1_536' title='bbox 2825 2800 2993 2873; x_wconf 85' lang='lat' dir='ltr'><strong>figere</strong></span> <span class='ocrx_word' id='word_1_537' title='bbox 3019 2802 3192 2854; x_wconf 87' lang='lat' dir='ltr'><strong>solem</strong></span> 
     </span>
    </p>
   </div>
   <div class='ocr_carea' id='block_1_89' title="bbox 1885 2890 3363 2960">
    <p class='ocr_par' dir='ltr' id='par_1_89' title="bbox 1885 2890 3363 2960">
     <span class='ocr_line' id='line_1_89' title="bbox 1885 2890 3363 2960; baseline 0.001 -18"><span class='ocrx_word' id='word_1_538' title='bbox 1885 2891 2055 2954; x_wconf 84' lang='lat' dir='ltr'><strong>Quam</strong></span> <span class='ocrx_word' id='word_1_539' title='bbox 2081 2890 2256 2959; x_wconf 80' lang='lat' dir='ltr'><strong>viguit</strong></span> <span class='ocrx_word' id='word_1_540' title='bbox 2294 2890 2506 2952; x_wconf 82' lang='lat' dir='ltr'><strong>doctus,</strong></span> <span class='ocrx_word' id='word_1_541' title='bbox 2539 2906 2701 2960; x_wconf 90' lang='lat' dir='ltr'><strong>quam</strong></span> <span class='ocrx_word' id='word_1_542' title='bbox 2733 2890 2881 2944; x_wconf 86' lang='lat' dir='ltr'><strong>celso</strong></span> <span class='ocrx_word' id='word_1_543' title='bbox 2911 2890 3133 2943; x_wconf 83' lang='lat' dir='ltr'><strong>flamine</strong></span> <span class='ocrx_word' id='word_1_544' title='bbox 3166 2891 3363 2960; x_wconf 87' lang='lat' dir='ltr'><strong>plenus</strong></span> 
     </span>
    </p>
   </div>
   <div class='ocr_carea' id='block_1_90' title="bbox 1811 2984 3238 3091">
    <p class='ocr_par' dir='ltr' id='par_1_90' title="bbox 1811 2984 3238 3091">
     <span class='ocr_line' id='line_1_90' title="bbox 1811 2984 3238 3091; baseline 0.002 -54"><span class='ocrx_word' id='word_1_545' title='bbox 1811 3026 1859 3091; x_wconf 51' lang='grc' dir='ltr'><em>ω</em></span> <span class='ocrx_word' id='word_1_546' title='bbox 1887 2984 2108 3038; x_wconf 89' lang='lat' dir='ltr'><strong>Semina</strong></span> <span class='ocrx_word' id='word_1_547' title='bbox 2127 2987 2301 3040; x_wconf 90' lang='lat' dir='ltr'><strong>densa</strong></span> <span class='ocrx_word' id='word_1_548' title='bbox 2321 2995 2514 3040; x_wconf 91' lang='lat' dir='ltr'><strong>notant</strong></span> <span class='ocrx_word' id='word_1_549' title='bbox 2535 2995 2707 3040; x_wconf 87' lang='lat' dir='ltr'><strong>terras</strong></span> <span class='ocrx_word' id='word_1_550' title='bbox 2734 2985 3036 3040; x_wconf 89' lang='lat' dir='ltr'><strong>animantia</strong></span> <span class='ocrx_word' id='word_1_551' title='bbox 3073 2987 3238 3052; x_wconf 65' lang='lat' dir='ltr'><strong>cozlo,</strong></span> 
     </span>
    </p>
   </div>
   <div class='ocr_carea' id='block_1_91' title="bbox 1895 3077 3213 3149">
    <p class='ocr_par' dir='ltr' id='par_1_91' title="bbox 1895 3077 3213 3149">
     <span class='ocr_line' id='line_1_91' title="bbox 1895 3077 3213 3149; baseline 0 -18"><span class='ocrx_word' id='word_1_552' title='bbox 1895 3077 2083 3149; x_wconf 83' lang='lat' dir='ltr'><strong>Regna</strong></span> <span class='ocrx_word' id='word_1_553' title='bbox 2122 3078 2346 3149; x_wconf 90' lang='lat' dir='ltr'><strong>replens</strong></span> <span class='ocrx_word' id='word_1_554' title='bbox 2380 3094 2590 3136; x_wconf 81' lang='lat' dir='ltr'><strong>rumor.</strong></span> <span class='ocrx_word' id='word_1_555' title='bbox 2620 3085 3015 3149; x_wconf 91' lang='lat' dir='ltr'><strong>compertaque</strong></span> <span class='ocrx_word' id='word_1_556' title='bbox 3047 3077 3213 3144; x_wconf 88' lang='lat' dir='ltr'><strong>fama,</strong></span> 
     </span>
    </p>
   </div>
   <div class='ocr_carea' id='block_1_92' title="bbox 1896 3165 3274 3241">
    <p class='ocr_par' dir='ltr' id='par_1_92' title="bbox 1896 3165 3274 3241">
     <span class='ocr_line' id='line_1_92' title="bbox 1896 3165 3274 3241; baseline 0.003 -23"><span class='ocrx_word' id='word_1_557' title='bbox 1896 3165 2294 3237; x_wconf 86' lang='lat' dir='ltr'><strong>Persarumque</strong></span> <span class='ocrx_word' id='word_1_558' title='bbox 2327 3167 2497 3221; x_wconf 88' lang='lat' dir='ltr'><strong>duces</strong></span> <span class='ocrx_word' id='word_1_559' title='bbox 2527 3169 2760 3236; x_wconf 83' lang='lat' dir='ltr'><strong>SOplthO</strong></span> <span class='ocrx_word' id='word_1_560' title='bbox 2785 3167 2996 3241; x_wconf 84' lang='lat' dir='ltr'><strong>fulgore</strong></span> <span class='ocrx_word' id='word_1_561' title='bbox 3025 3168 3274 3222; x_wconf 88' lang='lat' dir='ltr'><strong>cluentes</strong></span> 
     </span>
    </p>
   </div>
   <div class='ocr_carea' id='block_1_93' title="bbox 1899 3255 2982 3330">
    <p class='ocr_par' dir='ltr' id='par_1_93' title="bbox 1899 3255 2982 3330">
     <span class='ocr_line' id='line_1_93' title="bbox 1899 3255 2982 3330; baseline 0.004 -22"><span class='ocrx_word' id='word_1_562' title='bbox 1899 3255 2064 3310; x_wconf 83' lang='lat' dir='ltr'><strong>Multo</strong></span> <span class='ocrx_word' id='word_1_563' title='bbox 2088 3258 2226 3310; x_wconf 90' lang='lat' dir='ltr'><strong>calle</strong></span> <span class='ocrx_word' id='word_1_564' title='bbox 2255 3257 2464 3330; x_wconf 83' lang='lat' dir='ltr'><strong>fatigati</strong></span> <span class='ocrx_word' id='word_1_565' title='bbox 2502 3257 2714 3312; x_wconf 80' lang='lat' dir='ltr'><strong>fervore</strong></span> <span class='ocrx_word' id='word_1_566' title='bbox 2757 3259 2982 3312; x_wconf 88' lang='lat' dir='ltr'><strong>videndi</strong></span> 
     </span>
    </p>
   </div>
   <div class='ocr_carea' id='block_1_94' title="bbox 1900 3346 3143 3414">
    <p class='ocr_par' dir='ltr' id='par_1_94' title="bbox 1900 3346 3143 3414">
     <span class='ocr_line' id='line_1_94' title="bbox 1900 3346 3143 3414; baseline 0 -14"><span class='ocrx_word' id='word_1_567' title='bbox 1900 3347 2008 3400; x_wconf 86' lang='lat' dir='ltr'><strong>Eoo</strong></span> <span class='ocrx_word' id='word_1_568' title='bbox 2039 3354 2228 3400; x_wconf 92' lang='lat' dir='ltr'><strong>notum</strong></span> <span class='ocrx_word' id='word_1_569' title='bbox 2259 3346 2654 3414; x_wconf 89' lang='lat' dir='ltr'><strong>splendoribns</strong></span> <span class='ocrx_word' id='word_1_570' title='bbox 2686 3347 2822 3400; x_wconf 92' lang='lat' dir='ltr'><strong>urbe</strong></span> <span class='ocrx_word' id='word_1_571' title='bbox 2853 3349 3143 3412; x_wconf 91' lang='lat' dir='ltr'><strong>disertum,</strong></span> 
     </span>
    </p>
   </div>
   <div class='ocr_carea' id='block_1_95' title="bbox 1899 3435 3091 3505">
    <p class='ocr_par' dir='ltr' id='par_1_95' title="bbox 1899 3435 3091 3505">
     <span class='ocr_line' id='line_1_95' title="bbox 1899 3435 3091 3505; baseline -0.001 -16"><span class='ocrx_word' id='word_1_572' title='bbox 1899 3437 2136 3499; x_wconf 81' lang='lat' dir='ltr'><strong>Quorum</strong></span> <span class='ocrx_word' id='word_1_573' title='bbox 2165 3435 2408 3505; x_wconf 82' lang='lat' dir='ltr'><strong>quaesitis</strong></span> <span class='ocrx_word' id='word_1_574' title='bbox 2435 3435 2623 3487; x_wconf 85' lang='lat' dir='ltr'><strong>divina</strong></span> <span class='ocrx_word' id='word_1_575' title='bbox 2657 3436 2778 3488; x_wconf 90' lang='lat' dir='ltr'><strong>luce</strong></span> <span class='ocrx_word' id='word_1_576' title='bbox 2811 3436 3091 3489; x_wconf 88' lang='lat' dir='ltr'><strong>vibrandis</strong></span> 
     </span>
    </p>
   </div>
   <div class='ocr_carea' id='block_1_96' title="bbox 1902 3525 3207 3594">
    <p class='ocr_par' dir='ltr' id='par_1_96' title="bbox 1902 3525 3207 3594">
     <span class='ocr_line' id='line_1_96' title="bbox 1902 3525 3207 3594; baseline 0 -15"><span class='ocrx_word' id='word_1_577' title='bbox 1902 3525 2130 3579; x_wconf 89' lang='lat' dir='ltr'><strong>Cardine</strong></span> <span class='ocrx_word' id='word_1_578' title='bbox 2161 3541 2282 3578; x_wconf 92' lang='lat' dir='ltr'><strong>cum</strong></span> <span class='ocrx_word' id='word_1_579' title='bbox 2316 3526 2493 3578; x_wconf 92' lang='lat' dir='ltr'><strong>noctis</strong></span> <span class='ocrx_word' id='word_1_580' title='bbox 2523 3525 2613 3578; x_wconf 92' lang='lat' dir='ltr'><strong>lux</strong></span> <span class='ocrx_word' id='word_1_581' title='bbox 2645 3531 2727 3578; x_wconf 88' lang='lat' dir='ltr'><strong>est</strong></span> <span class='ocrx_word' id='word_1_582' title='bbox 2755 3525 3044 3594; x_wconf 89' lang='lat' dir='ltr'><strong>absumpta</strong></span> <span class='ocrx_word' id='word_1_583' title='bbox 3076 3526 3207 3579; x_wconf 90' lang='lat' dir='ltr'><strong>diei.</strong></span> 
     </span>
    </p>
   </div>
   <div class='ocr_carea' id='block_1_97' title="bbox 1903 3616 3417 3688">
    <p class='ocr_par' dir='ltr' id='par_1_97' title="bbox 1903 3616 3417 3688">
     <span class='ocr_line' id='line_1_97' title="bbox 1903 3616 3417 3688; baseline 0.003 -18"><span class='ocrx_word' id='word_1_584' title='bbox 1903 3619 2262 3688; x_wconf 82' lang='lat' dir='ltr'><strong>Symmachus</strong></span> <span class='ocrx_word' id='word_1_585' title='bbox 2301 3617 2393 3670; x_wconf 91' lang='lat' dir='ltr'><strong>ille</strong></span> <span class='ocrx_word' id='word_1_586' title='bbox 2423 3616 2585 3669; x_wconf 89' lang='lat' dir='ltr'><strong>etiam</strong></span> <span class='ocrx_word' id='word_1_587' title='bbox 2616 3616 2772 3683; x_wconf 91' lang='lat' dir='ltr'><strong>cujus</strong></span> <span class='ocrx_word' id='word_1_588' title='bbox 2812 3617 2966 3670; x_wconf 89' lang='lat' dir='ltr'><strong>labor</strong></span> <span class='ocrx_word' id='word_1_589' title='bbox 3004 3617 3184 3670; x_wconf 91' lang='lat' dir='ltr'><strong>omnis</strong></span> <span class='ocrx_word' id='word_1_590' title='bbox 3215 3617 3270 3671; x_wconf 93' lang='lat' dir='ltr'><strong>in</strong></span> <span class='ocrx_word' id='word_1_591' title='bbox 3300 3635 3417 3676; x_wconf 82' lang='lat' dir='ltr'><strong>ore.</strong></span> 
     </span>
    </p>
   </div>
   <div class='ocr_carea' id='block_1_98' title="bbox 1905 3710 3348 3783">
    <p class='ocr_par' dir='ltr' id='par_1_98' title="bbox 1905 3710 3348 3783">
     <span class='ocr_line' id='line_1_98' title="bbox 1905 3710 3348 3783; baseline -0.001 -18"><span class='ocrx_word' id='word_1_592' title='bbox 1905 3711 2003 3776; x_wconf 85' lang='lat' dir='ltr'><strong>Qui</strong></span> <span class='ocrx_word' id='word_1_593' title='bbox 2041 3727 2199 3783; x_wconf 82' lang='lat' dir='ltr'><strong>reges</strong></span> <span class='ocrx_word' id='word_1_594' title='bbox 2238 3725 2531 3780; x_wconf 87' lang='lat' dir='ltr'><strong>superasse</strong></span> <span class='ocrx_word' id='word_1_595' title='bbox 2561 3717 2760 3778; x_wconf 89' lang='lat' dir='ltr'><strong>putans</strong></span> <span class='ocrx_word' id='word_1_596' title='bbox 2791 3710 3087 3779; x_wconf 85' lang='lat' dir='ltr'><strong>splendore</strong></span> <span class='ocrx_word' id='word_1_597' title='bbox 3120 3711 3348 3779; x_wconf 72' lang='lat' dir='ltr'><strong>leporis,</strong></span> 
     </span>
    </p>
   </div>
   <div class='ocr_carea' id='block_1_99' title="bbox 1908 3797 3119 3873">
    <p class='ocr_par' dir='ltr' id='par_1_99' title="bbox 1908 3797 3119 3873">
     <span class='ocr_line' id='line_1_99' title="bbox 1908 3797 3119 3873; baseline -0.003 -19"><span class='ocrx_word' id='word_1_598' title='bbox 1908 3801 2214 3873; x_wconf 88' lang='lat' dir='ltr'><strong>Sacrilegos</strong></span> <span class='ocrx_word' id='word_1_599' title='bbox 2244 3800 2380 3854; x_wconf 91' lang='lat' dir='ltr'><strong>ritus</strong></span> <span class='ocrx_word' id='word_1_600' title='bbox 2413 3799 2695 3869; x_wconf 87' lang='lat' dir='ltr'><strong>repetebat</strong></span> <span class='ocrx_word' id='word_1_601' title='bbox 2717 3808 2771 3852; x_wconf 91' lang='lat' dir='ltr'><strong>et</strong></span> <span class='ocrx_word' id='word_1_602' title='bbox 2802 3799 2972 3868; x_wconf 88' lang='lat' dir='ltr'><strong>impia</strong></span> <span class='ocrx_word' id='word_1_603' title='bbox 3003 3797 3119 3851; x_wconf 85' lang='lat' dir='ltr'><strong>liba</strong></span> 
     </span>
    </p>
   </div>
   <div class='ocr_carea' id='block_1_100' title="bbox 1909 3889 3244 3961">
    <p class='ocr_par' dir='ltr' id='par_1_100' title="bbox 1909 3889 3244 3961">
     <span class='ocr_line' id='line_1_100' title="bbox 1909 3889 3244 3961; baseline -0.001 -17"><span class='ocrx_word' id='word_1_604' title='bbox 1909 3891 2115 3961; x_wconf 76' lang='lat' dir='ltr'><strong>Accipit</strong></span> <span class='ocrx_word' id='word_1_605' title='bbox 2145 3898 2204 3944; x_wconf 94' lang='lat' dir='ltr'><strong>ut</strong></span> <span class='ocrx_word' id='word_1_606' title='bbox 2242 3890 2448 3945; x_wconf 91' lang='lat' dir='ltr'><strong>cultum</strong></span> <span class='ocrx_word' id='word_1_607' title='bbox 2475 3889 2697 3959; x_wconf 87' lang='lat' dir='ltr'><strong>pietatis</strong></span> <span class='ocrx_word' id='word_1_608' title='bbox 2724 3890 2933 3944; x_wconf 89' lang='lat' dir='ltr'><strong>honore</strong></span> <span class='ocrx_word' id='word_1_609' title='bbox 2966 3889 3244 3954; x_wconf 89' lang='lat' dir='ltr'><strong>volumen,</strong></span> 
     </span>
    </p>
   </div>
   <div class='ocr_carea' id='block_1_101' title="bbox 1914 3977 3185 4050">
    <p class='ocr_par' dir='ltr' id='par_1_101' title="bbox 1914 3977 3185 4050">
     <span class='ocr_line' id='line_1_101' title="bbox 1914 3977 3185 4050; baseline -0.002 -18"><span class='ocrx_word' id='word_1_610' title='bbox 1914 3979 2142 4033; x_wconf 92' lang='lat' dir='ltr'><strong>Lumine</strong></span> <span class='ocrx_word' id='word_1_611' title='bbox 2165 3980 2374 4034; x_wconf 76' lang='lat' dir='ltr'><strong>ccelesti</strong></span> <span class='ocrx_word' id='word_1_612' title='bbox 2405 3980 2643 4049; x_wconf 85' lang='lat' dir='ltr'><strong>divoque</strong></span> <span class='ocrx_word' id='word_1_613' title='bbox 2676 3995 2872 4050; x_wconf 90' lang='lat' dir='ltr'><strong>sapore</strong></span> <span class='ocrx_word' id='word_1_614' title='bbox 2906 3977 3185 4043; x_wconf 87' lang='lat' dir='ltr'><strong>refertum,</strong></span> 
     </span>
    </p>
   </div>
   <div class='ocr_carea' id='block_1_102' title="bbox 1915 4070 3384 4141">
    <p class='ocr_par' dir='ltr' id='par_1_102' title="bbox 1915 4070 3384 4141">
     <span class='ocr_line' id='line_1_102' title="bbox 1915 4070 3384 4141; baseline 0.001 -18"><span class='ocrx_word' id='word_1_615' title='bbox 1915 4071 2065 4125; x_wconf 81' lang='lat' dir='ltr'><strong>Haud</strong></span> <span class='ocrx_word' id='word_1_616' title='bbox 2109 4071 2274 4125; x_wconf 88' lang='lat' dir='ltr'><strong>dictis</strong></span> <span class='ocrx_word' id='word_1_617' title='bbox 2293 4072 2520 4141; x_wconf 90' lang='lat' dir='ltr'><strong>posthac</strong></span> <span class='ocrx_word' id='word_1_618' title='bbox 2542 4071 2634 4141; x_wconf 92' lang='lat' dir='ltr'><strong>qui</strong></span> <span class='ocrx_word' id='word_1_619' title='bbox 2669 4072 2900 4126; x_wconf 90' lang='lat' dir='ltr'><strong>reddere</strong></span> <span class='ocrx_word' id='word_1_620' title='bbox 2933 4070 3187 4141; x_wconf 75' lang='lat' dir='ltr'><strong>praesulis</strong></span> <span class='ocrx_word' id='word_1_621' title='bbox 3217 4070 3384 4124; x_wconf 88' lang='lat' dir='ltr'><strong>audet</strong></span> 
     </span>
    </p>
   </div>
   <div class='ocr_carea' id='block_1_103' title="bbox 1919 4162 3238 4234">
    <p class='ocr_par' dir='ltr' id='par_1_103' title="bbox 1919 4162 3238 4234">
     <span class='ocr_line' id='line_1_103' title="bbox 1919 4162 3238 4234; baseline -0.001 -18"><span class='ocrx_word' id='word_1_622' title='bbox 1919 4163 2424 4218; x_wconf 85' lang='lat' dir='ltr'><strong>Marcomannorum</strong></span> <span class='ocrx_word' id='word_1_623' title='bbox 2459 4163 2652 4231; x_wconf 90' lang='lat' dir='ltr'><strong>probat</strong></span> <span class='ocrx_word' id='word_1_624' title='bbox 2684 4165 2788 4216; x_wconf 91' lang='lat' dir='ltr'><strong>hoc</strong></span> <span class='ocrx_word' id='word_1_625' title='bbox 2812 4163 3000 4234; x_wconf 83' lang='lat' dir='ltr'><strong>regina</strong></span> <span class='ocrx_word' id='word_1_626' title='bbox 3034 4162 3238 4215; x_wconf 91' lang='lat' dir='ltr'><strong>relictis</strong></span> 
     </span>
    </p>
   </div>
   <div class='ocr_carea' id='block_1_104' title="bbox 1920 4251 3141 4317">
    <p class='ocr_par' dir='ltr' id='par_1_104' title="bbox 1920 4251 3141 4317">
     <span class='ocr_line' id='line_1_104' title="bbox 1920 4251 3141 4317; baseline -0.002 -11"><span class='ocrx_word' id='word_1_627' title='bbox 1920 4253 2175 4306; x_wconf 87' lang='lat' dir='ltr'><strong>Errorum</strong></span> <span class='ocrx_word' id='word_1_628' title='bbox 2208 4251 2452 4306; x_wconf 87' lang='lat' dir='ltr'><strong>tenebris</strong></span> <span class='ocrx_word' id='word_1_629' title='bbox 2490 4260 2697 4305; x_wconf 90' lang='lat' dir='ltr'><strong>tantum</strong></span> <span class='ocrx_word' id='word_1_630' title='bbox 2724 4267 2940 4305; x_wconf 89' lang='lat' dir='ltr'><strong>rumore</strong></span> <span class='ocrx_word' id='word_1_631' title='bbox 2973 4251 3141 4317; x_wconf 88' lang='lat' dir='ltr'><strong>beati,</strong></span> 
     </span>
    </p>
   </div>
   <div class='ocr_carea' id='block_1_105' title="bbox 1923 4340 3288 4413">
    <p class='ocr_par' dir='ltr' id='par_1_105' title="bbox 1923 4340 3288 4413">
     <span class='ocr_line' id='line_1_105' title="bbox 1923 4340 3288 4413; baseline -0.002 -18"><span class='ocrx_word' id='word_1_632' title='bbox 1923 4341 2181 4411; x_wconf 85' lang='lat' dir='ltr'><strong>Percepto</strong></span> <span class='ocrx_word' id='word_1_633' title='bbox 2211 4356 2466 4410; x_wconf 82' lang='lat' dir='ltr'><strong>quaerens</strong></span> <span class='ocrx_word' id='word_1_634' title='bbox 2486 4356 2688 4410; x_wconf 88' lang='lat' dir='ltr'><strong>supero</strong></span> <span class='ocrx_word' id='word_1_635' title='bbox 2719 4357 2841 4411; x_wconf 79' lang='lat' dir='ltr'><strong>quae</strong></span> <span class='ocrx_word' id='word_1_636' title='bbox 2869 4340 3075 4393; x_wconf 90' lang='lat' dir='ltr'><strong>lumine</strong></span> <span class='ocrx_word' id='word_1_637' title='bbox 3108 4340 3288 4413; x_wconf 86' lang='lat' dir='ltr'><strong>spargi</strong></span> 
     </span>
    </p>
   </div>
   <div class='ocr_carea' id='block_1_106' title="bbox 1838 4391 3180 4502">
    <p class='ocr_par' dir='ltr' id='par_1_106' title="bbox 1838 4391 3180 4502">
     <span class='ocr_line' id='line_1_106' title="bbox 1838 4391 3180 4502; baseline -0.001 -18"><span class='ocrx_word' id='word_1_638' title='bbox 1838 4391 1895 4460; x_wconf 83' lang='lat' dir='ltr'>D</span> <span class='ocrx_word' id='word_1_639' title='bbox 1922 4391 2136 4502; x_wconf 73' lang='lat' dir='ltr'><strong>Legatis</strong></span> <span class='ocrx_word' id='word_1_640' title='bbox 2163 4391 2274 4482; x_wconf 79' lang='lat' dir='ltr'><strong>sale</strong></span> <span class='ocrx_word' id='word_1_641' title='bbox 2303 4444 2361 4482; x_wconf 91' lang='lat' dir='ltr'><strong>se</strong></span> <span class='ocrx_word' id='word_1_642' title='bbox 2382 4428 2519 4497; x_wconf 90' lang='lat' dir='ltr'><strong>petit</strong></span> <span class='ocrx_word' id='word_1_643' title='bbox 2556 4391 2660 4489; x_wconf 74' lang='lat' dir='ltr'><strong>hoc</strong></span> <span class='ocrx_word' id='word_1_644' title='bbox 2701 4391 2977 4482; x_wconf 60' lang='lat' dir='ltr'><strong>cbndirier</strong></span> <span class='ocrx_word' id='word_1_645' title='bbox 3014 4391 3180 4494; x_wconf 73' lang='lat' dir='ltr'><strong>almo,</strong></span> 
     </span>
    </p>
   </div>
   <div class='ocr_carea' id='block_1_107' title="bbox 1923 4519 3218 4592">
    <p class='ocr_par' dir='ltr' id='par_1_107' title="bbox 1923 4519 3218 4592">
     <span class='ocr_line' id='line_1_107' title="bbox 1923 4519 3218 4592; baseline -0.002 -16"><span class='ocrx_word' id='word_1_646' title='bbox 1923 4521 2321 4592; x_wconf 81' lang='lat' dir='ltr'><strong>Accipiensque</strong></span> <span class='ocrx_word' id='word_1_647' title='bbox 2351 4519 2453 4575; x_wconf 89' lang='lat' dir='ltr'><strong>cati</strong></span> <span class='ocrx_word' id='word_1_648' title='bbox 2477 4520 2869 4574; x_wconf 88' lang='lat' dir='ltr'><strong>catechismum</strong></span> <span class='ocrx_word' id='word_1_649' title='bbox 2896 4521 3017 4574; x_wconf 89' lang='lat' dir='ltr'><strong>luce</strong></span> <span class='ocrx_word' id='word_1_650' title='bbox 3043 4520 3218 4574; x_wconf 89' lang='lat' dir='ltr'><strong>libelli</strong></span> 
     </span>
    </p>
   </div>
   <div class='ocr_carea' id='block_1_108' title="bbox 1927 4609 3360 4684">
    <p class='ocr_par' dir='ltr' id='par_1_108' title="bbox 1927 4609 3360 4684">
     <span class='ocr_line' id='line_1_108' title="bbox 1927 4609 3360 4684; baseline -0.003 -18"><span class='ocrx_word' id='word_1_651' title='bbox 1927 4613 2044 4667; x_wconf 90' lang='lat' dir='ltr'><strong>Stat</strong></span> <span class='ocrx_word' id='word_1_652' title='bbox 2074 4628 2262 4682; x_wconf 90' lang='lat' dir='ltr'><strong>pacem</strong></span> <span class='ocrx_word' id='word_1_653' title='bbox 2294 4609 2526 4666; x_wconf 83' lang='lat' dir='ltr'><strong>suadere</strong></span> <span class='ocrx_word' id='word_1_654' title='bbox 2556 4625 2754 4663; x_wconf 89' lang='lat' dir='ltr'><strong>curans</strong></span> <span class='ocrx_word' id='word_1_655' title='bbox 2778 4625 3036 4680; x_wconf 87' lang='lat' dir='ltr'><strong>persuasa</strong></span> <span class='ocrx_word' id='word_1_656' title='bbox 3061 4610 3360 4684; x_wconf 88' lang='lat' dir='ltr'><strong>jugandam</strong></span> 
     </span>
    </p>
   </div>
   <div class='ocr_carea' id='block_1_109' title="bbox 1932 4699 3514 4774">
    <p class='ocr_par' dir='ltr' id='par_1_109' title="bbox 1932 4699 3514 4774">
     <span class='ocr_line' id='line_1_109' title="bbox 1932 4699 3514 4774; baseline -0.004 -16"><span class='ocrx_word' id='word_1_657' title='bbox 1932 4703 2350 4774; x_wconf 90' lang='lat' dir='ltr'><strong>Romulidisque</strong></span> <span class='ocrx_word' id='word_1_658' title='bbox 2392 4701 2566 4756; x_wconf 86' lang='lat' dir='ltr'><strong>ferum</strong></span> <span class='ocrx_word' id='word_1_659' title='bbox 2617 4699 2826 4773; x_wconf 86' lang='lat' dir='ltr'><strong>subigit</strong></span> <span class='ocrx_word' id='word_1_660' title='bbox 2856 4716 2976 4754; x_wconf 93' lang='lat' dir='ltr'><strong>cum</strong></span> <span class='ocrx_word' id='word_1_661' title='bbox 3016 4708 3186 4774; x_wconf 89' lang='lat' dir='ltr'><strong>gente</strong></span> <span class='ocrx_word' id='word_1_662' title='bbox 3219 4708 3514 4771; x_wconf 77' lang='lat' dir='ltr'><strong>tyrannum</strong></span> 
     </span>
    </p>
   </div>
   <div class='ocr_carea' id='block_1_110' title="bbox 1930 4792 3377 4869">
    <p class='ocr_par' dir='ltr' id='par_1_110' title="bbox 1930 4792 3377 4869">
     <span class='ocr_line' id='line_1_110' title="bbox 1930 4792 3377 4869; baseline -0.005 -16"><span class='ocrx_word' id='word_1_663' title='bbox 1930 4799 2044 4862; x_wconf 85' lang='lat' dir='ltr'><strong>Quo</strong></span> <span class='ocrx_word' id='word_1_664' title='bbox 2072 4797 2365 4869; x_wconf 89' lang='lat' dir='ltr'><strong>splendore</strong></span> <span class='ocrx_word' id='word_1_665' title='bbox 2395 4795 2485 4848; x_wconf 85' lang='lat' dir='ltr'><strong>Dei</strong></span> <span class='ocrx_word' id='word_1_666' title='bbox 2509 4794 2729 4849; x_wconf 89' lang='lat' dir='ltr'><strong>radians</strong></span> <span class='ocrx_word' id='word_1_667' title='bbox 2762 4809 2871 4865; x_wconf 91' lang='lat' dir='ltr'><strong>quo</strong></span> <span class='ocrx_word' id='word_1_668' title='bbox 2908 4792 3131 4848; x_wconf 84' lang='lat' dir='ltr'><strong>flamine</strong></span> <span class='ocrx_word' id='word_1_669' title='bbox 3163 4794 3377 4864; x_wconf 89' lang='lat' dir='ltr'><strong>pollens</strong></span> 
     </span>
    </p>
   </div>
   <div class='ocr_carea' id='block_1_111' title="bbox 1935 4885 3232 4956">
    <p class='ocr_par' dir='ltr' id='par_1_111' title="bbox 1935 4885 3232 4956">
     <span class='ocr_line' id='line_1_111' title="bbox 1935 4885 3232 4956; baseline -0.004 -12"><span class='ocrx_word' id='word_1_670' title='bbox 1935 4893 2056 4946; x_wconf 67' lang='lat' dir='ltr'><strong>llazc</strong></span> <span class='ocrx_word' id='word_1_671' title='bbox 2084 4900 2253 4956; x_wconf 90' lang='lat' dir='ltr'><strong>serat,</strong></span> <span class='ocrx_word' id='word_1_672' title='bbox 2282 4887 2516 4943; x_wconf 87' lang='lat' dir='ltr'><strong>annixus</strong></span> <span class='ocrx_word' id='word_1_673' title='bbox 2539 4886 2760 4953; x_wconf 89' lang='lat' dir='ltr'><strong>tabulis,</strong></span> <span class='ocrx_word' id='word_1_674' title='bbox 2789 4885 3018 4940; x_wconf 90' lang='lat' dir='ltr'><strong>Pauline</strong></span> <span class='ocrx_word' id='word_1_675' title='bbox 3049 4887 3232 4951; x_wconf 89' lang='lat' dir='ltr'><strong>beate,</strong></span> 
     </span>
    </p>
   </div>
   <div class='ocr_carea' id='block_1_112' title="bbox 1933 4975 3090 5050">
    <p class='ocr_par' dir='ltr' id='par_1_112' title="bbox 1933 4975 3090 5050">
     <span class='ocr_line' id='line_1_112' title="bbox 1933 4975 3090 5050; baseline -0.005 -15"><span class='ocrx_word' id='word_1_676' title='bbox 1933 4980 2097 5035; x_wconf 82' lang='lat' dir='ltr'><strong>Felici</strong></span> <span class='ocrx_word' id='word_1_677' title='bbox 2120 4979 2375 5050; x_wconf 90' lang='lat' dir='ltr'><strong>stupidus</strong></span> <span class='ocrx_word' id='word_1_678' title='bbox 2412 4975 2661 5031; x_wconf 89' lang='lat' dir='ltr'><strong>meruisti</strong></span> <span class='ocrx_word' id='word_1_679' title='bbox 2691 4991 2919 5030; x_wconf 88' lang='lat' dir='ltr'><strong>cernere</strong></span> <span class='ocrx_word' id='word_1_680' title='bbox 2947 4975 3090 5042; x_wconf 88' lang='lat' dir='ltr'><strong>visu,</strong></span> 
     </span>
    </p>
   </div>
   <div class='ocr_carea' id='block_1_113' title="bbox 1928 5065 3193 5143">
    <p class='ocr_par' dir='ltr' id='par_1_113' title="bbox 1928 5065 3193 5143">
     <span class='ocr_line' id='line_1_113' title="bbox 1928 5065 3193 5143; baseline -0.006 -17"><span class='ocrx_word' id='word_1_681' title='bbox 1928 5076 2104 5143; x_wconf 88' lang='lat' dir='ltr'><strong>Atque</strong></span> <span class='ocrx_word' id='word_1_682' title='bbox 2134 5069 2386 5124; x_wconf 89' lang='lat' dir='ltr'><strong>coronari</strong></span> <span class='ocrx_word' id='word_1_683' title='bbox 2409 5068 2616 5137; x_wconf 90' lang='lat' dir='ltr'><strong>justum</strong></span> <span class='ocrx_word' id='word_1_684' title='bbox 2650 5066 2905 5121; x_wconf 86' lang='lat' dir='ltr'><strong>rutilante</strong></span> <span class='ocrx_word' id='word_1_685' title='bbox 2938 5065 3193 5138; x_wconf 80' lang='lat' dir='ltr'><strong>benignae</strong></span> 
     </span>
    </p>
   </div>
   <div class='ocr_carea' id='block_1_114' title="bbox 1930 5160 3189 5236">
    <p class='ocr_par' dir='ltr' id='par_1_114' title="bbox 1930 5160 3189 5236">
     <span class='ocr_line' id='line_1_114' title="bbox 1930 5160 3189 5236; baseline -0.008 -14"><span class='ocrx_word' id='word_1_686' title='bbox 1930 5165 2262 5236; x_wconf 90' lang='lat' dir='ltr'><strong>Obnubique</strong></span> <span class='ocrx_word' id='word_1_687' title='bbox 2291 5163 2608 5228; x_wconf 90' lang='lat' dir='ltr'><strong>voluntatis,</strong></span> <span class='ocrx_word' id='word_1_688' title='bbox 2630 5177 2728 5233; x_wconf 91' lang='lat' dir='ltr'><strong>pro</strong></span> <span class='ocrx_word' id='word_1_689' title='bbox 2760 5161 2999 5236; x_wconf 88' lang='lat' dir='ltr'><strong>tegmine</strong></span> <span class='ocrx_word' id='word_1_690' title='bbox 3029 5160 3189 5222; x_wconf 88' lang='lat' dir='ltr'><strong>scuti,</strong></span> 
     </span>
    </p>
   </div>
   <div class='ocr_carea' id='block_1_115' title="bbox 1933 5249 3540 5327">
    <p class='ocr_par' dir='ltr' id='par_1_115' title="bbox 1933 5249 3540 5327">
     <span class='ocr_line' id='line_1_115' title="bbox 1933 5249 3540 5327; baseline -0.006 -15"><span class='ocrx_word' id='word_1_691' title='bbox 1933 5255 2349 5327; x_wconf 88' lang='lat' dir='ltr'><strong>lntrogredique</strong></span> <span class='ocrx_word' id='word_1_692' title='bbox 2375 5254 2533 5308; x_wconf 90' lang='lat' dir='ltr'><strong>vides</strong></span> <span class='ocrx_word' id='word_1_693' title='bbox 2557 5252 2729 5324; x_wconf 91' lang='lat' dir='ltr'><strong>proba</strong></span> <span class='ocrx_word' id='word_1_694' title='bbox 2758 5252 2940 5306; x_wconf 89' lang='lat' dir='ltr'><strong>divum</strong></span> <span class='ocrx_word' id='word_1_695' title='bbox 2973 5250 3286 5305; x_wconf 88' lang='lat' dir='ltr'><strong>habitacula</strong></span> <span class='ocrx_word' id='word_1_696' title='bbox 3313 5249 3540 5314; x_wconf 87' lang='lat' dir='ltr'><strong>flamen,</strong></span> 
     </span>
    </p>
   </div>
   <div class='ocr_carea' id='block_1_116' title="bbox 1930 5341 3230 5400">
    <p class='ocr_par' dir='ltr' id='par_1_116' title="bbox 1930 5341 3230 5400">
     <span class='ocr_line' id='line_1_116' title="bbox 1930 5341 3230 5400; baseline -0.005 -1"><span class='ocrx_word' id='word_1_697' title='bbox 1930 5345 2061 5400; x_wconf 85' lang='lat' dir='ltr'><strong>Jura</strong></span> <span class='ocrx_word' id='word_1_698' title='bbox 2083 5343 2177 5397; x_wconf 90' lang='lat' dir='ltr'><strong>Dei</strong></span> <span class='ocrx_word' id='word_1_699' title='bbox 2217 5342 2425 5397; x_wconf 88' lang='lat' dir='ltr'><strong>rimans</strong></span> <span class='ocrx_word' id='word_1_700' title='bbox 2455 5349 2605 5396; x_wconf 88' lang='lat' dir='ltr'><strong>vates</strong></span> <span class='ocrx_word' id='word_1_701' title='bbox 2635 5341 2764 5396; x_wconf 91' lang='lat' dir='ltr'><strong>dum</strong></span> <span class='ocrx_word' id='word_1_702' title='bbox 2798 5341 2990 5396; x_wconf 72' lang='lat' dir='ltr'><strong>cmlica</strong></span> <span class='ocrx_word' id='word_1_703' title='bbox 3020 5346 3230 5394; x_wconf 89' lang='lat' dir='ltr'><strong>tractat.</strong></span> 
     </span>
    </p>
   </div>
   <div class='ocr_carea' id='block_1_117' title="bbox 1936 5435 3266 5509">
    <p class='ocr_par' dir='ltr' id='par_1_117' title="bbox 1936 5435 3266 5509">
     <span class='ocr_line' id='line_1_117' title="bbox 1936 5435 3266 5509; baseline -0.005 -17"><span class='ocrx_word' id='word_1_704' title='bbox 1936 5439 2034 5504; x_wconf 78' lang='lat' dir='ltr'><strong>Qui</strong></span> <span class='ocrx_word' id='word_1_705' title='bbox 2053 5444 2256 5509; x_wconf 90' lang='lat' dir='ltr'><strong>quanto</strong></span> <span class='ocrx_word' id='word_1_706' title='bbox 2283 5437 2494 5490; x_wconf 87' lang='lat' dir='ltr'><strong>fervore</strong></span> <span class='ocrx_word' id='word_1_707' title='bbox 2519 5438 2653 5502; x_wconf 90' lang='lat' dir='ltr'><strong>Deo,</strong></span> <span class='ocrx_word' id='word_1_708' title='bbox 2686 5453 2849 5506; x_wconf 90' lang='lat' dir='ltr'><strong>quam</strong></span> <span class='ocrx_word' id='word_1_709' title='bbox 2885 5436 3021 5489; x_wconf 88' lang='lat' dir='ltr'><strong>fixus</strong></span> <span class='ocrx_word' id='word_1_710' title='bbox 3041 5435 3266 5488; x_wconf 78' lang='lat' dir='ltr'><strong>adhaesit</strong></span> 
     </span>
    </p>
   </div>
   <div class='ocr_carea' id='block_1_118' title="bbox 1939 5527 3173 5597">
    <p class='ocr_par' dir='ltr' id='par_1_118' title="bbox 1939 5527 3173 5597">
     <span class='ocr_line' id='line_1_118' title="bbox 1939 5527 3173 5597; baseline -0.005 -12"><span class='ocrx_word' id='word_1_711' title='bbox 1939 5529 2230 5585; x_wconf 84' lang='lat' dir='ltr'><strong>Pastoralis</strong></span> <span class='ocrx_word' id='word_1_712' title='bbox 2258 5543 2413 5581; x_wconf 89' lang='lat' dir='ltr'><strong>amor</strong></span> <span class='ocrx_word' id='word_1_713' title='bbox 2427 5527 2660 5596; x_wconf 80' lang='lat' dir='ltr'><strong>vigilans</strong></span> <span class='ocrx_word' id='word_1_714' title='bbox 2677 5536 2731 5581; x_wconf 92' lang='lat' dir='ltr'><strong>et</strong></span> <span class='ocrx_word' id='word_1_715' title='bbox 2761 5543 2892 5582; x_wconf 88' lang='lat' dir='ltr'><strong>cura</strong></span> <span class='ocrx_word' id='word_1_716' title='bbox 2913 5527 3173 5597; x_wconf 85' lang='lat' dir='ltr'><strong>resignat,</strong></span> 
     </span>
    </p>
   </div>
   <div class='ocr_carea' id='block_1_119' title="bbox 1940 5614 3281 5688">
    <p class='ocr_par' dir='ltr' id='par_1_119' title="bbox 1940 5614 3281 5688">
     <span class='ocr_line' id='line_1_119' title="bbox 1940 5614 3281 5688; baseline -0.005 -14"><span class='ocrx_word' id='word_1_717' title='bbox 1940 5620 2120 5674; x_wconf 86' lang='lat' dir='ltr'><strong>Pastio</strong></span> <span class='ocrx_word' id='word_1_718' title='bbox 2147 5625 2261 5671; x_wconf 88' lang='lat' dir='ltr'><strong>tuta</strong></span> <span class='ocrx_word' id='word_1_719' title='bbox 2290 5632 2536 5688; x_wconf 87' lang='lat' dir='ltr'><strong>gregum,</strong></span> <span class='ocrx_word' id='word_1_720' title='bbox 2571 5614 2753 5668; x_wconf 87' lang='lat' dir='ltr'><strong>rabies</strong></span> <span class='ocrx_word' id='word_1_721' title='bbox 2784 5623 2974 5669; x_wconf 89' lang='lat' dir='ltr'><strong>exacta</strong></span> <span class='ocrx_word' id='word_1_722' title='bbox 3003 5616 3281 5685; x_wconf 85' lang='lat' dir='ltr'><strong>luporum,</strong></span> 
     </span>
    </p>
   </div>
   <div class='ocr_carea' id='block_1_120' title="bbox 1944 5707 3551 5786">
    <p class='ocr_par' dir='ltr' id='par_1_120' title="bbox 1944 5707 3551 5786">
     <span class='ocr_line' id='line_1_120' title="bbox 1944 5707 3551 5786; baseline -0.007 -16"><span class='ocrx_word' id='word_1_723' title='bbox 1944 5716 2354 5786; x_wconf 79' lang='lat' dir='ltr'><strong>Paupertasque</strong></span> <span class='ocrx_word' id='word_1_724' title='bbox 2404 5711 2604 5774; x_wconf 89' lang='lat' dir='ltr'><strong>libens,</strong></span> <span class='ocrx_word' id='word_1_725' title='bbox 2647 5707 2976 5778; x_wconf 87' lang='lat' dir='ltr'><strong>Christoque</strong></span> <span class='ocrx_word' id='word_1_726' title='bbox 3009 5709 3262 5779; x_wconf 89' lang='lat' dir='ltr'><strong>impensa</strong></span> <span class='ocrx_word' id='word_1_727' title='bbox 3305 5708 3551 5771; x_wconf 83' lang='lat' dir='ltr'><strong>facultas,</strong></span> 
     </span>
    </p>
   </div>
   <div class='ocr_carea' id='block_1_121' title="bbox 3362 306 3466 360">
    <p class='ocr_par' dir='ltr' id='par_1_121' title="bbox 3362 306 3466 360">
     <span class='ocr_line' id='line_1_121' title="bbox 3362 306 3466 360; baseline 0.019 -3"><span class='ocrx_word' id='word_1_728' title='bbox 3362 306 3466 360; x_wconf 72' lang='lat'><strong>866</strong></span> 
     </span>
    </p>
   </div>
  </div>
