3972 6208
515 326 620 379 8m
1280 308 1642 364 FLODOARDI
1687 304 1989 359 CANONICI
2032 301 2359 356 REMENSIS
2400 297 2736 354 OPUSCULA
2777 297 3086 357 METRICA.
3758 306 3853 359 868

520 453 823 524 Amplaque
857 444 1192 519 pauperibus
1218 439 1547 512 patrimonia
1587 438 1693 492 lata
1720 435 1917 502 beatis,
2157 440 2208 505 Α
2235 430 2330 483 Vix
2360 430 2531 501 quino
2552 437 2837 504 satagente
2858 430 2985 484 dein
3013 437 3228 501 pastore
3242 432 3570 503 gerendum.

520 520 878 609 prgam—qum
908 534 1013 603 iuri
1045 529 1297 586 Ecclesiae
1338 544 1589 598 possessa
1611 526 1885 589 dicantur,
2237 520 2446 575 Pensus
2469 528 2523 575 et
2551 530 2774 575 exactus
2806 522 2988 592 prodit
3020 521 3109 593 pia
3139 529 3364 593 pectora
3395 524 3575 580 luctus

518 608 932 698 Strenuitasque
985 626 1346 686 interventus,
1378 620 1501 691 Opis
1531 619 1736 673 arduus
1766 624 1939 681 actus,
2237 610 2310 663 Ac
2342 608 2526 663 ﬂentis
2551 609 2770 665 bonitas
2795 610 2976 665 aliena
3015 610 3190 681 piacla
3219 611 3502 680 jacentum

523 725 740 779 (lunctze
760 718 1073 774 sollicitudo
1109 714 1203 769 Dei
1236 721 1389 767 stans
1420 711 1612 766 sedula
1638 709 1837 781 plebis,
2241 700 2505 772 Editaque
2534 708 2755 772 aspecto
2789 701 3027 773 suspiria
3059 703 3233 757 tristia
3265 703 3470 774 probro

522 813 766 887 Frugalis
797 812 994 882 pietas,
1021 806 1233 876 jejunia
1259 805 1429 859 ferme
1461 819 1558 874 per
1587 817 1782 857 omnes
2241 794 2477 849 Urbibus
2506 796 2713 851 orbatis
2742 796 2994 868 lacrymaa
3024 813 3190 869 quam
3230 813 3381 869 saepe
3411 798 3577 853 litata;

521 904 842 958 Continuata
873 899 1015 963 dies,
1044 895 1302 968 precibus
1327 892 1609 967 vigilantia
1630 891 1795 945 castis
2238 887 2413 957 Atque
2447 888 2613 942 Deum
2642 905 2866 961 semper
2895 890 3134 945 sitientis
3160 890 3325 946 corde
3361 889 3603 961 profusae
3635 890 3650 943 I

523 995 580 1048 Et
607 1000 855 1047 sanctum
891 996 1124 1044 testatur
1158 1000 1596 1057 Opus,manuum
1621 982 1777 1036 labor
1813 988 1994 1051 aptus,
2242 977 2360 1033 Non
2389 994 2447 1032 sc
2482 985 2654 1035 morte
2676 981 2826 1053 quati
2849 982 3009 1050 cujus
3040 982 3285 1038 bonitate
3305 982 3508 1038 fatetur

520 1081 712 1137 Dictati
744 1078 1047 1149 scriptiun
1079 1076 1225 1141 libri,
1260 1073 1412 1128 verbi
1442 1088 1631 1143 aequor
1661 1070 1816 1132 arati,
2242 1068 2467 1123 Servum
2497 1087 2556 1125 se
2587 1072 2890 1138 ardentem,
2912 1082 3119 1145 quanto
3150 1075 3293 1145 Deus
3320 1074 3533 1130 ambiat
3558 1075 3717 1148 igne,

522 1171 770 1245 Indignis
798 1170 1086 1240 captisque
1118 1182 1311 1220 manus
1343 1166 1467 1218 data
1498 1178 1729 1216 munera
1763 1161 1928 1234 largae
2243 1160 2473 1217 Lumine
2501 1178 2611 1234 quo
2652 1164 2844 1219 lustret
2874 1165 3133 1221 miror-um
3164 1168 3407 1223 culmine
3439 1166 3632 1222 σιω-ει,

521 1264 580 1317 Ει
605 1264 724 1317 sine
754 1261 863 1315 line
893 1276 1126 1314 manens
1158 1256 1384 1311 fraterni
1400 1256 1581 1309 cultus
1603 1252 1807 1307 amoris
1839 1269 1851 1305 :
2245 1254 2303 1309 Id
2332 1272 2555 1327 quoque
2586 1268 2899 1314 sanctorum
2931 1261 3103 1318 multo
3119 1263 3296 1319 celata
3316 1264 3421 1319 sub
3453 1278 3571 1319 sevo

523 1353 817 1409 Servitium
850 1352 905 1405 in
936 1350 1105 1405 sacris
1136 1347 1322 1404 solerti
1350 1347 1475 1416 jure
1514 1344 1754 1400 solutum
2244 1343 2477 1417 Pignora
2499 1348 2629 1402 huic
2658 1350 2826 1424 digno
2856 1351 3022 1427 digne
3045 1353 3314 1424 patefacta
3343 1354 3649 1428 resignant.

1993 1497 2202 1553 CAPUT
2241 1499 2380 1557 XVI.

1414 1629 1494 1689 De
1520 1632 1744 1689 sanctis
1772 1630 2039 1689 Nasario
2068 1637 2119 1687 et
2155 1629 2313 1690 Celso
2357 1633 2538 1695 Vitali
2565 1644 2617 1695 et
2647 1635 2948 1713 Agricola.

517 1775 756 1841 Quorum
789 1771 1073 1827 Nazarium
1107 1770 1434 1840 Cclsumque
1463 1768 1639 1822 nitore
1672 1767 1879 1821 levatos
2164 1769 2214 1837 Β
2242 1770 2566 1844 Terrigenas
2590 1774 2739 1827 unde
2761 1773 2879 1844 ipse
2908 1774 3333 1830 ruensvolvatur
3361 1774 3418 1829 in
3448 1775 3575 1830 ima.

527 1868 866 1923 l’metulimus
894 1866 1021 1921 divo
1053 1872 1294 1918 mentem
1328 1862 1623 1917 irradiante
1654 1861 1801 1915 beati
1837 1878 1851 1924 ;
2242 1859 2398 1914 Vitali
2427 1861 2523 1915 sed
2556 1862 2818 1935 Agricola:
2851 1863 2943 1917 dat
2975 1862 3179 1934 templa
3212 1863 3409 1918 beatus

521 1965 666 2028 Quos
693 1964 811 2017 vice
839 1959 1080 2016 thesauri
1108 1958 1249 2026 jussi
1281 1973 1499 2012 servare
1530 1956 1711 2011 coloni
2240 1951 2568 2006 Florentinze
2596 1954 2741 2021 urbi,
2771 1969 2913 2025 quos
2945 1956 3094 2029 larga
3120 1956 3370 2011 Bononia
3402 1956 3567 2011 mittit
3592 1973 3607 2011 :

522 2055 823 2109 Commisso
852 2052 1081 2106 minime
1116 2050 1394 2103 audebant
1421 2049 1711 2103 discedere
1742 2047 1811 2101 ab
1845 2048 2025 2113 horto,
2237 2044 2336 2109 Qui
2359 2044 2528 2100 fortes
2550 2054 2674 2116 post
2713 2046 2868 2117 plura
2899 2047 3069 2102 trucis
3093 2047 3433 2103 cruciamina
3459 2047 3639 2121 ﬂagri,

524 2151 655 2203 Dum
683 2164 845 2222 gazas
859 2162 1014 2200 sacer
1035 2146 1250 2219 ignotas
1271 2143 1595 2199 custodibus
1632 2141 1829 2197 auﬁert
2242 2139 2508 2195 Eximium
2534 2140 2627 2195 ﬁxi
2658 2157 2821 2198 cruce
2851 2142 3246 2198 nanciscuntur
3278 2143 3568 2199 honorem.

524 2242 695 2311 thue
721 2240 841 2294 loco
874 2238 958 2292 his
984 2244 1112 2308 apto
1144 2236 1338 2291 merito
1370 2236 1668 2305 splendore
1700 2234 1895 2289 locatis
2241 2230 2473 2303 Pignora
2496 2231 2751 2287 Judaieas
2778 2232 2924 2287 inter
2954 2233 3222 2303 permixta
3254 2233 3496 2289 latebras

522 2329 807 2385 Gratificos
828 2336 1002 2384 coetus
1031 2328 1219 2382 divino
1238 2326 1448 2381 lumine
1475 2325 1709 2396 repplet.
2239 2318 2544 2374 Nonnullos
2575 2319 2759 2395 ignota
2783 2321 2974 2389 jacent
3003 2322 3332 2379 mortalibus
3353 2340 3548 2391 annos,

525 2419 747 2474 Civibus
778 2418 1033 2473 Ecclesia).
1061 2432 1277 2487 superae
1308 2414 1776 2487 applaudentibus
1804 2413 1978 2479 urbis,
2242 2413 2429 2469 Donec
2451 2415 2700 2485 pontiﬁci
2731 2415 2857 2471 diva
2883 2432 2941 2473 se
2971 2417 3095 2473 luce
3124 2424 3401 2485 notantes,

524 2510 757 2584 Ingemit
797 2509 967 2563 hostis
996 2515 1147 2563 atrox
1177 2506 1423 2578 torqueri
1456 2522 1515 2560 se
1548 2512 1701 2577 patre
1731 2511 1961 2577 questus
2245 2501 2354 2557 Hoc
2381 2511 2533 2572 patre
2560 2502 2812 2558 laetantur
2839 2504 3009 2577 digno
3038 2506 3280 2562 retinere
3310 2506 3505 2563 decore

466 2621 483 2632 ο
522 2599 829 2664 Ambrosio,
857 2614 1046 2653 vocem
1076 2597 1340 2667 strepitus
1358 2596 1452 2667 qui
1481 2611 1687 2666 ponere
1712 2594 1900 2663 jussus
2242 2590 2578 2662 Secernique
2591 2591 2764 2667 nigris
2789 2594 2908 2648 auri
2938 2609 3039 2649 ceu
3064 2593 3245 2667 fulgor
3262 2596 3441 2650 arenis

524 2694 755 2749 Ponitet
784 2692 963 2747 inflari
1004 2690 1351 2746 Ambrosium
1386 2690 1599 2744 nescire
1622 2690 1859 2760 capessit
1890 2706 1903 2743 :
2246 2681 2453 2737 Lmlilia
2469 2683 2658 2754 populi
2689 2685 3026 2740 cruciatibus
3045 2686 3282 2759 agminis
3308 2686 3410 2742 atri

528 2782 677 2836 Haud
707 2781 860 2835 illum
882 2781 1022 2851 ipse,
1054 2778 1193 2833 fides
1216 2778 1351 2849 quin
1382 2785 1636 2850 torqueat
1657 2778 1763 2833 alta
1792 2793 2071 2834 sacrorum
2246 2774 2355 2829 Hos
2393 2775 2555 2831 simul
2584 2792 2680 2831 ara
2707 2778 2857 2848 capit
2883 2784 3197 2833 sanctorum
3228 2777 3437 2833 lumina
3468 2776 3722 2848 pandens

533 2870 684 2945 Ignis
707 2877 762 2925 et
782 2870 1003 2924 invidia
1036 2868 1219 2923 doleat
1245 2868 1393 2938 quod
1420 2866 1686 2923 scandere
1714 2867 1912 2922 coalum
2014 2895 2030 2912 ς
2246 2867 2455 2922 Divina;
2495 2868 2643 2924 circa
2671 2868 2937 2925 famulum
2968 2869 3230 2927 bonitatis
3251 2885 3519 2926 amorem.

1991 3035 2203 3092 CAPUT
2249 3037 2407 3093 XVII.

1711 3162 1787 3221 De
1830 3164 2095 3222 transitu
2131 3165 2330 3224 sancti
2369 3163 2685 3224 Ambrosii.

531 3305 645 3371 Qua
677 3321 831 3377 spem
862 3303 1117 3359 fundarat
1137 3302 1291 3377 fungi
1318 3319 1388 3358 ne
1416 3310 1588 3358 morte
1613 3312 1839 3373 paveret
2174 3308 2222 3375 (ζ
2249 3304 2610 3377 Splendorem
2641 3305 2913 3362 Ambrosii
2943 3312 3150 3362 coeunt
3176 3305 3386 3362 servire
3410 3306 3660 3382 benigni,

527 3396 782 3449 Testatur
814 3392 940 3448 felix
958 3392 1145 3448 obitus
1159 3391 1398 3464 finisque
1430 3392 1627 3447 beatus
2246 3400 2414 3456 Millia
2443 3407 2695 3471 natorum
2726 3417 2969 3473 superna
2994 3402 3064 3457 ad
3091 3401 3285 3456 munia
3304 3409 3552 3466 currunt,

528 3487 733 3541 Μίιίῑίεθ
758 3485 938 3556 Pal"!a
978 3484 1160 3547 digna!
1198 3484 1470 3555 αιθτωίιιιθ
1499 3483 1789 3554 Ρθιὶθδίνάὶν
2247 3496 2475 3551 Fervida
2492 3496 2767 3567 stipantur
2785 3497 2987 3552 diversi
3020 3497 3273 3552 examina
3292 3497 3436 3569 juris

527 3578 757 3633 Numine
788 3576 1080 3648 praescitus
1110 3592 1312 3647 supero
1348 3576 1632 3647 sociisque
1663 3576 1892 3630 relatus.
2244 3584 2492 3659 Tangere
2518 3592 2827 3657 gestamen,
2857 3586 3051 3641 saltem
3081 3585 3701 3657 appropiarelaborant.

526 3670 622 3724 Ille
647 3668 808 3724 etiam
850 3669 995 3722 risus
1019 3668 1144 3722 divo
1175 3667 1417 3722 radiatus
1445 3666 1514 3722 ab
1547 3682 1643 3722 ore
2246 3674 2354 3729 Nec
2383 3675 2579 3730 charos
2599 3676 2730 3729 latet
2753 3675 3035 3742 absentes,
3067 3691 3170 3730 nec
3194 3675 3398 3748 linquit
3422 3682 3689 3743 amantes,

523 3758 778 3812 Αιτίάθτθ
800 3757 905 3811 Sibi
937 3756 1225 3811 Dominum
1258 3771 1367 3827 (ἰυο
1407 3755 1584 3810 Cernit
1617 3755 1817 3819 Ῑθευῐην
2250 3766 2375 3821 Eois
2406 3766 2722 3821 transmissa
2751 3766 2882 3821 viris
2903 3766 3053 3838 quod
3083 3766 3289 3821 scheda
3309 3766 3575 3837 profatur,

487 3899 498 3910 ,
526 3849 793 3903 Laudeusi
827 3864 948 3902 cum
980 3846 1218 3918 prazsule
1258 3844 1309 3899 ei
1345 3844 1473 3898 dum
1503 3853 1626 3899 vota
1655 3842 1965 3914 profundit,

2246 3859 2404 3914 Visus
2429 3868 2490 3914 ut
2518 3860 2785 3915 assistens
2810 3875 2935 3931 quae
2958 3859 3065 3914 fert
3089 3858 3375 3915 orantibus
3395 3857 3572 3923 almis,

526 3942 860 4012 “duasque
891 3954 1083 4009 Preces
1113 3937 1226 4005 iam
1252 3936 1427 4011 ετθιίει
1449 3936 1652 3990 blanda
1675 3938 1898 3991 "eVelal-
2246 3953 2652 4023 lmponensque
2681 3968 2877 4007 manus
2907 3952 3220 4023 pariterque
3243 3951 3559 4023 precamina
3587 3949 3832 4005 fundens
3858 3975 3873 4017 ;

526 4033 692 4097 Queis
712 4032 954 4086 animum
984 4044 1204 4099 semper
1233 4027 1373 4082 ﬁxus
1404 4043 1505 4082 nec
1534 4035 1711 4083 morte
1736 4027 1965 4096 recedit,

2244 4043 2485 4099 Zenobio
2516 4043 2959 4114 Florentinisque
2991 4043 3265 4097 levamina
3303 4051 3552 4112 portans.

528 4122 661 4175 Dum
692 4120 871 4174 crucis
901 4118 957 4172 in
986 4117 1229 4188 speciem
1253 4117 1528 4171 distantus
1558 4116 1779 4171 brachia
1811 4117 1966 4172 caelis
2246 4134 2405 4203 same
2443 4138 2663 4204 rogatus
2688 4132 2866 4196 adest,
2900 4130 3096 4186 urbem
3125 4130 3445 4185 discrimine
3471 4130 3653 4199 εοινίι,

526 4209 763 4264 Felicem
796 4207 940 4263 νοιίδ
970 4206 1208 4262 animam
1239 4207 1635 4262 οοῐηίίοηίίδυε
1674 4206 1860 4262 infer“
2248 4222 2505 4279 Defessos
2534 4237 2927 4292 recreans,spe
2957 4220 3161 4276 deinde
3186 4219 3365 4275 salute
3394 4219 3719 4275 reformans.

523 4299 890 4356 Vercellensis
915 4299 1073 4354 adest
1094 4300 1294 4370 praesul
1332 4300 1559 4356 caeleste
1590 4315 1858 4355 vocamen
2248 4311 2530 4366 Mascezeli
2564 4311 2884 4382 desperanti
2905 4310 3120 4366 feritate
3150 4312 3343 4382 pericli

530 4388 745 4444 Excitus
776 4386 1003 4459 capiens
1024 4387 1257 4454 somnis,
1300 4387 1395 4443 ubi
1428 4404 1555 4444 mox
1584 4388 1858 4443 abiturum
2252 4404 2511 4475 ιηιρθιηι
2540 4404 2815 4474 precibus,
2841 4403 3182 4477 signansque
3214 4404 3509 4480 {enigmata
3538 4405 3800 4477 palmam,

523 4486 698 4556 Atque
720 4499 1060 4538 recessurum
1093 4482 1321 4538 monitis
1348 4481 1712 4553 prodentibus
1744 4480 1923 4546 audit,

2245 4495 2349 4550 Ter
2380 4500 2533 4549 notat
2558 4494 2791 4564 appulsa
2822 4500 3153 4566 tempusque
3178 4495 3474 4564 locumque
3502 4494 3718 4549 bacillo.

528 4577 685 4632 LUCIS
711 4577 1009 4631 hODOI'IllUS
1039 4575 1180 4630 (“VEB
1204 4576 1463 4646 mysteria
1487 4574 1711 4628 tradens
1745 4591 1760 4638 ;
2167 4607 2224 4677 D
2252 4586 2630 4657 Gazarumque
2661 4584 2783 4641 loco
2808 4584 3076 4656 quaerenti
3117 4583 3327 4639 lumina
3367 4600 3516 4640 meo

526 4670 656 4734 Q1139
688 4674 747 4722 ιιι
772 4666 917 4737 capit
944 4668 1260 4723 AmbI’OSiUS
1289 4683 1560 4721 summa"!
1592 4666 1874 4721 libaminis
1902 4663 2021 4731 alii:
2167 4663 2218 4677 ν
2254 4679 2410 4735 Claro
2439 4679 2743 4735 albatorum
2774 4677 3067 4733 comitatus
3089 4677 3298 4732 honore
3321 4677 3586 4745 virorum,

528 4763 707 4817 Laetus
746 4762 849 4817 init
878 4762 1101 4834 vitaque
1130 4761 1414 4817 cibatusin
1448 4762 1653 4817 aethera
1679 4762 1871 4835 surgit.
2253 4775 2561 4846 Αρραι-θηε,
2590 4771 2759 4828 sociis
2777 4786 3071 4827 occurrere
3097 4769 3461 4825 Mcdiolanam

525 4858 807 4914 Transitus
836 4859 928 4914 hic
953 4857 1159 4913 celebri
1178 4856 1398 4911 Paschze
1438 4856 1735 4927 splendore
1765 4857 2009 4925 nitescit,
2255 4864 2524 4936 Ρι-ωοίρίι,
2556 4871 2615 4919 ιιι
2634 4863 2813 4920 valeat
2840 4863 2963 4919 luce
2994 4863 3264 4919 exsultare
3295 4864 3467 4934 petita
3499 4882 3515 4930 ς

531 4952 695 5007 Israel
725 4952 982 5006 tenebras
1021 4950 1134 5004 exit
1169 4966 1279 5021 qua
1308 4956 1468 5005 nocte
1483 4948 1712 5020 Canopi,
2253 4958 2414 5013 paret
2449 4972 2621 5013 ovans
2651 4956 2816 5027 palpo
2847 4970 2970 5027 qua
3000 4969 3113 5010 non
3142 4953 3408 5010 inviserat
3435 4961 3561 5010 ante

531 5041 806 5097 leicola‘:
837 5041 1013 5096 civem
1044 5039 1282 5110 ParadiSi
1314 5055 1485 5112 regna
1510 5038 1768 5094 (>010num
2253 5049 2456 5106 Mrenia
2480 5049 2619 5105 calle
2636 5047 2775 5119 petit
2802 5053 2975 5112 recto,
2994 5046 3255 5118 dictaque
3284 5045 3553 5112 salutans,

533 5130 745 5184 Festive
766 5129 1071 5200 excipiunt,
1103 5127 1263 5202 agnis
1292 5128 1346 5182 in
1381 5128 1607 5184 ﬂumine
1639 5127 1766 5184 lotis

2255 5140 2460 5197 Obvius
2485 5139 2608 5210 ipse
2638 5138 2732 5193 die
2760 5144 3021 5209 patronos
3049 5136 3244 5191 urbem
3270 5135 3530 5192 ineuntes

528 5216 718 5273 Fontis
743 5233 899 5288 aqua:
940 5218 1102 5284 vivae,
1132 5223 1283 5287 patet
1302 5217 1435 5273 almi
1466 5217 1643 5290 gloria
1671 5218 1835 5284 vatis,

2312 5245 2410 5286 anc
2436 5227 2761 5295 Sisinnium,
2819 5224 3185 5281 Alexandrum
3243 5240 3489 5296 quoque,
3534 5223 3880 5294 Martyrium-

523 5310 929 5381 ASpiciuntque
958 5310 1145 5366 subire
1177 5312 1438 5367 thronum
1466 5312 1752 5385 digitoque
1784 5311 2084 5381 loquuntur
3656 5318 3814 5390 [que,

526 5400 732 5457 lllustri
763 5400 1006 5456 residere
1039 5408 1259 5472 patrem
1282 5402 1494 5476 fulgore
1526 5403 1817 5457 nitentem.
2258 5411 2381 5466 Mox
2410 5408 2682 5481 promissa
2711 5407 2859 5479 capit
2887 5406 3071 5463 loculo
3101 5406 3210 5463 sibi
3238 5422 3472 5462 munera
3495 5412 3659 5462 tacto.

522 5492 703 5551 Stella
726 5494 935 5548 micans
959 5495 1083 5549 aliis
1112 5495 1276 5551 funus
1305 5497 1535 5554 lustrare
1567 5497 1817 5569 patescit.
2261 5500 2405 5555 Urbe
2430 5497 2714 5554 Trientina
2740 5511 2881 5568 quos
2896 5496 3098 5567 praesul
3128 5496 3378 5551 Anaunia
3398 5512 3524 5551 rura

524 5579 893 5637 Ambrosiana
922 5585 1069 5652 quod
1100 5590 1158 5637 ut
1180 5593 1336 5640 terrae
1366 5599 1530 5660 caput
1570 5587 1696 5642 aula
1724 5586 2039 5653 serendum,
2259 5588 2511 5655 Lumine,
2533 5593 2746 5652 sancte,
2771 5586 2937 5654 jubes
2950 5584 3107 5641 verbi
3136 5585 3371 5641 lustrare
3399 5585 3542 5640 virili
3578 5599 3595 5653 ;

525 5667 707 5735 Nigra
734 5675 949 5722 caterva
965 5686 1193 5741 gemens
1218 5688 1434 5733 causam
1462 5674 1823 5735 cruciaminis
1842 5676 1975 5730 edit.
2032 5700 2038 5707 -
2259 5681 2388 5745 Quae
2413 5693 2566 5734 sacro
2589 5678 2719 5732 dum
2747 5691 2871 5731 rore
2897 5676 3099 5747 rigant,
3128 5676 3356 5751 indigna
3373 5676 3666 5742 resultans,
