3972 6208
177 315 285 371 369
798 313 877 366 Illi
918 311 1178 364 (ZIIRISTI
1219 311 1577 366 TRIUMPHIS
1619 313 1789 366 APUI)
1833 311 2097 367 ITAIJAM
2139 316 2312 369 LIBRI
2356 318 2483 374 XIV.
2530 351 2581 358 —
2636 321 2759 375 LIB.
2803 323 2931 379 XIV.
3419 336 3528 390 870

181 442 399 496 llostica
423 440 583 494 turba
615 437 744 492 furit
771 436 1059 490 ﬂammans
1093 436 1264 490 livore
1297 437 1566 503 duellum,
1834 441 1883 507 Α
1909 438 2182 492 Ambrosii
2211 441 2422 496 meritis
2447 445 2790 514 applanduut
2813 448 3033 520 agmina
3067 451 3214 516 coeli,

183 534 498 598 Quaestibns
528 540 643 584 atra
672 531 800 588 ciet.
833 530 986 598 nigra
1016 530 1493 583 numinaluctibus
1517 539 1697 595 ornat,
1913 527 2269 600 Congaudent
2291 530 2444 598 justi,
2472 533 2640 587 livore
2671 544 2923 590 teruntur
2956 539 3129 611 iniqui
3158 559 3172 606 ;

185 625 664 694 Comprensosqne
700 623 820 691 pios
850 622 1063 691 spurcis
1088 623 1363 675 maculare
1397 621 1628 686 laborat,
1911 621 2014 676 Ore
2045 633 2314 679 venenato
2339 625 2534 681 famam
2566 628 2658 699 qui
2686 645 2912 700 carpere
2942 632 3080 685 vatis

192 719 362 787 Atque
394 716 728 769 reluctantes
757 713 944 785 flagris
977 715 1089 766 fere
1122 714 1188 766 ad
1213 714 1414 768 extima
1445 714 1624 767 czedit.
1910 711 2222 779 Tcntarant,
2246 715 2428 770 subito
2461 725 2762 787 carpuntur
2784 719 3001 775 vindice
3034 724 3170 793 rapti

185 807 298 860 Nox
318 812 571 875 superest
589 812 1009 867 tantum,terras
1035 803 1269 877 caligine
1298 820 1518 873 pressas
1911 801 2079 874 Inquc
2109 805 2284 858 oculis
2314 821 2548 876 quorum
2578 823 2747 860 nexas
2767 811 3004 865 avellere
3046 821 3258 866 mentes

185 896 301 959 Qua
329 901 612 967 retegente
650 893 801 948 color
832 895 999 946 rebus
1029 893 1156 946 dum
1202 894 1315 947 sole
1340 894 1592 957 refertur,
1911 893 2078 947 Patris
2107 911 2289 950 amore
2324 906 2537 966 petunt,
2571 897 2774 953 mulcta
2802 899 3077 954 velluntur
3105 903 3304 958 abacti.

187 985 411 1039 Oblatas
432 987 579 1038 claro
608 984 886 1036 lucrantur
917 1000 1095 1056 agone
1128 999 1374 1038 coronas.
1911 986 2001 1038 Ast
2033 985 2124 1040 ille
2155 993 2208 1038 et
2240 987 2448 1040 meritis
2478 987 2798 1042 meritorum
2841 997 2895 1044 ct
2925 989 3130 1045 lumine
3152 994 3315 1047 cretis

191 1077 577 1147 Cappadocum
611 1075 680 1129 de
703 1084 866 1148 gente
896 1092 1064 1128 senex
1080 1075 1356 1129 Sisinnius
1386 1076 1580 1130 horum
1919 1073 2137 1130 Efﬂorct
2167 1077 2387 1150 genitis,
2417 1093 2649 1148 quorum
2675 1079 2956 1138 Paulinus.
2995 1082 3224 1147 honore,

191 1170 406 1224 Primus
439 1171 646 1223 honore
679 1169 908 1230 nitente,
931 1168 1059 1222 tuba
1086 1173 1247 1235 caput
1272 1166 1412 1220 ictus
1436 1167 1615 1218 ahena
1918 1169 2179 1223 Culminis
2209 1170 2416 1243 egregii
2449 1171 2739 1241 sapidique
2782 1172 2960 1228 nitore
2990 1174 3216 1244 leporis,

191 1259 488 1315 Confossus
518 1257 799 1312 hominem
828 1271 1051 1327 quoque
1085 1256 1330 1309 membra
1369 1256 1654 1309 securibus
1679 1256 1810 1319 exit,
1916 1258 2211 1312 Ausoniam
2244 1260 2466 1314 decorat
2497 1267 2648 1313 trans
2679 1267 2732 1314 et
2765 1277 2912 1315 mare
2947 1263 3154 1318 lumina
3191 1275 3390 1334 portat.

193 1351 408 1404 Limine
435 1350 503 1403 ab
527 1349 777 1404 Ecclesiae
811 1351 1073 1403 ciclorum
1107 1348 1346 1401 culmina
1387 1349 1678 1402 scandens.
1921 1348 2178 1404 Ecclesia:
2207 1351 2376 1404 decus
2408 1351 2635 1415 illustre,
2672 1353 3022 1423 Augustinus,
3059 1363 3113 1408 et
3145 1357 3294 1411 orbis

172 1443 484 1514 'Martyrius
513 1449 716 1515 grates,
750 1452 933 1496 tentus
966 1458 1066 1495 nec
1094 1442 1336 1506 mobilis,
1357 1441 1516 1495 effert
1919 1438 2106 1493 Totius
2138 1439 2434 1494 instructor
2456 1440 2775 1511 fraudisque
2808 1443 3024 1497 hostilis
3056 1443 3303 1511 abactor,

193 1537 449 1591 Salvitico
483 1535 734 1601 Domino,
765 1535 1108 1604 sudibusque
1138 1533 1348 1588 foratus
1379 1533 1574 1598 acutis,
1921 1531 2148 1586 Lumine
2188 1533 2281 1603 qui
2315 1540 2568 1586 cunctum
2601 1534 2778 1603 replet
2833 1534 2976 1589 almo
3016 1544 3071 1590 et
3126 1538 3336 1590 semine
3369 1555 3535 1592 mun-

193 1629 426 1684 Verticis
451 1646 481 1684 e
514 1629 691 1701 plagis
721 1635 923 1698 perstat
955 1638 1201 1682 saturare
1238 1628 1530 1698 bipennes,
3278 1629 3425 1700 [dum
3455 1649 3468 1696 ;

199 1721 450 1790 Dumque
473 1733 667 1772 cruore
696 1717 926 1771 madens
959 1719 1140 1790 agitur
1174 1718 1348 1771 libare
1383 1716 1647 1788 profanis,
1850 1767 1894 1790 η
1923 1715 2184 1771 Martinus
2211 1717 2494 1786 specimen
2518 1715 2793 1770 Gallorum
2823 1717 3018 1772 ductor
3045 1726 3098 1773 et
3130 1720 3270 1774 altor

199 1767 447 1790 --η-Ίη
478 1767 663 1772 ν---η
699 1767 923 1771 τ---μ--η
961 1767 1128 1790 “aw—
1175 1767 1344 1771 ------ν
1926 1767 2179 1771 imm——
2216 1767 2259 1786 -,
2529 1767 2538 1769 -
2830 1767 3005 1772 π-ν-ν-
3048 1767 3097 1773 η
3133 1767 3257 1774 κ.---

199 1809 348 1862 Calle
371 1808 564 1864 volans
585 1808 692 1862 alio
717 1807 866 1862 subit
901 1817 1040 1861 astra
1070 1814 1251 1862 actore
1283 1808 1515 1861 solutus.
1849 1767 1898 1834 Β
1925 1804 2260 1858 Candentum
2285 1805 2407 1875 pius
2437 1821 2726 1878 agnorum,
2753 1808 3118 1879 columenque
3151 1826 3433 1866 sacrorum

202 1899 476 1953 Insultant
505 1898 663 1952 caesis
695 1898 1050 1962 bacchantes,
1093 1897 1333 1967 pendula
1360 1895 1502 1951 collo
1922 1897 2255 1968 Gemmaque
2288 1896 2632 1966 pontificum,
2673 1898 2888 1968 pollens
2927 1901 3098 1954 tutela
3130 1901 3364 1972 piorum,

197 1994 445 2065 Martyris
469 2008 564 2048 ora
597 1992 986 2062 liganttinnitu
1017 1999 1071 2044 et
1091 2008 1224 2045 voce
1247 2000 1538 2060 crepantes
1925 1985 2090 2053 Cujus
2110 1986 2176 2038 ad
2195 1987 2485 2056 exsequias
2515 1987 2703 2041 divina
2736 1989 2982 2057 potentia
3012 1995 3221 2058 patrem

201 2083 508 2137 Prostratos
537 2082 680 2136 ultor
711 2082 954 2136 Christus
984 2097 1093 2152 quo
1124 2081 1390 2144 vindicet,
1422 2079 1634 2134 addunt
1663 2097 1677 2142 ;
1923 2076 2199 2132 Transfert
2221 2078 2570 2132 Ambrosium
2599 2079 2696 2132 sed
2725 2095 2827 2133 nec
2866 2081 3101 2134 statione
3133 2091 3399 2137 remotum

207 2171 352 2224 Inter
380 2171 684 2225 Alexander
709 2171 924 2226 functos
956 2170 1256 2224 advertitur
1279 2169 1471 2222 halans
1929 2167 2208 2236 Hesperiis
2227 2174 2363 2221 astat
2386 2167 2572 2232 Gallis,
2608 2177 2663 2222 et
2696 2167 2887 2222 funera
2919 2177 3075 2223 curat
3107 2187 3120 2233 ;

203 2263 409 2332 Aspera
435 2279 673 2334 quaeque
699 2263 847 2316 subit
879 2269 1080 2317 tractus
1108 2261 1238 2315 dum
1272 2261 1391 2314 (lira
1425 2259 1657 2314 calentis
1926 2258 2219 2313 Mediolani
2247 2261 2353 2314 aris
2385 2260 2568 2330 praesit
2599 2261 2912 2331 Turonique
2945 2261 3236 2331 sepulcris,

206 2349 440 2404 Ventum
465 2350 531 2403 ad
562 2350 721 2404 busta
749 2351 863 2420 rogi
899 2350 1143 2403 condunt
1173 2363 1283 2419 quo
1315 2362 1546 2417 corpora
1576 2345 1751 2411 crudi,
1931 2346 2086 2400 Urna!
2118 2363 2318 2401 munus
2337 2348 2447 2421 agit
2479 2363 2580 2402 nec
2611 2348 2735 2402 diva
2757 2349 3004 2403 litamina
3037 2350 3255 2420 linquit,

205 2441 521 2511 Spirantem
547 2456 677 2513 ergo
704 2440 902 2508 jubcnt
933 2441 1106 2494 libare
1133 2441 1218 2494 vel
1251 2440 1377 2514 igne
1407 2438 1656 2513 ﬂagrare.
1928 2436 2164 2508 Corpore
2189 2439 2344 2492 adest
2362 2440 2589 2510 populo,
2622 2439 2924 2509 spiramine
2952 2442 3333 2497 servitamico.

210 2533 305 2587 Ille
340 2535 517 2588 minas
547 2536 765 2589 calcans
793 2534 933 2604 rapit
963 2535 1074 2590 alto
1100 2525 1210 2587 line
1242 2549 1524 2588 coronam.
1932 2527 1988 2580 Et
2019 2527 2144 2598 quis
2173 2537 2372 2581 cuncta
2402 2529 2574 2597 patris
2603 2544 2824 2583 narrare
2858 2529 3099 2602 insignia
3130 2532 3265 2585 tanti

211 2623 397 2677 Excita
425 2639 527 2677 nec
552 2639 612 2676 se
644 2623 795 2677 abdit
827 2623 1088 2687 vindicta,
1132 2639 1235 2677 nec
1265 2622 1434 2676 incita
1464 2621 1687 2692 dignam
1931 2619 2246 2682 Przevaleat,
2281 2633 2514 2689 quorum
2545 2619 2640 2689 qui
2673 2618 2796 2684 scit,
2828 2619 2972 2690 sapit
3000 2621 3204 2686 omnia,
3239 2621 3545 2675 summam?

213 2711 331 2765 Mox
358 2711 586 2766 adhibet
608 2711 864 2765 mulctam
901 2710 1142 2775 ;ca:lum
1181 2718 1364 2765 tamen
1403 2709 1607 2782 abrigit
1639 2708 1832 2763 umbra
1935 2713 2065 2767 Nam
2089 2714 2216 2767 licet
2247 2713 2518 2767 addantur
2547 2713 2712 2766 dictis
2749 2714 3095 2785 quamplura,
3131 2715 3336 2769 residet

208 2801 465 2856 Proxima
495 2800 749 2866 terrenis,
778 2808 951 2854 terras
981 2799 1256 2854 velamine
1287 2813 1524 2864 czecans,
1945 2805 2175 2859 Maxima
2206 2814 2484 2879 gestorum
2507 2805 2604 2858 sed
2634 2821 2759 2875 pars
2780 2805 2982 2859 intacta
3008 2821 3310 2861 sacrorum.

213 2895 570 2967 Caecatosque
602 2895 862 2950 umbrans
885 2895 1140 2965 p0pulos,
1168 2894 1332 2949 micat
1355 2894 1577 2968 ignibus
1599 2909 1693 2948 aer
1721 2911 1733 2948 :
1949 2897 2145 2968 Utpote
2177 2897 2271 2968 qui
2303 2897 2510 2962 studio,
2535 2897 2782 2952 doctrina
2809 2903 2862 2950 et
2883 2897 3123 2952 culmine
3155 2899 3278 2954 vitae

217 2987 471 3042 Fulmina
496 2986 691 3042 crebra
719 2987 926 3053 volant,
960 2987 1165 3041 lethum
1200 2984 1526 3041 mortalibus
1552 2985 1722 3039 aethra
1950 2987 2156 3042 Italiam
2189 2986 2438 3056 eripiens
2464 2985 2714 3040 tenebris
2734 2985 2801 3039 ad
2833 2985 3092 3058 dogmata
3121 2987 3313 3054 vertit,

220 3079 462 3134 lntentat
490 3080 762 3150 trepidis;
795 3079 1094 3134 mendaces
1123 3095 1254 3133 vera
1285 3077 1485 3148 profari
1872 3112 1922 3180 Ο
1949 3077 2240 3134 Catholica:
2267 3074 2396 3129 fidei
2429 3083 2628 3129 cuncto
2659 3075 2797 3129 dans
2827 3074 3037 3129 lumina
3068 3076 3299 3143 mundo,

220 3174 524 3249 Coguntur,
558 3173 674 3229 fieri
700 3176 816 3229 haec
839 3182 1156 3228 sanctorum
1189 3173 1311 3228 luce
1345 3172 1600 3233 fatentes.
1875 3164 1922 3180 υ
1950 3169 2059 3222 Nos
2084 3181 2308 3238 quoque
2340 3164 2590 3235 perpetui
2625 3164 2848 3234 rapiens
2875 3165 3146 3220 aturbine
3179 3166 3312 3221 lethi

223 3263 287 3318 Hi
317 3263 451 3319 socii
484 3263 778 3330 Ambrosii,
811 3263 1036 3334 capiunt
1065 3263 1150 3318 his
1174 3263 1386 3317 lumina
1407 3261 1558 3328 caeci,
1950 3257 2193 3312 Perferat
2219 3255 2438 3311 auxiliis
2469 3261 2676 3309 aeterna
2705 3255 2772 3309 ad
2802 3256 3006 3327 gaudia
3028 3257 3202 3313 lucis!

223 3351 512 3408 Caecantur
545 3353 698 3419 sinvi,
724 3351 950 3407 rutilant
977 3350 1275 3422 splendore
1308 3350 1561 3422 benigni,

305 3504 435 3568 Quae
463 3512 776 3576 sequuntur
812 3519 974 3576 capp.
1009 3505 1077 3558 19
1097 3511 1153 3560 et
1181 3504 1255 3558 20
1286 3504 1463 3558 edidit
1506 3503 1878 3570 Mabillonius,
1913 3506 2027 3558 Act.
2061 3501 2157 3556 SS.
2191 3502 2292 3558 ord
2346 3503 2400 3558 S.
2441 3501 2677 3569 Bencd.,
2704 3509 2834 3556 tom.
2869 3503 2936 3568 ll,
2973 3518 3080 3576 pag
3131 3503 3202 3561 '20
3229 3515 3284 3561 et
3311 3471 3470 3581 seqq.

1687 3662 1900 3718 CAPUT
1938 3660 2120 3717 XVIII.

1545 3784 1622 3843 De
1662 3793 1868 3846 sancto
1915 3786 2299 3846 Columbano.

311 3931 550 3987 Diversa:
581 3928 841 4000 Ilesperia
877 3928 1066 4000 patria:
1107 3927 1356 3984 radiante
1388 3927 1686 3997 nitescunt,
1966 3929 2295 4005 Aggreditur
2332 3945 2568 4000 superat,
2601 3929 2892 3986 virtutibus
2924 3931 3131 4002 Optime
3163 3932 3335 3990 fultus

241 4020 482 4076 Diversis
509 4019 671 4073 simul
701 4019 953 4074 hostibus
977 4018 1276 4072 illustratur
1296 4025 1349 4072 ct
1376 4017 1512 4088 ipsa.
1965 4018 2169 4073 Gallica
2208 4035 2334 4073 rura
2365 4018 2520 4089 petit,
2554 4019 2738 4073 divina
2766 4020 2850 4074 his
2889 4023 3100 4076 semina
3123 4031 3367 4094 portans,

315 4109 603 4163 Ambrosio
635 4107 912 4181 insignem
944 4115 1097 4162 vates
1127 4107 1262 4177 petit
1287 4107 1524 4177 inclytus
1557 4107 1747 4161 urbem
1762 4107 1866 4142 ³³³*
1966 4107 2068 4162 Ore
2089 4124 2365 4179 manuque
2397 4123 2600 4162 vocans
2657 4109 2921 4164 caelorum
2965 4111 3032 4165 ad
3070 4113 3311 4168 culmina
3331 4124 3578 4172 cunctos.

244 4206 418 4260 Gcnte
451 4203 822 4258 Columbanus
849 4205 1134 4258 Scotorum
1166 4211 1222 4256 et
1250 4202 1522 4275 sanguine
1553 4211 1753 4258 cretus.
1966 4198 2119 4253 Celsa
2146 4209 2339 4269 petens
2367 4200 2653 4272 gradibus,
2683 4203 2852 4254 eremi
2873 4212 3085 4257 secreta
3118 4206 3369 4275 requirit,

246 4296 346 4363 Qui
374 4296 498 4367 pius
527 4313 557 4350 a
589 4311 762 4366 puero
791 4296 923 4350 vixit
962 4294 1230 4349 mirabilis
1258 4310 1397 4359 aevo,
1964 4295 2138 4364 Atque
2155 4294 2491 4349 columbinis
2531 4295 2805 4349 scandens
2826 4295 3163 4351 subitardua
3186 4301 3401 4368 pennis.

248 4387 446 4443 Christi
477 4394 655 4443 castra
685 4387 753 4422 3“
785 4388 993 4453 locans,
1061 4386 1346 4458 multoque
1403 4387 1520 4442 huic
1557 4385 1730 4441 milite
1774 4401 1865 4440 re-
1969 4381 2076 4436 Nec
2102 4381 2241 4436 divae
2263 4382 2331 4416 3‘5
2358 4381 2649 4437 frustratur
2679 4384 2800 4453 opis
2821 4385 3089 4440 solamine
3129 4403 3337 4454 servus,

1595 4477 1792 4548 [piens
1970 4474 2214 4528 Crastina
2246 4475 2538 4545 praeceptis
2569 4476 2790 4531 innixus
2821 4479 3110 4533 commoda
3142 4487 3414 4538 temnens.

246 4569 518 4641 Propositi
558 4575 732 4624 metas
763 4570 928 4639 hujus
947 4569 1161 4624 virtutis
1188 4570 1416 4625 odorem

1973 4562 2278 4627 Quaerentis
2309 4563 2452 4617 Deus
2473 4572 2682 4635 aegroto
2714 4564 2912 4620 solatia
2934 4565 3083 4622 fratri

248 4662 389 4717 Nare
414 4675 655 4731 sequens
674 4660 854 4726 avida,
891 4661 1052 4730 paulo
1087 4660 1388 4714 excessisse
1419 4659 1671 4714 videbor.
1973 4656 2180 4711 Allevat
2210 4671 2492 4730 angorem,
2533 4657 2725 4731 legans
2755 4663 2944 4728 optata
2975 4661 3270 4716 vehentem

251 4753 404 4808 Finis
426 4759 478 4806 at
510 4751 1097 4824 huncltalisquoniam
1127 4752 1428 4823 impertivit
1449 4752 1643 4826 agonis
1673 4751 1799 4818 ω’,
1888 4771 1944 4838 D
1974 4747 2210 4802 Defessis
2240 4749 2500 4802 alimenta
2522 4749 2723 4811 virum,
2759 4766 2861 4804 nec
2882 4751 3088 4806 missus
3110 4753 3290 4808 inanis

249 4843 512 4897 Ausoniis
543 4842 763 4896 tandem
795 4841 1001 4912 placuit
1022 4842 1269 4910 junxisse
1293 4843 1532 4913 tropaeis.
1970 4840 2069 4892 Aut
2096 4839 2350 4894 mercede
2379 4855 2574 4894 carens
2605 4841 2757 4894 iteris
2778 4840 2923 4910 (208)
2954 4843 3160 4898 solator
3190 4843 3366 4898 abire.

326 4932 497 4996 Quem
531 4931 766 5005 genitrix
785 4931 912 4985 dum
947 4937 1102 4986 utero
1161 4939 1337 5004 gestat
1363 4932 1665 5003 procedere
1695 4931 1868 4986 solem
1974 4926 2118 4998 ὧΗή
2149 4927 2449 4982 subventor
2479 4928 2846 4983 medicamina
2871 4929 3124 5002 conjugis
3149 4938 3286 4998 orat,

253 5023 544 5094 ASpiciens
563 5021 810 5096 gremiis,
830 5021 1017 5076 lumen
1043 5037 1390 5093 praenoscere
1419 5022 1590 5093 prolis
1975 5016 2404 5088 Subsidiumque
2434 5016 2991 5090 refert,{qu2esitaque
3024 5019 3170 5073 dona
3210 5030 3450 5091 reportat

253 5113 533 5167 lllustrata
560 5110 724 5165 datur
746 5126 1017 5182 sparsurae
1047 5111 1252 5164 lumine
1290 5120 1482 5166 terras.
1977 5111 2039 5164 Et
2068 5110 2234 5180 patris
2258 5110 2326 5164 ad
2362 5120 2548 5166 votum
2577 5112 2781 5182 reperit
2800 5112 3318 5186 viguissejugalem.

329 5203 554 5259 Artibus
573 5203 819 5258 imbutus
845 5203 1028 5273 claris,
1066 5203 1399 5259 documenta
1426 5201 1698 5274 palaestrae
2049 5201 2179 5256 Inde
2211 5201 2541 5258 Carantocus
2570 5203 2797 5258 secretis
2825 5203 3033 5258 visibus
3062 5204 3238 5260 abbas

1253 5333 1262 5342 ’
1333 5330 1605 5386 GLOSSAE
1657 5329 2078 5385 MARGINALES
2119 5330 2530 5386 MABILLONII.

335 5434 404 5471 ³⁸³
434 5437 495 5490 id
524 5439 602 5490 esi
643 5435 1029 5490 Mediolanum.
1119 5435 1189 5468 3“
1218 5436 1569 5491 monasteria.
1643 5434 1745 5468 δυ’*
1774 5434 1919 5490 vita}.
2001 5435 2070 5467 ³⁵⁵
2096 5434 2315 5490 divinae.

1834 5566 2043 5622 NOT/E.

340 5663 641 5740 (208)1tcr,
694 5667 875 5740 iteris,
915 5668 1058 5723 sicut
1085 5670 1267 5734 itiner,
1312 5670 1545 5740 itineris,
1595 5683 1705 5723 non
1743 5682 1868 5722 raro
1915 5667 2121 5720 habent
2167 5673 2399 5721 veteres.
2444 5664 2586 5740 Lege
2617 5667 2873 5726 adnotata
2903 5668 2971 5725 ad
3009 5670 3186 5726 Vitam
3233 5671 3266 5724 S
3335 5668 3588 5725 Cuthbert

268 5737 505 5793 metrire
538 5756 564 5791 a
599 5739 744 5793 Beda
775 5740 1106 5810 descriptam
1142 5739 1205 5792 ad
1236 5755 1367 5793 ann.
1399 5739 1522 5795 687.
