3972 6208
216 285 327 342 873
824 287 904 341 DE
948 289 1204 344 CHRISTI
1248 293 1608 348 TRIUMPIIIS
1651 297 1821 349 APUD
1863 298 2126 353 ITALIAM
2169 300 2343 356 LIBRI
2387 303 2515 357 XIV.
2561 336 2622 344 —
2667 306 2791 362 LIB.
2836 307 2969 362 XIV.
3457 318 3559 372 874

222 413 293 466 Se
336 413 695 488 obstringunt
738 416 1008 472 Domino:
1069 428 1241 474 mater
1296 429 1528 475 turmam
1585 433 1845 496 aggregat
1873 433 1917 497 Α
2019 431 2271 486 Adversis
2300 434 2465 487 etiam
2497 435 2588 488 ille
2619 435 2820 503 bonus,
2848 440 3118 512 servisque
3150 443 3422 518 benignus

1557 514 1771 585 [almam
1948 521 2246 591 Excipitur,
2281 527 2621 594 percussoris
2651 535 2922 584 tormenta
2941 533 3170 588 revincti

224 597 503 650 Castarum
536 599 786 668 gaudens
823 601 1084 654 comitum
1117 618 1176 655 se
1202 603 1287 655 his
1318 620 1436 658 esse
1469 605 1729 660 sodalem.
1948 613 2187 668 Nexibus
2217 615 2448 671 internis
2475 617 2621 673 ferro
2647 626 2896 690 torpente
2929 623 3143 695 relapso

223 688 509 743 Sufficitur
541 689 678 743 Patri
715 691 1085 754 Cramelenus;
1120 704 1173 746 et
1210 694 1325 762 ipse
1368 695 1512 750 beati
1950 703 2150 770 Dejecti
2183 705 2394 771 dextra,
2427 715 2552 762 ante
2587 688 2759 779 pedes
2790 688 3102 780 miseratus,
3135 715 3451 787 ademptum

223 776 454 831 Αδῦειῐί5
486 779 780 848 ενιυιιίιοτε
812 779 974 833 ἀῖιῑυ5
1005 781 1236 835 dm'OIUS
1263 784 1457 848 amori.
1951 794 2261 851 Daemonico
2286 799 2542 854 redhibet
2564 800 2748 855 virtuti
2781 802 3109 874 animusque
3137 776 3323 861 furori.

225 872 469 926 Instituit
493 880 690 927 coetum
723 873 894 928 Patris
934 875 1098 942 hujus
1131 877 1376 949 regmine
1400 880 1626 934 cultum.
1949 887 2113 944 Obvia
2143 890 2228 946 bis
2259 892 2385 946 εωνί
2420 896 2697 965 quondam
2729 905 2846 952 διτο
2874 872 3095 953 amni—ne
3127 901 3273 970 pleni

300 961 536 1030 lnclytus
569 963 666 1015 iste
697 962 853 1016 Pater
885 964 1175 1033 probitatis
1208 983 1433 1020 munere
1459 967 1672 1038 pollens
1949 979 2048 1034 ora
2079 983 2256 1038 tulere
2287 985 2410 1051 viri,
2438 961 2603 1056 ‘prece
2629 1004 2752 1043 ιηοχ
2793 1005 2930 1060 quos
2959 992 3050 1046 me
3092 961 3342 1048 rademiL

224 1053 395 1116 Quam
432 1053 677 1122 locuples
717 1068 946 1122 operum
977 1054 1128 1116 vixit,
1162 1073 1321 1126 quam
1366 1057 1502 1112 lucis
1533 1058 1842 1127 abundans,
1947 1067 2128 1124 Vexati
2162 1072 2352 1126 rabida
2379 1053 2609 1131 veniunt
2639 1077 2713 1132 ita
2743 1053 2988 1150 quinque
3025 1082 3304 1151 phrenesi,

223 1144 455 1198 Afflictis
482 1145 730 1216 impensa
761 1147 1247 1203 docentsolamina
1269 1149 1482 1204 crebra.
1947 1161 2075 1216 Ilico
2102 1163 2224 1234 quis
2255 1165 2463 1234 praebet
2492 1167 2647 1236 pulsa
2671 1144 3072 1241 quoque-peste
3100 1144 3330 1228 salutem

223 1238 660 1310 Theudegisolus
698 1242 798 1295 hoc
820 1241 991 1314 digito
1013 1243 1114 1296 sibi
1146 1243 1279 1297 falce
1311 1245 1484 1300 reciso
1947 1249 2035 1304 Sic
2062 1251 2204 1305 Patri
2225 1252 2486 1320 juvenem
2513 1238 2704 1329 viginti
2736 1238 2979 1314 millibus
3005 1268 3184 1314 actum

225 1332 503 1404 Comperit
530 1335 620 1401 ³⁵⁸,
661 1335 944 1406 excipiens
988 1337 1222 1392 subitam
1255 1340 1565 1396 medicante
1611 1343 1841 1397 salutem
1949 1340 2174 1394 Currere
2193 1343 2404 1410 pernici
2427 1343 2663 1399 volucris
2684 1345 2880 1401 virtute
2921 1349 3169 1420 chelydri
3199 1351 3266 1384 ³⁵⁵

225 1428 328 1482 Ore
360 1429 554 1490 Patris,
590 1428 707 1484 fusa
741 1430 914 1502 plaga:
944 1447 1041 1500 per
1069 1442 1259 1502 aperta
1289 1435 1486 1489 saliva:
1949 1435 2203 1490 Restituit
2236 1438 2494 1507 precibus
2512 1438 2676 1494 fixum
2707 1442 2962 1514 votisque
2996 1453 3298 1515 receptum.

226 1521 439 1575 Fortior
459 1530 512 1574 et
535 1529 776 1592 emptum
812 1531 1072 1592 repetens
1102 1525 1221 1579 sine
1254 1526 1378 1580 labe
1416 1527 1682 1589 laborem.
1950 1524 2116 1579 Mater
2147 1525 2274 1581 item
2302 1543 2424 1582 cum
2457 1529 2612 1598 prole
2640 1531 2746 1585 ruit
2778 1531 2878 1586 hac
2907 1532 3032 1588 labe
3065 1533 3285 1602 referta,

223 1609 466 1663 Membro
495 1610 804 1664 crediderat
831 1612 978 1681 quod
1020 1629 1078 1665 se
1108 1614 1356 1668 amisisse
1390 1625 1632 1686 recepto.
1948 1616 2056 1670 Nec
2084 1633 2257 1683 mora,
2293 1626 2551 1692 purgatas
2575 1621 2778 1686 pariter
2808 1622 2965 1677 Pater
2994 1624 3092 1679 iste
3123 1627 3369 1683 remittit.

226 1699 335 1753 Nec
374 1699 556 1753 minus
585 1702 819 1774 egregiae
849 1703 1168 1770 perfunctus
1202 1705 1408 1760 honore
1437 1708 1666 1761 medela:
1873 1757 1917 1790 υ
1950 1710 2150 1782 Sicque
2180 1713 2464 1770 Parisiacae
2496 1715 2772 1771 bacchaus
2801 1718 2855 1771 in
2885 1719 3071 1774 limine
3103 1730 3294 1790 portae,

619 1757 650 1772 υ
718 1757 750 1774 υ
850 1757 860 1770 ,
1387 1757 1402 1759 -
1440 1757 1662 1761 ,_,____"
1951 1757 2150 1782 --μνη
2180 1757 2196 1766 .
2219 1757 2463 1770 ....-...w.
2496 1757 2772 1771 ....c..........
3103 1757 3294 1790 νυιιτι,

229 1792 511 1846 l’ernicem
531 1794 806 1862 conquirit
836 1811 995 1865 opem
1029 1796 1312 1867 cladisque
1345 1799 1590 1854 levamen
1873 1757 1920 1824 Β
1951 1803 2171 1875 Hucque
2211 1805 2396 1861 venire
2447 1823 2706 1878 querens,
2774 1811 2983 1864 mmstis
3031 1810 3135 1866 sibi
3189 1813 3416 1867 vocibus
3469 1814 3560 1870 ho-

225 1881 341 1936 Otia
376 1889 616 1937 sectatus
654 1885 839 1938 senior
871 1885 1134 1941 \Vinocus
1163 1896 1396 1960 agreste,
3229 1901 3385 1971 [stem
3421 1902 3489 1935 ³66

224 1973 358 2026 Dum
391 1973 618 2028 miratur
637 1991 777 2045 opus
807 1975 1026 2031 Patrum
1044 1978 1283 2032 Terrena
1311 1988 1623 2052 gerentum,
1945 1982 2114 2053 Atque
2141 1983 2232 2036 Dei
2265 1983 2523 2039 famulum
2551 1985 2772 2060 vulgato
2795 1986 3016 2042 nomine
3039 1988 3305 2058 prodens;

223 2063 540 2135 Militiaeque
566 2065 710 2121 viros
739 2083 953 2137 superae
987 2070 1183 2123 sudare
1225 2069 1414 2125 labore
1947 2070 2195 2125 Portibus
2229 2073 2478 2143 imperiis
2506 2073 2644 2128 diris
2676 2073 2806 2128 dum
2837 2075 3047 2131 viribus
3075 2078 3272 2143 obstat,

220 2154 487 2224 Adstupet
516 2155 803 2227 agricolas;
837 2172 1013 2211 cuneo
1035 2158 1266 2213 saliente
1301 2160 1505 2228 petitus
1941 2163 2041 2216 Ore
2066 2181 2286 2218 manum
2314 2166 2460 2236 capit
2491 2167 2750 2230 innocuo,
2787 2167 3085 2241 linguaque
3118 2186 3365 2240 repressa

219 2243 434 2298 Frontis
465 2253 651 2316 aperta
672 2247 862 2319 gemit,
897 2247 1127 2320 fusoque
1149 2266 1342 2305 cruore
1374 2252 1656 2306 madescit.
1941 2259 2171 2313 Almit’ici
2203 2260 2408 2332 digitis,
2437 2262 2630 2328 jussus
2660 2262 2856 2318 fwtore
2884 2273 3150 2336 sequente

215 2333 278 2387 At
329 2334 601 2388 miserans
633 2335 788 2389 Pater
813 2352 1098 2409 angorem,
1144 2339 1503 2411 celeransque
1549 2342 1834 2409 juvamen,
1942 2348 2232 2417 Sulphuris
2257 2350 2446 2404 ΛΞΜ]ιυί
2469 2350 2722 2405 affectum
2757 2333 3112 2425 lacerumque
3145 2354 3425 2426 relinquit.

214 2426 389 2496 Inque
420 2426 628 2480 cubans
659 2427 820 2493 votis,
856 2437 1111 2499 preperat
1145 2448 1375 2504 purgare
1406 2433 1617 2498 salivis,
1939 2440 2204 2511 Tempore
2226 2442 2338 2510 jam
2374 2443 2543 2498 multo
2583 2443 2811 2498 Phaabei
2841 2447 3088 2501 muneris
3117 2463 3314 2517 expers

213 2515 431 2586 Oreque
458 2533 816 2587 conspersum
845 2520 1022 2574 reddit
1057 2529 1179 2591 post
1211 2531 1368 2592 sputa
1395 2523 1619 2592 piatum.
1943 2533 2161 2604 Hospite
2194 2532 2433 2588 clariﬁco
2464 2535 2744 2590 rutilantia
2782 2537 2927 2592 dona
2957 2515 3203 2594 resumit;

215 2607 467 2680 Dumque
497 2609 687 2665 fovens
719 2610 863 2665 facili
897 2627 1099 2667 sawum
1134 2613 1252 2667 linit
1273 2615 1520 2688 unguine
1549 2614 1766 2681 vulnus,
1943 2627 2361 2696 Frustratusque
2390 2625 2481 2681 diu
2513 2634 2767 2682 revocato
2808 2628 3015 2684 lumine
3042 2630 3267 2702 gaudet,

215 2700 396 2766 Curat.
429 2701 631 2772 vixque
658 2702 970 2758 είοδῐΐίουῐη
1012 2705 1247 2777 vestigia
1279 2714 1480 2770 servat.
1947 2719 2066 2789 Ipse
2097 2718 2424 2792 peregrinus
2455 2719 2805 2792 peregrinum
2836 2728 2895 2775 ut
2917 2721 3125 2776 lumine
3156 2729 3358 2792 captat.

215 2789 529 2845 Salvilicum
555 2792 723 2866 digno
747 2793 832 2847 hic
853 2803 1092 2848 sectatus
1124 2795 1337 2849 tramite
1359 2796 1570 2850 Patrem
2018 2811 2112 2864 mc
2142 2809 2223 2864 vir
2239 2789 2930 2882 'prmpollens—Christique
2963 2789 3237 2867 Columba
3272 2813 3557 2879 renidens,

293 2884 573 2938 Frumenti
606 2885 754 2940 dolet
775 2902 1022 2941 aerumna
1044 2887 1378 2942 fraccescere
1420 2889 1488 2922 “5"
1515 2887 1729 2959 fratres,
1947 2901 2175 2955 Lumine
2207 2916 2372 2970 quam
2397 2899 2574 2953 clarus
2603 2915 2915 2971 superoque
2946 2902 3125 2956 nitore
3157 2919 3418 2959 coruscus

139 2992 141 2994 ·
217 2974 530 3029 Sollicitum
560 2975 682 3029 fidis
713 2976 969 3030 comitem
994 2977 1153 3032 Pater
1192 2978 1352 3048 erigit
1377 2979 1548 3032 orsis:

1942 2995 2195 3058 Fulserit,
2221 2994 2524 3049 innumeris
2554 2995 2824 3050 radiantia
2853 2996 3094 3051 culmina
3115 2997 3276 3052 donis

215 3067 332 3122 Νοη
365 3068 786 3139 linquiiustum.
815 3069 1064 3124 30b0'0m
1098 3086 1200 3124 nec
1231 3086 1479 3141 (tumere
1509 3087 1726 3166 Panem-
1861 3099 1910 3166 Ο
1940 3086 2208 3140 Virtutum
2234 3091 2511 3158 retegunt,
2531 3084 2891 3156 volucresque
2925 3084 3162 3157 fermque
3190 3086 3493 3158 loquuntur

216 3159 382 3212 Dictis
411 3169 534 3213 vota
564 3159 726 3214 fidem
770 3160 996 3226 faciunt,
1039 3178 1208 3216 vacua
1242 3163 1437 3216 horrea
1469 3162 1588 3217 solo

1871 3159 1908 3166 ν
1942 3176 2181 3229 Saltibus
2211 3175 2280 3207 ³⁵⁷
2314 3176 2526 3240 θερίαν,
2559 3175 2799 3246 nisuque
2825 3175 3085 3231 adulante
3108 3184 3360 3246 recepta'.

218 3254 498 3329 Largitore
531 3255 640 3309 Deo
672 3255 818 3309 facili
851 3257 1050 3310 virtute
1084 3257 1382 3327 replentur.
1941 3267 2018 3318 An
2043 3281 2151 3319 non
2184 3265 2301 3318 haec
2331 3266 2398 3298 ³⁸⁸
2431 3263 2574 3319 furto
2592 3280 2788 3319 corvus
2819 3265 3086 3321 clamasse
3117 3268 3310 3332 relato,

218 3346 330 3401 Nox
372 3347 543 3401 subiit
573 3353 768 3415 totum,
810 3357 998 3405 vector
1026 3351 1128 3405 nisi
1159 3367 1320 3405 nemo
1350 3357 1601 3421 repertus
1941 3353 2276 3424 Imperiique
2307 3363 2552 3407 tremens
2581 3355 2742 3417 visus,
2763 3362 2968 3410 terrere
3001 3357 3260 3427 potentis,

223 3435 486 3491 Conditor
515 3437 836 3503 immensus,
871 3438 1019 3512 large
1045 3439 1181 3494 dans
1205 3439 1468 3495 omnibus
1495 3456 1652 3495 unus.
1943 3445 2174 3518 Pergere
2201 3444 2255 3496 ni
2279 3443 2468 3511 jussus
2492 3450 2614 3514 post
2646 3444 2861 3499 reddita
2899 3445 3121 3513 damna,
3156 3464 3259 3502 nec
3285 3447 3489 3504 ausus?

222 3524 312 3578 Sic
341 3525 616 3595 quondam
648 3525 838 3597 glebas
867 3535 1041 3581 rastro
1063 3528 1396 3582 sarientibus
1424 3528 1667 3595 adstans,
1942 3534 2108 3589 Ursus
2137 3549 2205 3586 an
2246 3532 2466 3586 insolito
2499 3530 2691 3586 reboat
2723 3547 2830 3587 non
2865 3532 2967 3588 ista
2998 3551 3203 3604 pavore

223 3617 516 3690 Sexaginta
540 3617 699 3688 jubet
725 3618 1070 3690 geminorum
1103 3635 1331 3674 munera
1362 3635 1562 3689 panum
1940 3623 2054 3678 Jam
2077 3621 2353 3691 prtelibata
2382 3618 2549 3674 verbo
2581 3619 2846 3688 depulsus
2873 3620 2942 3674 ab
2973 3637 3120 3691 esca,

225 3707 353 3762 Cum
386 3715 550 3779 potus
590 3710 735 3780 quod
769 3727 992 3781 parvum
1021 3711 1210 3765 aderat
1240 3710 1508 3766 solamine
1541 3711 1692 3766 ferri.
1939 3716 2175 3788 Tergora
2195 3713 2428 3768 cervinae
2460 3727 2686 3766 servans
2707 3711 2876 3767 illaasa
2899 3713 3126 3783 rapiare,

220 3799 483 3854 Mirantur
503 3801 742 3856 crevisse
773 3802 942 3872 dapes
970 3801 1326 3856 vescentibus
1356 3801 1466 3855 illis
1943 3806 2001 3860 Et
2024 3804 2295 3859 famulans
2322 3803 2525 3858 sanctis
2545 3809 2854 3858 sanctorum
2878 3804 2946 3858 ad
2971 3805 3261 3860 commoda
3285 3806 3490 3874 jussis?

221 3890 513 3959 Ruricolae,
558 3894 898 3966 duplamque
930 3901 1112 3965 stupet
1151 3894 1350 3966 legisse
1381 3895 1450 3928 ³⁶⁰
1481 3894 1733 3950 minister
1943 3898 2051 3953 Nec
2094 3898 2244 3953 solus
2264 3904 2416 3953 notat
2444 3897 2563 3952 hzec
2589 3898 2743 3952 testis
2772 3897 2860 3963 ³⁸9,
2895 3897 3115 3951 diversa
3147 3898 3399 3954 feruntur

223 3978 474 4034 Convivis
505 3982 723 4047 saturis,
757 3999 1004 4037 escarum
1032 3990 1084 4036 et
1116 3981 1304 4036 fenora
1335 3993 1516 4052 potus.
1945 3988 2058 4042 Huc
2073 3994 2300 4043 attracta
2324 3987 2490 4043 olidis
2509 3985 2577 4020 37°
2603 3986 2923 4052 animantia,
2958 4002 3088 4040 nare
3119 3987 3301 4060 sagaci

293 4072 401 4126 Nec
433 4074 608 4127 solum
642 4075 895 4144 preprios
912 4076 1156 4128 clemens
1180 4074 1251 4129 ita
1280 4082 1459 4128 servat
1484 4074 1765 4130 alumnos.-
1943 4079 2175 4135 Nutibus
2204 4090 2368 4151 atque
2401 4079 2618 4150 repulsa
2652 4079 2823 4134 Patris
2844 4080 2970 4134 dum
2993 4079 3137 4150 pelle
3164 4081 3379 4136 revulsa

224 4161 363 4226 Quin
386 4162 656 4215 succurrit
687 4169 739 4215 et
771 4164 1033 4222 externis,
1053 4172 1105 4216 et
1134 4163 1355 4217 vincula
1396 4165 1558 4218 solvit
1946 4170 2148 4224 Pabula
2177 4168 2442 4223 nudatum
2471 4169 2667 4222 sinitur
2695 4175 2949 4240 priestare
2979 4169 3232 4224 cadaver.

228 4251 484 4319 Etheria,
511 4260 656 4306 tactu
677 4252 864 4306 famuli
897 4253 1128 4307 contrita
1163 4251 1420 4306 fatiscunt
1947 4258 2054 4313 Sed
2085 4275 2185 4313 nec
2208 4259 2462 4313 dissimili
2505 4259 2715 4333 regitur
2739 4259 3135 4334 moderamine,
3166 4253 3345 4331 por'uis

232 4342 306 4396 Ad
333 4344 549 4411 jussum
579 4359 685 4396 tera
718 4343 908 4406 Patris,
942 4343 1296 4397 velluntur3‘“
1333 4343 1564 4397 crimina
1597 4343 1774 4398 iantes
1870 4394 1919 4424 Π
1947 4352 2044 4415 Qui
2077 4369 2174 4422 per
2213 4351 2545 4421 discipulum
2577 4352 2749 4407 cessis
2789 4352 3043 4407 insistere
3067 4369 3265 4424 parens

281 4394 305 4396 ἡ
583 4394 616 4396 ,_
661 4394 684 4396 η
719 4394 735 4396 _
1950 4394 2044 4415 κη.
2078 4394 2164 4422 νυ.
2213 4394 2545 4421 ...--.,,........
2577 4394 2749 4407 ww...
2790 4394 3042 4407 ...ωυηω
3069 4394 3265 4424 ,ων-..ι

229 4434 295 4487 Se
323 4443 648 4509 purgaturos
681 4434 1057 4504 lacrymisjam
1089 4443 1286 4505 sponte
1315 4434 1556 4489 litandis.
1869 4394 1920 4460 υ
1950 4442 2175 4497 Carcere
2205 4441 2306 4496 scit
2325 4441 2525 4506 vetitis,
2566 4451 2858 4513 cessatque
2889 4441 3100 4497 inhiare
3128 4441 3356 4512 rapinis.

227 4527 464 4583 Nexibus
492 4528 706 4582 eductis
737 4530 804 4561 3“
838 4529 996 4594 lavat,
1031 4543 1095 4582 ac
1119 4527 1351 4602 vestigia
1377 4528 1558 4602 tergit,
1946 4532 2138 4586 Vivere
2163 4531 2398 4585 decretis
2424 4530 2513 4598 3“,
2546 4532 2802 4603 escisque
2827 4531 3096 4587 absistere
3126 4533 3295 4603 partis
3323 4533 3410 4583 3".

229 4616 286 4670 Et
317 4617 444 4671 lotis
473 4617 583 4689 agit
613 4615 924 4681 ecclesiam,
969 4616 1064 4670 sed
1099 4616 1289 4670 limine
1306 4617 1490 4670 clauso
2016 4621 2182 4686 Quam
2207 4620 2405 4674 virtute
2438 4627 2633 4691 petens
2658 4622 2813 4675 verbi
2844 4638 3008 4692 quam
3035 4621 3274 4677 culmine
3299 4629 3560 4692 praestans

225 4703 335 4760 Non
365 4715 513 4777 patet
545 4707 797 4761 introitus
819 4707 1070 4778 trepidis,
1094 4707 1432 4778 jamjamque
1459 4706 1772 4778 propinquo
1949 4710 2040 4765 Hic
2069 4710 2227 4764 Pater
2256 4709 2472 4774 enituit,
2496 4718 2551 4763 et
2575 4709 2726 4777 jussa
2756 4718 2810 4764 et
2831 4708 2972 4764 facta
3003 4709 3305 4783 resignant.

221 4792 450 4870 Agmine
474 4797 762 4852 custodum
794 4805 1139 4868 repetentum
1173 4798 1240 4852 ad
1275 4797 1510 4852 tormina
1541 4805 1722 4866 raptos
1753 4796 1837 4847 353.
1948 4804 2005 4858 ιιι
2037 4819 2257 4874 quoque
2287 4809 2563 4857 castorum
2587 4802 2784 4874 retegit
2804 4801 3095 4856 famulatus
3124 4802 3404 4858 alumnum

227 4888 452 4943 Vincula
483 4889 784 4960 quijussis,
809 4889 1070 4959 precibus
1093 4906 1313 4962 quoque
1338 4889 1526 4943 limina
1558 4888 1768 4960 pandit,
1948 4901 2008 4953 Et
2033 4898 2309 4971 quondam
2339 4897 2524 4969 liquor
2554 4897 2791 4952 emissus
2811 4897 3112 4952 famulante
3149 4897 3370 4963 cliente,

229 4983 579 5055 Claustraque
607 5001 731 5039 cum
764 4985 905 5040 votis
936 4993 1143 5040 reserat
1170 4985 1492 5039 nutantibus
1513 4983 1694 5055 mgris,
1948 4988 2056 5042 Nec
2087 4995 2268 5042 tamen
2288 4984 2492 5040 effusus
2520 4985 2828 5056 pervadens
2857 4985 3095 5041 claustra
3113 5001 3332 5041 corona:

228 5074 297 5128 Ac
334 5073 499 5128 simul
519 5074 779 5146 ingressis
810 5074 988 5130 solitis
1017 5074 1176 5128 struit
1204 5074 1340 5128 ostia
1369 5072 1558 5144 septis.
1947 5077 2160 5149 Spargit
2179 5077 2430 5142 humum,
2453 5075 2586 5147 quin
2613 5075 2830 5129 insueto
2853 5075 2991 5146 petit
3011 5077 3230 5150 agmine
3249 5076 3318 5109 ³⁷³
3339 5075 3556 5130 coelum.

231 5162 435 5218 Clavier
454 5163 522 5198 3“
550 5164 666 5218 haec
700 5165 998 5236 hostesque
1027 5179 1127 5218 suo
1151 5163 1360 5216 munita
1386 5161 1574 5233 vigore
1948 5165 2175 5221 Tollitur
2239 5165 2294 5220 in
2377 5181 2608 5220 vacuum
2673 5164 3027 5237 duplicatque
3084 5166 3371 5221 cacumine
3427 5165 3559 5220 trul-

227 5249 545 5322 Cernentes,
577 5260 832 5310 metuunt
860 5253 1048 5309 divino
1085 5253 1308 5308 numine
1350 5259 1494 5308 tutos
3236 5257 3366 5328 [lum
3397 5258 3485 5311 37‘.

227 5349 516 5420 Appetere,
549 5349 806 5406 humanis
828 5359 921 5406 aut
949 5350 1186 5406 subdere
1212 5349 1427 5422 legibus
1457 5355 1625 5404 actos.
1943 5349 2103 5404 Jussa
2128 5349 2302 5404 Patris
2331 5349 2620 5416 decorans,
2663 5346 2962 5419 famulique
3003 5355 3210 5418 patrata
3242 5339 3559 5404 venustans'.

1293 5455 1575 5510 GLOSSZE
1619 5454 2044 5512 MARGINALES
2084 5454 2489 5510 MABILLONII.

292 5556 361 5590 ³⁵⁸
395 5564 661 5626 expertus
717 5566 802 5613 est
936 5557 1005 5591 3‘9
1036 5555 1223 5629 animo
1276 5554 1473 5629 frangi.
1567 5553 1663 5629 _36°
1685 5555 2013 5629 col_legi_sse._
2126 5556 2190 5590 ³⁶¹
2228 5555 2559 5629 eripiuntur.
2591 5626 2619 5629 ﬂ
2660 5556 2728 5590 ³⁸³
2757 5557 2799 5623 f.
2863 5555 3102 5629 eductos.
3195 5555 3294 5629 ἔω
3323 5562 3558 5629 ereptos.

223 5624 290 5708 3“
424 5624 694 5708 Claviger.
777 5629 845 5664 ³⁸⁵
873 5626 1159 5708 serpentis
1194 5641 1287 5682 seu
1316 5624 1630 5708 idalmonis.
1811 5624 2264 5708 Columbanum.“
2309 5624 2375 5660 ³⁸⁷
2399 5644 2429 5680 e
2480 5626 2714 5708 saltibus
2768 5643 2902 5708 “seu
2929 5627 3097 5708 silvis.
3175 5627 3259 5708 *ἷξε
3281 5624 3558 5708 miracula.

223 5695 293 5731 ³⁸⁵
320 5696 506 5753 Ursus.
577 5695 677 5732 "37°
709 5701 770 5753 id
820 5704 918 5765 est,
967 5695 1255 5754 'olentibus
1314 5696 1591 5753 carnibus.
1704 5695 1768 5729 3“
1802 5696 2085 5766 permissis
2195 5697 2264 5730 37’
2291 5698 2678 5766 praesentibus.
2767 5697 2838 5731 3""
2865 5699 3090 5770 impetu.
3174 5698 3244 5732 37"
3266 5716 3360 5755 vas
3414 5699 3561 5755 vina-

231 5783 393 5823 ΠΜ
539 5828 832 5904 'Pmot.
887 5839 1211 5902 cxxxv.
3169 5842 3252 5904 28
