3972 6208
190 351 300 406 877

193 486 308 542 Vim
333 504 588 559 superam
617 492 766 548 cives
798 496 900 567 ipsi
930 501 1418 572 reniteretucntes,

194 575 322 642 Ejus
359 580 429 631 ab
459 583 646 651 aporia
675 585 744 618 δυο
771 603 890 642 sese
923 606 1276 662 compescere
1308 609 1558 656 censent.

195 665 290 719 Ille
317 667 513 722 videns
537 686 596 723 se
625 673 774 728 nullo
801 678 926 750 angi
959 683 1204 748 custode,
1240 689 1435 742 reverti

193 757 269 809 Ad
305 758 426 813 data
459 769 634 816 castra
667 765 822 834 petit,
849 769 1127 842 mediique
1162 774 1216 828 in
1246 777 1361 831 sole
1393 779 1503 834 diei

194 848 539 922 Regreditur,
574 856 811 911 mediam
844 862 1045 930 p0pulo
1065 877 1347 934 spectante
1375 875 1695 941 perurhem,

262 941 372 996 Nec
398 959 548 998 mora
571 950 897 1005 concutiunt
928 971 1183 1023 proceres
1207 960 1320 1015 hare
1352 965 1540 1019 nuntia
1559 968 1731 1036 diros,

197 1033 572 1108 Instigantquc
602 1039 793 1096 initum
828 1046 1027 1112 passim
1059 1052 1337 1108 cumulare
1362 1054 1620 1115 furorem.

195 1126 426 1199 Legatur
456 1130 649 1187 furiata
680 1136 877 1191 cohors
912 1143 1209 1198 comitante
1243 1147 1465 1204 tribuno

191 1215 401 1270 Vellere.
435 1219 740 1288 ductorem,
761 1227 1055 1301 exsiliique
1083 1234 1346 1289 reducere
1379 1240 1656 1296 mulctam.

188 1306 471 1360 Accedens
500 1313 805 1368 truculenta
829 1333 1024 1372 manus
1055 1333 1291 1378 ca‘catur
1313 1325 1366 1378 in
1399 1344 1507 1382 uno
1540 1330 1628 1396 39',

186 1396 395 1451 Caetera
418 1403 789 1472 conspiciens,
817 1423 1142 1478 praesentem
1176 1419 1371 1486 quarrit
1401 1427 1454 1474 et
1481 1421 1674 1477 ambit.

190 1487 504 1562 lmpingunt
533 1493 587 1547 in
619 1512 742 1550 eum
774 1500 1028 1568 pedibus,
1055 1507 1326 1564 velamine
1358 1519 1564 1565 vestem

189 1577 546 1657 Contingunt,
578 1604 636 1642 se
667 1601 982 1648 cernentem
1045 1614 1222 1670 neque
1277 1619 1505 1658 cernere
1549 1618 1794 1677 possunt.

186 1672 323 1728 Sidit
353 1676 423 1709 3‘“
443 1693 613 1734 ovans
644 1682 786 1737 inter
827 1689 1023 1758 trepidi
1051 1693 1209 1747 anxia
1238 1695 1690 1755 tlabratumultus

182 1761 286 1815 Sed
316 1765 476 1820 datur
509 1770 611 1824 hoc
643 1783 892 1842 spectare
925 1778 1074 1845 duci,
1107 1782 1199 1852 qui
1232 1783 1368 1838 forte
1401 1797 1659 1843 renutans

184 1850 417 1908 Venerat
448 1873 510 1910 ac
543 1860 758 1926 nolens,
799 1865 950 1919 solus
978 1870 1211 1924 tesidere
1242 1872 1511 1944 legentem

185 1943 240 1995 In
275 1946 458 2000 medio
483 1949 629 2004 videt
661 1963 964 2024 errantum,
997 1962 1091 2013 sed
1125 1967 1364 2032 tegmine
1397 1968 1465 2001 ³υ³
1497 1969 1700 2025 lzetum.

177 2035 319 2095 Quos
352 2053 620 2094 revocans
649 2047 913 2113 repedare
935 2049 1113 2118 jubet,
1154 2056 1379 2127 regique
1412 2059 1617 2115 referre

180 2120 391 2179 Frustra
424 2129 631 2200 agitare
663 2132 837 2188 virum
871 2138 996 2193 divo
1029 2145 1295 2198 tutamine
1321 2155 1541 2203 tectum.

173 2213 421 2272 Infremit
454 2220 566 2276 luce
602 2225 846 2296 capiens,
876 2241 1143 2304 auctoque
1178 2235 1358 2293 furore
1393 2248 1656 2311 tyrannus

169 2305 487 2366 Accumulat
511 2312 814 2372 facinus...
851 2322 916 2375 ad
943 2326 1182 2393 pessima
1214 2329 1403 2402 legans

168 2396 412 2455 Crudelis
445 2403 677 2461 famulos
707 2417 1023 2483 peragenda
1057 2423 1278 2494 negotia
1302 2425 1504 2492 jussos.

236 2487 544 2547 Psalentem
588 2504 730 2552 etetu
754 2501 1036 2560 inveniunt
1061 2509 1297 2579 stipante
1327 2530 1551 2583 canoro,

171 2579 328 2636 Exeat
361 2583 664 2654 insinuant,
696 2594 845 2649 venit
877 2613 986 2667 quo
1013 2603 1231 2656 tramite
1267 2619 1476 2680 pergat.

172 2671 410 2730 Rennuit
442 2677 530 2732 ille
554 2698 750 2755 greges
771 2702 1038 2760 carosque
1078 2694 1392 2767 relinquere
1423 2709 1600 2756 natos.

172 2759 410 2817 Lictores
443 2769 716 2842 utrimque
749 2776 910 2831 timor
940 2759 1229 2837 conturbat
1252 2793 1305 2839 et
1330 2787 1540 2856 horror,

173 2852 298 2909 llinc
327 2858 479 2928 regis
501 2859 669 2930 furor,
702 2865 829 2921 hinc
861 2870 993 2924 tanti
1029 2877 1336 2932 reverentia
1363 2879 1552 2935 Patris.

169 2945 518 3019 Compatiens
548 2956 672 3025 pius
703 2958 949 3018 indultor
969 2965 1282 3024 discrimine
1304 2974 1495 3042 septis,

167 3037 472 3112 Egreditur,
505 3045 867 3107 lamentantes
890 3057 1221 3114 comitantur
1245 3037 1473 3133 alumni,

159 3131 336 3188 Avulsi
368 3135 594 3206 quidam
624 3141 769 3197 luctu
801 3147 1012 3216 potiore
1043 3157 1318 3209 tenentur.

160 3219 259 3274 llos
284 3223 510 3280 solatori
553 3229 783 3287 Domino
817 3245 1000 3291 tamen
1029 3239 1119 3293 ille
1151 3245 1386 3300 tuendos

158 3313 431 3387 Allegans,
458 3319 680 3378 laudare
704 3336 891 3383 monet
918 3330 1036 3385 sine
1070 3333 1177 3389 tine
1206 3335 1528 3406 Tonantem,

155 3402 386 3461 Altorem
423 3409 680 3482 huncque
710 3424 922 3485 patrem
971 3421 1190 3479 valeant
1236 3437 1295 3481 ut
1335 3429 1538 3485 habere
1587 3431 1768 3489 foven-

1547 3524 1694 3595 [tem.

161 3582 382 3640 Ducitur
407 3589 622 3658 exsilio,
653 3592 907 3670 ferroque
941 3603 1145 3671 petitus
1170 3607 1317 3663 inani

159 3670 432 3747 Vitegitur
456 3693 674 3749 supera,
709 3693 926 3757 captum
945 3670 1255 3750 tortoribus
1277 3698 1344 3732 39‘
1378 3699 1589 3757 hostem

161 3759 346 3832 Eripit,
383 3766 527 3821 hunc
561 3771 750 3839 p_riscze
781 3777 1081 3836 redhibcns
1112 3784 1409 3859 pluresque
1440 3792 1622 3848 saluti.

156 3853 358 3912 Allatas
385 3876 606 3932 quoque
647 3865 952 3939 ductorem,
985 3853 1146 3946 quem
1165 3853 1389 3950 spernat
1419 3885 1647 3942 haberet

156 3946 314 4003 Ocius
329 3960 390 4005 ut
423 3953 846 4029 dominatorem,
878 3972 1202 4041 tempusque
1224 3975 1484 4047 resignat,

156 4035 408 4095 Lothario
433 4055 616 4100 careat
637 4048 877 4107 dominis
905 4056 1006 4109 sub
1043 4059 1288 4132 principe
1321 4067 1482 4122 caris.

222 4129 464 4186 Tandem
495 4144 650 4191 actus
681 4139 888 4215 Ligeris
915 4145 1111 4202 fluctus
1134 4129 1245 4217 jam
1280 4153 1444 4210 lintre
1477 4159 1662 4213 subire

157 4215 469 4291 Oceanique
497 4225 770 4294 petiturus
803 4243 1114 4302 pervertere
1145 4257 1390 4312 campos,

154 4309 284 4365 Dum
319 4313 470 4370 lento
500 4316 568 4351 ⁸9⁵
589 4323 845 4392 scapham
873 4329 1112 4387 subeunt
1133 4337 1418 4393 molimine
1442 4340 1655 4407 fratres,

156 4399 443 4474 Egregium
477 4411 650 4464 sancti
685 4415 941 4471 comitem
977 4427 1307 4494 cognomine
1338 4429 1500 4486 Luam

154 4491 450 4552 Custodum
482 4517 636 4558 remo
667 4506 892 4575 quidam
928 4513 1329 4574 audacissimus
1361 4523 1539 4580 haurit
1568 4527 1655 4581 ³9⁸.

153 4583 406 4658 Increpat
431 4601 673 4649 atrocem
705 4598 900 4656 dumor
920 4604 988 4638 ³9⁷
1021 4624 1119 4676 pro
1150 4611 1382 4669 crimine
1415 4617 1659 4691 dignam,

154 4676 404 4736 Praecinit
435 4691 489 4738 et
520 4685 730 4745 Christo
765 4693 1025 4751 luiturum
1059 4701 1278 4758 vindice
1309 4710 1554 4766 multam.

151 4766 378 4826 Famina
406 4774 512 4828 lata
536 4793 777 4849 sequens
804 4788 937 4840 certi
967 4790 1162 4859 probat
1203 4797 1339 4852 ultio
1372 4801 1509 4856 vatis
1543 4821 1555 4856 :

151 4860 385 4937 Moxque
416 4870 746 4930 revisentem
808 4889 1023 4949 portum
1072 4897 1225 4944 vorat
1255 4894 1404 4949 unda
1433 4905 1764 4966 protervum.

153 4955 223 5010 Ac
255 4957 384 5027 pius
423 4965 687 5022 arradens
719 4968 961 5029 fluvialia
991 4983 1142 5052 terga
1169 4983 1374 5052 carina,

152 5043 340 5104 Sicubi
369 5059 629 5124 metatur,
658 5062 848 5129 pronis
877 5064 981 5122 fert
1007 5067 1213 5128 Iumina
1244 5077 1422 5144 caacis,

781 362 861 416 DE
901 363 1155 421 CHRISTI
1197 370 1556 429 TRIUMPHIS
1597 379 1766 434 APUD
1812 382 2071 440 ITALIAM
2117 387 2290 444 LIBRI
2334 392 2468 448 XIV.
2511 426 2577 436 —
2621 398 2742 454 LIB.
2787 403 2915 460 XIV.

3421 422 3526 478 878

1841 527 1886 588 Α
1920 517 2148 574 Horrida
2178 524 2465 593 spirituum
2499 529 2726 600 depellit
2757 547 2998 594 monstra
3031 543 3324 614 nigrorum.

1987 610 2173 682 Puppe
2200 632 2394 672 secans
2420 620 2594 674 undas
2623 623 2825 682 Turoni
2858 630 3131 690 delabitur
3160 639 3290 706 oris,

1913 697 2096 754 Visere
2136 718 2290 758 sacra
2321 707 2514 764 volens
2543 713 2753 769 Martini
2782 721 3044 776 avertitur
3071 726 3214 793 aula,

1911 786 2037 842 Cum
2068 807 2301 850 mmrore
2326 814 2556 868 gemens
2595 806 2736 860 votis
2765 817 2979 878 portum
3012 815 3366 873 ohtinetimis
3400 840 3413 875 :

1911 876 2093 934 Remis
2125 890 2242 939 acta
2269 888 2444 942 avidis
2479 894 2773 952 moderans
2799 917 2857 955 se
2885 907 3085 975 scapha
3117 910 3337 979 resistit,

1907 971 2066 1026 Arma
2095 975 2501 1044 gubernantum
2534 996 2719 1056 spreto
2738 1000 2946 1050 rectore
2980 999 3339 1073 triumphans,

1908 1060 2104 1118 Littora
2136 1077 2332 1138 sponte
2364 1081 2561 1142 petens
2592 1079 2696 1134 Icrt
2727 1082 2898 1139 invito
2939 1104 3063 1143 arva
3098 1060 3374 1166 m-agislro.

1908 1156 2124 1214 Ductori
2149 1167 2559 1243 superofgrates
2590 1175 2714 1244 pius
2746 1180 2955 1236 advena
2989 1202 3238 1259 pangens

1911 1245 2131 1321 Templa
2155 1263 2340 1325 Optata
2373 1261 2544 1329 subit,
2573 1268 2775 1322 sanctis
2803 1280 3019 1328 noctem
3053 1280 3283 1336 excubat
3321 1285 3447 1351 aris,

1911 1339 2090 1411 Seque
2121 1361 2364 1420 suosque
2394 1353 2505 1408 Deo
2537 1356 2749 1414 Martini
2785 1379 3012 1421 munere
3045 1369 3254 1443 legans,

1911 1430 2050 1502 Papa
2092 1437 2238 1509 (2H)
2265 1440 2531 1513 Leupario
2563 1453 2807 1508 convivia
2841 1455 2978 1513 inire
3020 1471 3263 1534 rogatus.

1907 1521 2236 1596 Obsequitur
2264 1534 2429 1588 sociis
2453 1555 2650 1595 curans
2692 1546 2935 1602 relevare
2966 1551 3233 1622 dolorem,

1902 1612 2399 1695 Prandendumque
2421 1627 2564 1684 inter
2592 1636 2868 1705 replicans
2891 1644 3110 1698 oracula
3141 1645 3339 1715 firmat,

1906 1706 2180 1765 Pulsorem
2213 1715 2383 1773 fuerat
2414 1738 2536 1791 quae
2555 1725 2960 1796 jamjaculatus
2999 1735 3053 1790 in
3088 1739 3335 1796 hostem:

1907 1799 2038 1854 Ante
2080 1804 2380 1863 triennales
2411 1828 2721 1872 memorans
2757 1821 3080 1893 Hyperionis
3100 1829 3169 1863 ³9⁸
3199 1833 3356 1886 orbes

1907 1842 2038 1854 ...ην
2082 1842 2380 1863 ..ιυιιιιηιῡο
2413 1842 2721 1872 unsulUt'itHS
2757 1842 3169 1893 Hyperionis“

1827 1842 1876 1909 Β
1904 1883 2039 1941 Cum
2072 1892 2211 1946 natis
2243 1898 2450 1965 pariter
2475 1904 2741 1962 ruiturum
2774 1911 3189 1974 Theodericum.

1900 1972 2032 2030 Ilinc
2063 1994 2255 2036 navem
2287 1997 2541 2058 repetens
2573 1993 2768 2053 fratres
2799 2017 3003 2076 angore
3037 2010 3209 2062 teneri

1897 2067 2129 2137 Invenit,
2163 2078 2458 2138 addiscens
2482 2085 2687 2144 furtum
2711 2095 2952 2169 caligine
2983 2100 3052 2134 399
3085 2119 3295 2172 passos.

1895 2158 2002 2215 Nec
2035 2180 2203 2235 mora,
2242 2171 2451 2229 Martini
2478 2178 2753 2245 jacturam
2787 2198 3019 2258 questus
3049 2194 3117 2247 ad
3151 2213 3340 2252 urnam

1894 2245 2239 2322 Regreditur,
2275 2276 2382 2315 non
2412 2281 2470 2319 se
2504 2268 2592 2322 hic
2625 2272 2881 2343 vigilasse
2905 2278 3105 2336 fatetur

1892 2338 1986 2393 Ille
2009 2357 2138 2399 suos
2165 2347 2373 2407 sineret
2405 2358 2635 2416 tolerare
2667 2373 2724 2420 ut
2755 2368 2954 2426 damna
2976 2377 3216 2434 sodales.

1889 2433 2207 2496 Concutitur
2233 2462 2355 2501 mox
2378 2449 2514 2507 latro
2535 2459 2683 2529 gravi
2708 2465 2991 2532 quatiente
3023 2470 3266 2545 ﬂagello,

1889 2523 2272 2605 Exclamatque
2314 2540 2491 2607 palam
2515 2561 2623 2615 qua
2642 2554 2782 2605 tecta
2811 2523 3137 2613 nomismata
3177 2564 3336 2619 celet.

1889 2614 2185 2678 Cernentes
2214 2630 2350 2684 socii
2382 2646 2632 2705 currunt,
2663 2642 2874 2700 sublata
2903 2652 3235 2719 rependunt,

1886 2709 2115 2785 Flagitio
2139 2721 2288 2788 parci
2323 2737 2576 2797 poscunt,
2610 2733 2839 2792 horrore
2869 2744 3214 2804 tremiscunt.

1888 2802 2134 2878 Remque
2164 2810 2337 2869 Patris
2362 2834 2488 2873 vere
2521 2830 2578 2877 ut
2606 2841 2814 2884 sacram
2853 2837 3079 2890 tractare
3112 2850 3428 2906 pavescunt.

1886 2895 2078 2953 Omnia
2110 2907 2452 2974 pauperibus
2493 2911 2686 2986 largito
2714 2935 2776 2972 ac
2810 2919 2949 2977 ferre
2984 2895 3171 2994 para-to

1885 2987 2232 3066 Indiguoque
2255 2998 2432 3070 dapis,
2466 3005 2711 3064 coelestia
2751 3012 2898 3069 dona
2925 2987 3196 3089 feruntur,

1883 3079 2281 3158 Gratilicusque
2309 3094 2475 3162 capit,
2509 3108 2806 3173 pestesque
2838 3114 2891 3161 et
2922 3107 3087 3166 livida
3120 3079 3194 3146 ⁴⁰⁰’
3221 3116 3398 3186 pellit.

1807 3215 1854 3279 (η
1949 3171 2248 3245 ᾹΞᾳιιοι-οειδ
2279 3183 2498 3239 tandem
2519 3187 2698 3264 Ligeri
2718 3171 2947 3254 delatus
2979 3200 3034 3254 in
3070 3218 3217 3269 oras,

1835 3259 1855 3280 "
1876 3263 1950 3316 Ad
1980 3267 2209 3334 patriam
2246 3276 2455 3343 revehi,
2483 3279 2871 3360 Oceanumque
2902 3294 3090 3350 subire
3115 3299 3370 3365 jubetur.

1872 3353 2108 3412 Scottiea
2151 3363 2304 3417 navis
2334 3365 2490 3422 adest
2511 3387 2636 3439 qua:
2659 3391 2744 3430 res
2769 3381 3112 3454 comitesque
3154 3397 3400 3462 capessit

1870 3444 2014 3502 Licta
2041 3449 2210 3506 Patris
2243 3456 2445 3531 refugm
2476 3463 2656 3520 nativa
2684 3469 2924 3526 revisere
2955 3491 3099 3532 rura.

1879 3535 2141 3613 Remigiis
2168 3543 2332 3614 igitur
2347 3551 2714 3626 zephyrisque
2744 3559 3058 3620 faventibus
3089 3577 3210 3624 acta

1880 3624 2058 3683 Findit
2099 3638 2249 3704 terga
2279 3638 2466 3704 maris,
2494 3624 2801 3718 fluctusque
2824 3650 3090 3709 adnititur
3117 3659 3258 3715 altor

1875 3716 2008 3773 Cum
2043 3722 2229 3780 subito
2261 3744 2409 3784 mare
2432 3732 2578 3788 nolle
2610 3737 2709 3792 viri
2742 3742 3012 3812 sentiscit,
3045 3757 3101 3804 et
3133 3751 3242 3808 imo

1877 3805 2149 3865 Exsiliens
2171 3813 2366 3889 pelago
2393 3820 2552 3875 saevis
2580 3827 2871 3883 conatibus
2901 3805 3111 3901 obstat,

1877 3897 2159 3959 Fluctibus
2186 3913 2350 3979 atque
2385 3913 2540 3968 ratim
2560 3921 2879 3990 prOpellens
2904 3927 3083 3984 reddit
3101 3897 3318 3992 arenis.

1875 3991 2089 4052 C(erula
2116 4000 2437 4062 subduceris
2463 4013 2680 4087 retegit,
2714 4016 2989 4092 siccatque
3012 4027 3276 4096 carinam,

1874 4080 2280 4167 Collectumque
2305 4101 2410 4156 sibi
2436 4080 2639 4162 finibus
2668 4080 2963 4182 requiescit
2984 4080 3212 4176 adactis.

1871 4179 2074 4239 Sistere
2113 4188 2191 4242 sic
2224 4193 2402 4248 triduo
2431 4213 2636 4271 cogens
2662 4179 2781 4258 sine
2807 4209 3025 4282 gurgite
3051 4217 3306 4273 cumbam

1870 4273 2138 4334 Nauclero
2185 4294 2448 4342 cernente
2482 4290 2574 4347 Dei
2607 4310 2718 4365 quo
2751 4301 2977 4358 numina
2999 4322 3130 4362 casu

1867 4365 1973 4422 Res
2001 4368 2170 4426 Patris
2187 4376 2467 4445 exhausta,
2499 4385 2792 4459 sociosque
2811 4408 2841 4447 a
2871 4410 3055 4467 puppe
3097 4403 3340 4460 remittit.

1793 4490 1849 4558 Β
1874 4459 2110 4532 Ᾱῖῳιοτει
2141 4481 2264 4521 mox
2317 4470 2533 4542 adsunt,
2594 4493 3005 4559 properantque
3064 4509 3342 4551 resumere
3374 4498 3483 4553 lin-

3266 4600 3409 4644 nem.

3266 4601 3280 4636 I

1875 4640 2194 4715 Optatisque
2221 4650 2427 4706 vehunt
2449 4670 2548 4722 per
2575 4658 2738 4727 plana
2771 4662 3040 4735 liquentia
3073 4583 3280 4742 ﬂabrisI,

1879 4732 2184 4793 Laudantes
2215 4740 2666 4810 placitumcuncti
2698 4732 2956 4823 praeferre
2987 4764 3269 4836 Tonantis,

1875 4820 2052 4878 Mirari
2086 4825 2309 4897 factum,
2351 4842 2526 4889 vatem
2559 4855 2668 4909 quo
2691 4820 2854 4900 vellet
2883 4848 3040 4907 abire

1874 4911 2086 4971 Mittere
2110 4931 2307 4990 sponte
2332 4941 2511 4994 suum,
2545 4929 2806 4991 famulatu
2837 4941 3147 5017 opibusque
3175 4949 3373 5015 levare,

1945 5004 2141 5062 Missus
2182 5011 2419 5069 Lotharii
2461 5018 2710 5077 devotam
2741 5004 3226 5108 competitaulam,

1873 5089 2044 5154 Quem
2077 5111 2170 5151 rex
2201 5115 2401 5160 munus
2429 5121 2599 5164 ovans
2630 5127 2693 5168 ac
2721 5114 2766 5168 si
2793 5119 3018 5176 caeleste
3051 5136 3312 5198 receptat.

1227 5225 1494 5283 GLOSS/E
1533 5230 1952 5295 MARGINALES
1993 5243 2400 5319 MABILLONII,

214 5331 284 5368 ³⁹⁰
341 5334 566 5402 injuria.
602 5339 666 5374 ³⁹¹
726 5341 1084 5404 Columbano.
1142 5352 1211 5386 ³⁹²
1270 5357 1494 5413 residet.
1559 5363 1627 5395 393

149 5401 227 5456 ῑὶῑ.
273 5404 344 5439 ³9⁷
379 5405 753 5456 Coltlmhanng
806 5416 874 5450 398
893 5419 1024 5456 ρηΙίο
1075 5421 1144 5456 399
1165 5433 1324 5456 “mut.
1381 5428 1448 5456 mn
1479 5431 1627 5456 .i...-...

173 5418 227 5454 Ιῑ.

1684 5365 1856 5420 vultu.
1912 5369 1980 5404 39‘
2033 5388 2062 5426 a
2114 5377 2481 5440 daemonibus.
2539 5389 2608 5423 ³³⁵
2666 5402 2855 5464 utpote
2916 5400 3087 5458 inviti.
3157 5406 3227 5440 ³³⁸³

379 5405 771 5470 Columbanus.
806 5416 874 5450 393
892 5419 1026 5472 solis
1075 5421 1144 5456 399
1165 5433 1346 5480 nocte.
1381 5428 1448 5462 ⁴⁰⁰
1476 5431 1775 5489 dzemones.

3280 5425 3474 5480 percu-

1709 5561 1913 5618 NOT/E.

217 5662 375 5734 (ΞΗ)
407 5665 1000 5751 Ergoadhucsaeculo
1028 5693 1059 5729 x
1086 5678 1334 5751 episcOpi
1368 5682 1696 5743 dicebantur

148 5731 257 5788 litae
289 5731 576 5797 erant,"uti
614 5731 676 5792 ex
708 5741 892 5796 Odone
925 5731 1353 5805 Glannifosiensi
1378 5752 1578 5809 abbate.
1608 5759 1660 5812 in
1693 5731 1799 5816 l-l'ist
