3972 6208
493 289 599 344 879
1261 284 1623 341 FLODDARDI
1668 280 1971 338 CANONICI
2016 279 2341 334 REMENSIS
2381 280 2715 338 OPUSCULI
2759 284 3071 341 METRICA.
3721 292 3834 349 880

491 421 717 494 Flagitat
746 426 803 474 ut
832 424 1048 472 maneat
1077 414 1316 491 degendi
1350 412 1660 469 habitacula
1681 419 1921 484 praestat.
2130 417 2179 481 Α
2208 409 2417 465 Eﬁ‘undi
2448 413 2674 466 nimium
2717 415 2953 484 snSpirat
2983 417 3259 489 utrimque
3298 434 3571 486 cruorem,

489 509 733 582 Regibus
760 508 850 561 ille
887 520 1087 560 cavens
1110 505 1233 560 lites
1254 520 1478 577 augere,
1513 509 1743 567 recusat,
2207 503 2486 557 l’ulsorem
2512 506 2574 539 ⁵³⁸
2608 514 2796 559 (ἳΟῐΙίΓῖι
2821 515 3005 562 monet
3032 526 3257 563 exorare
3286 512 3564 567 minister:

487 603 1018 672 Increpaterrorem,
1054 596 1192 671 regit
1222 603 1347 667 apte
1378 594 1623 669 regmine
1657 610 1861 665 regem.
2205 592 2498 646 Consilium
2527 594 2683 648 Pater
2710 595 2970 650 insulsum
2998 608 3146 653 notat
3171 599 3422 670 improba
3455 602 3684 669 lassum,

560 693 769 745 Interea
798 688 1001 742 bellum
1036 687 1258 759 gemino
1298 686 1600 740 meditante
1635 691 1867 754 tyranno
2204 686 2337 740 Dum
2372 688 2546 761 magis
2578 689 2829 744 hostilem
2861 692 3124 749 decernat
3146 711 3330 751 amare
3355 695 3615 764 salutem,

482 782 728 838 Poscitur
758 779 1041 843 alterutro,
1077 783 1271 832 neutro
1305 793 1499 848 parere
1534 774 1765 844 jubetur
2200 776 2373 846 Atque
2403 793 2594 850 rogare
2629 778 2819 844 Deum,
2854 780 3009 849 cujus
3035 783 3151 837 haec
3184 784 3327 838 bella
3361 783 3657 852 librantur,

482 872 592 926 Rex
622 869 791 942 patris
823 867 1056 939 imperio
1087 867 1409 938 ‘°';sccptra
1433 861 2097 937 utriusquecanuntur‘”
2200 870 2429 927 Numine
2465 872 2557 943 qui
2586 873 2732 942 justa
2764 875 3007 946 disponit
3029 878 3184 934 lance
3207 879 3480 936 duellum.

483 964 651 1030 Hujus
682 961 1024 1036 regminibus
1055 968 1207 1014 terna
1238 959 1380 1014 intra
1412 967 1657 1030 tempora
1678 956 1862 1012 subdi.
2266 960 2383 1014 Jam
2409 962 2500 1033 qui
2536 963 2802 1017 consultis
2831 966 3013 1021 renuit
3037 967 3246 1022 servire
3278 968 3539 1042 benignis

478 1056 813 1128 Obsequitur
834 1055 1092 1127 princeps
1122 1055 1369 1117 monitis,
1398 1051 1620 1125 ﬁdoque
1649 1053 1828 1107 fidelis
2194 1050 2363 1123 Terga
2399 1062 2550 1121 parat
2580 1052 2754 1121 fratri,
2779 1062 3082 1128 captusque
3113 1058 3361 1130 aviaeque
3394 1061 3656 1117 subactus

483 1152 767 1223 Exspectat
799 1151 1065 1222 promissa
1095 1148 1301 1213 animo,
1326 1164 1452 1219 spes
1483 1146 1666 1219 ﬁgitur
1691 1146 1900 1212 aethra},
2193 1146 2356 1203 Ponit
2380 1147 2736 1218 gemmiferos
2766 1150 3023 1205 muliebri
3053 1150 3238 1207 forﬁce
3261 1153 3476 1208 crines:

481 1247 540 1302 Et
572 1246 784 1317 patiens
814 1254 996 1300 servat
1017 1245 1196 1300 donec
1222 1245 1349 1298 data
1378 1243 1620 1298 eulmina
1652 1249 1855 1297 sumat.
2197 1237 2256 1290 Et
2286 1253 2409 1307 quze
2440 1253 2547 1291 non
2580 1238 2751 1292 voluit
2780 1238 2976 1294 Christi
3000 1240 3337 1297 substractus
3362 1243 3535 1299 amori

549 1335 836 1406 Applicitis
873 1334 1011 1388 vatis
1039 1334 1224 1399 sociis,
1258 1332 1449 1389 solatia
1480 1333 1646 1404 erepti
2196 1328 2446 1394 Sumere,
2472 1328 2713 1384 ludibrio
2740 1340 3121 1401 prarmonstrat
3151 1334 3309 1407 signa
3339 1350 3581 1391 coronae.

480 1428 601 1483 Fert
630 1428 782 1483 iteris
812 1427 879 1461 ‘03
898 1426 1109 1500 gelidas
1140 1441 1401 1496 superare
1426 1423 1736 1478 volentibus
1764 1424 1942 1493 Alpes.
2196 1418 2304 1472 Nec
2328 1434 2500 1483 mora,
2525 1426 2791 1472 mactatus
2820 1419 2971 1474 rabie
3001 1420 3273 1477 laceratur
3303 1424 3496 1493 hyeme
3522 1426 3592 1460 ⁴¹²
3623 1442 3636 1479 :

477 1518 703 1588 Quaque
727 1516 874 1569 venit
900 1514 1346 1587 Pateregregius,
1374 1512 1575 1567 virtute
1601 1519 1871 1580 coruscat,
2190 1509 2429 1563 :Etherio
2463 1509 2630 1563 frater
2653 1511 2720 1544 ³⁸³
2741 1518 2914 1565 tactus
2944 1512 3289 1567 consumitur
3310 1514 3460 1586 igne.

478 1608 702 1663 Horrida
730 1606 1008 1673 deturbat,
1039 1614 1253 1660 sacratu
1275 1605 1429 1659 mitia
1460 1604 1655 1659 ﬁrmat.
2189 1598 2363 1667 Atque
2388 1597 2459 1651 ita
2487 1597 2772 1653 Lolharius
2799 1616 3032 1653 cernens
3056 1601 3160 1655 sibi
3194 1612 3413 1673 sceptra
3451 1603 3636 1673 parari

472 1696 736 1751 Mcldcnsi
768 1696 1027 1751 comitem
1060 1712 1118 1750 se
1142 1695 1512 1769 Chagncricug
1545 1698 1613 1750 ab
1638 1696 1773 1750 urbe
2188 1690 2385 1744 Sancto
2414 1691 2556 1745 dicta
2589 1691 2923 1749 Columbano
2947 1696 3275 1762 subit,arma
3303 1698 3622 1769 prehendit,

472 1785 618 1840 Ultro
650 1783 827 1852 offert,
851 1784 1079 1856 ejusque
1111 1783 1258 1839 dicat
1296 1783 1614 1840 benedictio
1656 1792 1835 1838 natam
2116 1837 2158 1867 n
2192 1786 2379 1839 Debita
2401 1802 2521 1839 cum
2553 1788 2746 1841 turmis
2774 1804 3077 1859 prOprrans
3101 1791 3205 1847 sibi
3246 1808 3415 1867 regna
3445 1794 3707 1863 capeSsit.

660 1837 695 1839 ν
740 1837 769 1838 μ
814 1837 826 1852 ,
864 1837 898 1851 ν,
992 1837 1005 1856 ,
1422 1837 1427 1838 κ
1518 1837 1603 1840 η-
1678 1837 1682 1838 κ
1736 1837 1739 1838 ν
1826 1837 1833 1838 κ
2248 1837 2277 1838 η
2556 1837 2906 1859 ν-τ--τ--ιηι-
2952 1837 3205 1847 --ν-
3247 1837 3415 1867 ηδε-κ
3448 1837 3594 1863 ν-νν.

472 1874 601 1930 Cum
631 1874 840 1928 laribus
894 1871 1417 1946 Burgundo-Faram
1478 1872 1691 1930 Christo
1734 1873 1918 1927 indole
1950 1873 2085 1942 jun-
2116 1837 2161 1903 Β
2194 1875 2354 1945 Regis
2386 1876 2652 1930 adulterio
2683 1878 2922 1951 genitam
2957 1878 3103 1934 facili
3134 1881 3353 1954 agmine
3383 1882 3594 1953 prolem

1832 1965 2013 2037 [ctam
2191 1964 2319 2017 Cum
2350 1965 2618 2019 scelerum
2664 1965 2964 2021 incentrice
2994 1969 3159 2039 capit,
3194 1976 3369 2033 necat,
3403 1971 3609 2041 excipit
3646 1974 3789 2027 aula:

468 2057 636 2123 Quam
671 2066 825 2128 pater
855 2055 1024 2112 inﬁdo
1056 2064 1272 2111 tentans
1309 2055 1635 2110 abscindere
1668 2056 1816 2121 nisu,
2190 2052 2444 2108 Criminis
2470 2054 2713 2108 altricem
2738 2063 3043 2126 cxpostam,
3077 2064 3401 2131 vectamque
3418 2060 3631 2115 camelo

470 2150 696 2203 Lumine
729 2165 1041 2219 percussam
1098 2145 1464 2220 fcbribusque
1509 2155 1750 2202 extrema
1778 2148 2082 2202 trahentem
2189 2143 2477 2201 Indomitis
2508 2146 2936 2217 innectitequis,
2971 2149 3094 2203 terit
3117 2151 3321 2221 impete
3344 2151 3539 2221 raptis.

470 2240 723 2313 Ingemit,
746 2240 1107 2312 Eustasioque
1141 2240 1277 2310 petit
1308 2239 1481 2294 Patris
1507 2239 1669 2306 lmjus
1700 2239 1924 2294 alumno
2184 2237 2273 2291 Sic
2302 2237 2378 2290 sic
2409 2239 2995 2311 veridicicomplentur
3034 2241 3236 2297 famina
3268 2243 3433 2297 Vatis.

469 2328 689 2399 llospite
730 2337 989 2399 suscepto
1016 2328 1196 2383 sanari
1217 2333 1368 2398 peste
1392 2339 1622 2382 remota.
2255 2330 2390 2403 Ergo
2424 2330 2792 2387 Columbanus
2821 2334 3017 2404 pennis
3048 2333 3360 2406 animisque
3385 2334 3663 2390 columba:

466 2421 560 2475 Ille
585 2438 784 2495 rogans
815 2422 976 2477 iterat
1008 2422 1073 2455 *οι
1105 2420 1433 2486 votum,fert
1460 2420 1589 2475 inde
1617 2420 1913 2488 medelam,
2184 2417 2366 2491 Regna
2395 2437 2631 2489 superna
2664 2430 2877 2490 petens,
2911 2421 3187 2477 Gallorum
3214 2423 3513 2477 transvolat
3540 2424 3729 2495 Alpes,

461 2517 577 2582 Quo
610 2527 898 2591 pergente,
933 2534 1126 2573 necem
1158 2518 1293 2594 legit
1349 2520 1417 2553 is;
1450 2518 1567 2573 haec
1623 2533 1787 2589 quam
1821 2515 2077 2590 frangere
2187 2509 2478 2563 Ausoniam
2510 2510 2849 2583 ingrediens,
2883 2512 3117 2585 Agilulfo
3142 2529 3272 2587 rege
3300 2515 3559 2569 decenter

1753 2606 2009 2678 [pactum
2189 2598 2481 2669 Excipitur,
2512 2599 2742 2655 subiens
2761 2600 2851 2672 pia
2878 2602 3103 2669 muenia,
3135 2602 3500 2657 Mediolanum

461 2697 595 2750 Dum
620 2696 891 2767 promissa
920 2695 1078 2759 ferat,
1103 2713 1257 2751 sacra
1284 2696 1413 2751 dum
1443 2695 1716 2751 velamina
1748 2701 1950 2766 captet,
2189 2691 2403 2757 Incolit,
2423 2701 2795 2767 expurgatque
2828 2693 3073 2761 hereses,
3102 2702 3268 2766 atque
3299 2711 3447 2749 arma
3479 2695 3798 2752 ministrans

458 2784 700 2841 Candida
716 2794 892 2839 castra
922 2786 991 2819 ‘0“
1019 2786 1135 2839 loca
1151 2801 1356 2856 sponso
1378 2785 1503 2857 quis
1527 2784 1724 2838 militet
1756 2785 1928 2859 Agno,
2179 2781 2458 2847 Ecclesizr,
2492 2783 2621 2838 recti
2655 2783 2953 2838 meditatur
2981 2784 3238 2858 dogmata
3257 2785 3429 2840 callis.

457 2875 687 2949 Agmina
726 2875 931 2928 siderei
963 2883 1161 2931 coeant
1199 2892 1309 2947 quo
1338 2876 1531 2931 ﬁorida
1558 2876 1734 2950 regni,
2174 2872 2577 2945 Accipiensque
2606 2875 2719 2927 ma
2740 2892 2798 2929 se
2827 2876 2969 2946 rupti
3006 2876 3139 2948 juga
3167 2875 3369 2930 montis
3396 2882 3554 2932 aceto
3584 2877 3654 2910 ⁴¹⁸

529 2964 826 3018 Matronam
880 2964 1001 3035 ipse
1049 2980 1241 3019 means
1285 2965 1501 3037 excepit
1569 2965 1637 3000 ⁴⁰⁷
1698 2966 1907 3022 honore
1973 2966 2073 3022 Co-
2176 2964 2385 3018 Miritici
2420 2965 2719 3035 Splendore
2748 2965 2889 3020 Petri
2926 2966 3183 3039 comique
3214 2966 3435 3039 colique
3471 2985 3485 3021 :

1844 3059 2068 3131 [lumba,
2104 3098 2147 3131 ρ
2174 3051 2336 3106 Ocius
2363 3053 2479 3108 haec
2508 3070 2802 3125 superans,
2834 3054 2998 3110 avido
3033 3055 3167 3127 petit
3194 3054 3304 3109 alta
3330 3055 3516 3111 volatu
3546 3073 3559 3109 :

455 3126 698 3181 Anlharii
727 3126 927 3181 colitur
952 3127 1137 3183 devoti
1171 3143 1397 3183 munere
1414 3129 1601 3183 amiCi-
1844 3126 1859 3131 ’
2104 3126 2150 3163 (⁸
2171 3146 2614 3217 Semirutamque
2644 3146 2826 3201 aulam
2855 3126 3112 3221 neglectu
3138 3147 3556 3202 monticolarum

453 3220 619 3289 Cujus
648 3231 701 3275 et
731 3221 817 3275 hic
841 3220 1087 3276 subolem
1117 3222 1340 3295 gemino
1370 3223 1666 3293 splendore
1701 3225 1993 3281 micantem
2171 3233 2485 3302 Oﬁ'endens,
2512 3237 2692 3307 prisco
2711 3220 3255 3309 acceleratreparare
3282 3238 3506 3306 decore,

454 3308 619 3361 Matre
650 3307 861 3363 ferente
892 3325 1135 3375 sacrans,
1162 3309 1291 3365 ﬁdei
1310 3311 1591 3367 benedicit
1618 3314 1848 3369 honore.
2170 3325 2538 3398 Succibasquc
2562 3327 2745 3383 trabes
2774 3329 3019 3400 scopulis
3048 3346 3145 3401 per
3169 3330 3330 3384 devia
3360 3330 3539 3397 collis,

452 3400 691 3475 Regibus
720 3402 953 3473 accepti,
990 3404 1158 3475 regali
1184 3421 1410 3459 munere
1436 3406 1567 3459 clari
2172 3415 2420 3469 Pondera
2447 3417 2925 3488 quadragenorum
2955 3400 3057 3489 per
3071 3419 3235 3490 plana
3265 3417 3506 3473 virorum

451 3488 585 3543 Hinc
607 3488 953 3560 adspirantes
974 3494 1187 3562 superis
1216 3493 1542 3565 Christoque
1572 3494 1889 3568 flagrantes,
2172 3505 2300 3560 Cum
2333 3506 2508 3561 tribus
2546 3516 2638 3563 aut
2666 3510 2908 3584 geminis
2943 3488 3240 3565 sineﬁfuste
3262 3509 3499 3566 vehebat
3530 3510 3788 3565 alumnis.

447 3577 801 3650 Vitantesque
828 3583 1168 3652 voluptatum
1187 3583 1526 3650 discrimina,
1559 3584 1761 3640 caelum

2171 3598 2280 3654 Nec
2302 3601 2518 3669 pondus
2545 3602 2710 3656 veluti
2744 3604 3034 3669 veherent,
3069 3603 3201 3676 quin
3236 3603 3483 3675 pondere
3514 3605 3679 3659 vecti.

448 3668 623 3724 Μυηῑθ
657 3679 869 3741 Pomm»
901 3675 1259 3747 εωίοδίίειφιο
1281 3676 1500 3749 “gmina
1525 3687 1749 3750 οοὶζυηῑο
2240 3668 2440 3763 Sicque
2468 3695 2559 3768 pio
2591 3696 2816 3751 fratrum
2849 3704 3066 3752 mentes
3089 3668 3404 3753 hortamine
3434 3695 3684 3765 ﬁrmans,

448 3760 632 3814 tiastra
665 3760 824 3816 beata
855 3763 1057 3831 locant,
1077 3764 1292 3832 juranis
1317 3765 1553 3820 saltibus
1581 3774 1745 3822 arunt
1773 3768 1863 3835 ω’,
2171 3760 2393 3853 Ιηορρίο
2426 3760 2562 3838 laetis
2591 3784 3073 3856 cperipersistere
3106 3787 3265 3851 votis,

446 3849 593 3945 Allef‘
622 3850 881 3905 ReSbﬂCiS
909 3852 1220 3925 BriegenSiS
1250 3856 1502 3927 margine
1535 3858 1656 3913 l‘iVi-
2170 3871 2232 3927 Ut
2259 3849 2351 3942 qui
2384 3871 2524 3927 velle
2556 3849 2652 3927 Dei
2682 3849 2867 3944 patulo
2899 3871 3184 3929 fulcimine
3215 3849 3458 3945 captent.

515 3938 606 3993 Sic
635 3956 1017 4013 quoscumque
1044 3942 1218 3997 Patris
1241 3945 1488 4017 locuples
1512 3947 1830 4007 benedictio
1862 3953 2061 4020 munit,
2169 3938 2414 4017 Culmina
2444 3971 2714 4019 restaurat
2742 3981 2998 4036 propere,
3022 3966 3294 4038 sarcilque
3332 3966 3542 4033 ruinas,

446 4038 762 4093 Obtinusm
787 4040 984 4095 attollit
1006 4041 1269 4096 castorum
1307 4042 1360 4097 in
1393 4044 1634 4101 culmina
1656 4048 1802 4103 ﬁnis.
2168 4057 2343 4127 Atque
2385 4057 2704 4111 monasterii
2734 4057 2953 4111 diversa
2985 4058 3298 4113 habitacula
3330 4058 3541 4113 condit.

445 4130 701 4185 Consiliis
722 4131 1060 4205 quicumque
1092 4133 1257 4202 hujus
1274 4152 1468 4206 parere
1499 4137 1749 4195 faventes
2241 4147 2527 4203 Lotharius
2550 4148 2689 4202 vatis
2708 4148 2983 4221 completa
3003 4151 3222 4205 oracula
3244 4166 3506 4218 cernens,

444 4220 560 4275 Non
592 4238 822 4277 renuere
849 4224 1249 4300 regi,gaudent
1273 4226 1378 4281 sibi
1410 4244 1675 4300 prospera
1716 4229 1863 4285 ferri.
2170 4235 2472 4291 Eustasium
2503 4236 2729 4291 monitis
2759 4220 3018 4292 Lussovia
3051 4245 3225 4292 castra
3258 4245 3541 4312 regentem

442 4309 505 4363 At
532 4311 781 4365 consulta
800 4311 971 4366 animi
995 4312 1090 4384 qui
1124 4314 1495 4384 posthabuere
1524 4318 1756 4387 paterni,
2170 4328 2380 4403 Dirigit,
2414 4327 2636 4386 almiﬁci
2658 4330 2889 4404 vestigia
2921 4346 3076 4385 sacra
3093 4309 3344 4406 magistri

444 4396 701 4468 Expertes
730 4401 840 4455 \‘Oli
874 4417 1047 4457 vacuo
1078 4402 1282 4460 ﬂevere
1321 4404 1516 4460 dolore
1551 4424 1565 4461 τ
2087 4468 2141 4493 η
2171 4396 2310 4473 Cum
2344 4434 2506 4491 prece
2529 4419 2727 4475 sectari
2766 4421 2870 4476 lata
2899 4421 3267 4492 suplicamine
3294 4420 3461 4493 regis.

446 4488 507 4543 Ut
539 4506 631 4544 rex
661 4491 751 4546 ille
780 4493 1078 4563 rcpulsoris
1107 4494 1272 4551 frater
1300 4497 1370 4532 ⁴¹⁰
1395 4498 1563 4552 Patris
1592 4498 1741 4561 almi.
2086 4468 2143 4536 Β
2170 4514 2284 4579 Quo
2313 4468 2519 4578 "idem,
2551 4515 2695 4570 votis
2722 4515 2906 4588 degat,
2936 4468 3281 4588 qhaasitaque
3304 4468 3486 4571 sutnat

441 4585 690 4641 Serviliis
718 4587 898 4661 subici
927 4588 1125 4645 Christi
1147 4590 1243 4663 qui
1264 4600 1466 4662 sponte
1497 4593 1702 4648 salubri
2165 4605 2376 4661 Gaudet
2405 4606 2494 4661 hic
2521 4607 2759 4662 adventu
2797 4585 2992 4682 geniti,
3025 4585 3335 4679 suadetque
3368 4607 3576 4663 morari

443 4676 576 4732 Dum
600 4678 731 4733 vitat
763 4681 1009 4751 parendo
1033 4682 1196 4749 Patri,
1229 4683 1600 4741 substernitur
1629 4687 1793 4742 hosti.
2164 4695 2493 4767 Quantisper
2517 4713 2703 4753 secum
2736 4676 2898 4753 clara:
2926 4698 3146 4770 pietatis
3161 4676 3449 4754 alumnum

510 4767 620 4823 Nec
647 4768 815 4824 dilata
843 4770 938 4825 diu
969 4786 1079 4838 res,
1112 4772 1256 4826 bella
1277 4772 1494 4829 cientur
1522 4775 1825 4849 utrimque,
2164 4785 2240 4840 Ad
2283 4786 2528 4859 requiem
2585 4788 2871 4857 comitum,
2910 4767 3175 4843 doctrinas
3231 4787 3300 4842 ad
3356 4787 3626 4861 regimina
3684 4786 3783 4842 fra-

439 4854 672 4912 Diversaa
703 4858 1027 4914 alterutrum
1069 4870 1275 4917 coeunt
1305 4860 1360 4916 in
1391 4863 1583 4933 praelia
1608 4873 1809 4938 gentes
2362 4854 2377 4859 ⁷
2858 4854 2865 4857 ν
3418 4854 3450 4861 ν
3501 4880 3660 4952 [trum
3701 4897 3713 4933 :

435 4948 525 5004 Vir
550 4949 765 5006 Domini
790 4951 942 5008 solus
970 4959 1178 5008 vastam
1207 4955 1507 5012 comitante
1537 4957 1794 5016 ministro
2162 4971 2232 5025 Se
2264 4971 2530 5043 repedare
2561 4986 2795 5046 negans,
2824 4977 3085 5042 retroque
3116 4970 3299 5026 redire
3331 4986 3610 5027 recusans.

436 5046 637 5102 lnierat
668 5054 782 5102 tum
813 5047 953 5103 forte
980 5065 1250 5119 eremum,
1281 5051 1645 5126 residensque
1686 5056 1987 5132 legensque
2164 5060 2296 5133 Regi
2324 5058 2574 5133 gratiﬁco
2595 5060 2866 5115 monitum
2901 5067 3026 5129 post
3048 5074 3285 5133 pergere
3317 5059 3484 5133 legat.

432 5137 721 5210 Appetitur
743 5140 950 5208 subito,
991 5141 1221 5200 Domino
1251 5145 1596 5214 moderante,
1637 5163 1860 5219 sopore,
2163 5151 2408 5227 Corrigat
2431 5158 2489 5207 ut
2519 5151 2797 5224 propriam
2829 5166 3044 5206 morum
3087 5150 3464 5206 moderamine
3489 5151 3677 5218 vitam,

432 5233 607 5305 Atque
634 5232 785 5288 videt
817 5250 978 5309 reges
1006 5234 1154 5292 inter
1183 5254 1305 5310 quae
1336 5238 1483 5294 bella
1508 5240 1808 5297 calescant.
2161 5243 2441 5299 Sustentat
2469 5244 2651 5299 socios
2675 5242 2933 5298 Lussovia
2961 5250 3140 5297 castra
3168 5243 3436 5311 colentes,

433 5322 651 5383 Exeitus
678 5326 918 5382 adstanti
941 5325 1145 5386 famulo
1172 5346 1324 5388 arma
1353 5331 1643 5407 ﬂagrantia
1675 5336 1888 5405 pandit,
2162 5337 2445 5393 Praesidiis
2464 5337 2664 5405 foveat,
2696 5337 2866 5411 regali
2896 5351 3126 5392 munere
3152 5345 3354 5393 comat.

1510 5474 1775 5531 GLOSSIE
1829 5477 2248 5537 MARGINALES
2306 5482 2719 5539 MABILLONII.

495 5571 561 5611 ‘01
627 5589 692 5629 su
731 5572 823 5642 ple
850 5584 933 5624 ac.
996 5571 1066 5607 ⁸³³
1127 5578 1516 5647 praedicuntur.
1582 5582 1653 5616 ⁴⁰³
1726 5584 1943 5638 itineris
2034 5588 2102 5622 ‘0‘
2187 5590 2368 5643 iterari
2448 5590 2589 5646 facit.
2659 5592 2729 5627 ωδ
2794 5592 2969 5669 eligit.
3036 5592 3106 5626 ⁴⁰⁶
3185 5595 3580 5650 monasterium
3623 5595 3771 5649 Evo"

502 5659 591 5677 nm.
638 5590 773 5677 Lor!
846 5647 1108 5677 ornantum
1188 5648 1256 5677 ton
1309 5651 1336 5677 ο
1410 5651 1548 5677 nun"
1627 5653 1697 5677 ιη)
1768 5656 1796 5677 ο
1861 5655 2107 5677 τιμε-.-μ
2195 5661 2261 5677 un
2303 5660 2488 5677 m.,_,.
2527 5661 2542 5677 ι
2633 5672 2643 5677 -
2801 5662 2861 5677 ι..
2919 5660 2975 5677 In-
3092 5661 3105 5677 ι
3178 5663 3189 5673 ο
3405 5666 3472 5677 ..η
3528 5667 3559 5677 η
3647 5665 3660 5677 .
3731 5672 3754 5677 -

421 5642 613 5723 riacas.
638 5642 1141 5723 “fu/.meixceptus.‘
1188 5648 1259 5723 {of
1300 5651 1346 5723 ί.
1397 5651 1563 5723 alter.
1594 5653 1711 5723 “5‘”,
1760 5656 1805 5718 Γ.
1860 5655 2131 5723 Optimus.
2192 5642 2261 5693 “0
2303 5642 2739 5716 Thcodewbertus.
2797 5642 3754 5722 il?VTheoderic—iinii'vl'l;dii-edes
3844 5712 3845 5721 χ

418 5712 616 5766 childis
678 5706 749 5745 “3
778 5706 1174 5767 'I'heOddl‘icus.
1200 5718 1267 5752 λιι
1297 5706 1561 5773 Audiens.
1588 5720 1658 5755 ιω
1677 5722 1714 5785 f
1760 5706 2082 5778 ’δουὶᾷξὴη
2123 5706 2131 5719 ’
2318 5706 2330 5713 ’
2349 5706 2739 5716 “nummum
2929 5706 3160 5717 -..Ην-ψ
3528 5706 3722 5722 mvuw
3842 5748 3843 5781 l
