3972 6208
203 345 301 397 881
817 342 898 396 DE
938 341 1192 395 CHRISTI
1234 340 1593 396 TRIUMPHIS
1634 342 1804 396 APUD
1849 339 2108 394 ITALIAM
2153 335 2324 391 LIBRI
2370 335 2497 388 XIV.
2541 363 2607 372 —
2652 333 2774 386 LIB.
2821 331 2948 384 XIV.
3449 331 3554 383 882

281 464 507 518 Foedera
538 470 691 536 grata
725 462 912 516 hilaris
940 479 1029 516 rex
1061 472 1288 533 captans
1327 464 1535 518 honore
1576 473 1826 518 venusLit
1858 473 1900 533 Α
1933 463 2169 517 Nexihus
2202 461 2328 513 hinc
2367 458 2601 512 animam
2635 455 2816 509 carnis
2849 452 3204 522 tenebrisque
3245 452 3475 505 solutam

205 558 392 612 Castra
415 572 655 626 superna
687 557 853 616 fovet,
887 556 1136 629 delegata
1171 557 1390 629 agmina
1417 556 1593 618 fulcit,

202 650 480 702 Subsidiis
505 648 709 718 explet,
743 647 1064 701 dominandi
1093 646 1294 701 finibus
1323 656 1505 719 auget.

279 741 339 792 .-\t
374 741 408 793 P
427 748 530 792 iter
559 739 673 810 ipse
704 738 1074 792 (Iolumbanus
1097 739 1224 791 dum
1251 739 1526 792 clauditur
1553 756 1749 794 annus.

206 829 474 883 Mandatis
507 830 574 862 “5
604 845 743 884 nova
776 836 931 898 septa
953 828 1081 882 colit
1109 829 1261 883 cellae
1300 828 1625 882 Ehohiensis

1933 557 2178 610 Almitieo
2204 555 2359 608 caelis
2387 553 2548 606 infert
2588 549 2883 620 splendore
2915 547 3190 600 decoram.

1933 645 2162 716 Pignera
2184 643 2430 694 reslrneti
2468 657 2564 710 per
2603 655 2725 691 etim
2761 635 2948 705 templi
2973 635 3088 687 avde
3123 635 3385 687 locantur.

1930 739 2096 796 Quam
2119 731 2278 784 celsae
2321 728 2573 782 meritum
2610 727 2753 791 vitae,
2788 726 2911 777 data
2933 724 3088 797 signa
3122 723 3453 792 loquuntur:

1927 825 2311 880 Strenuitatem
2344 821 2511 876 animi
2546 827 2807 893 praestans
2836 817 3080 872 doctrina
3115 815 3375 886 profatur.

1685 1023 1888 1077 CM'I‘T
1939 1024 2066 1078 XIX.

1588 1156 1662 1213 De
1704 1163 1907 1212 sancto
1950 1155 2168 1212 Attalo.

276 1330 565 1402 Magnifico
600 1330 741 1385 Patri
775 1331 840 1365 "7
883 1348 1114 1401 magnus
1144 1331 1392 1386 succedit
1421 1333 1678 1386 alumnus

198 1425 395 1488 Attala,
429 1424 515 1477 cui
540 1423 742 1477 celsam
770 1424 1013 1494 perperit
1047 1425 1357 1497 Burgundia
1379 1425 1629 1494 stirpem.

200 1512 450 1567 Pontitiei
481 1515 642 1568 datur
669 1515 757 1568 hic
778 1514 1024 1587 genitore
1055 1514 1267 1568 ferente
1299 1515 1565 1568 colendus
1593 1516 1680 1580 ⁸³⁸,

196 1605 378 1656 Artior
406 1613 698 1674 angustum
734 1602 985 1657 fervescit
1017 1605 1284 1658 scandere
1317 1605 1529 1658 callem.

1930 1332 2140 1394 Visere,
2175 1329 2386 1385 solatiis
2417 1328 2671 1400 votisque
2695 1328 2886 1397 juvare
2919 1336 3164 1401 rogatus,

1929 1426 2178 1480 Adventu
2209 1425 2539 1480 incolumem
2567 1423 2932 1495 precibusque
2952 1424 3042 1478 dat
3072 1423 3148 1476 ire
3167 1424 3441 1496 vigentem

1999 1519 2146 1572 Inter
2176 1517 2331 1588 plura
2362 1517 2486 1571 dein
2512 1516 2769 1571 virtutum
2789 1523 2941 1588 gesta
2973 1515 3186 1586 piarum

1928 1611 2078 1665 Hunc
2101 1611 2239 1664 Deus
2268 1609 2532 1664 aerumnis
2559 1623 2792 1663 censens
2823 1608 3108 1663 absolvere
3140 1606 3375 1671 anhelis,

196 1695 286 1748 Sic
319 1694 458 1748 elam
492 1695 873 1765 progrediens,
919 1697 1313 1749 monachorum
1346 1705 1520 1749 castra
1546 1706 1813 1771 peragrat,
1839 1731 1888 1798 Β
1923 1698 2149 1752 Lumine
2181 1699 2395 1752 lustrari
2430 1697 2599 1768 pacis,
2635 1698 2860 1767 fotuque
2889 1696 3106 1768 quietis,

198 1789 256 1841 Et
287 1791 498 1858 potiora
525 1789 712 1843 calens
752 1791 839 1854 "9,
883 1789 1028 1842 dicto
1063 1789 1166 1843 fert
1197 1789 1335 1844 colla
1366 1798 1618 1859 patrono,

195 1886 370 1953 Atque.
404 1883 742 1937 Columbano
775 1883 935 1937 tradit
957 1901 1015 1936 se
1052 1884 1174 1937 luce
1205 1884 1524 1956 regendum.

195 1973 291 2026 Ille
323 1972 426 2025 sibi
464 1979 711 2035 nectens,
744 1973 976 2043 quaesito
1009 1973 1216 2026 lumine
1249 1973 1509 2039 flammat,

191 2062 324 2114 Dum
367 2063 430 2095 “0
463 2062 665 2132 petitur
695 2063 891 2116 virtute
923 2062 1096 2116 vicem
1131 2063 1390 2132 supplere
1423 2063 1687 2136 magistri,

191 2150 397 2220 Dignus
428 2151 519 2204 ubi
555 2151 775 2223 egregie
810 2167 905 2221 pro
937 2151 1126 2204 castris
1155 2152 1339 2221 pra-lia
1369 2162 1572 2204 sanctis

192 2245 482 2310 Exercens,
525 2246 759 2316 anguiva
787 2247 849 2279 ⁴²¹
882 2246 993 2300 doli
1017 2245 1121 2300 fert
1150 2247 1292 2298 bella
1327 2245 1574 2300 furentis.

259 2336 507 2407 Carpitur
539 2345 794 2390 austerns
824 2337 1026 2406 tepidis
1056 2337 1339 2407 durusque
1371 2337 1636 2402 remissis,

183 2429 378 2482 .\vellit
414 2439 634 2484 teneros
664 2431 731 2462 ⁸³³
760 2429 915 2483 lateri
951 2429 1061 2483 fera
1085 2429 1271 2502 lingua
1311 2430 1552 2494 sodales,

191 2521 406 2588 lliripit,
450 2527 614 2591 atque
646 2522 814 2575 eremi
849 2538 947 2591 per
974 2521 1132 2574 devia
1161 2529 1336 2592 raptat
1363 2530 1551 2591 Operta

187 2610 440 2662 lncentor
471 2611 774 2679 ductorque
809 2610 933 2664 mali
962 2627 1105 2664 saevo
1130 2611 1307 2664 nritnr
1340 2610 1466 2684 igne
1500 2612 1588 2670 ⁸³³,

181 2697 427 2765 Supplici
464 2697 708 2749 clamans
739 2697 986 2752 meritam
1020 2715 1076 2751 se
1110 2699 1354 2768 pendere
1379 2716 1617 2769 plenam.

179 2784 286 2837 Nec
313 2784 525 2838 facilem
559 2786 677 2856 quit
701 2786 852 2840 adire
883 2786 1089 2840 Patrem
1119 2787 1392 2856 captando
1423 2787 1667 2857 piamen,

179 2877 316 2940 Quin
355 2878 578 2948 rapitur,
616 2886 907 2950 tnutusque
929 2881 1165 2933 animam
1199 2881 1424 2934 dimittit
1451 2881 1502 2934 in
1535 2898 1695 2935 auras

180 2972 266 3024 llis
290 2973 472 3042 pavidi
503 2974 734 3027 comites
763 2984 1020 3044 repetunt
1054 2975 1222 3029 Patris
1243 2977 1378 3029 atria
1412 2977 1618 3046 plures,

177 3065 348 3136 Atque
384 3074 590 3122 utoves
623 3068 746 3122 trita
776 3069 1069 3139 capiuntur
1101 3071 1254 3124 fauce
1290 3070 1496 3139 lupina.

177 3159 266 3210 Ast
295 3158 387 3228 qui
425 3165 656 3213 tutorem
688 3160 826 3214 fastu
862 3169 1132 3231 tempsere
1160 3161 1425 3232 superbo,

172 3241 431 3297 Convulsi
459 3245 623 3298 variis
652 3255 983 3301 consumunt
1014 3249 1261 3302 cladibus
1291 3266 1473 3303 ausus.

178 3335 235 3387 lli
272 3335 418 3390 ferro
443 3337 609 3406 plexi,
644 3339 850 3408 rapidis
875 3339 926 3392 hi
965 3339 1218 3394 fluctibus
1245 3340 1448 3398 hausti.

177 3427 580 3498 lnveniuntque
614 3429 757 3499 piam
791 3438 1061 3501 quotquot
1090 3432 1306 3485 rediere
1342 3433 1634 3486 medelam.

249 3519 566 3573 Praevalidis
597 3520 770 3575 Patris
805 3522 960 3575 istius
992 3523 1154 3577 modo
1187 3531 1490 3594 patrantur,

179 3611 432 3680 lmperiis
462 3613 691 3676 clarent,
726 3613 984 3683 precibus
1023 3615 1188 3669 modo
1216 3615 1384 3688 digna
1414 3615 1671 3686 profusis.

178 3704 301 3756 llaec
335 3704 535 3758 Bobius
562 3705 841 3775 quondam
876 3707 1133 3762 violentis
1166 3708 1437 3763 imbribus
1461 3716 1656 3763 auctus

175 3793 408 3847 Molibus
425 3793 652 3860 effusus,
686 3794 1022 3869 lymphaque
1057 3806 1300 3853 tumente
1333 3806 1541 3853 rotatus

175 3884 474 3953 Approhat,
515 3885 756 3941 indictus
783 3888 849 3920 m
872 3889 1043 3943 sacris
1075 3905 1358 3944 removere
1391 3890 1651 3954 furorem,

175 3975 384 4027 Vellere
412 3974 646 4029 farriteri
685 3976 948 4031 fabricam
980 3995 1172 4033 vexare
1213 3980 1400 4034 molini

177 4063 468 4130 lnhibitus,
508 4065 685 4134 posito
720 4067 868 4136 leges
893 4074 1168 4122 statuente
1200 4068 1420 4131 bacillo,

175 4152 232 4204 Et
255 4151 435 4204 erucis
465 4153 533 4205 ad
564 4152 779 4227 signum
814 4155 1036 4209 monitis
1068 4163 1295 4226 parente
1329 4157 1556 4225 fluento,

175 4241 466 4310 Arduaque
498 4258 754 4314 aggresso
780 4242 992 4296 facilem
1025 4244 1286 4318 fugiendo
1319 4253 1576 4298 meatum.

175 4334 295 4386 Visa
328 4345 533 4403 tropaea
575 4334 715 4389 redit
741 4335 1032 4390 Sinoaldus
1073 4338 1307 4407 prodere
1348 4337 1509 4390 Patri.

246 4423 510 4476 Virtutem
540 4439 760 4495 quoque
793 4425 1068 4497 magnifici
1100 4426 1293 4495 probat
1326 4426 1414 4479 ille
1449 4426 1716 4498 magistri.

176 4513 444 4566 Ruricolae
477 4511 740 4566 insistens
763 4513 936 4582 Operi,
962 4513 1216 4584 stifaeque
1247 4515 1314 4547 ’⁵³⁵
1345 4515 1654 4581 medendae,

173 4601 263 4657 Cui
301 4602 447 4653 laevae
479 4600 658 4668 pollex
687 4600 872 4654 dextra
891 4609 1169 4656 resecatur
1191 4602 1395 4674 iniqua.

167 4693 398 4764 Jamque
431 4693 592 4746 datus
615 4692 812 4766 glebis,
848 4693 988 4746 Patri
1020 4694 1149 4748 dum
1183 4694 1450 4766 promitur
1481 4702 1682 4759 aetum,

176 4784 342 4838 Educi
374 4784 585 4838 tumulo
617 4801 677 4837 ac
707 4801 898 4854 passus
928 4802 1025 4854 per
1055 4786 1440 4852 millejubetur

175 4875 406 4941 Deferri,
441 4875 792 4946 imbutusquc
813 4877 983 4930 sacris
1025 4878 1342 4931 moderante
1375 4877 1560 4930 salivis

179 4967 448 5022 Fracturae
478 4967 692 5022 medico
715 4968 995 5040 vitamque
1023 4969 1230 5023 ferente
1263 4969 1511 5039 sepultis,

175 5062 436 5135 Iungitur
462 5061 666 5116 unitico
699 5063 932 5117 viduatae
963 5064 1176 5137 glutine
1209 5063 1423 5133 palmae,

185 5153 610 5223 t'raeeipiturque
632 5153 811 5208 datam
848 5155 1005 5208 tacite
1047 5161 1276 5208 tractare
1307 5155 1556 5209 salutem.

249 5244 339 5298 Sic
371 5243 650 5315 quondam
679 5261 909 5314 puerum
929 5245 1136 5316 spirare
1163 5261 1418 5316 suprema
1449 5253 1688 5318 putatum

1919 1790 2184 1862 Tempora
2211 1798 2357 1845 certa
2386 1791 2536 1844 iteris
2566 1790 2634 1823 "5
2654 1789 3187 1860 signatjamjamque.
3217 1787 3460 1858 petendi.

1919 1879 1978 1934 Et
2012 1879 2136 1934 licet
2167 1880 2282 1950 ipse
2314 1879 2434 1933 dies
2476 1886 2596 1950 post
2627 1878 3025 1950 quinquaginta
3057 1877 3351 1930 meandum

1915 1971 2030 2032 Quo
2061 1968 2151 2034 sit,
2178 1983 2286 2023 non
2318 1969 2457 2021 adeo
2492 1968 2716 2021 monitis
2745 1965 2956 2019 dicatur
2975 1965 3208 2035 apertis;

1913 2059 2185 2130 Praeparat
2215 2069 2339 2131 apta
2359 2058 2695 2114 remansuris
2717 2068 2921 2123 tamen,
2951 2064 3114 2127 atque
3136 2054 3389 2128 migranti

1911 2156 2074 2225 Septa
2108 2153 2425 2208 monasterii
2459 2154 2703 2208 densans
2736 2159 3013 2226 tegmenta
3046 2150 3322 2214 reformat,

1910 2245 1983 2298 Ac
2021 2243 2206 2298 studet
2237 2243 2537 2296 invalidum
2572 2242 2710 2295 nihil
2740 2250 2798 2296 ut
2824 2243 3105 2311 lapsumve
3130 2239 3349 2294 residat.

1912 2335 2128 2388 Emunit
2157 2345 2482 2405 raparatque
2523 2334 2712 2399 libros,
2757 2340 3029 2404 uexatque
3057 2332 3292 2386 solutos.

1911 2427 2166 2481 Excubiis
2193 2427 2561 2498 precibusque
2583 2424 3009 2495 vacansjejunia
3033 2425 3240 2488 (luctat,

1908 2517 2116 2589 Corpus
2135 2519 2515 2573 contribulans
2545 2519 2781 2572 animam
2807 2517 3125 2571 εαξιιξςιὶὺυε
3157 2524 3328 2586 aptat.

1978 2611 2254 2681 Discipulo
2277 2612 2341 2646 ⁴²⁷
2379 2622 2501 2682 post
2522 2628 2664 2666 nona
2693 2627 2850 2665 novae
2882 2609 3226 2680 reparamina
3251 2609 3446 2662 messis

1905 2705 2092 2758 Visere
2127 2706 2420 2778 flagrantes
2450 2718 2572 2757 sese
2605 2712 2854 2772 spectare
2884 2709 3140 2772 parentes

1903 2796 2177 2867 Praecipit,
2211 2803 2373 2866 atque
2401 2810 2550 2849 mora
2583 2794 2732 2848 nulla
2766 2793 3102 2863 impediente
3131 2792 3350 2846 reverti.

1904 2890 1962 2943 In
2003 2889 2356 2963 geminisque
2383 2888 2523 2942 viam
2555 2895 2771 2941 sectans
2801 2887 3124 2941 custodibus
3154 2894 3378 2949 auctus;

1855 3039 1868 3057 η
1901 2979 2201 3049 Complecti
2230 2978 2496 3046 genitrice
2530 2977 2688 3031 datur
2711 2977 2812 3031 sub
2834 2976 2954 3030 luce
2981 2977 3196 3039 diurna,

1859 3082 1869 3100 ‘
1899 3069 2008 3122 Nox
2043 3068 2303 3139 equidem
2326 3067 2592 3138 repedare
2617 3076 2825 3129 monet,
2847 3066 3125 3138 febrisque
3149 3079 3454 3138 perurgens

1900 3155 2189 3227 Compellit
2222 3158 2458 3210 clamare
2491 3156 2662 3210 Patris
2682 3172 2740 3209 se
2762 3156 2955 3210 ardere
2976 3155 3236 3226 querelis,

1898 3248 2185 3319 Exitioque
2211 3249 2351 3319 rapi,
2383 3265 2536 3303 mora
2565 3250 2609 3303 si
2632 3256 2814 3303 teneat
2839 3247 3128 3303 redeundi.

1895 3335 2226 3407 Moxquedie
2257 3337 2451 3390 callem
2483 3345 2741 3405 repetens
2767 3347 3046 3391 remeante
3069 3336 3337 3407 cupitum,

1896 3425 2146 3479 Salvatur
2175 3441 2448 3488 remeans,
2483 3424 2720 3478 febrium
2753 3425 2836 3479 vis
2867 3425 3066 3496 linquit
3095 3433 3342 3491 euntem,

1896 3514 2129 3568 Sanatus
2161 3513 2372 3567 Patrem
2408 3513 2611 3582 reperit
2642 3529 2902 3583 suprema
2935 3515 3263 3569 trahentem.

1897 3607 2149 3661 Adventu
2181 3614 2362 3660 tamen
2391 3605 2680 3670 exhilarat,
2714 3605 2990 3677 funusque
3022 3614 3310 3677 paternum

1896 3697 2248 3753 Tormentum
2292 3696 2358 3729 “8
2413 3694 2564 3748 videt
2619 3709 2742 3748 esse
2795 3711 2957 3750 suum
3018 3697 3376 3768 celeremque
3444 3716 3528 3752 rc-

3158 3785 3450 3858 [gressum,

1969 3880 2031 3934 At
2059 3879 2214 3932 Pater
2244 3886 2518 3933 extremos
2543 3878 2786 3933 monitus
2818 3895 3177 3950 pangensque
3210 3889 3526 3952 notansque

1897 3974 1964 4028 Se
1995 3989 2159 4026 cruce
2180 3971 2506 4037 communit,
2538 3971 2718 4025 crucis
2740 3972 2888 4026 edita
2916 3973 2982 4004 "9
3004 3987 3210 4042 pronus
3232 3973 3446 4038 adorat,

1898 4064 2278 4135 Attollensque
2308 4079 2523 4118 crucem
2549 4062 2807 4133 lacrymis
2833 4073 2886 4116 et
2922 4062 3178 4117 laudibus
3209 4070 3393 4116 ornat.

1897 4157 2027 4210 Tum
2049 4165 2260 4210 secreta
2293 4164 2485 4225 petens
2514 4165 2758 4210 veterum
2785 4155 2983 4210 delicta
3014 4155 3314 4226 proborum

1899 4248 2146 4319 Abstergi
2173 4246 2391 4320 rogitat,
2435 4244 2676 4316 ﬂetuque
2708 4244 2917 4318 rigante
2947 4255 3227 4318 repurgat.

1903 4341 1990 4395 Sic
2017 4341 2156 4394 inter
2185 4337 2423 4411 gemitus
2452 4337 2562 4392 triti
2605 4344 2658 4391 et
2686 4335 2926 4406 suspiria
2957 4337 3142 4391 cordis

1815 4403 1866 4470 Ῐ)
1893 4429 2157 4484 Attollens
2176 4428 2381 4492 oculos,
2404 4427 2602 4482 caelum
2625 4427 2730 4480 sibi
2774 4427 2948 4481 cernit
2979 4433 3231 4498 apertum
3256 4444 3267 4479 :

1899 4518 2327 4589 Gtorificansque
2353 4517 2520 4571 Deum
2553 4525 2738 4588 grates
2770 4517 3036 4586 dependit
3065 4523 3120 4570 et
3148 4515 3301 4569 odas.

1899 4610 2228 4664 Substiterat
2257 4625 2313 4663 se
2345 4607 2482 4662 clam
2506 4607 2660 4660 testis
2681 4605 2773 4677 qui
2805 4605 2918 4658 visa
2944 4605 3189 4670 referret,

1895 4702 2166 4756 Panderet
2197 4708 2434 4770 acceptae
2466 4699 2558 4770 qui
2587 4699 2711 4752 diva
2741 4696 3015 4750 lcvamina
3043 4695 3209 4750 vocis.

1973 4789 2151 4843 Altera
2180 4788 2267 4842 lux
2299 4788 2457 4841 terris
2482 4804 2590 4857 _am
2623 4786 2810 4841 Caelica
2840 4785 2985 4839 dona
3017 4783 3246 4847 ferebat,

1900 4879 1996 4934 Ille
2036 4897 2238 4936 vocans
2264 4895 2652 4952 summumque
2677 4879 2792 4933 vale
2823 4876 2960 4930 dans
3001 4875 3254 4930 fratribus
3283 4873 3433 4925 addit

1903 4972 2227 5037 Exhortans,
2261 4973 2454 5042 emptis
2495 4980 2771 5031 maneant,
2805 4968 3017 5039 potiora
3057 4973 3358 5037 capessant.

1902 5065 1995 5118 Sic
2017 5066 2186 5120 verbo
2217 5064 2436 5138 genitos
2465 5065 2651 5119 solans
2679 5060 2980 5117 absolvitur
3010 5059 3131 5114 imis

1903 5155 1967 5210 Et
1987 5157 2078 5228 pia
2107 5157 2340 5212 sidereae
2369 5157 2573 5212 mentis
2600 5164 2700 5211 tert
2729 5153 2950 5208 flamina
2979 5152 3155 5207 cmlis.

1257 5441 1522 5496 GLOSS/E
1575 5422 1998 5498 MARGIN'ALES
2048 5441 2448 5498 mammona.

252 5605 322 5682 “_°
341 5601 609 5682 regulis.“
651 5603 720 5682 ξ¹⁷
753 5603 1110 5682 Columbano.
1162 5603 1228 5636 ⁴¹⁸
1260 5603 1614 5682 erudiendum

186 5676 252 5709 ⁸³³
283 5673 476 5730 febris.
549 5673 617 5707 ⁴²⁵
643 5674 849 5743 jussus.
931 5675 998 5708 "5
1028 5673 1204 5728 stivae.
1288 5675 1356 5708 ⁵³⁸
1387 5673 1617 5728 itineris.

1697 5603 1764 5635 “9
1796 5603 2138 5660 desiderans.
2209 5602 2276 5634 ⁴²⁰
2310 5600 2510 5653 Donec.
2598 5601 2664 5634 ⁴²ι
2693 5599 2992 5656 diabolica.
3053 5593 3504 5669 ‘i’impcrfcctos.

1705 5672 1770 5705 "7
1799 5674 1974 5732 Ione.
2054 5674 2120 5709 ⁵²⁸
2143 5673 2200 5727 id
2229 5676 2305 5728 est
2330 5685 2494 5725 causa
2517 5669 2797 5734 tormenti,
2829 5678 2938 5726 etc.
3011 5673 3078 5706 "9
3099 5671 3222 5726 alta.
