3972 6208
432 275 536 324 883
676 273 1039 327 FLOUOAHDI
1084 272 1381 327 CANONICI
1429 274 1756 329 llEMENSlS
1798 277 2130 332 UPtSCLLA
2173 279 2562 334 METRICA.—
2598 281 2678 335 DE
2716 279 2973 337 CHRISTI
3016 280 3403 352 TRICMPHIS,
3446 287 3570 343 ETC
3675 291 3778 347 884

1928 437 2144 493 CAPUT
2190 438 2298 495 XX.

1575 535 1651 593 De
1678 538 1903 594 sanctis
1934 538 2199 615 Bertul/o
2230 546 2281 595 et
2314 539 2613 599 Eustasio.

507 660 659 715 llunc
690 660 757 693 ⁴³⁰
782 660 1033 732 sequitur
1057 661 1275 717 fervens
1303 663 1952 738 subrelligionisamore,
2070 669 2402 743 Alllarcenti
2470 688 2598 726 arva
2656 673 2829 747 gradu
2868 692 2881 728 :
2963 676 3194 748 languor
3257 679 3472 736 Patrem
3501 723 3516 749 ,
3605 699 3783 758 angor

436 758 691 812 Francica
710 757 1008 832 progenies
1033 758 1199 812 altum
1232 775 1395 831 quem
1435 762 1722 836 sanguinis
1747 764 1881 829 edit,
3431 772 3710 843 {alumnos

433 849 655 903 Arnulfo
671 848 881 904 celebri
911 850 1182 905 Bcrtulfus
1211 852 1383 923 stirpe
1406 854 1695 908 cohaerens
2154 850 2428 906 Presserat
2460 853 2753 921 haerentes,
2786 870 2887 909 nec
2918 872 3072 926 spem
3098 858 3384 915 redeuntis
3414 862 3707 930 habentes,

436 940 705 1000 Pontiﬁci.
737 957 901 1013 quem
934 942 1077 996 celsa
1109 942 1302 998 videns
1328 943 1542 1019 fastigia
1570 953 1753 1001 mente
2153 943 2384 998 Roboris
2411 946 2676 1000 excubias
2694 961 2798 1001 nox
2822 947 2924 1001 fert
2949 948 3249 1004 columis...

434 1036 703 1105 Spernere
732 1033 966 1099 cmlesti,
996 1042 1254 1101 sectatur,
1285 1046 1337 1091 et
1369 1038 1538 1092 ardua
1558 1039 1705 1094 saecli
2148 1032 2292 1087 Juris
2325 1034 2612 1104 apostolici
2647 1035 2853 1091 cultum
2889 1036 3045 1092 Pater
3069 1038 3289 1094 ordinat
3313 1055 3480 1115 aeger,

436 1123 686 1178 Culmina
714 1130 1098 1186 contemnens,
1131 1125 1312 1179 erucis
1341 1126 1534 1197 arripit
1565 1129 1671 1182 alta
1702 1136 1929 1199 tropaea,

1702 1136 1929 1199 tropea,
2154 1121 2224 1174 Ac
2251 1122 2413 1176 solito
2435 1122 2678 1192 disponit
2703 1124 2790 1197 agi
2822 1124 3112 1180 sollemnia
3146 1127 3248 1182 ritu

442 1214 862 1286 Eustasiumquc
895 1224 1089 1285 petens
1120 1216 1379 1272 Lussovia
1403 1218 1525 1292 lege
1553 1218 1826 1275 colentem
2155 1212 2255 1276 Qui
2284 1213 2386 1266 sibi
2410 1213 2505 1284 qui
2537 1214 2701 1269 sociis
2732 1223 2983 1270 statuens
3016 1218 3291 1274 insomnia
3321 1229 3563 1276 servent.

436 1307 621 1361 Castra
654 1306 997 1372 Columbani,
1027 1307 1252 1362 monitis
1292 1308 1559 1364 attollitur
1583 1311 1763 1377 almis,
2168 1306 2279 1359 Nox
2306 1322 2465 1362 curas
2488 1308 2716 1382 subigit,
2743 1320 2970 1365 Cunctas
2986 1327 3153 1383 sopor
3177 1314 3357 1369 obruit
3387 1316 3532 1371 altus

438 1395 703 1450 Omnibus
731 1401 783 1449 et
803 1404 992 1469 gratus
1028 1397 1217 1451 virtuti
1250 1397 1399 1468 degit
1429 1407 1484 1452 et
1515 1407 1674 1469 aptus
2167 1394 2432 1451 Custodes
2456 1399 2620 1453 etiam
2641 1400 2837 1454 letha2a
2871 1401 3072 1455 oblivia
3097 1404 3310 1460 sternit.

440 1487 634 1553 Attala,
666 1486 760 1540 sed
797 1487 979 1542 Gallos
1010 1489 1070 1521 ⁸³³
1127 1489 1446 1545 Lussovium
1479 1500 1533 1545 et
1575 1499 1638 1546 ut
1677 1494 1814 1563 petit
1838 1510 2061 1566 agmen:
2166 1494 2620 1551 Asseculislictus
2646 1498 2709 1530 ‘37
2741 1497 2951 1553 Christo
2991 1502 3219 1555 custode
3247 1501 3475 1557 levatur.

442 1579 731 1650 lftriusque
757 1578 926 1633 Patris
948 1580 1014 1613 ‘3’
1041 1581 1191 1635 socia
1224 1582 1426 1651 pietate
1448 1581 1719 1650 fervente,
2165 1584 2485 1657 Solaturque
2515 1586 2674 1641 Petro
2706 1587 2772 1619 ⁸³⁸
2798 1588 2930 1642 dum
2962 1590 3210 1659 principe
3226 1592 3421 1647 visitur
3448 1594 3640 1650 abbas.

443 1668 576 1721 Huic
603 1682 822 1738 quoque
864 1684 922 1721 se
953 1667 1165 1723 dedens
1196 1670 1357 1724 ltalos
1386 1672 1613 1726 sortitur
1637 1688 1860 1743 agones,
2160 1674 2390 1745 Surgere
2424 1674 2761 1745 prareipitur,
2793 1692 3097 1748 sospesque
3120 1680 3300 1734 redire
3325 1680 3574 1749 jubetur,

442 1759 725 1814 Permanet
761 1776 825 1815 ac
867 1758 1027 1815 fidus.
1072 1761 1364 1833 Postquam
1412 1772 1467 1818 at
1525 1764 1680 1819 Pater
1718 1766 1785 1798 ⁸³³
1824 1766 2010 1841 emigr:

1943 1776 2057 1841 grai
2159 1762 2450 1832 Accipit‘”
2482 1774 2536 1818 et
2567 1765 2785 1819 Petrum
2808 1783 2930 1821 sese
2963 1768 3166 1837 petisse
3200 1780 3511 1838 patronum,

1808 1854 1986 1924 {astris
2162 1851 2433 1905 Attonitus
2457 1860 2608 1925 rogat
2647 1855 2886 1908 excitum
2917 1856 3047 1910 dare
3080 1858 3193 1911 visa
3226 1859 3573 1915 ministrum:

442 1937 725 1991 Communi
758 1938 1016 2013 allegitur
1046 1939 1287 1995 Fratrum
1311 1939 1523 1997 fervore
1544 1943 1609 1976 ‘3‘
1641 1944 1924 2017 magister,
2092 1991 2135 2017 η
2167 1939 2260 1993 Ille
2288 1957 2497 2014 negans
2527 1942 2854 1997 Illustralum
2887 1959 2947 1999 se
2978 1945 3097 1999 luce
3126 1947 3314 2016 petita.

440 2028 688 2085 Perfovei
716 1991 1051 2105 atqueoregit
1080 2033 1207 2089 divo
1245 2034 1628 2090 moderamine
1649 1991 1924 2107 5,131,105,,
2092 1991 2139 2057 Β
2167 2026 2313 2081 Hanc
2334 1991 2506 2102 τοξιοεί
2532 2030 2725 2099 poscit,
2759 1991 3442 2107 preeibusquelextorquet
3471 2038 3710 2105 anhelis,

512 2123 637 2175 Atra
664 2137 878 2176 venena
908 2138 1155 2193 coquens
1193 2124 1425 2194 impellit
1450 2125 1518 2180 ad
1550 2125 1800 2196 improba
1829 2144 2061 2198 serpens

1997 2146 2061 2185 ης,
2162 2119 2337 2190 Atque
2366 2129 2584 2191 reperta
2607 2128 2775 2188 notat,
2802 2123 3064 2195 testisque
3087 2126 3298 2181 accedit
3318 2129 3559 2183 adacter.

442 2214 617 2268 Corda
645 2216 1100 2288 pr0pinquorum,
1124 2218 1307 2273 vicino
1338 2218 1575 2273 subdere
1605 2220 1846 2275 suadens
2234 2217 2276 2269 lt
2307 2214 2466 2270 Pater
2497 2217 2613 2287 ipse
2645 2218 2854 2285 valens,
2879 2220 3125 2291 aliosque
3144 2222 3235 2275 dat
3266 2221 3346 2276 ire
3377 2224 3646 2291 valentes,

447 2303 593 2357 llunc
674 2304 741 2337 ⁸³⁵
796 2305 901 2359 sibi
979 2305 1249 2376 pontiﬁci,
1310 2315 1426 2361 sata
1484 2324 1587 2362 nec
1657 2308 1765 2363 sibi
1808 2326 2057 2380 qmerere
2164 2304 2500 2360 lliemonieas
2532 2306 2689 2376 pellit
2719 2318 2923 2376 pestes,
2949 2318 3145 2382 purgat
3186 2327 3348 2381 prece
3377 2322 3609 2368 mentes.

1709 2400 1883 2471 [cessa
1904 2401 1991 2454 ⁸³⁸.
2239 2398 2551 2455 Victorinus
2580 2401 2631 2454 id
2650 2410 2927 2472 expertus,
2961 2404 3121 2458 datus
3149 2406 3344 2461 obvius
3367 2409 3533 2473 almo,

447 2488 582 2544 llinc
604 2504 865 2559 proceres
892 2489 1029 2559 adit,
1061 2489 1191 2545 hinc
1223 2505 1432 2561 regem,
1466 2505 1567 2544 nec
1595 2497 1717 2545 vota
1750 2490 1992 2555 facessit,
2169 2492 2276 2549 Nec
2297 2510 2450 2548 mora
2479 2505 2722 2564 curatus,
2742 2506 2925 2569 grates
2954 2499 3136 2553 studet
3162 2501 3330 2556 edere
3359 2520 3544 2557 sanus.

446 2582 554 2636 Nec
584 2582 780 2653 emptis
809 2582 998 2640 resilit.
1040 2584 1155 2647 Qua
1176 2582 1228 2637 vi
1255 2592 1488 2655 cogente
1516 2583 1711 2638 beatus
2168 2591 2258 2645 Sic
2288 2607 2424 2661 puer
2452 2608 2752 2664 Oppressus
2783 2610 3039 2665 saevoque
3073 2596 3281 2652 latrone
3313 2607 3543 2653 voratus.

449 2676 789 2730 llomulidam
822 2676 981 2730 Pater
1005 2677 1323 2748 aggreditur
1350 2693 1704 2747 compescere
1737 2694 1953 2748 papam.
2168 2683 2395 2737 Abbatis
2423 2693 2556 2739 nutu
2592 2686 2729 2738 redit
2763 2694 2879 2740 atra
2913 2687 3066 2741 fauce
3086 2697 3360 2758 receptus.

445 2769 715 2835 Ουίὶδδίῑυδ
755 2783 1001 2822 normam
1032 2768 1246 2830 τοοίῑθῑι
1288 2775 1565 2838 ρτιεοοριει
1596 2768 1834 2838 resignat
2163 2780 2360 2833 Tabem
2405 2779 2567 2833 etiam
2605 2780 2772 2850 leprze
2804 2797 3007 2852 supero
3036 2782 3263 2853 depellit
3294 2786 3526 2851 honore,

445 2858 682 2912 Αηιίδῐθδ
714 2856 940 2911 monitis
971 2857 1246 2929 θάιξθυιιεῑ
1280 2856 1548 2910 Honorius
1577 2856 1739 2925 θριίδ,
2165 2868 2226 2923 Et
2259 2868 2490 2923 medicis
2514 2869 2886 2939 desperatum,
2919 2886 3074 2925 sacro
3103 2872 3345 2943 unguine
3375 2875 3587 2929 salvum

448 2945 854 3015 Amplexusque
881 2944 1079 3010 virum,
1103 2945 1329 3011 refovet,
1357 2953 1670 3008 veneratur,
1700 2946 1953 3013 honorat,
2165 2960 2290 3014 ιιοδι
2321 2959 2407 3029 pia
2445 2968 2571 3014 νοια
2597 2958 2746 3025 facit,
2771 2968 3059 3031 postquam
3080 2961 3293 3029 jejunia
3325 2963 3493 3017 αυοίι,

448 3037 693 3105 Curaque
714 3034 987 3096 οοηθθάίίι
1021 3035 1172 3109 Ῑθὲθδ
1200 3042 1253 3089 εί
1284 3035 1530 3110 rcgmina
1561 3039 1756 3103 ιηιιηίι,
2166 3053 2339 3123 Atque
2372 3052 2445 3106 ita
2472 3052 2593 3106 labe
2625 3059 2829 3119 cutem,
2861 3052 3016 3106 sanie
3044 3052 3122 3107 sic
3149 3053 3362 3109 viscera
3394 3056 3644 3123 mundat,

450 3128 765 3197 lnvitusque
786 3126 964 3181 redire
988 3126 1135 3182 sinit.
1182 3126 1466 3183 Thuscana
1488 3130 1698 3184 terebat
2171 3146 2235 3201 υι
2264 3146 2442 3202 morbi
2476 3155 2601 3218 post
2625 3147 2773 3201 nulla
2800 3147 2971 3202 decus
2996 3147 3065 3181 uo
3098 3148 3327 3223 vestigia
3359 3150 3586 3222 linquat.

1906 3283 2115 3339 CAPUT
2164 3284 2297 3339 ΧΧΙ.

1388 3389 1464 3448 Dc
1491 3392 1715 3451 sanctis
1748 3391 2071 3465 Blidulpho
2106 3397 2157 3447 ct
2185 3388 2446 3446 .llerovco
2478 3385 2792 3445 monacho.

516 3514 682 3587 Signa
712 3514 981 3570 salutiferi
1013 3515 1255 3570 nemoris
1295 3515 1411 3571 haec
1441 3514 1644 3585 inclyta
1674 3515 1813 3569 laetis
2094 3520 2143 3587 (ζ
2165 3514 2456 3587 Sacrilegis
2487 3521 2540 3567 et
2571 3511 2666 3583 qui
2709 3510 2886 3565 faveat
2923 3512 3091 3566 simili
3128 3513 3255 3589 igne
3288 3515 3573 3587 liquescat.

446 3605 734 3660 Fructibus
755 3604 1019 3680 effulgent
1043 3607 1276 3678 vitaeque
1304 3606 1601 3681 fragrantia
1629 3612 1817 3661 nectar
2165 3610 2227 3661 At
2257 3607 2365 3661 dux
2395 3606 2512 3675 ipse
2553 3604 2680 3658 mali
2714 3614 2966 3658 metuens
2992 3606 3100 3659 sibi
3133 3607 3319 3677 qualia
3349 3607 3527 3662 cernit

446 3696 709 3767 Aspirant,
730 3698 928 3752 devota
950 3698 1059 3752 Deo
1087 3698 1217 3752 dum
1242 3698 1472 3772 pignora
1502 3698 1735 3772 gignunt
2167 3698 2343 3773 lntligi
2376 3697 2589 3752 meritis
2606 3695 2870 3750 miserum
2891 3712 3014 3751 cum
3049 3713 3276 3752 munere
3306 3699 3497 3753 castris

446 3791 686 3854 Quorum
721 3790 1018 3859 persistens
1048 3789 1226 3844 solido
1257 3789 1582 3859 Blidulphus
1614 3789 1820 3843 honore
2165 3788 2406 3841 Destinat
2434 3783 2715 3850 almiﬁcis;
2748 3794 2904 3855 pater
2930 3784 3168 3856 inclytus
3188 3788 3364 3842 Attala
3394 3788 3539 3843 dona

446 3879 699 3934 Numinis
719 3879 913 3935 insecti
944 3886 1182 3934 assertor
1206 3893 1504 3949 coramque
1530 3887 1761 3950 tyranno
2165 3879 2392 3949 Respuit
2415 3877 2595 3944 inﬁdi,
2626 3884 2765 3932 torto
2797 3893 3121 3932 succurrere
3149 3879 3319 3934 currit

445 3969 837 4023 lndivisibilem
870 3968 1211 4039 laudansque
1250 3967 1571 4039 docensque
1602 3968 1881 4035 decorem,
2163 3970 2392 4045 Flagitat
2422 3976 2476 4024 et
2501 3969 2693 4024 fratres
2719 3970 2994 4024 redimant
3016 3970 3134 4025 diro
3166 3970 3291 4045 igne
3326 3971 3673 4046 ﬂagrantem.

444 4061 710 4117 Culminis
740 4059 965 4115 aetherei
996 4059 1169 4113 furias
1190 4058 1444 4113 accendit
1473 4058 1646 4132 iniqui
1676 4076 1689 4113 :
2164 4064 2487 4121 lncumbant
2521 4064 2800 4135 precibus,
2826 4064 2967 4119 votis
2988 4074 3246 4120 tueantur
3273 4067 3564 4135 anhelum;

447 4155 504 4208 lu
526 4170 626 4208 sua
664 4153 769 4207 fata
807 4152 964 4207 ducis
992 4151 1259 4207 secretius
1287 4167 1438 4206 arma
1468 4159 1751 4223 parantur,
2162 4155 2401 4209 Nexibus
2431 4161 2718 4224 exemptus
2737 4162 3022 4224 praestatur
3042 4172 3275 4229 pergere
3305 4175 3493 4214 sanus.

444 4247 611 4301 Fraus
640 4250 781 4300 tecta
809 4244 1122 4310 instruitur,
1155 4244 1361 4301 bellum
1395 4244 1563 4301 ferale
1595 4251 1865 4309 movetur,
2160 4244 2269 4297 Nec
2302 4242 2465 4316 longo
2497 4248 2677 4296 tamen
2710 4242 2971 4315 indignus
2999 4243 3344 4318 perfungitur
3359 4263 3459 4301 usu

448 4337 582 4393 Veri
614 4352 792 4408 praeco
820 4335 964 4391 dolis
991 4336 1196 4407 petitur
1224 4336 1510 4409 plagisque
1537 4337 1796 4392 subactus
2159 4333 2443 4406 Temporis
2473 4334 2539 4387 ad
2562 4333 2779 4387 veniam
2805 4333 2946 4388 cessi
2978 4334 3126 4406 quod
3157 4336 3386 4405 perdere
3418 4339 3601 4413 nugis.

445 4431 698 4486 Fastibus
736 4429 1007 4483 obteritur
1028 4428 1259 4496 crebris,
1288 4429 1414 4484 dum
1446 4446 1607 4485 sensa
1638 4429 1846 4485 doloris
2166 4424 2336 4489 Quam
2370 4440 2588 4477 servare
2610 4422 2743 4496 legit
2773 4422 3048 4493 lacrymis,
3076 4424 3401 4495 jactansque
3422 4428 3710 4483 cachinnis

446 4522 732 4575 Mactatum
757 4520 984 4591 liquisse
1007 4527 1188 4590 patet;
1229 4519 1310 4574 sic
1351 4519 1569 4590 hospite
1598 4516 1708 4573 fido
2164 4518 2232 4570 Se
2273 4516 2511 4586 gessisse
2540 4515 2804 4587 probrum
2834 4516 2998 4583 votis,
3032 4533 3157 4571 mox
3190 4516 3436 4571 febribus
3466 4527 3621 4572 actus

447 4614 713 4679 Quaesitus
742 4628 908 4667 sensu
932 4620 1095 4683 atque
1123 4611 1309 4686 ﬂagris
1349 4610 1621 4681 reperitur
1646 4609 1847 4677 inanis,
2166 4611 2295 4684 lgne
2326 4610 2489 4664 callet
2521 4608 2650 4663 lethi
2673 4609 3026 4680 elamansque
3058 4609 3357 4681 furensque
3385 4611 3656 4683 gehenns.l

450 4708 664 4763 Excitus
694 4717 752 4762 ut
781 4723 975 4763 somno
1007 4707 1122 4762 miti
1155 4706 1425 4762 dormisse
1454 4721 1652 4776 50pore
2160 4701 2444 4772 Abripitur
2475 4700 2655 4771 pcenis
2680 4701 2967 4755 submotus
3005 4710 3060 4755 et
3087 4717 3287 4776 aggere
3321 4701 3495 4756 bustis

447 4800 628 4855 Mitius
646 4807 810 4871 atque
836 4815 1077 4871 unquam
1120 4798 1419 4868 perhibens
1447 4804 1552 4852 stat
1572 4798 1800 4852 vulnere
1828 4798 1986 4864 liber,
2085 4860 2127 4871 η
2162 4797 2405 4851 Ostentat
2433 4794 2642 4849 tumulo
2665 4811 2829 4866 quam
2858 4794 2979 4847 dira
3010 4795 3303 4865 patraverit
3332 4811 3489 4849 ausu.

448 4892 659 4947 Inscius
697 4890 939 4967 angoris,
969 4889 1121 4945 tenui
1150 4889 1328 4945 vibice
1361 4895 1623 4945 notentur
2080 4860 2136 4927 D
2161 4892 2272 4946 Nec
2317 4891 2500 4945 minus
2544 4890 2846 4944 excessisse
2886 4899 3101 4955 notant,
3143 4889 3458 4960 mulctaque
3499 4890 3782 4962 resignant

446 4988 685 5044 Membra
715 4986 861 5051 licet,
883 4985 1059 5041 nescit
1088 4984 1193 5039 diri
1225 4983 1543 5039 meminisse
1569 4983 1765 5051 duelli,
2162 4985 2232 5039 Se
2259 4980 2555 5038 offendisse
2588 4982 2781 5047 Deum,
2809 4980 3119 5037 Meroveum
3143 4980 3292 5035 fonte
3332 4988 3669 5051 prementes,

447 5079 555 5134 Nec
585 5083 973 5133 temeratorem
1006 5082 1188 5131 tamen
1211 5074 1349 5130 ultio
1373 5082 1621 5145 tempore
1652 5075 1824 5129 multo
2162 5072 2284 5139 Qui,
2317 5080 2472 5142 patre
2504 5070 2726 5141 praelato
2759 5070 3049 5123 Dertonam
3081 5068 3303 5133 missus,
3332 5083 3564 5138 Opaeum

448 5172 630 5227 Visere
666 5168 976 5225 dissimulat
996 5167 1254 5234 Bardum,
1287 5166 1422 5239 qnin
1453 5165 1706 5221 daemone
1737 5172 1950 5236 raptum
2163 5166 2417 5220 Sternere
2445 5163 2575 5218 dum
2608 5168 2779 5218 certat
2800 5161 2923 5216 luco
2955 5161 3226 5215 densante
3256 5158 3543 5224 sacellum,

446 5265 739 5339 Compellit
766 5264 1002 5319 clamare
1027 5262 1137 5335 pati
1177 5278 1235 5318 se
1265 5262 1433 5337 digna
1460 5260 1645 5332 piacli,
2165 5259 2348 5313 (lassus
2379 5254 2629 5310 fameolis
2656 5253 2755 5309 rivi
2789 5252 3129 5325 demergitur
3157 5250 3345 5316 undis,

442 5356 612 5413 Tanta
642 5355 821 5412 fatens
858 5370 1051 5410 ausum
1075 5353 1220 5409 ferre
1248 5354 1367 5410 haec
1398 5352 1659 5409 incendia
1684 5352 1916 5421 justum,
2163 5348 2274 5403 Nec
2302 5345 2485 5419 subigi
2511 5343 2812 5415 permissus
2836 5340 2998 5412 aquis
3022 5349 3282 5395 oneratur
3311 5339 3553 5411 iniquis:

1513 5512 1779 5569 (ηοεεῶ
1832 5507 2254 5567 MARGINALES
2300 5505 2703 5564 MABILLONII.

510 5641 580 5677 ⁴³⁰
605 5639 861 5695 Attalam.
951 5639 1016 5673 ⁴³¹
1046 5638 1294 5695 Galliam.
1390 5641 1459 5675 ‘3’
1490 5641 1720 5697 Eustasii
1803 5650 1860 5698 et
1907 5638 2119 5694 Attalre.
2194 5639 2264 5673 ⁸³³
2294 5636 2488 5692 Attala.
2576 5633 2642 5668 ‘3‘
2664 5631 2965 5688 desiderio.
3050 5631 3117 5664 ⁴³³
3151 5628 3474 5685 Bertulfum.
3551 5629 3621 5664 ⁴³⁶
3649 5644 3774 5684 con-

441 5724 618 5766 cessa.
707 5708 774 5742 ‘37
793 5724 822 5761 a
841 5708 1131 5779 discipulis
1155 5710 1378 5766 relictus
1485 5712 1553 5746 ⁴³³
1580 5728 1613 5765 a
1641 5712 1844 5776 Petro.,
1910 5710 1979 5744 ‘3‘
2009 5710 2185 5767 audit.
2252 5710 2322 5744 “0
2341 5707 2441 5764 scil
2495 5703 2767 5761 sanitatis.
