3972 6208
205 325 318 380 885

207 458 387 528 Sylva:
421 455 765 527 ponderibus
789 455 990 509 missus
1016 455 1278 525 visusque
1315 455 1580 525 sepultus,

210 548 516 604 Incolumis
547 548 714 602 fluvio
750 548 928 621 surgit
960 547 1266 618 fratresque
1303 547 1488 602 revisit

208 645 520 718 Sacrilegos
549 643 655 698 cita
683 660 847 712 poma
876 642 997 697 {erit
1025 642 1316 717 plagisque
1348 644 1605 698 subactos

211 734 476 789 Afticiens
500 734 695 789 variis:
730 733 1016 787 oculorum
1051 733 1151 786 hos
1183 733 1388 786 lumine
1427 731 1621 804 privat,

213 824 442 897 Ignibus
473 824 572 877 hos
597 823 725 885 urit,
758 837 1048 876 nervorum
1082 823 1182 876 hos
1208 822 1440 876 nexibus
1470 823 1654 895 angit;

210 912 454 974 Quorum
480 918 602 982 post
623 910 868 981 patribus
897 909 1120 981 quidam
1155 910 1522 964 Bobiensibus
1543 912 1672 976 acti,

209 1000 506 1054 Tormenta
541 1000 810 1074 effugiunt
832 1000 1110 1072 lacrymis,
1139 1000 1232 1054 alii
1265 1001 1464 1072 probra
1493 1002 1670 1070 ptenis

215 1094 511 1151 Exsolvunt
537 1096 750 1151 meritis
781 1096 1145 1168 inhibentque
1169 1094 1382 1166 piacula
1411 1095 1615 1169 ﬂagris.

910 320 1181 376 SANCTAS
1222 322 1572 378 MATHILDIS
1614 325 1876 380 RECINA‘I
1917 326 2084 380 VITA.
2127 357 2194 367 -
2238 325 2513 380 OBSERV.
2560 325 2844 380 PR/EVl/E

3444 331 3550 387 886

1860 465 1905 528 Α
1936 458 2028 513 llic
2057 457 2242 512 socius
2271 457 2548 528 quondam
2584 457 2871 528 Leupardo
2903 456 3068 512 frater
3097 459 3385 515 adhaerens

1939 547 2071 600 Dum
2105 546 2273 616 patris
2302 545 2534 616 imperio
2566 546 2740 600 vineaa
2768 546 3074 601 munimina
3101 547 3339 606 densant

1937 639 2104 700 Quam
2136 635 2295 690 multi
2321 635 2514 703 juncto
2546 641 2830 706 nequeunt
2859 635 3087 690 attolere
3121 636 3267 704 nisu,

1938 731 2159 785 Arboris
2185 730 2374 784 armati
2401 729 2604 800 pietate
2637 729 2812 783 tulere
2841 729 3172 784 columnam.

1940 822 2108 892 Hujus
2139 821 2408 892 Leupardi
2437 822 2634 876 vetitos
2659 821 2947 891 vulpecula
2972 821 3140 891 jussis

1938 917 2221 968 Attentans
2249 912 2478 968 sorbere
2508 913 2696 968 botros
2721 920 2886 984 atque
2905 929 2999 967 ore
3034 913 3230 983 petitos

1938 1003 2100 1059 Morte
2131 1009 2401 1074 sequente
2432 1007 2628 1056 tenens
2656 1001 2858 1071 promit
2895 1000 3217 1056 discrimine
3247 1002 3474 1058 crimen.

1673 1224 1882 1278 CAPUT
1933 1223 2088 1277 XXII.

966 1330 1043 1389 De
1071 1330 1456 1389 Bait-decuria
1483 1337 1538 1388 et
1567 1330 1792 1388 caeteris
1823 1325 2184 1403 quibusdam
2215 1325 2441 1384 sanctis
2477 1325 2809 1383 monachis.

285 1464 526 1520 Bertulfo
557 1465 925 1520 Baudacarius
945 1468 1264 1520 moderante
1293 1473 1528 1520 statutus

211 1554 389 1607 Vincti
420 1561 564 1608 tutor
589 1553 817 1624 capiens
837 1555 1106 1609 solamine
1131 1556 1326 1609 missos

212 1645 348 1696 Dum
383 1644 541 1712 panis
565 1660 793 1714 parvum
827 1644 974 1715 quod
1006 1644 1507 1715 adestanatemque
1539 1643 1826 1698 ministrat.

211 1732 316 1786 Ter
347 1734 522 1788 denos
538 1733 755 1789 modico
785 1750 982 1807 magna
1011 1735 1108 1788 sed
1142 1742 1326 1788 mente
1357 1741 1545 1804 paratu

215 1822 536 1876 Exhilarans
563 1823 758 1878 fratres
787 1823 1024 1893 dapibus
1051 1839 1272 1895 quoque
1301 1823 1509 1878 ditibus
1538 1824 1738 1894 explet.

216 1915 308 1968 llis
338 1913 486 1968 rutili
521 1915 688 1968 radiis
730 1925 970 1984 patrum,
1006 1916 1204 1985 pietate
1235 1916 1448 1970 corusci

211 2007 440 2060 Athletae
471 2006 710 2060 subeunt
739 2007 948 2061 alacres
978 2007 1124 2061 dicto
1163 2008 1382 2080 agmine
1413 2009 1612 2062 caelum

213 2102 455 2162 Quorum
484 2105 668 2153 mente
701 2097 882 2151 nitens
912 2097 1066 2150 hilari
1104 2096 1410 2152 Tedoaldus
1437 2106 1490 2152 et
1521 2099 1632 2154 imo

214 2187 348 2240 Dum
393 2186 619 2240 recubat
648 2193 816 2240 strato
844 2186 1091 2240 coelestia
1122 2195 1306 2240 mente
1339 2203 1637 2261 peragrans

212 2276 453 2329 Advoeat
483 2285 645 2346 atque
687 2277 804 2330 vale
837 2275 1044 2330 faciens
1072 2277 1197 2331 laeto
1227 2292 1323 2331 ore
1353 2278 1572 2333 sodales

209 2371 521 2441 Alloquitur
560 2371 717 2437 lenis,
750 2387 1008 2442 suprema
1039 2372 1233 2428 viatica
1265 2373 1442 2443 poscit

213 2464 397 2534 Seque
418 2470 614 2517 notans
638 2463 865 2534 pulchro
883 2475 1185 2519 extremum
1219 2473 1377 2520 ornat
1393 2467 1639 2521 carmine
1665 2465 1827 2521 tinem

214 2557 604 2628 lncipiensque
635 2559 827 2622 melos,
858 2559 1133 2612 scandens
1161 2559 1359 2614 virtute
1394 2560 1533 2615 beati

213 2653 462 2708 Culmina
491 2653 778 2719 virtutum,
807 2655 1104 2726 divumque
1132 2654 1411 2710 videbitur
1441 2658 1612 2722 altor;

211 2747 326 2801 1am
355 2746 498 2800 Deus
521 2745 574 2799 in
607 2745 737 2800 Sion
761 2746 921 2800 claris
941 2746 1178 2801 animam
1213 2748 1402 2801 inserit
1432 2749 1610 2802 astris.

213 2837 578 2911 Sicagibodus
617 2837 709 2890 ubi
743 2839 1012 2908 promptis
1031 2838 1132 2892 sub
1167 2839 1413 2909 patribus
1443 2840 1610 2894 altum

211 2927 562 2982 Consectatus
601 2927 704 2981 iter
729 2944 897 2996 purus
927 2937 1247 2982 mansuetus
1277 2937 1331 2982 et
1361 2937 1514 2984 artus

209 3016 394 3072 Munia
416 3016 645 3086 parendi
674 3017 814 3071 votis
844 3023 1138 3087 pertractat
1167 3017 1360 3071 amicis

210 3106 342 3158 Dum
372 3103 518 3173 jacet
539 3113 783 3159 extremo
803 3106 1034 3159 ductans
1066 3106 1367 3175 spiramina
1399 3107 1542 3173 nisu,

212 3192 754 3262 Conspicitaethereo
784 3194 954 3249 solem
999 3194 1210 3267 fulgore
1251 3195 1542 3249 micantem

209 3286 280 3338 Ae
304 3285 478 3341 nostri
494 3285 678 3339 radios
705 3286 888 3340 Phaabi
926 3287 1222 3357 splendore
1256 3286 1588 3359 nigrantem,

212 3374 494 3430 Ctelicolas
532 3383 710 3429 astare
738 3375 903 3443 viros,
933 3375 1248 3447 miransque
1289 3376 1472 3431 doceri

1937 1462 2193 1516 Protinus
2223 1463 2370 1516 hunc
2401 1477 2522 1516 sese
2555 1461 2868 1517 subiturum
2904 1463 3145 1519 ineunda
3177 1466 3407 1521 nitorem

1939 1553 2180 1608 Canibus
2207 1554 2536 1624 aequandum
2568 1554 2876 1626 meruitque
2907 1555 3154 1610 ediscere
3185 1558 3346 1611 celsis

1940 1642 1998 1696 Et
2028 1657 2198 1707 super
2239 1643 2380 1695 hanc
2411 1642 2587 1696 lucem
2621 1643 2787 1697 sociis
2819 1643 3052 1698 renitere
3091 1646 3372 1708 coruscis;

1934 1736 1997 1789 At
2020 1736 2208 1790 redeat
2235 1752 2622 1808 summumque
2653 1739 2771 1791 vale
2805 1739 3167 1807 prtesentibus
3193 1740 3338 1801 edat.

1937 1827 2046 1881 Nec
2062 1842 2215 1881 mora
2241 1828 2563 1901 regrediens
2589 1828 2783 1883 turmis
2810 1829 3052 1884 societur
3082 1831 3335 1886 amomis.

1934 1919 2210 1974 Fratribus
2241 1920 2484 1974 attonitis
2516 1920 2738 1975 rediens
2771 1921 2977 1976 monita
3007 1923 3207 1976 extima
3238 1924 3474 1996 supplet.

1930 2011 2054 2065 Visa
2087 2018 2274 2084 rogata
2315 2011 2498 2076 refert,
2533 2020 2759 2083 accepta
2792 2013 3058 2068 levamina
3082 2016 3301 2083 promit,

1932 2103 2153 2173 Mystica
2181 2120 2335 2158 sacra
2367 2105 2531 2175 capit,
2567 2105 2722 2160 nexis
2746 2105 2848 2160 fert
2871 2108 3056 2161 oscula
3087 2107 3269 2163 charis

1931 2195 2140 2249 Funere
2168 2196 2345 2250 curari
2375 2197 2508 2266 petit
2535 2213 2597 2251 ac
2628 2197 2875 2252 cmlestia
2903 2199 3140 2265 scandit,

1932 2286 2212 2357 Felicique
2242 2286 2396 2341 obitu
2424 2288 2655 2361 vestigia
2685 2288 2830 2343 clara
2864 2289 3148 2361 relinquit,

1931 2377 2238 2432 Ostendens
2256 2378 2488 2432 similem
2511 2386 2750 2435 sectatos
2783 2381 2988 2436 lumine
3015 2383 3208 2436 callem

1932 2468 2213 2537 Perpetuaa
2243 2467 2408 2520 simili
2451 2469 2588 2523 lucis
2628 2469 2922 2538 splendore
2955 2471 3126 2526 beari.

1929 2557 2149 2623 Omnes,
2180 2556 2236 2610 hi
2272 2565 2450 2628 patres
2479 2559 2688 2613 ccelesti
2715 2576 2849 2630 pace
2880 2561 3131 2616 cluentes

1930 2649 2165 2711 Quorum
2200 2647 2522 2723 magniﬁcos
2551 2650 2679 2704 licet
2711 2650 2817 2705 ima
2851 2651 3012 2706 laude
3045 2653 3352 2722 triumphos

1931 2743 2321 2814 Prosequimur
2348 2744 2434 2797 vel
2462 2745 2556 2815 qui
2581 2746 2784 2814 pariter
2812 2747 3065 2801 laetantur
3107 2748 3157 2802 in
3191 2749 3360 2802 aethra

1931 2834 2223 2888 Obtineant
2248 2835 2418 2890 nostri
2449 2835 2723 2890 laxamina
2740 2848 2890 2892 certa
2918 2847 3119 2905 reatus,

1931 2927 2183 2981 Divinum
2217 2927 2340 2981 vitte
2381 2927 2652 3001 regimen,
2688 2945 3010 3000 morumqne
3039 2931 3282 2999 piamen,

1932 3015 2172 3069 Crimina
2201 3016 2371 3070 vitare
2399 3032 2462 3070 ac
2486 3017 2739 3087 lacrymis
2769 3018 3006 3072 admissa
3037 3019 3241 3085 levare,

1851 3088 1901 3155 (ἶ
1933 3107 2264 3162 Fructiferos
2295 3108 2475 3164 luctus
2504 3110 2714 3181 gemitu
2744 3111 3029 3181 quatiente
3053 3112 3234 3180 litare,

1933 3200 2199 3254 Sordibus
2239 3208 2297 3254 ut
2329 3202 2518 3255 mundi
2553 3203 2855 3258 reddamur
2885 3204 3094 3259 lumine
3116 3207 3272 3273 clari,

1933 3292 2176 3348 C(etibus
2205 3295 2428 3364 aptandi
2462 3295 2681 3364 superis
2718 3295 2841 3352 sine
2875 3296 2982 3350 fine
3014 3297 3162 3354 beati

1931 3380 2169 3436 Cernere
2199 3381 2502 3436 salvificum
2529 3383 2682 3456 digni
2717 3399 2818 3454 per
2847 3385 3048 3440 saecula
3080 3387 3258 3442 vultu.

1744 3566 2029 3644 Expiicit.

630 3699 920 3778 Sequitur
950 3701 1016 3759 in
1047 3701 1241 3760 codice
1269 3699 1640 3777 epitaphium
1671 3700 2014 3775 Fiodoardi,
2048 3701 2206 3778 quod
2235 3703 2302 3761 in
2335 3699 2643 3759 Prowmiis
2660 3699 2801 3774 jam
2835 3698 3133 3757 dedimus.

1087 3923 1466 3930 ..Μ
1487 3924 1564 3929 ._.
1573 3924 1650 3928 δυ»,-
1659 3923 2226 3930 -______.___________

1387 4075 1562 4122 ANNO
1617 4073 1863 4121 DOMINI
1917 4075 2368 4122 DCCCCLXVIII.

341 4219 1126 4380 SANCTA
1257 4213 2524 4372 MAHTHILDIS
2648 4217 3418 4371 REGINA

937 4765 948 4774 ι
1017 4625 1291 4725 νιΤΑ
1413 4618 1961 4719 δΑΝΟΤλΕ
2075 4618 2752 4720 MATHILDIS

699 4821 873 4893 (Apud
914 4819 1106 4887 Pamz,
1151 4821 1496 4874 Monumenta
1535 4817 1832 4872 Ger-mania:
1870 4818 2147 4883 historica,
2190 4816 2388 4888 Script.
2435 4822 2564 4871 tom.
2610 4816 2695 4880 IV,
2739 4831 2859 4886 pag.
2903 4813 3050 4880 282.)

1085 5142 2068 5233 OBSERVATIONES
2142 5142 2668 5230 PRIEVIAE.

283 5354 530 5429 Egregiis
561 5350 801 5414 feminis,
834 5351 1036 5423 quibus
1067 5350 1353 5406 Ludolfina
1383 5350 1591 5406 familia
1629 5349 1828 5404 sarculo

214 5463 354 5502 nono
385 5449 679 5512 claruerat,
719 5445 922 5499 saeculo
976 5444 1196 5500 decimo
1251 5443 1548 5510 Mathildis,
1592 5441 1826 5498 Heinrici

213 5538 350 5609 regis
419 5537 641 5605 conjux,
721 5543 884 5606 atque
955 5534 1169 5589 Ottonis
1235 5536 1277 5603 Ι,
1334 5534 1571 5589 lleinrici
1649 5533 1824 5597 ducis,

216 5627 482 5685 Brunonis
527 5626 952 5697 archiepiscopi,
987 5625 1283 5699 Gerbergte
1324 5625 1547 5698 reginae,
1595 5623 1828 5679 llathwi-

279 5759 323 5826 (ι
337 5769 352 5826 )
374 5758 468 5824 ιιι,
503 5756 588 5812 74.

1931 5351 2016 5405 dis
2063 5350 2298 5405 ducissze
2347 5358 2539 5412 mater,
2591 5350 2838 5417 accessit,
2898 5347 3056 5418 Cujus
3103 5346 3362 5401 virtutum
3405 5348 3547 5403 fama

1933 5439 2052 5511 ipsa
2107 5440 2405 5510 superstite
2464 5439 2570 5495 late
2638 5439 2972 5512 percrebuit,
3021 5437 3074 5491 in
3123 5435 3278 5492 obitu
3333 5437 3455 5508 ejus
3521 5454 3552 5491 a

1932 5531 2266 5588 Widukindo
2315 5531 2593 5586 celebrata
2623 5541 2706 5587 est
2759 5533 2852 5604 (1),
2905 5541 2960 5587 et
2991 5537 3110 5602 post
3149 5530 3291 5584 inter
3331 5528 3474 5586 filios
3503 5537 3558 5585 et

1933 5629 2187 5696 nepotes,
2230 5623 2285 5678 in
2323 5621 2596 5678 cwnobiis
2634 5624 2704 5678 ab
2736 5625 2854 5696 ipsa
2903 5623 3146 5681 fundatis
3189 5622 3556 5691 Quedliubur-
