3972 6208
397 317 497 373 887
1472 310 1741 364 SANC'UE
1783 310 2132 364 MATHILUIS
2192 308 2451 362 liEGlN.E
2493 307 2658 362 VITA.
3636 313 3748 367 888

396 446 552 519 gensi
600 446 702 517 (2),
742 441 1126 504 Northusensi,
1177 440 1465 494 Poledensi
1519 445 1576 493 et
1624 438 2007 513 Angerinensi,
2037 443 2087 508 Α
2116 436 2185 491 ab
2218 453 2284 492 eo
2330 437 2385 491 in
2419 453 2532 492 rem
2563 452 2717 492 suam
2768 453 2979 503 versus,
3030 439 3234 494 seculo
3286 456 3361 494 xu
3392 440 3624 496 ineunte
3676 443 3749 497 ab

398 538 453 590 in
484 535 701 606 scriptis
729 540 783 587 et
812 530 1077 585 memoria
1110 530 1391 584 hominum
1432 528 1627 600 viguit,
1670 530 1848 584 donec
1890 538 2013 582 tan-
2118 529 2440 585 Ekkehardo
2489 530 2685 584 abbate
2718 529 3041 603 Uraugiensi
3100 531 3153 584 in
3187 534 3585 602 compendium
3645 551 3744 590 re-

398 628 521 680 dem
544 621 966 696 quadragesimo
995 619 1350 689 circiterpost
1370 618 1584 672 obitum
1608 618 1728 685 ejus
1751 617 2011 685 anno(3),
2116 620 2308 675 dactus
2365 622 2498 689 (13).
2560 630 2614 675 et
2671 619 2834 691 paulo
2883 628 3010 691 post
3060 622 3130 675 ab
3182 624 3465 679 Annalista
3520 627 3747 682 Saxone

393 716 546 783 jussu
591 710 807 766 llenrici
843 711 886 763 ll
928 709 1092 781 regis,
1154 707 1473 779 pronepotis
1502 707 1649 775 ejus,
1710 706 1826 760 Vita
1849 722 2013 776 quam
2114 711 2420 779 exscriptus
2469 710 2593 779 (li).
2645 709 2850 764 saeculo
2880 726 3011 765 vero
3043 728 3110 765 xv
3154 711 3380 767 ineunte
3412 714 3659 769 Coloniae
3687 716 3743 769 in

400 802 486 856 hic
517 800 875 872 preponimus
904 798 1218 867 conscripta
1258 804 1359 850 est.
1407 798 1608 851 Auctor
1638 794 1872 849 clericus
1920 804 2015 849 aut
2117 799 2450 852 monasteria
2500 800 2553 851 S.
2590 798 2942 853 Pantaleonis
2978 798 3193 872 integer
3226 802 3593 873 transcriptus
3635 812 3744 858 est.

400 890 699 945 monachus
721 905 785 942 ex
805 903 1033 941 numero
1056 902 1247 941 eorum
1267 886 1360 956 qui
1383 886 1609 957 ingenio
1632 892 1685 939 et
1718 885 2011 955 sapientia.

398 982 511 1052 regi
544 977 934 1039 commendati,
976 977 1095 1043 ejus
1127 976 1497 1030 familiaritate
1549 974 1891 1039 fruebantur,
1925 973 2018 1041 qui

403 1080 584 1123 tamen
633 1083 836 1121 nomen
868 1082 1026 1119 suum
1075 1067 1243 1118 latere
1283 1065 1455 1118 voluit
1497 1064 1587 1131 (4),
1629 1064 1848 1133 scriptis
1879 1064 2021 1116 anti-

397 1158 688 1230 quioribus
730 1158 797 1227 (ὅ)
850 1163 904 1210 et
945 1155 1351 1208 narrationibus
1391 1153 1743 1207 familiarium
1791 1153 2017 1226 reginae,

401 1251 628 1305 fortasse
676 1248 1003 1319 Richburgze
1043 1246 1335 1299 abbatissa:
1383 1244 1812 1306 Nordhunensis,
1857 1244 2016 1297 inniti

401 1343 653 1405 videtur;
706 1348 853 1395 certe
886 1356 1064 1394 rerum
1094 1355 1229 1409 quas
1271 1346 1454 1392 narrat
1490 1339 1629 1392 bene
1660 1353 1863 1408 gnarus
1896 1337 2017 1403 fuit,

403 1432 530 1486 licet
570 1430 836 1485 nonnulla
876 1428 1056 1481 minus
1097 1436 1242 1481 recta
1268 1427 1337 1481 de
1377 1426 1561 1480 duello
1596 1426 1666 1495 ,6)
1701 1424 2018 1480 Widukindi

402 1541 524 1580 cum
561 1522 748 1576 Carolo
779 1520 871 1583 31.,
905 1521 973 1573 de
1002 1520 1275 1589 baptismo
1319 1519 1635 1572 \Vidukindi
1672 1535 1770 1588 per
1802 1519 2019 1573 Bonifa-

402 1615 547 1668 cium
579 1609 1053 1680 archiepiscOpum
1086 1610 1186 1676 (7),
1209 1609 1278 1661 de
1300 1609 1509 1662 incerto
1535 1608 1698 1662 modo
1724 1608 2023 1663 successio-

2116 890 2230 953 Quo
2262 890 2447 943 δείξουιί
2484 906 2550 942 xv
2579 890 2773 943 codice
2804 905 2999 943 omnes
3025 907 3147 961 qua;
3177 892 3507 961 prodierunt
3535 893 3746 949 editio-

2121 998 2218 1035 nes
2250 982 2728 1037 Bollandianorum
2771 983 2897 1047 (15),
2942 981 3193 1038 Leibnitii
3248 985 3378 1053 (16),
3415 986 3598 1040 Erathi
3636 989 3743 1057 (17)

2121 1080 2175 1125 et
2207 1080 2412 1135 nostra,
2435 1072 2705 1126 nituntur.
2741 1072 3001 1126 Servatur
3029 1072 3192 1127 hodie

2194 1161 2246 1231 1)
2292 1160 2559 1215 Bruxellis
2618 1161 2671 1214 in
2722 1160 2856 1214 bibl.
2904 1161 3055 1234 regia
3096 1161 3442 1234 Burgondica
3489 1166 3748 1220 numeris

2120 1249 2392 1303 329-5-11
2442 1249 2694 1317 insignis,
2727 1248 2872 1303 binis
2909 1249 3184 1304 columnis
3224 1251 3453 1322 pulchre
3507 1255 3750 1325 scriptus

2121 1349 2174 1394 et
2206 1340 2295 1394 hic
2334 1340 2447 1393 illic
2495 1340 2547 1393 in
2582 1340 2826 1413 margine
2874 1341 3102 1411 picturis
3146 1352 3391 1399 ornatus.
3443 1344 3666 1400 Librum
3718 1364 3750 1401 a

2124 1433 2463 1486 Bethmanno
2506 1432 2558 1485 in
2599 1449 2757 1486 nsum
2801 1440 3044 1488 nostrum
3077 1450 3292 1489 versum
3337 1436 3616 1509 integrum
3649 1454 3750 1492 ex-

2124 1523 2443 1593 pressimus,
2477 1531 2720 1577 correcta
2753 1530 2962 1579 tantum
3012 1526 3201 1580 szeculi
3246 1544 3315 1581 xv
3346 1530 3750 1602 orthographia

2126 1621 2175 1667 et
2208 1614 2512 1666 emendatis
2544 1613 2678 1667 locis
2692 1613 2920 1684 aliquot.
2946 1616 3059 1679 Qua
3092 1615 3145 1668 in
3169 1632 3227 1669 rc
3249 1616 3501 1673 subsidio
3528 1618 3752 1674 fuerunt

402 1702 491 1755 nis
521 1697 735 1752 Henrici
769 1698 811 1763 Ι,
839 1696 1139 1751 narraverit
1165 1700 1262 1763 (8),
1289 1695 1417 1763 imo,
1454 1698 1508 1750 in
1530 1696 1597 1750 iis
1629 1713 1750 1767 quae
1781 1706 2024 1752 extrema
2058 1734 2105 1801 Β
2202 1704 2254 1766 2)
2290 1702 2593 1755 Ekkchardi
2631 1701 2983 1777 Uraugiensis
3012 1706 3403 1774 compendium
3435 1707 3568 1763 Vitae
3600 1708 3754 1763 Mah-

404 1793 679 1849 Mathildis
728 1800 974 1861 tempora
1031 1791 1330 1863 attingunt,
1390 1792 1778 1865 Berengarium
1835 1808 2019 1864 regem

407 1883 658 1937 lleiurico
693 1882 817 1936 duci
862 1881 1174 1936 Mahthildze
1207 1880 1321 1935 tilio
1364 1881 1639 1951 captivum
1672 1883 2023 1936 commissum

405 1978 500 2045 (υ),
533 1983 587 2029 et
617 1974 868 2028 Ottonem
908 1974 973 2039 ll,
1002 1989 1109 2028 una
1149 1989 1270 2026 cum
1299 1981 1453 2044 patre
1500 1974 1554 2027 in
1598 1974 1806 2029 Italiam
1848 1975 2028 2045 profe-

405 2072 550 2120 ctum
576 2080 698 2118 esse
722 2062 1079 2132 (iO),scribat.
1122 2066 1250 2127 Quae
1279 2069 1461 2117 tamen
1495 2079 1605 2118 non
1633 2063 1854 2119 obstant
1892 2064 2023 2136 quin

406 2155 611 2210 auctori
645 2154 699 2207 in
749 2154 1060 2208 universum
1112 2153 1277 2208 tidem
1331 2155 1649 2223 habeamus,
1690 2163 1745 2209 et
1795 2155 2028 2225 plurima

406 2251 541 2305 alias
570 2249 755 2324 ignota
793 2247 861 2301 de
892 2248 1001 2302 vita
1032 2257 1086 2302 et
1117 2248 1330 2302 actibus
1370 2248 1593 2319 Optimae
1633 2249 1857 2322 reginae,
1889 2248 2030 2305 ﬁlio-

408 2360 526 2398 rum
561 2352 614 2397 et
646 2351 908 2414 nepotum
940 2342 1079 2411 ejus,
1122 2358 1223 2398 nos
1266 2344 1451 2398 doceri
1482 2344 1823 2418 gratulemur
1872 2344 2031 2399 Liber

408 2436 464 2490 in
494 2452 651 2489 usum
695 2434 935 2490 Heinrici
966 2435 1010 2488 ll
1050 2434 1308 2505 scriptus,
1351 2438 1588 2506 proaviae
1620 2436 1740 2504 ejus
1780 2436 2027 2502 virtutes,

408 2528 613 2599 quibus
662 2539 879 2583 sanctos
937 2527 1255 2598 aequaverit,
1315 2526 1580 2589 celebrat,
1631 2528 1727 2581 sed
1785 2544 2028 2583 errorem

408 2623 600 2678 matris
656 2621 828 2677 filium
890 2622 1202 2677 Heinricum
1264 2621 1447 2678 Ottoni
1507 2622 1853 2692 praeferentis
1916 2638 2029 2679 non

408 2725 623 2774 reticet.
678 2747 727 2758 —
759 2718 976 2779 Auctor,
1029 2716 1284 2787 quisquis
1326 2716 1418 2782 sit,
1451 2723 1643 2786 poetas
1695 2716 2029 2783 Latinorum,

410 2806 688 2878 praecipue
732 2804 1019 2876 Virgilium
1072 2802 1226 2877 legit,
1257 2811 1312 2858 et
1352 2804 1622 2874 poeticam
1668 2820 1863 2859 venam
1903 2820 2028 2860 ora-

411 2900 583 2963 tione,
615 2896 770 2966 cujus
818 2895 1065 2950 membra
1092 2896 1347 2965 rhythmo
1387 2905 1441 2949 et
1471 2910 1610 2950 sono
1638 2895 1741 2949 sibi
1794 2912 2031 2967 respon-

408 2987 563 3052 dent,
592 2984 833 3040 ostendit
882 2984 1010 3053 (11).
1042 2983 1151 3038 Hoc
1203 2990 1258 3037 et
1302 2982 1424 3037 aliis
1463 2983 1841 3054 compluribus
1872 2986 2032 3056 hujus

2133 1793 2320 1847 thildis
2351 1794 2578 1867 reginie,
2614 1794 2807 1848 iisdem
2838 1812 2984 1866 saepe
3016 1796 3196 1849 verbis
3223 1813 3288 1851 ex
3312 1808 3499 1853 nostra
3526 1807 3754 1854 contra-

2126 1889 2293 1947 ctum,
2324 1884 2421 1935 sed
2452 1884 2741 1937 sententiis
2770 1900 2919 1954 saepe
2941 1884 3061 1940 loco
3082 1901 3182 1940 suo
3210 1886 3396 1951 motis,
3428 1904 3597 1959 quare
3631 1889 3752 1943 loca

2130 1974 2396 2027 nonnulla
2441 1989 2563 2043 qua:
2618 1973 2673 2026 in
2733 1973 3068 2028 Bruxellensi
3103 1975 3378 2030 excidisse
3415 1976 3755 2033 videbantur

2130 2067 2274 2121 haud
2327 2075 2445 2123 tuto
2503 2075 2556 2122 et
2611 2068 2935 2124 Ekkehardo
2994 2070 3209 2124 restitui
3265 2087 3427 2141 posse
3478 2072 3751 2140 judicavi.

2132 2162 2267 2242 Usus
2314 2180 2432 2217 sum
2499 2170 2681 2217 tamen
2733 2164 3019 2218 codicibus
3073 2164 3757 2239 Vaticano-Guelferbyta-

2130 2268 2201 2307 no
2264 2253 2370 2321 (18)
2420 2268 2545 2306 saec.
2637 2269 2730 2319 xn,
2780 2252 2937 2320 cujus
3010 2253 3294 2319 lectiones,
3365 2263 3632 2326 quantum
3696 2258 3752 2312 in

2132 2348 2397 2416 particula
2485 2348 2671 2417 operis
2752 2348 3177 2420 Guelferbytana
3278 2352 3572 2418 habentur,
3638 2353 3753 2423 jam

2132 2436 2435 2490 Leibnitius
2493 2443 2531 2492 t.
2593 2437 2683 2497 lll,
2724 2437 2830 2492 655
2874 2453 3023 2509 sqq.,
3081 2440 3400 2508 protulerat,
3436 2441 3758 2496 Wircebur-

2131 2528 2287 2599 gensi
2340 2529 2451 2596 (19)
2483 2544 2610 2582 εειιο.
2650 2546 2744 2593 xu,
2784 2529 3398 2605 elaustreneoburgensi
3432 2549 3465 2587 a
3513 2535 3573 2588 D.
3614 2533 3756 2590 Gol-

2131 2618 2315 2671 dhaun
2362 2619 2692 2690 transcripto
2743 2621 2877 2689 (20).
2930 2621 3079 2676 Alios
3120 2622 3367 2690 ejusdem
3428 2630 3754 2697 compendii

2131 2715 2352 2769 codices
2397 2715 2750 2771 Monacenscs
2780 2732 2902 2771 szec.
2938 2732 3010 2770 xn
3042 2723 3096 2771 et
3126 2733 3216 2782 xv,
3247 2727 3449 2774 sach
3486 2723 3667 2777 crucis
3701 2725 3756 2779 in

2131 2807 2336 2860 austria
2392 2822 2518 2860 saec.
2580 2823 2676 2871 xn,
2744 2812 2797 2861 et
2851 2806 3324 2879 Hnmburgensem
3399 2810 3755 2868 chariaceum

2135 2898 2188 2951 in
2212 2896 2522 2951 Annalibus
2551 2896 2754 2950 nostris
2782 2896 3190 2967 recensui_(21).

2205 2989 2258 3053 3)
2300 2988 2476 3042 Codex
2519 2986 2703 3059 regius
2756 2985 3079 3040 Parisiensis
3117 2985 3261 3040 inter
3289 2986 3464 3043 libros
3491 2988 3551 3042 S.
3608 2990 3754 3045 Ger-

408 3081 511 3136 ;exi
542 3079 904 3150 scriptoribus
936 3078 1222 3143 usitatum,
1254 3077 1400 3148 apud
1446 3084 1693 3133 nostrum
1743 3089 1921 3134 tamen
1953 3081 2025 3135 ita
2053 3138 2093 3155 η
2127 3078 2274 3141 mani
2332 3077 2457 3143 ΗΟ,
2510 3075 2676 3140 mbr.,
2721 3090 2845 3129 saec.
2912 3091 3012 3143 xu,
3076 3075 3421 3131 Anualistam
3482 3077 3757 3133 Saxonem

411 3140 691 3239 praevalet,
745 3175 803 3223 ut
847 3182 991 3237 pene
1042 3140 1218 3221 totum
1261 3140 1381 3234 ejus
1418 3182 1558 3237 opus
1614 3167 1669 3220 in
1720 3140 2096 3225 sententiasc
2134 3140 2451 3234 exhibens,
2482 3166 2640 3235 cujus
2682 3172 2879 3231 textus,
2926 3140 3188 3235 quantum
3221 3182 3285 3221 ex
3332 3166 3451 3221 Vita
3499 3167 3762 3222 lahthil—

409 3260 662 3316 versibus
699 3260 908 3315 similes
936 3258 1163 3314 dissolvi
1196 3259 1391 3330 possit,
1436 3259 1582 3331 quod
1614 3276 1647 3314 a
1679 3260 1756 3315 Cl.
1790 3261 2033 3317 Furrste—

407 3369 573 3407 mann
605 3352 659 3406 in
691 3350 1158 3407 commentatione
1186 3352 1254 3406 de
1284 3351 1401 3406 Vita
1440 3351 1763 3408 Mahthildis
1790 3369 1842 3408 a.
1877 3353 2035 3421 1838,

408 3445 556 3500 edita
594 3444 846 3515 exemplo
885 3444 1344 3508 demonstratum,
1402 3460 1432 3498 a
1482 3443 1680 3515 quovis
1718 3444 1923 3499 lectore
1979 3446 2033 3500 in

2140 3266 2228 3321 dis
2295 3261 2572 3317 derivatus
2635 3264 2740 3323 est,
2810 3272 2933 3312 cum
2993 3263 3180 3313 nostro
3244 3257 3311 3312 ad
3366 3259 3596 3314 verbum
3643 3258 3761 3315 fere

2517 3443 2638 3497 loco
2669 3439 2880 3496 codicis
2914 3438 3050 3513 regii
3095 3438 3463 3493 Bruxellensis
3501 3440 3565 3495 N.
3618 3439 3760 3497 3202

409 3537 600 3609 quavis
638 3536 762 3591 libri
811 3544 964 3608 parte
996 3536 1069 3590 ita
1119 3551 1238 3590 esse
1270 3534 1426 3591 facile
1476 3536 1830 3611 intelligetur.
1878 3538 2029 3603 Quod
2133 3534 2333 3607 signati
2375 3530 2714 3585 mentionem
2766 3526 3021 3586 facimus.
3073 3525 3190 3596 qui,
3251 3526 3595 3581 Bethmanno
3638 3544 3763 3583 mo-

410 3637 518 3684 uta
543 3644 695 3684 more
720 3629 1088 3683 Romanorum
1103 3627 1368 3694 alienum,
1394 3627 1469 3683 ita
1490 3635 1545 3683 et
1573 3627 1871 3703 singularis
1894 3646 2027 3684 usus
2130 3632 2318 3689 nente,
2351 3638 2415 3675 ex
2460 3619 2649 3675 codice
2681 3616 2979 3672 Carlhusize
3030 3615 3379 3670 Coloniensis
3421 3616 3760 3692 descriptus,

409 3721 558 3777 vocis
603 3722 974 3784 nihilominus,
1025 3736 1147 3791 quae
1199 3719 1341 3790 apud
1400 3727 1644 3775 nostrum
1688 3722 1827 3775 nihil
1854 3725 2033 3777 minus
2136 3733 2246 3774 uno
2275 3718 2460 3773 saeculi
2502 3733 2607 3770 xvu
2654 3714 2784 3769 folio
2817 3713 3031 3767 initium
3067 3719 3276 3766 tantum
3318 3712 3449 3766 Vitae
3502 3712 3763 3768 Mabthtl-

410 3825 573 3880 quam
603 3808 898 3885 significat.
931 3825 962 3863 a
1000 3808 1148 3863 bona
1180 3807 1471 3862 Latinitate
1502 3808 1779 3863 abhorret.
2136 3810 2221 3865 dis
2269 3810 2538 3873 continet,
2573 3824 2638 3862 ex
2667 3814 2851 3860 nostra
2881 3805 2949 3859 ad
2996 3806 3219 3859 verbum
3253 3811 3594 3874 excerptum,
3654 3806 3763 3862 hoc

484 3901 643 3956 Liber
692 3900 873 3955 statim
915 3907 975 3955 ut
1017 3899 1222 3971 prodiit
1268 3898 1576 3954 Thietmaro
1621 3901 1724 3969 (12)
1778 3912 1938 3956 notus
1981 3909 2035 3956 et
2138 3898 2403 3955 exordio:
2439 3900 2641 3955 Sancta
2664 3897 2945 3952 Mathildis
2975 3897 3163 3963 regina
3183 3911 3250 3948 ea:
3276 3898 3554 3964 progenie,
3578 3902 3683 3950 etc.

486 4079 548 4156 (2)
586 4076 940 4156 Cf..An.nales'
970 4075 1535 4156 Quedlinburgenses,
1568 4094 1597 4131 a
1650 4078 1774 4156 936.

483 4149 551 4217 (3)
582 4149 815 4223 Scripsit
852 4148 996 4201 enim
1036 4156 1225 4202 auctor
1255 4148 1508 4223 lleiurico
1534 4151 1875 4223 rege,igitur
1903 4161 2028 4221 post

483 4167 551 4217 (ὅ)
582 4167 815 4272 δΟΓἪὸΙι
852 4167 996 4201 0111111
1036 4167 1225 4202 θυοιοι·
1256 4167 1508 4203 116101⁸100
1534 4167 1682 4223 rege,
1709 4168 1719 4203 1
1768 4167 1875 4205 ιιυι·
1903 4167 2028 4221 ροευι

411 4235 616 4274 aurium
668 4225 683 4273 t
734 4218 821 4285 02,
855 4226 909 4273 et
946 4225 1072 4273 ante
1111 4235 1315 4273 annum
1354 4220 1509 4283 1012,
1546 4237 1657 4292 quo
1684 4168 2030 4277 Tﬁietmarus

412 4292 530 4345 Vita
546 4299 733 4345 nostra
756 4292 871 4359 jam
906 4306 1037 4344 usus
1062 4297 1162 4345 est.

485 4363 554 4431 (4)
590 4362 848 4435 Ruotgeri
882 4360 1057 4416 Vitam
1098 4361 1373 4417 Brunonis
1417 4362 1637 4417 novisse
1695 4363 1943 4429 videtur;
1975 4381 2028 4419 v.

412 4450 462 4489 θ’
486 4435 977 4571 (ἓοὸοάθὴω-ίιυῐη,
1001 4503 1255 4558 abbatem
1289 4511 1418 4559 tunc
1440 4503 1812 4572 Altahensem,
1838 4504 2027 4570 fuisse,

413 4576 571 4644 cujus
638 4575 950 4629 interventu
1034 4575 1317 4630 Heinricus
1373 4592 1421 4630 a.
1486 4574 1619 4629 1017
1692 4578 2029 4632 monasterio

2041 4086 2094 4153 ι)
2120 4084 2313 4135 iterum
2339 4079 2827 4153 Northusuncnsem
2852 4078 3123 4130 civitatem
3155 4076 3319 4137 adiit,

2134 4168 2299 4222 quam
2329 4153 2557 4204 nimium
2586 4150 2805 4222 dilexit,

2132 4220 2190 4277 ut
2215 4223 2419 4275 videret
2453 4220 2833 4283 Richburgam,

2131 4310 2295 4365 quam
2317 4308 2490 4361 nuper
2519 4293 2867 4365 constituerat
2902 4289 3252 4345 abbatissam.

2132 4364 2333 4422 Statim
2372 4368 2551 4417 autem
2580 4368 2639 4416 ut
2668 4364 2830 4421 rcm't.

2131 4438 2270 4490 hanc
2293 4436 2367 4489 ad
2396 4450 2450 4487 se
2475 4436 2659 4487 rocari
2691 4434 2966 4501 praecipit.

2206 4508 2316 4574 (12)
2391 4507 2426 4565 l.
2499 4506 2555 4558 11
2648 4520 2711 4558 ex
2789 4519 2948 4573 capp.
3010 4502 3065 4569 6,
3133 4502 3211 4569 l0,
3276 4503 3368 4567 i7;
3424 4504 3487 4568 il,
3545 4507 3627 4559 12.
3692 4524 3759 4561 ex

2133 4594 2257 4633 can.
2283 4578 2372 4631 25.

414 4595 571 4644 CUJUS
638 4595 950 4629 interventu
1034 4595 1317 4630 ﬂBlIll'lCUS
1373 4595 1421 4630 a.
1486 4595 1615 4629 ἸυἸΙ
1692 4595 2029 4632 ῐηοηδδιρηο
2133 4595 2257 4647 cap.
2283 4595 2372 4631 Ζῖ).

414 4648 775 4703 Nordhusano
819 4646 1001 4701 villam
1062 4646 1253 4701 Gamin
1307 4644 1669 4701 confirmavit.
1730 4646 1787 4701 V.
1843 4647 1918 4701 Cl.
1969 4648 2004 4701 Ε
2205 4648 2311 4718 (13)
2367 4647 2511 4701 Fecit
2579 4647 2681 4701 hoc
2727 4645 2918 4718 eade_m
2976 4644 3189 4699 ratione
3234 4661 3343 4718 qua
3397 4654 3451 4718 et
3502 4647 3763 4703 historias

414 4719 474 4774 G.
512 4717 1613 4803 Foerstemann‘gy‘mnasiiINordhusan'i
1653 4726 1941 4803 conrcctor
1972 4720 2028 4773 in
2132 4715 2441 4803 Alexandri.
2494 4718 2813 4803 Gothorum,
2850 4715 3200 4803 Francorum,
3249 4715 3759 4803 Langobardorum,

413 4788 875 4863 commentatione
905 4786 1121 4863 dé’Vita
1153 4788 1465 4863 Mahthildis
1494 4803 1543 4841 ι.
1577 4788 1636 4863 1)..
1667 4789 1855 4863 1x__ltal.
1885 4788 2025 4863 Aug.
2134 4791 2408 4846 Saxonum
2444 4807 2508 4844 ex
2537 4790 2676 4863 Vita
2708 4786 3021 4863 Alexandri,
3053 4787 3310 4863 Jordani,‘
3352 4786 3529 4863 tiestis
3562 4807 3756 4863 regum

415 4861 553 4933 1838
575 4861 723 4933 edita
754 4859 1103 4933 indigitavit;
1119 4860 1223 4933 sed
1253 4858 1551 4931 quominus
1579 4859 1702 4933 vir0_
1728 4858 1831 4933 illi,
1885 4858 2032 4933 litte-
2134 4862 2486 4918 Francorum.
2508 4932 2513 4933 ί
2536 4860 2706 4933 Paulo
2734 4860 2972 4933 Diacono
3010 4866 3063 4933 et
3094 4858 3429 4933 \Vidukindo
3451 4858 3757 4933 contraxit,

416 4932 490 4986 ris
514 4932 705 4987 habitu
728 4940 781 4985 et
803 4929 1202 5003 consuetudine
1232 4929 1354 4985 cum
1380 4945 1509 5003 rege
1545 4929 1704 5003 e_t_grei
1726 4930 2027 5003 aptissimo,
2134 4932 2359 4987 insertis
2398 4932 2627 5003 scilicet
2656 4931 2785 5003 Vitae
2817 4929 2979 5003 etiam
3016 4929 3083 5003 iis
3116 4945 3235 5000 quae
3267 4930 3412 5003 apud
3451 4930 3754 5003 Widukin-

415 5003 613 5058 librum
667 5002 1002 5071 adjudicem,
1051 5002 1231 5057 obstat
1278 5001 1425 5074 quod
1445 5000 1529 5055 wet
1572 5001 2031 5074 VitaGodehardi
2132 5006 2261 5058 dum
2307 5006 2375 5059 de
2432 5002 2729 5058 Mahthilda
2781 5000 2971 5073 regina
3030 5000 3256 5074 legerat.
3318 5001 3375 5053 V.
3434 5001 3656 5059 Archiv.
3715 5011 3753 5058 t.

414 5090 479 5155 ea
516 5075 587 5155 de
614 5092 673 5155 re
705 5082 867 5138 tacet,
901 5081 956 5128 et
999 5072 1311 5155 complures
1355 5072 1494 5155 alios
1544 5072 1793 5141 ejusdem
1827 5075 2028 5130 condi-
2134 5076 2248 5155 νυ.
2278 5075 2579 5155 188-Τ493.

415 5145 583 5200 tionis
609 5146 756 5202 viros
783 5155 914 5201 tunc
951 5141 1226 5201 exstitisse
1251 5151 1484 5201 constat.

2207 5148 2317 5217 (is)
2348 5147 2424 5200 Ad
2465 5164 2495 5200 a
2524 5143 2965 5217 911,921,936,
2999 5142 3124 5217 git},
3158 5141 3281 5197 968.

488 5216 558 5285 (6)
592 5217 707 5272 CA.

2204 5211 2309 5288 (15)
2340 5221 2467 5272 Acta
2496 5218 2588 5271 SS.
2623 5214 2776 5288 Mart.
2807 5215 2971 5288 _lI.p.
3002 5211 3106 5267 358

542 5288 556 5357 )
590 5288 728 5343 Ibid.

2207 5285 2312 5357 (16)
2336 5288 2426 5342 SS.
2462 5285 2756 5342 Brunswic.
2802 5286 2842 5357 l.
2880 5285 2997 5357 192.

506 5354 560 5430 8⁷)
584 5358 638 5430 (ζ.
673 5360 727 5415 4.

2204 5354 2311 5430 (17)
2343 5358 2473 5414 Cod.
2503 5358 2636 5428 dipl.
2667 5356 3065 5430 Quetllinburg.
3101 5370 3133 5423 p
3325 5371 3448 5425 sqq.

485 5427 555 5501 (9)
591 5429 659 5501 C-_
678 5430 767 5501 15.
2205 5424 2307 5499 (18)
2367 5430 2442 5486 De
2495 5424 2605 5501 quo
2662 5426 2823 5481 retuli
2888 5427 2942 5479 in
3001 5424 3305 5479 Annalibus
3341 5424 3543 5481 nostris
3596 5438 3634 5481 t.
3691 5426 3749 5483 V.

487 5498 594 5566 (ιο)
628 5499 681 5553 c.
711 5500 803 5553 22.

2137 5501 2431 5557 158-161.

487 5568 594 5639 (11)
625 5569 679 5621 Ε.
715 5586 767 5639 g.
803 5567 983 5637 capite
1013 5567 1083 5623 23
1117 5583 1130 5619 :

2205 5571 2305 5635 (19)
2342 5571 2479 5625 Ibid.
2516 5568 2752 5634 “1,489

488 5636 617 5689 Cum
646 5636 824 5691 autem
851 5636 1198 5709 peragrasset
1235 5640 1479 5696 civitates
1508 5641 1764 5696 Samoniz
1794 5641 2030 5706 regionis

418 5706 468 5752 et
517 5719 742 5771 quaque
794 5706 1101 5760 necessaria
1156 5710 1383 5773 singulis
1431 5710 1781 5780 impendissct
1833 5724 2028 5763 mona-

1685 5780 1887 5841 steriis,

2203 5643 2310 5779 ξέῗ)
2326 5642 2562 5775 1θ’(ῧιιι,
2592 5710 2715 5771 487,
2749 5710 2853 5765 488
2882 5716 2936 5763 ct
2964 5706 3321 5773 v1184,239.
