3972 6208
194 314 302 368 889

1284 305 1576 374 SANCT/E;
1593 304 1946 358 MATHILDIS
1991 303 2252 358 ΒΕΟΙΝᾸΞ
2291 305 2324 355 ν
2339 303 2434 356 ΙΤΑ
2447 345 2458 356 .

3433 298 3539 350 890

748 476 985 530 INCIPIT
1039 475 1373 529 I’IH'IFATIO
1427 475 1487 528 IN
1541 472 1739 527 VITAM
1791 472 2132 527 GLORIOS.‘E
2188 471 2451 526 REGINIE
2506 469 2907 524 MAIITIIIIJIIS
2955 472 2986 522 '.

273 629 528 683 Ileinrico
598 628 712 701 regi
742 643 973 680 summie
1037 625 1408 679 venerationis
1471 624 1818 696 dignissimo,
1844 631 1892 697 Α
1923 624 2231 677 manualem
2259 622 2525 675 neferatis
2565 623 2618 674 in
2675 622 2954 692 publicum
3013 622 3358 692 sapientibus
3390 624 3540 677 deri-

197 722 525 791 explanator
577 720 741 786 hujus
784 719 970 788 operis
1015 718 1170 772 vobis
1233 724 1452 788 ex0ptat
1485 716 1821 771 incrementa

198 817 570 887 spiritualium
637 815 1009 878 carismatum,
1074 821 1370 885 augmenta
1429 814 1708 879 virtutum,
1771 822 1825 867 et

203 908 620 979 prOSperitatem
655 905 1040 976 temporalium
1103 921 1306 958 rerum.
1373 903 1500 956 Cum
1544 904 1728 958 multis
1756 904 1824 958 sit

200 1004 391 1050 notum
435 1012 530 1050 vos
557 994 783 1048 scicntia
826 993 1233 1063 disciplinaque
1263 991 1458 1046 artium
1485 991 1821 1044 diversarum

203 1091 514 1160 pneditum,
575 1089 807 1158 plurima
865 1088 1162 1161 perlegisse
1197 1087 1473 1141 volumina
1508 1095 1822 1141 sanctorum

204 1182 380 1236 Vitam
435 1182 647 1236 I'atrum
683 1181 736 1233 in
789 1197 844 1233 se
887 1179 1250 1244 continentia,
1279 1195 1514 1250 quorum
1557 1179 1824 1248 exemplis

202 1281 387 1328 vestra
413 1273 745 1327 venerabilis
784 1273 1130 1326 conversatio
1153 1272 1296 1325 bene
1328 1278 1504 1341 potest
1535 1270 1818 1324 informari

201 1371 255 1417 et
278 1363 346 1416 ad
392 1362 584 1416 altiora
644 1362 940 1424 transvchi,
1005 1377 1111 1415 non
1164 1360 1406 1413 minima:
1469 1369 1550 1412 est
1607 1359 1822 1412 virtutis

201 1469 302 1507 vos
359 1451 444 1520 pia
495 1460 796 1504 vestrorum
877 1451 1154 1521 inquirere
1205 1450 1343 1502 facta
1412 1447 1820 1517 precedentium

203 1548 661 1617 propinquorum,
723 1553 774 1597 et
805 1543 1038 1596 maxime
1090 1552 1281 1596 vestra‘
1325 1556 1538 1610 proava:
1570 1538 1825 1592 Mabtbil-

203 1637 291 1690 dis
335 1639 559 1692 illustris
611 1638 834 1708 regium,
895 1636 1051 1701 cujus
1111 1635 1218 1687 vita
1275 1633 1453 1686 lucida
1489 1631 1683 1685 merito
1741 1638 1823 1684 est

209 1726 496 1791 imitanda,
530 1732 582 1778 et
612 1725 767 1794 cujus
790 1725 960 1776 virtus
988 1731 1135 1775 tanto
1155 1733 1235 1775 est
1267 1720 1614 1783 laudabilior,
1648 1734 1822 1789 quan-

209 1827 261 1872 to
293 1836 456 1872 sexus
503 1819 764 1892 fragilior.
817 1819 1022 1871 Gratias
1065 1817 1279 1889 agimus
1335 1822 1524 1868 vestrae
1571 1813 1820 1874 almitati,

203 1907 363 1960 vobis
408 1907 699 1976 placuisse,
744 1908 845 1960 huc
877 1923 1016 1976 Opus
1073 1923 1102 1958 ει
1166 1904 1324 1958 nobis
1357 1903 1589 1964 recitari,
1621 1909 1818 1955 nostrae
1850 1940 1897 2006 Β

207 1998 502 2066 imperitiae
553 2015 809 2069 magnum
877 2005 932 2051 et
995 1997 1157 2050 nimis
1209 1995 1640 2056 formidandum,
1697 2009 1819 2046 cum

207 2099 388 2144 vestro
421 2090 722 2144 dominatui
777 2090 1006 2156 subjecti
1039 2090 1148 2143 sint
1183 2088 1472 2158 perplures
1519 2085 1740 2157 ingenio
1769 2091 1821 2136 et

199 2183 475 2252 sapientia
530 2183 688 2236 nobis
750 2181 1188 2244 excellentiores,
1235 2180 1329 2250 qui
1406 2179 1558 2232 radio
1618 2178 1821 2249 lingua-3

203 2270 475 2340 profunda
525 2278 754 2340 possunt
809 2277 1112 2338 penetrare.
1165 2269 1330 2322 Vobis
1379 2268 1684 2337 imqerante
1720 2267 1823 2319 hoc

202 2379 344 2431 opus
375 2360 643 2425 inchoari,
686 2358 1070 2412 difficillimum
1125 2359 1415 2412 videbatur
1460 2364 1658 2408 nostrae
1698 2370 1822 2423 par-

201 2453 352 2507 vitati
415 2471 428 2515 ;
484 2453 579 2506 sed
642 2451 1083 2522 priesumptionis
1136 2459 1279 2504 esset
1329 2448 1576 2503 maxima!
1635 2455 1818 2499 vestro

205 2541 439 2611 imperio
469 2556 569 2594 nos
592 2541 868 2594 resistere.
919 2540 1270 2610 [inplevimus
1319 2538 1544 2608 quidem
1578 2542 1818 2590 vestrum

205 2638 539 2700 praeceptum
601 2631 742 2684 ultra
810 2631 1030 2684 modum
1079 2638 1386 2683 nostrarum
1428 2627 1624 2680 virium
1663 2643 1675 2688 ;
1713 2639 1819 2678 non

206 2730 388 2774 autem
419 2720 757 2782 dubitamus,
786 2719 1092 2774 invidorum
1135 2719 1313 2772 studia
1340 2717 1529 2780 affore,
1562 2714 1821 2786 quiquod

209 2813 437 2866 fecimus
485 2811 712 2881 cupiunt
777 2811 1203 2882 reprehendere.
1251 2809 1419 2882 Igitur
1444 2809 1822 2870 obsecramus,

211 2921 299 2957 rex
347 2904 613 2978 gloriose,
666 2911 738 2968 et,
773 2903 815 2956 si
877 2903 956 2956 fas
987 2912 1070 2955 est
1101 2901 1307 2965 dicere,
1347 2899 1690 2962 dulcissime,
1715 2913 1826 2951 non

215 2997 539 3053 temeritatis
567 2997 812 3058 audacia,
858 2997 954 3050 sed
1012 2994 1358 3049 necessitatis
1389 3009 1552 3046 causa
1588 2991 1825 3044 :Iibruin

1925 715 2189 778 dendum,
2219 713 2536 784 priusquam
2606 723 2781 768 vestra
2815 714 3009 784 peritia
3039 715 3373 784 persenserit
3405 716 3536 785 quid

1925 815 2118 861 vestrae
2163 806 2353 876 pietati
2405 806 2458 858 in
2512 821 2578 859 eo
2619 805 2985 875 displicuerit,
3019 813 3072 859 et
3107 807 3219 859 haec
3240 807 3541 861 clementer

1926 900 2267 973 corrigantur
2293 916 2413 969 qua!
2441 907 2634 953 vestra)
2661 898 2946 968 sapientia:
2993 914 3100 952 non
3133 907 3279 952 recta
3311 899 3541 953 videan-

1929 995 2027 1040 tur.
2075 987 2307 1060 Dignum
2368 996 2450 1039 est
2504 985 2650 1038 enim
2700 995 2758 1038 ut
2815 986 2906 1056 qui
2969 986 3131 1055 hujus
3189 985 3425 1039 dictatus
3457 993 3540 1038 est

1929 1086 2251 1149 pra*ceptor,
2285 1078 2358 1132 sit
2394 1079 2558 1133 etiam
2615 1077 2942 1131 emendator
2985 1087 3037 1130 et
3068 1075 3326 1129 defensor
3357 1096 3372 1140 ;
3398 1093 3466 1129 ne
3507 1093 3538 1130 a

1929 1171 2129 1225 nobis2
2178 1171 2508 1241 insipienter
2563 1171 2731 1236 edita,
2795 1169 3105 1224 invidorum
3163 1168 3540 1237 perfodiantur

1925 1261 2129 1334 lingua.
2165 1259 2385 1314 Habetis
2441 1260 2661 1330 quidem
2728 1259 2782 1312 in
2813 1259 2918 1312 hoc
2957 1258 3239 1312 volumine
3269 1273 3540 1326 perpauca

1924 1356 2229 1402 vestrorum
2258 1347 2397 1402 facta
2428 1355 2660 1417 patrum,
2709 1362 2772 1400 ex
2826 1347 3028 1418 quibus
3087 1345 3315 1416 potestis
3358 1345 3542 1399 dicere

1927 1437 2058 1507 quid
2101 1453 2262 1509 agere
2317 1436 2518 1507 quidve
2585 1435 2741 1489 vobis
2786 1434 3044 1504 expediat
3098 1435 3288 1487 vitare.
3353 1434 3546 1486 Rector

1929 1529 2091 1584 totius
2138 1528 2350 1592 mundi,
2418 1528 2511 1598 qui
2569 1526 2783 1580 illorum
2840 1527 3004 1580 corda
3067 1525 3363 1588 visitando,
3397 1524 3545 1591 justa

1925 1617 2199 1672 concessit
2219 1631 2517 1687 agnoscere
2542 1623 2595 1668 et
2652 1613 2916 1684 operibus
2944 1613 3192 1683 ireplera,
3247 1613 3363 1682 ipse
3385 1611 3543 1665 vobis

1925 1706 2189 1758 concedat
2219 1721 2338 1775 qua:
2359 1713 2502 1757 recta
2561 1714 2688 1756 sunt
2726 1719 2889 1769 agere
2919 1709 2973 1755 et
3007 1703 3145 1755 alios
3188 1701 3254 1754 ad
3289 1702 3407 1755 hinc
3437 1701 3539 1753 ad-

1925 1783 2170 1857 monei’e,
2194 1802 2248 1846 et
2271 1793 2413 1846 virili
2475 1791 2794 1845 fortitudine
2853 1807 2948 1845 vos
2977 1790 3178 1856 injusta
3203 1789 3456 1862 refugere
3486 1797 3541 1842 et

1921 1887 2042 1939 aliis
2087 1885 2383 1955 prohibere
2442 1902 2456 1948 ;
2501 1883 2702 1937 tribuat
2753 1882 2907 1936 vobis
2957 1881 3314 1935 invictissima
3365 1897 3534 1946 arma,

1924 1983 2128 2052 quibus
2173 1988 2480 2034 vestrorum
2540 1979 2888 2032 inimicorum
2954 1984 3246 2047 superetur
3307 1975 3536 2029 saevitia.

1927 2070 2098 2139 Ipsius
2120 2069 2281 2122 etiam
2309 2067 2484 2139 gratia
2527 2066 2686 2120 vobis
2717 2065 2786 2118 sit
2825 2064 3022 2119 fautrix
3062 2065 3217 2116 firma
3253 2071 3306 2117 et
3353 2079 3538 2117 comes

1922 2158 2162 2218 assidua,
2190 2163 2242 2210 et
2273 2156 2434 2210 faciat
2455 2171 2552 2209 vos
2575 2154 2886 2222 exemplum
2919 2161 2972 2206 et
3017 2152 3246 2206 formam
3285 2151 3539 2218 justitiae,

1924 2251 1990 2303 ad
2013 2249 2427 2321 gubernandam
2478 2247 2824 2317 fideliterque
2859 2245 3153 2319 regendam
3197 2243 3490 2297 Ecclesiam
3527 2261 3540 2307 ;

1924 2350 1982 2394 ut
2011 2339 2322 2409 speculator
2360 2337 2596 2391 idoneus
2618 2335 2865 2400 effectus,
2924 2335 3043 2387 sitis
3076 2332 3258 2406 magni
3301 2330 3541 2393 consilii,

1922 2434 2206 2488 industriae
2234 2440 2286 2486 et
2315 2431 2642 2501 disciplinas.
2677 2429 2940 2482 Dominus
2966 2427 3083 2481 vias
3111 2433 3319 2481 vestras
3347 2439 3544 2478 omnes

1923 2528 1994 2582 ita
2052 2529 2324 2598 disponat,
2385 2535 2443 2578 ut
2490 2524 2547 2578 in
2601 2522 2862 2578 omnibus
2918 2521 3039 2589 ejus
3093 2519 3367 2573 mandatis
3422 2519 3541 2572 sine

1925 2616 2359 2687 reprehensione
2383 2613 2595 2672 vivatis,
2631 2620 2683 2666 et
2713 2611 2780 2664 ad
2809 2610 3056 2664 bravium
3088 2624 3345 2678 superna:
3373 2623 3537 2661 voca—

1929 2709 2094 2764 tionis
2124 2707 2487 2778 perveniatis,
2533 2705 2720 2774 ibique
2769 2718 3028 2757 coronam
3081 2700 3305 2769 justitize
3381 2706 3543 2769 atque

1929 2803 2234 2857 caelestium
2319 2802 2696 2855 thesaurorum
2755 2797 3011 2851 donativa
3094 2796 3431 2865 percipiatis.
3487 2794 3542 2846 Si

1930 2895 2188 2965 cuiquam
2238 2893 2294 2946 in
2343 2893 2446 2946 hoc
2468 2889 2731 2960 Opusculo
2763 2889 2891 2960 quid
2926 2887 3213 2958 placuerit,
3246 2887 3367 2941 laus
3403 2904 3549 2956 pra:-

1931 2986 2175 3057 ceptoris
2201 2985 2326 3038 erit.

953 3180 1248 3237 EXPLICIT
1290 3179 1630 3234 PRxEFA'I‘IO
1675 3177 1737 3232 IN
1780 3173 2020 3230 νιΤΑΜκ
2061 3168 2472 3225 MAHTHILDIS
2517 3164 2798 3221 IlEGlNzE.

1597 3360 2140 3450 INCIPIT

534 3568 1130 3676 LAUDABILIS
1219 3565 1444 3670 VITA
1536 3559 2024 3666 GLORIOSM
2121 3551 2490 3660 REGINM
2578 3545 3210 3652 MAHTHILIHS.

280 3815 468 3882 I(.-t-n.
520 3811 645 3875 912)
700 3811 1062 3881 Temporibus
1103 3807 1358 3872 Conradi,
1405 3806 1548 3878 regis
1597 3805 2158 3876 Francox‘Ctractare
2200 3802 2477 3868 parentes,
2534 3800 2592 3846 ut
2649 3789 2727 3843 illi
2799 3788 3198 3882 desponsarent
3256 3783 3551 3882 virginem,

212 3921 324 3957 rum
382 3901 630 3976 gloriosi,
693 3900 869 3954 extitit
943 3899 998 3952 in
1067 3897 1314 3967 partibus
1373 3893 1673 3948 Germaniaa
1719 3894 1824 3946 dux

209 3995 432 4066 quidam
467 3993 588 4045 Otto
620 3991 864 4055 nomine,
922 3991 1208 4043 honestate
1259 4003 1466 4041 morum
1503 3985 1826 4056 perspicuus

208 4094 259 4136 et
291 4084 343 4136 in
377 4080 746 4135 decernendis
795 4079 956 4132 rebus
1005 4077 1286 4148 providus,
1329 4076 1510 4129 clarus
1534 4073 1824 4129 nobilitate

208 4171 428 4245 generis
467 4176 522 4222 et
575 4168 814 4221 famosus
870 4167 1137 4220 bellorum
1178 4162 1491 4233 triumphis.
1562 4161 1659 4214 Cui
1718 4160 1824 4214 Ila-

211 4266 434 4330 thnwic,
469 4269 714 4317 matrona
753 4259 1102 4322 venerabilis,
1159 4255 1435 4327 conjugali
1465 4253 1828 4324 copulabatur

214 4355 450 4410 vinculo.
487 4351 696 4416 Quibus
724 4352 832 4405 duo
892 4350 1262 4424 gignebantur
1293 4345 1413 4410 filii,
1452 4344 1611 4398 herili
1652 4342 1826 4398 forma

213 4447 454 4503 decorati
488 4463 501 4510 ;
537 4454 591 4499 et
617 4445 766 4514 ipsos
797 4459 1010 4497 summa
1063 4439 1375 4494 nutriebant
1402 4435 1711 4510 diligentia,
1752 4434 1831 4489 uti

215 4539 471 4613 exigebat
557 4535 858 4591 nobilitatis
957 4530 1400 4588 honorificentia.
1470 4529 1640 4596 Major
1705 4533 1834 4580 natu

214 4627 511 4683 vocabatur
539 4627 932 4686 Thaucmarus,
965 4630 1018 4676 et
1047 4622 1185 4676 alter
1217 4618 1521 4674 Ileinricns.
1558 4617 1607 4669 Is
1636 4629 1836 4685 quam-

214 4720 291 4773 vis
322 4727 469 4773 esset
517 4718 725 4785 junior,
773 4715 1046 4786 probitate
1093 4729 1306 4767 morum
1347 4720 1531 4765 tamen
1587 4705 1844 4763 elucebat

214 4811 389 4876 altior,
425 4821 479 4863 et
509 4808 576 4861 ab
605 4808 763 4861 annis
787 4805 1091 4876 puerilibus
1123 4803 1446 4858 intendebat
1477 4801 1641 4856 bonis
1658 4801 1839 4871 operi-

216 4900 333 4966 bus,
359 4915 602 4970 sequens
632 4898 954 4953 humilitatis
1002 4897 1256 4968 vestigia,
1297 4896 1498 4967 quibus
1523 4895 1831 4949 certissime

215 4991 532 5059 pervenitur
569 4990 636 5042 ad
661 4989 922 5043 virtutum
977 4988 1218 5044 culmina
1245 4988 1285 5040 ‘.
1320 4986 1520 5040 Omnes
1551 5001 1674 5038 cum
1699 4983 1828 5053 qui-

216 5083 315 5136 bus
345 5089 462 5137 erat
494 5082 638 5136 haud
669 5081 851 5135 minus
878 5097 1041 5152 quam
1073 5096 1130 5134 se
1154 5081 1330 5150 ipsum
1357 5078 1622 5151 diligebat
1655 5077 1826 5142 ;nulli

218 5193 274 5229 se
319 5175 576 5244 praetulit.
623 5191 723 5228 nec
777 5191 873 5244 per
925 5174 1030 5227 vim
1061 5172 1303 5243 aliquem
1350 5170 1642 5242 oppressit.
1689 5169 1831 5223 Puer

219 5282 342 5321 vero
375 5267 528 5319 mirae
559 5264 818 5318 claritatis
847 5281 910 5319 ac
937 5263 1185 5318 amanda:
1215 5262 1419 5316 indolis
1448 5277 1568 5316 cum
1607 5260 1827 5335 attigis-

220 5361 299 5409 set
329 5356 592 5412 ﬂorentes
640 5370 814 5410 annos
853 5353 1181 5422 juventutis,
1233 5359 1524 5423 coeperunt
1578 5352 1720 5406 inter
1771 5366 1830 5404 se

1930 3909 2136 3969 genere
2163 3890 2266 3945 sibi
2326 3903 2435 3942 non
2485 3883 2819 3943 inferiorem,
2869 3885 2923 3933 et
2967 3876 3121 3946 cujus
3155 3864 3272 3929 nios
3303 3875 3552 3930 liberalis

1930 3966 2190 4056 praeclaro
2239 3979 2429 4053 juveni
2475 3984 2621 4032 esset
2671 3970 2984 4045 persimilis.
3042 3967 3267 4021 Interim
3329 3966 3549 4019 illorum

1927 4053 2179 4144 pervenit
2231 4069 2297 4123 ad
2373 4083 2552 4130 aures,
2641 4065 2696 4117 in
2769 4058 3019 4115 ccenobio
3085 4053 3550 4109 Herivordinense

1929 4163 2205 4236 egregiam
2263 4160 2536 4228 bospitarc
2583 4155 2841 4226 puellam,
2894 4149 3115 4204 nomine
3167 4144 3544 4208 Mahthildam,

1927 4233 2131 4329 genere
2190 4252 2451 4314 nobilem,
2512 4248 2700 4318 specie
2749 4240 3138 4313 exoptabilem,
3199 4243 3252 4290 et
3299 4233 3549 4289 moribus

1929 4321 2216 4404 illustrem,
2251 4347 2308 4393 ut
2354 4355 2478 4393 cum
2530 4352 2628 4389 ava
2659 4350 2756 4388 sua
2800 4330 3077 4386 abbatissa
3127 4325 3363 4380 disceret
3396 4321 3544 4392 psal-

1932 4433 2226 4490 modialem
2253 4431 2452 4484 librum
2490 4437 2544 4481 et
2597 4424 2896 4479 industrias
2941 4434 3188 4491 operum.
3226 4417 3350 4469 Ilaec
3381 4415 3543 4468 etiam

1938 4528 2086 4599 virgo
2119 4523 2279 4579 traxit
2303 4520 2585 4594 egregium
2617 4533 2794 4592 genus
2816 4532 2844 4568 a
2866 4509 3168 4567 venerabili
3212 4507 3329 4561 viro
3386 4505 3551 4559 Witi-

1937 4598 2086 4682 kino,
2120 4618 2212 4690 qui
2242 4617 2296 4670 in
2322 4612 2649 4671 occidentali
2696 4609 2920 4682 regione
2971 4606 3079 4660 dux
3138 4603 3315 4656 fuerat
3341 4598 3549 4669 glorio-

1941 4728 2033 4766 sus
2081 4687 2280 4780 opibus
2341 4705 2555 4776 pollens
2619 4707 2674 4754 et
2746 4695 3032 4768 dignitatis
3086 4693 3294 4746 honore
3345 4687 3548 4741 multos

1942 4778 2281 4874 przecellens.
2305 4798 2444 4852 Proh
2466 4797 2486 4830 ⁵
2516 4795 2674 4847 dolor
2707 4791 2718 4843 I
2745 4790 2838 4844 sed
2858 4801 3042 4842 errore
3068 4790 3261 4852 captus
3281 4778 3548 4834 adorabat

1936 4868 2082 4949 idola
2108 4908 2272 4946 manu
2299 4886 2565 4944 artificum
2610 4884 2768 4945 facta,
2821 4877 3204 4943 Christumque
3231 4868 3544 4926 colentibus

1930 4984 2112 5038 varios
2143 4981 2426 5053 ingerebat
2455 4974 2746 5038 cruciatus,
2798 4967 2925 5040 quia
2953 4967 3184 5018 deerant
3216 4958 3542 5030 przedicato-

1933 5089 2018 5127 res
2046 5072 2141 5142 qui
2174 5048 2445 5124 Christum
2501 5063 2879 5136 praedicarent,
2930 5053 3238 5110 incredulos
3269 5049 3336 5104 ad
3369 5048 3533 5132 ﬁdem

1932 5141 2334 5220 converterent.
2365 5162 2471 5215 Rex
2502 5172 2631 5212 vero
2646 5153 2889 5216 Karolus,
2936 5149 3016 5203 vir
3038 5141 3537 5199 Christianissimus

1933 5265 1987 5309 et
2017 5270 2146 5324 erga
2174 5252 2272 5307 Dei
2295 5251 2535 5306 cultores
2563 5242 2877 5306 benivolus,
2896 5227 3542 5304 tunctemporistenebat

1934 5362 2112 5400 arcem
2149 5344 2511 5415 principatus.
2547 5341 2680 5394 Cum
2711 5344 2892 5392 autem
2939 5328 3152 5403 praefati
3201 5324 3360 5380 ducis
3388 5336 3544 5376 com-

1560 5482 1779 5537 VARUE
1810 5476 2183 5535 LECTIONES.

291 5618 304 5650 ¹
335 5613 614 5673 mathildis
669 5617 718 5671 1.
777 5617 869 5671 sed
921 5617 980 5669 in
1037 5615 1298 5682 emcerptis
1366 5610 1678 5682 Ekkehardi.
1725 5606 2073 5682 Ursugiensis
2095 5602 2294 5682 nscpculo
2333 5599 2425 5682 ξΠΙ
2458 5600 2670 5682 ineunte
2701 5596 3154 5682 scrip‘tisgsem‘pe‘r
3183 5581 3458 5682 qntiquior
3489 5578 3538 5629 θΐ

219 5667 1011 5754 θθπῖλῖἦᾶῖονηια-ήιειᾙίῆἱὶᾶἰε
1038 5667 1294 5741 imitatur.
1331 5686 1351 5716 ‘-’
1380 5687 1454 5737 ito
1484 5681 1659 5738 Erth
1689 5679 1847 5734 vobis
1875 5667 1936 5733 Ῐι.
1983 5677 2004 5728 -1
2040 5678 2067 5728 ?
2094 5674 2116 5708 3
2147 5673 2201 5726 in
2233 5690 2282 5725 v.
2313 5672 2503 5734 desunt
2531 5669 2552 5720 1
2621 5667 2639 5699 ⁵
2670 5681 2715 5719 c.
2747 5684 2799 5718 v.

2842 5669 2888 5719 I.
2919 5664 2938 5697 ⁵
2972 5659 3165 5732 proeli.
3199 5658 3249 5709 1.
