3972 6208
439 249 534 302 891
1502 269 1772 326 SANCTAZ
1810 273 2174 329 MATHILDIS
2219 278 2483 334 REGlN/E
2522 279 2689 335 VITA.
3678 289 3786 345 892

441 373 676 441 perisset
702 377 1164 450 incredulitatem,
1216 388 1444 445 nimium
1499 392 1695 463 doluit,
1737 404 1795 451 et
1823 414 2054 470 congre-
2079 404 2131 472 Α
2158 402 2395 471 puellam
2422 406 2771 461 nutriendam
2793 408 3095 479 suscipere.
3130 409 3392 467 Parentes
3415 419 3601 468 autem
3633 413 3784 468 illius

437 480 1013 570 gans'omn‘e'mns-uum
1066 479 1388 544 exercitum,
1450 483 1570 539 iniit
1623 487 1823 543 bellum
1856 500 2046 547 contra
2146 493 2562 552 consentientes
2622 495 2874 564 petitioni
2934 496 3249 564 abbatissa),
3295 498 3519 553 sibimet
3545 501 3615 554 ad
3652 517 3781 570 pro-

437 552 674 650 eundem
704 556 1041 650 Vi’itiltinum,
1087 580 1251 620 causa
1299 569 1665 629 defendenda
1724 577 1849 632 ﬁdei
1882 588 1935 635 et
1955 597 2045 635 er-
2144 585 2446 642 curandum
2479 586 2963 650 commendabant,
3016 595 3073 641 ut
3126 588 3274 643 illam
3333 590 3560 645 doceret
3589 552 3779 645 sacras

437 648 646 735 rantem
674 643 741 695 ad
770 644 958 748 salutis
1014 650 1153 707 viam
1204 662 1582 715 convertendi.
1645 665 1891 738 Cumque
1914 685 2043 725 con-
2144 678 2412 733 lectiones
2450 685 2504 730 et
2532 693 2794 731 manuum
2819 679 3193 748 operationes.

433 740 785 847 venissentet
822 734 1089 843 diuinter.
1106 757 1163 796 se
1192 754 1468 847 certnarent
1496 734 2038 824 amborum—milites,
2214 769 2264 821 3.
2301 771 2374 822 De
2396 768 2806 836 desponsatt'one
2859 734 3191 825 'Mahthildis
3268 771 3454 825 Puella
3491 772 3664 847 igitur
3695 772 3780 828 in-

431 823 483 931 οξ
511 833 573 871 ΘΧ
597 830 841 931 utraque
882 838 1035 931 parte
1072 834 1182 901 jam
1220 836 1521 896 deﬁcerent
1554 848 1835 917 pugnandi
1876 850 2038 917 vires,
2140 858 2314 930 signis
2344 859 2542 913 mirum
2576 858 2631 913 in
2664 859 2886 915 modum
2920 859 3244 931 proﬁciebat
3275 863 3329 917 in
3367 823 3777 919 cunctisaetate

431 910 637 981 placuit
669 919 1032 994 principibus,
1082 938 1141 984 ut
1193 948 1283 986 rex
1315 950 1438 990 cum
1472 910 1736 995 Wi—tik‘ino
1767 910 2040 1001 conferret

428 1018 641 1071 manus,
674 1017 728 1063 et
759 1013 845 1067 cui
878 1014 1122 1075 Christus
1188 1024 1474 1084 victoriam
1533 1035 1885 1099 concederet,
1922 1038 2039 1109 ipse

430 1109 552 1196 cum
579 1104 690 1153 toto
717 1106 962 1161 exercitu
1008 1126 1108 1165 suo
1138 1125 1412 1185 regnaret.
1460 1120 1559 1185 Qui
1616 1104 2046 1196 congressu-diu

428 1186 773 1275 multumque
817 1194 1092 1256 instabant
1122 1203 1268 1261 bello
1312 1210 1509 1265 robore
1542 1186 1880 1275 colluctanti.
1909 1186 2051 1275 il‘an-

427 1272 552 1375 dem
587 1278 868 1351 Dominus,
899 1286 1143 1346 lacrimis
1196 1294 1627 1358 Christianorum
1657 1306 1923 1375 pulsatus,
1950 1327 2049 1367 suo

430 1362 684 1469 bellatori
738 1374 807 1428 de
866 1377 1023 1435 hoste
1077 1383 1414 1457 triumphum
1474 1362 1769 1464 concessit,
1818 1362 2053 1469 ﬁdeshuvt

436 1461 686 1517 meruit..

578 1557 651 1607 Dc
662 1565 996 1617 conversione
1016 1567 1270 1625 Witikim'
1280 1575 1451 1629 ducis.
1468 1577 1638 1646 Tunc,
1658 1582 1766 1638 Deo
1783 1584 2048 1653 donante,

434 1641 723 1744 iV-itikinus
755 1653 985 1720 projecit
1010 1665 1517 1733 armaperlidize,ac
1550 1641 1783 1744 arripuit
1833 1641 2045 1733 scutum

429 1732 555 1830 fidei
591 1736 929 1811 Christianae,
989 1766 1131 1806 novo
1186 1755 1405 1812 fervens
1472 1732 1677 1831 studio,
1716 1769 1854 1823 sacri
1877 1769 2046 1826 fontis

430 1822 483 1920 in
509 1831 767 1921 mysterio
803 1842 1038 1892 veterem
1094 1841 1373 1901 hominem
1430 1851 1711 1921 deponere
1747 1866 1799 1913 et
1842 1874 2041 1916 novum

430 1912 483 1964 in
508 1912 720 1973 Christo
749 1921 997 1981 induere.
1028 1932 1195 1993 Quem
1228 1952 1318 1989 rex
1353 1939 1849 2001 Christianissimus
1888 1948 2043 2003 beni-

425 2019 533 2104 gne
556 2010 884 2104 suscipiens,
915 2032 946 2070 a
968 2024 1269 2079 venerabili
1298 2030 1561 2104 episc0po
1608 2037 1885 2093 Bonifacio
1916 2057 2042 2095 eum

401 2094 687 2164 -baptizari
753 2108 1031 2177 prazcepit,
1080 2094 1509 2187 ipseque-illuni
1558 2125 1627 2180 de
1678 2143 1835 2184 sacro
1898 2094 2043 2186 fonte

430 2186 737 2255 levavit;et
766 2213 864 2265 per
919 2186 1458 2280 consanguinitatem
1516 2216 1645 2273 ﬁdei
1692 2234 1881 2291 postea
1923 2225 2046 2280 fue-

431 2288 555 2334 runt
606 2289 906 2383 concordes
959 2297 1137 2352 amici.
1186 2301 1479 2361 Witikinus
1538 2328 1664 2367 vero
1692 2288 2042 2387 baptizatus,

430 2386 549 2425 mox
576 2378 768 2431 mirum
794 2378 847 2433 in
900 2385 1121 2441 modum
1179 2396 1324 2447 totus
1355 2395 1408 2449 in
1464 2398 1557 2453 Dei
1593 2417 1761 2472 opere
1789 2378 1887 2461 est
1912 2378 2047 2463 con;

426 2479 635 2563 versus.
692 2469 901 2563 Dehinc
937 2479 1116 2533 omnis
1146 2486 1423 2542 exercitus
1467 2490 1570 2546 sibi
1595 2469 1877 2563 subjectus
1899 2501 2039 2557 hanc

425 2554 655 2649 eandem
709 2556 836 2613 ﬁdei
894 2567 1279 2627 credulitatem
1322 2586 1405 2631 est
1460 2554 1766 2649 confessus,
1799 2598 1853 2641 et
1878 2605 2036 2644 suum

426 2641 731 2740 principem
763 2650 959 2707 devote
990 2654 1276 2727 imitando,
1309 2682 1464 2722 sacro
1496 2670 1841 2740 baptismatis
1872 2677 2039 2734 intin-

423 2735 657 2833 gebatur
678 2740 845 2833 fonte.
886 2745 975 2801 llis
1002 2750 1074 2805 ita
1102 2758 1339 2822 peractis
1370 2768 1423 2813 et
1443 2735 1750 2833 composito
1810 2769 1952 2825 inter
1980 2790 2039 2828 se

427 2824 636 2917 findere
669 2832 839 2898 pacis,
875 2852 966 2889 rex
1000 2838 1225 2897 Karolus
1255 2862 1376 2900 cum
1411 2850 1636 2907 victoria
1669 2861 2042 2917 revertebatur

425 2916 599 3016 laetus.
656 2923 768 2977 Dux
808 2936 990 2985 autem
1052 2934 1342 2995 Witikinus
1376 2944 1429 2997 in
1460 2950 1735 3018 pr0priam
1781 2960 2044 3015 remeavit

423 3017 677 3103 patriam,
719 3018 890 3070 sancti
924 3020 1157 3090 Spiritus
1184 3031 1359 3101 gratia
1426 3017 1727 3095 illustratus
1755 3060 1768 3106 ;
1802 3051 1855 3098 et
1892 3046 2034 3103 sicut

424 3110 573 3162 prius
653 3108 1092 3199 persequebatur
1173 3116 1445 3177 Christum
1528 3125 1868 3199 invocantes,
1955 3137 2035 3191 sic

424 3191 773 3295 postmodum
803 3198 870 3250 ad
900 3198 1065 3295 ﬁdem
1125 3205 1320 3266 Christi
1369 3218 1526 3272 traxit
1565 3237 1815 3295 quosque
1842 3191 2032 3283 erran-

424 3280 528 3381 tes,
560 3285 614 3379 et
645 3288 703 3381 ut
734 3295 895 3341 antea
937 3290 1205 3351 bonorum
1260 3304 1436 3359 extitit
1465 3280 1803 3381 persecutor,
1842 3315 1916 3370 ita
1955 3318 2037 3372 vi-

422 3368 816 3482 gilantissimus
848 3385 957 3435 tum
992 3391 1244 3457 apparuit
1274 3411 1442 3453 sacrae
1475 3399 1602 3456 ﬁdei
1640 3417 2030 3482 pr0pugnator.

418 3462 534 3564 Jam
579 3474 688 3521 tum
750 3472 1097 3537 desiderabat
1150 3490 1418 3548 ecclesias
1486 3462 1849 3569 reaadiﬁcare‘:
1899 3521 2037 3575 quas

422 3928 644 4027 iiomine
699 3924 1022 4000 Thietricus,
1090 3937 1148 3991 in
1204 3943 1532 4002 occidentali
1582 3916 1807 4027 regione
1850 3916 2037 4013 eomes

419 4005 593 4121 fuerat
630 4017 904 4121 gloriosus
953 4030 1081 4098 (22),
1123 4040 1178 4088 et
1233 4043 1603 4101 venerabilem
1642 4005 2033 4121 oReinhildam,

419 4101 689 4212 Danorum
737 4112 1150 4212 Fresonumque
1212 4134 1462 4203 germine
1515 4139 1619 4206 (23)
1661 4101 2026 4212 procreatum:

2058 3098 2106 3165 C

2143 953 2353 1013 tenera,
2407 946 2681 1018 probitate
2734 948 3050 1021 grandaeva,
3102 965 3273 1020 capax
3306 951 3360 1005 in
3392 951 3579 1007 studio
3604 953 3777 1008 disci-

2143 1042 2309 1112 plinae
2356 1042 2608 1097 litteralis
2656 1050 2711 1098 et
2762 1058 2993 1114 Operum
3054 1044 3363 1100 industriis.
3418 1046 3554 1101 Cum
3586 1055 3774 1103 autem

2152 1131 2358 1202 ubique
2408 1131 2787 1205 divulgaretur
2839 1132 3010 1186 virtus
3074 1132 3221 1187 illius
3261 1132 3581 1200 laudabilis,
3606 1135 3772 1190 etiam

2154 1225 2406 1294 pervenit
2436 1224 2503 1279 ad
2534 1241 2695 1280 aures
2726 1226 2970 1296 praeclari
3004 1226 3161 1281 ducis
3190 1226 3424 1295 Ottonis,
3457 1229 3553 1299 qui
3586 1231 3772 1285 statim

2154 1312 2299 1366 misit
2328 1329 2487 1367 suum
2519 1314 2775 1369 comitem
2831 1314 3199 1369 Thictmarum
3229 1317 3344 1371 haec
3374 1318 3443 1372 ad
3473 1320 3773 1390 exploran-

2153 1403 2281 1456 dum
2308 1416 2412 1463 (an.
2443 1404 2588 1473 909‘).
2627 1403 2719 1457 Ille
2768 1420 2920 1469 vero,
2966 1415 3241 1477 praecepto
3273 1408 3431 1463 ducis
3477 1409 3771 1472 obediens.

2154 1492 2221 1546 ad
2276 1508 2440 1563 supra
2497 1501 2859 1548 memoratum
2910 1493 3229 1549 cmnobium
3284 1496 3388 1550 iter
3443 1498 3773 1554 acceleravit

2154 1586 2375 1651 ardens,
2416 1596 2470 1641 et
2521 1587 2701 1641 statim
2752 1587 2947 1641 adiens
3020 1588 3335 1643 cubiculum
3398 1596 3771 1646 matronarum

2150 1678 2331 1733 eidem
2366 1680 2561 1749 puellae
2584 1679 2740 1747 jussu
2772 1680 3065 1734 abbatissae
3094 1680 3459 1748 serventium,
3499 1698 3563 1737 ac
3592 1683 3773 1738 admi-

2151 1774 2332 1829 niculo
2364 1775 2701 1829 carumclam
2734 1791 2792 1829 se
2812 1774 3059 1830 inferens
3082 1777 3441 1843 monasterio,
3468 1776 3773 1849 diligenter

2145 1864 2424 1933 perspexit
2478 1862 2708 1918 formam
2762 1864 2990 1939 virginis
3045 1865 3279 1919 herilem
3312 1874 3366 1920 et
3394 1866 3530 1921 mire
3573 1866 3771 1922 lauda-

2145 1954 2332 2008 bilem.
2366 1954 2536 2030 lgitur
2562 1956 2723 2009 tacite
2754 1955 3098 2029 investigatis
3118 1964 3175 2009 et
3196 1965 3356 2012 caute
3393 1958 3770 2013 consideratis

2144 2047 2406 2101 omnibus
2448 2063 2570 2118 quae
2622 2047 2993 2112 desiderabat,
3041 2048 3268 2103 domino
3317 2064 3417 2103 suo
3467 2050 3775 2120 reportavit

2148 2138 2333 2194 hilaris
2360 2149 2555 2194 cuncta
2603 2156 2725 2210 quae
2779 2140 3007 2193 viderat.
3070 2140 3165 2194 Die
3202 2155 3331 2195 vero
3382 2141 3637 2212 sequenti
3665 2142 3772 2196 dux

2146 2228 2268 2283 Otto
2296 2228 2572 2298 disposuit
2602 2228 2683 2283 ire
2739 2244 2897 2282 suum
2949 2228 3122 2283 ﬁlium
3179 2228 3492 2284 licinricum
3524 2228 3595 2284 ad
3626 2246 3773 2300 prae-

2146 2324 2314 2378 fatum
2340 2323 2655 2379 cmnobium
2703 2340 2811 2378 una
2875 2340 2998 2377 cum
3039 2323 3240 2379 comite
3303 2324 3637 2391 Thietmaro,
3669 2340 3771 2381 suo

2145 2416 2427 2489 magistro,
2477 2423 2537 2470 ut
2589 2423 2748 2471 cauta
2795 2416 3239 2472 consideratione
3282 2417 3689 2488 perspicerent,
3725 2417 3772 2472 si

2138 2508 2313 2562 forma
2344 2520 2632 2575 moresque
2666 2504 2861 2573 puellae
2892 2504 3115 2558 sibimet
3158 2505 3543 2560 convenirent.
3583 2506 3763 2581 Elegit

2141 2600 2322 2669 itaque
2356 2611 2464 2651 non
2487 2611 2691 2665 paucos
2718 2596 2969 2666 juvenes,
3001 2612 3207 2669 genere
3246 2604 3302 2651 et
3316 2595 3497 2667 specie
3529 2596 3766 2669 elegan-

2140 2700 2243 2757 tes,
2276 2689 2370 2760 qui
2401 2688 2793 2743 comitarentur
2831 2687 3094 2755 juvenem
3151 2687 3486 2751 lleinricum,
3552 2705 3666 2760 quo
3706 2705 3768 2744 se

2136 2781 2432 2851 jactantius
2488 2779 2657 2834 ferret
2686 2780 2754 2834 ad
2815 2779 3267 2851 praedestinatum
3308 2782 3509 2836 locum.
3544 2783 3757 2853 Appro—

2143 2872 2476 2942 pinquantes
2505 2876 2684 2923 autem
2719 2869 3074 2933 monasterio,
3111 2878 3289 2924 castra
3321 2871 3509 2926 metati
3540 2879 3670 2925 sunt
3702 2872 3762 2925 in

2144 2976 2369 3029 campo;
2404 2959 2559 3029 pauci
2618 2975 2747 3013 vero
2795 2959 3012 3013 illorum
3070 2960 3227 3031 quasi
3278 2975 3445 3015 causa
3499 2961 3767 3016 orationis

2146 3052 2379 3127 ingressi
2410 3052 2730 3119 oratorium,
2748 3052 3001 3106 viderunt
3019 3054 3286 3128 virginem
3312 3054 3461 3109 intus
3476 3055 3764 3111 sedentem

2135 3152 2190 3199 et
2213 3144 2531 3215 psalterium
2563 3161 2729 3199 manu
2760 3151 3062 3209 tenentem,
3098 3145 3543 3200 honestissimam
3574 3145 3764 3201 habitu

2136 3244 2191 3291 et
2238 3236 2534 3291 admodum
2597 3236 2903 3290 reverenda
2959 3237 3129 3291 cultu.
3195 3236 3485 3292 Heinricus
3556 3244 3762 3301 autem,

2138 3325 2350 3379 eximiae
2380 3325 2611 3400 virginis
2671 3340 2859 3379 amore
2910 3341 3233 3392 succensus,
3282 3326 3567 3381 interdixit
3594 3326 3764 3382 sociis

2139 3430 2208 3468 ne
2228 3413 2485 3485 cuiquam
2540 3413 2847 3468 indicarent
2901 3430 3010 3484 qua
3065 3429 3231 3468 causa
3281 3414 3387 3469 huc
3424 3415 3754 3477 venissent;

2138 3502 2431 3573 statimque
2460 3501 2529 3555 ad
2557 3511 2793 3556 castrum
2853 3501 3245 3569 revertebatur,
3294 3503 3387 3557 ubi
3420 3512 3609 3559 cetera
3631 3521 3760 3576 pars

2134 3590 2399 3657 juvenum
2428 3589 2890 3645 commorabatur.
2928 3589 2989 3644 Et
3015 3589 3254 3646 induens
3286 3607 3345 3646 se
3366 3592 3761 3658 hcriliornatu,

2143 3681 2404 3751 templum
2434 3681 2619 3736 denuo
2654 3681 2874 3735 intravit
2912 3681 3083 3736 multo
3118 3681 3404 3747 comitatu,
3475 3684 3765 3753 postulans

2142 3769 2247 3824 sibi
2280 3770 2494 3839 copiam
2528 3768 2645 3823 dari
2676 3769 3009 3824 abbatissam
3063 3770 3401 3842 alloquendi.
3439 3772 3567 3836 Quae
3595 3773 3763 3828 etiam

2142 3862 2469 3933 procedens,
2502 3862 2680 3933 ipsum
2701 3870 3040 3933 cunctosque
3064 3879 3193 3919 suos
3222 3864 3487 3919 satellites
3516 3881 3764 3936 suscepa

2140 3953 2410 4028 gaudens.
2444 3951 2735 4023 Postquam
2795 3960 2979 4006 autem
3016 3952 3254 4007 invicem
3286 3952 3575 4008 dedissent
3602 3956 3757 4010 verbi

2137 4045 2504 4112 salutationis,
2556 4060 2743 4100 secum
2785 4044 2941 4099 duxit
2973 4044 3236 4112 juvenem
3298 4044 3610 4101 Heinricum
3656 4064 3767 4103 una

2135 4161 2267 4201 cum
2298 4144 2500 4199 comite
2528 4141 2839 4196 Thietmaro
2865 4140 2919 4195 in
2958 4156 3116 4195 suum
3144 4140 3481 4209 cubiculum,
3523 4150 3580 4197 et
3599 4142 3763 4198 fami-

2136 4235 2272 4289 liare
2302 4250 2427 4288 cum
2458 4234 2543 4289 eis
2575 4233 2630 4287 in
2661 4233 2884 4303 longum
2912 4232 3168 4302 produxit
3196 4233 3559 4310 collOQuiuAm.
3587 4234 3762 4310 Egre-

421 4199 663 4311 Irr‘ilo:ril)us
691 4207 1060 4311 probabilem,
1110 4199 1332 4279 sibimet
1361 4199 1688 4298 adjunxera-t
1711 4199 2026 4311 conjugeni.

508 4286 519 4296 .
701 4292 711 4302 ,
1429 4284 1447 4298 ..
1716 4284 1814 4290 ----
1846 4284 1875 4291 _
1921 4284 2026 4293 -..η
2136 4284 2266 4289 -----
2308 4284 2426 4288 ηπ-
2912 4284 3164 4302 νηπίη
3206 4284 3557 4305 --ατη----τ
3587 4284 3728 4310 ην--

422 4284 739 4397 Ωυιῐξὶξΐωι
777 4296 937 4397 flono
966 4304 1061 4360 Dei
1101 4309 1330 4385 gignere
1387 4316 1652 4376 infantem
1714 4284 2033 4382 homiri’ibus
2135 4326 2258 4397 gius
2298 4339 2428 4379 vero
2458 4323 2673 4392 iuvenis
2733 4322 2949 4377 interim
3006 4337 3233 4377 sumens
3270 4301 3530 4379 ﬁducia‘w
3558 4325 3756 4387 animi,

421 4379 734 4492 amabilem.
770 4387 809 4441 Ο
835 4389 962 4447 felix
989 4409 1177 4466 partus
1208 4404 1370 4475 hujus
1427 4409 1677 4482 infantis,
1709 4416 1798 4470 cui
1860 4419 2035 4492 gratia
2061 4466 2114 4492 η
2136 4379 2400 4488 paulatim
2432 4414 2640 4485 incepit
2667 4430 2980 4470 sermonem
3030 4414 3100 4469 de
3138 4413 3374 4486 virgine,
3408 4413 3760 4490 interrogans

421 4468 618 4582 Christi
646 4486 994 4582 postmodum
1048 4466 1296 4570 contigit-
1327 4500 1565 4576 dignitas
1593 4466 1829 4582 regalis
1859 4466 2036 4566 lﬂ
2058 4466 2115 4534 D
2139 4466 2405 4578 quan—tum
2433 4466 2693 4577 provrecta
2717 4511 2864 4558 esset
2888 4509 3047 4559 aetate
3102 4510 3197 4559 aut
3222 4466 3434 4575 "qualis
3482 4466 3709 4560 statu’rae
3746 4522 3762 4570 ;

420 4568 609 4672 Extiti‘t'
621 4568 802 4672 gloria
840 4588 1147 4672 parentum,
1192 4568 1874 4669 lietitiawpropinquorum,
1904 4618 2034 4672 spes
2135 4568 2415 4669 postremo
2433 4568 2603 4651 etiam
2628 4594 2966 4649 desideravit
2986 4593 3092 4648 sibi
3118 4568 3397 4648 licentiam
3429 4593 3551 4647 diri
3583 4568 3762 4666 ipsam

423 4650 763 4760 hereditatis,
797 4671 850 4718 et
880 4667 1048 4726 decus
1090 4650 1254 4732 totius
1296 4650 2035 4755 futurzesoboli's,—airiabrilis
2132 4650 2532 4760 conspiciendi.
2599 4689 2711 4752 Qua
2767 4689 2787 4722 ⁸
2823 4694 3048 4742 evocata
3102 4692 3379 4755 prmecpto
3436 4650 3760 4747 abbatissae.

421 4745 549 4856 (ium
568 4754 829 4823 nascitur,
849 4769 903 4816 et
932 4768 1222 4827 amabilior
1245 4774 1376 4831 dum
1390 4779 1644 4835 nutritur.
1670 4745 1811 4848 Quid
1842 4785 2033 4856 plura?
2133 4745 2387 4850 aPpal‘uit
2413 4780 2469 4833 ίῐι
2495 4793 2561 4831 εει
2598 4776 2879 4851 virginalis
2934 4775 3182 4830 incessus
3211 4782 3266 4829 εί
3300 4790 3442 4829 "em
3474 4775 3760 4845 lludicium

422 4836 573 4894 Tunc
620 4852 899 4934 temporis
938 4874 1060 4915 raro
1119 4863 1404 4922 videbatur
1459 4870 1640 4928 infans
1676 4836 1869 4931 ~tam,r
1898 4877 2029 4933 cum
2135 4836 2374 4933 habitus,
2403 4867 2557 4921 frons
2579 4836 2811 4920 serenus
2838 4865 2857 4897 ⁷
2890 4871 2946 4919 et
2996 4863 3283 4934 speciosus
3323 4863 3394 4918 ad
3426 4863 3759 4920 intuendum

421 4941 553 5028 ergo
593 4932 843 5028 illustris
897 4950 1121 5015 parvula
1177 4962 1322 5009 esset
1369 4955 1659 5028 ablactata,
1702 4932 2035 5022 desideravit
2136 4958 2318 5014 vultus
2347 4932 2404 5011 in
2425 4956 2665 5011 candore
2697 4954 2826 5009 liliis
2862 4932 3044 5007 extitit
3097 4953 3416 5024 persimilis,
3459 4954 3514 5008 in
3570 4955 3756 5011 vivido

422 5020 698 5125 abbatissa
722 5028 1008 5102 Mahthild,
1044 5046 1217 5097 mater
1243 5043 1499 5102 Thietrici
1543 5020 1782 5121 comitis,
1812 5070 1935 5125 qua:
1977 5020 2032 5110 in
2133 5058 2317 5107 autem
2365 5050 2551 5105 colore
2615 5046 3039 5103 assimulabatur
3085 5020 3331 5102 rosarum
3393 5045 3562 5101 foliis.
3609 5046 3760 5102 lianc

423 5110 881 5180 Herivordinense
924 5132 1113 5187 sedem
1174 5138 1441 5210 possedit:
1466 5140 1726 5212 abbatiaa,
1754 5110 2032 5216 praelatam
2137 5144 2275 5199 tanti
2304 5140 2523 5198 decoris
2551 5146 2612 5194 ut
2641 5137 2780 5193 vidit
2830 5136 3090 5211 egregius
3130 5133 3375 5203 juvenis,
3402 5134 3630 5190 minime
3659 5152 3757 5191 va-

1774 5294 1994 5349 VARI/E
2021 5293 2379 5350 LECTIONES

493 5370 513 5403 ⁶
534 5373 718 5436 ρυεί.
752 5374 770 5406 τ
798 5377 878 5430 ita
908 5379 958 5432 1.
990 5384 1316 5449 respondens
1345 5391 1597 5458 εθσπθπίί
1623 5393 1824 5448 ν¹¹¹ω⁸⁵
1977 5463 2166 5518 nom

428 5611 433 5641 ἰ
641 5547 939 5641 illanbitabat
964 5556 1020 5641 in
1042 5558 1170 5613 villa
1189 5562 1366 5641 Enger
1382 5527 1641 5641 promme
1675 5569 1899 5626 Herford
1926 5589 1942 5639 ;
1972 5572 2099 5627 vide
2128 5570 2271 5628 infra
2298 5586 2419 5640 cap.
2450 5568 2537 5622 11.

428 5614 609 5681 1,3,(23)
639 5616 676 5668 i.
711 5632 754 5669 c.
795 5631 946 5687 patre
975 5626 1146 5693 Dano,
1177 5614 1354 5687 maire
1380 5614 1638 5693 ἕξᾷᾦῆὲῖ
