3972 6208
219 306 331 362 893

1293 303 1564 357 ὃΛΝΕΤίΕ
1604 303 1957 357 MATHILDIS
1999 306 2262 361 ΒΕΟΙΝἉΕ
2304 307 2469 361 νιΤΑ.

3459 314 3565 365 894

219 434 342 488 lens
371 433 578 487 diutius
606 432 785 486 celare
807 447 1051 486 amorem
1084 432 1284 497 cordis,
1333 432 1628 502 postulavit
1657 447 1841 501 prece-
1867 437 1913 502 Α
1942 433 2089 498 bilis,
2135 436 2380 490 Christus
2422 436 2498 490 illi
2558 439 2681 507 plus
2729 439 2881 493 auxit
2934 441 3198 494 honorem
3251 441 3559 513 dignitatis,

219 522 472 589 instanti,
504 523 674 592 ipsam
716 521 979 589 virginem
1043 521 1149 574 sibi
1233 522 1582 591 desponderi.
1643 521 1841 575 Contra

223 612 342 665 haec
368 610 647 664 abbatissa
673 610 864 663 oculos
921 609 1142 678 dejecit,
1215 618 1267 663 et
1321 611 1534 664 nutanti
1576 611 1758 664 animo
1790 609 1842 663 in

224 699 590 768 responsione
650 697 743 751 diu
812 698 1100 752 luesitavit.
1162 699 1291 752 Cum
1341 709 1521 752 autem
1582 698 1752 772 magis
1782 714 1845 752 ac

223 790 400 861 magis
424 795 800 859 perseveraret
826 788 1150 843 adolescens
1183 789 1236 842 in
1272 790 1491 859 incepto
1539 787 1842 858 petitionis,

223 884 446 936 tandem
478 883 704 936 domina
749 883 950 936 talibus
999 884 1364 953 respondebat
1406 883 1628 936 verbis:
1672 910 1693 930 ιι
1728 883 1846 935 Non

223 983 309 1028 est
341 985 611 1040 nostrum,
645 990 763 1028 eam
805 985 1026 1044 nuptam
1088 976 1217 1028 dare
1273 975 1435 1028 alicui
1474 975 1684 1044 absque
1711 990 1847 1027 con-

222 1066 348 1121 silio
381 1076 435 1120 et
465 1082 737 1121 consensu
798 1075 1082 1138 parentum
1118 1085 1131 1130 ;
1166 1067 1392 1136 dignum
1425 1076 1506 1120 est
1548 1066 1692 1119 enim
1728 1072 1783 1118 ut
1813 1081 1842 1117 a

222 1154 389 1209 nobis
418 1155 632 1229 integra
665 1155 771 1208 tide
805 1155 912 1208 illis
942 1157 1279 1221 restituatur,
1313 1172 1378 1209 ex
1411 1156 1616 1226 quibus
1646 1163 1843 1208 nostra).

223 1249 598 1318 procurationi
638 1249 1022 1302 commendata
1095 1258 1194 1303 est.
1258 1250 1395 1312 Quin
1455 1249 1617 1301 etiam
1688 1248 1846 1300 nobis

219 1346 468 1391 versatur
498 1339 552 1391 in
600 1339 792 1401 dubio,
847 1338 891 1390 si
939 1338 1166 1391 alterius
1195 1339 1294 1390 viri
1328 1355 1446 1390 eam
1482 1339 1844 1390 decreverunt

218 1431 460 1485 thalamo
495 1448 659 1496 ;nam
699 1431 844 1484 illam
895 1431 1285 1484 desiderabant
1320 1431 1606 1500 perplures
1639 1445 1842 1502 genere

217 1534 270 1580 ct
304 1525 477 1580 forma
499 1526 759 1580 illustres.
794 1529 1132 1596 Quamquam
1180 1534 1364 1579 autem
1400 1525 1560 1580 nobis
1592 1524 1661 1576 sit
1690 1524 1842 1577 inco-

215 1619 454 1690 gnitum,
509 1635 672 1689 quem
722 1619 790 1672 de
847 1620 933 1671 his
986 1621 1004 1650 ³
1063 1618 1230 1671 velint
1289 1619 1493 1689 eligere
1552 1632 1841 1689 generum,

215 1707 645 1777 adimplebimus
698 1716 879 1761 tamen
939 1716 1176 1761 vestrum
1236 1715 1472 1767 votum;
1531 1712 1584 1759 et
1645 1704 1688 1756 si
1743 1702 1836 1756 Dei

217 1801 395 1853 aderit
445 1800 714 1860 voluntas,
796 1809 983 1853 nostra
1040 1799 1108 1852 de
1177 1805 1327 1868 parte
1387 1812 1493 1851 non
1554 1796 1832 1848 tardamus

219 1892 460 1960 nuptias,
483 1891 611 1961 quia
642 1891 967 1944 excellentia
991 1891 1152 1944 vestri
1187 1889 1409 1961 generis
1457 1887 1652 1941 crebro
1681 1887 1830 1941 inso-

219 1983 337 2036 nuit
368 1983 596 2036 auribus
628 1983 851 2046 nostris,
913 1992 965 2036 et
1013 1983 1115 2035 hoc
1157 1997 1265 2034 non
1326 1988 1409 2033 est
1460 1979 1682 2032 minima
1712 1995 1836 2047 pars

219 2073 460 2138 fubderis,
516 2075 662 2145 quod
705 2075 859 2144 ipse9
891 2074 956 2126 ad
1009 2089 1109 2128 nos
1179 2074 1280 2126 iter
1307 2070 1605 2125 direxistis.
1645 2091 1664 2117 ι
1703 2069 1839 2124 Haut

218 2191 389 2238 mora,
446 2175 785 2230 ornamentis
843 2176 1071 2228 honeste
1133 2175 1356 2244 paratis,
1416 2188 1537 2242 qua:
1597 2185 1838 2242 congrua

217 2275 374 2321 erant
400 2267 815 2338 desponsationi
848 2267 1099 2341 virginis,
1150 2265 1404 2337 sequenti
1434 2264 1521 2317 die
1553 2262 1838 2315 Heinricus

217 2373 405 2409 secum
434 2357 589 2411 duxit
613 2357 985 2410 venerabilem
1042 2355 1308 2426 virginem
1362 2355 1414 2406 in
1450 2360 1633 2422 partes
1663 2351 1836 2403 Saxo-

219 2451 340 2503 nize.
371 2451 520 2504 Tunc
545 2451 1062 2505 circumducebatur
1118 2465 1215 2518 per
1254 2447 1502 2501 civitates
1556 2445 1596 2478 ¹⁰
1627 2443 1835 2516 egregii

216 2548 600 2602 ducisOttonis
644 2564 675 2602 a
723 2548 923 2603 comite
968 2547 1278 2600 Thietmaro
1333 2552 1384 2598 et
1426 2544 1690 2598 militibus
1731 2558 1829 2597 ce-

216 2641 369 2706 teris,
434 2641 611 2694 douec
691 2641 745 2693 in
813 2640 1147 2694 \Valohusun
1236 2638 1340 2704 (24)
1418 2635 1832 2706 przeparabatur

216 2733 527 2787 convivium
560 2733 802 2802 nuptiale
835 2748 1032 2805 magno
1074 2732 1302 2790 honore,
1356 2730 1430 2784 uti
1463 2728 1649 2782 decuit
1684 2730 1826 2792 illos,

215 2825 305 2895 qui
333 2824 891 2894 posteaimperabant
949 2823 1205 2896 gentibus
1263 2821 1548 2891 plurimis;
1596 2821 1671 2874 ibi
1701 2837 1827 2890 per-

217 2929 539 2982 fruebantur
568 2927 864 2981 connubiis
895 2938 946 2980 et
972 2925 1119 2978 licito
1172 2924 1378 2979 foedere
1408 2925 1628 2978 amoris.
1668 2924 1834 2976 lleiu-

217 3021 363 3074 ricus
393 3027 574 3073 autem
604 3018 826 3073 tradidit
855 3020 958 3087 (:25,
1012 3018 1310 3072 venerabili
1343 3024 1524 3086 nupta?
1554 3015 1609 3069 in
1657 3015 1833 3068 'lotem

215 3128 381 3167 omne
412 3111 560 3181 quod
583 3111 775 3164 attinet
829 3111 894 3163 ad
955 3109 1185 3163 eandem
1218 3108 1514 3169 civitatem,
1551 3113 1700 3176 patre
1736 3120 1837 3160 suo

215 3201 622 3263 consentiente,
651 3209 704 3253 et
757 3200 875 3270 ipse
906 3199 1241 3253 venerabilis
1295 3197 1401 3250 dux
1435 3197 1554 3250 Otto
1577 3194 1840 3248 enutrivit

219 3309 340 3348 eam
364 3293 418 3346 in
452 3292 569 3346 vice
596 3291 721 3344 tilia:
752 3307 930 3362 usque
989 3290 1055 3343 ad
1089 3290 1300 3343 obitum
1332 3304 1444 3342 suae
1465 3288 1608 3341 vitae.
1643 3286 1840 3340 Tribus

219 3393 404 3439 autem
459 3384 620 3438 annis
673 3391 794 3454 post
837 3383 953 3436 haec
1016 3382 1322 3442 transactis,
1355 3381 1440 3434 vir
1488 3379 1838 3434 venerandus

213 3496 451 3543 mortem
484 3487 660 3540 subiit
689 3485 1047 3556 temporalem
1081 3487 1181 3556 (an
1225 3486 1368 3549 9l2).
1407 3491 1462 3538 et
1492 3483 1587 3537 Dei
1619 3482 1837 3537 ordina-

214 3578 366 3632 tione
401 3576 683 3630 Heinricus
711 3575 943 3629 ducatus
986 3575 1231 3645 percepit
1287 3574 1572 3627 honorem.
1625 3573 1834 3625 Ascen-

217 3668 354 3721 deus
383 3675 565 3720 autem
600 3666 828 3740 gradum
861 3665 1162 3738 dignitatis,
1227 3672 1428 3719 tantam
1475 3663 1834 3717 humilitatem

213 3758 512 3813 exhibebat
567 3758 825 3824 subditis,
878 3769 936 3812 ut
998 3757 1184 3821 etiam,
1240 3755 1286 3808 si
1350 3762 1535 3825 posset
1580 3753 1833 3820 evenire,

214 3860 535 3924 exoptarent
575 3853 752 3922 ipsum
778 3854 960 3926 regale
976 3853 1171 3906 solium
1201 3852 1312 3920 jam
1349 3851 1656 3920 possidere.

285 3958 337 4010 4.
373 3960 445 4010 De
473 3956 621 4010 obitu
652 3957 884 4011 Conradi’
943 3956 1102 4020 regis.
1138 3953 1356 4008 [nterim
1403 3953 1532 4006 dum
1567 3953 1682 4006 hzec
1704 3967 1838 4026 age-

220 4047 650 4111 rentur,invasit
681 4063 865 4120 regem
922 4045 1229 4101 Conradum
1283 4045 1526 4100 crudelis
1581 4045 1834 4118 languor,

220 4149 272 4194 et
327 4155 477 4193 mors
550 4140 888 4209 sequebatur
963 4138 1241 4194 crudelior
1321 4153 1430 4207 (an.
1491 4138 1636 4206 918).
1688 4137 1837 4194 Tunc

219 4229 550 4299 disponente
586 4229 699 4282 Deo
732 4229 996 4281 successit
1034 4227 1320 4282 Heinricus
1350 4227 1517 4299 regali
1541 4227 1681 4282 solio
1713 4228 1832 4297 (an.

218 4322 340 4387 9'19,
373 4323 493 4390 Apr
523 4321 536 4388 )
567 4338 581 4382 ;
611 4319 758 4373 bello
786 4335 882 4373 seu
919 4336 1051 4388 pace
1082 4319 1255 4385 fieret,
1299 4327 1380 4373 est
1410 4320 1699 4383 incertum,
1733 4319 1832 4374 sed

219 4419 430 4490 absque
491 4417 859 4488 dispositione
918 4419 1012 4472 Dei
1069 4434 1175 4472 non
1226 4419 1263 4453 “
1294 4419 1562 4473 accidisse
1603 4435 1711 4474 non
1754 4425 1838 4473 est

220 4509 609 4563 dubitandum.
649 4507 738 4561 His
782 4507 855 4560 ita
913 4508 1214 4578 dispositis,
1265 4508 1474 4564 Christo
1521 4509 1838 4578 adjuvante,

220 4608 387 4659 multa
419 4605 659 4659 exercuit
692 4604 837 4659 bona
867 4621 1036 4675 Opera
1085 4605 1331 4674 vigilanti
1374 4606 1680 4682 diligentia,
1710 4624 1834 4680 gra-

218 4698 320 4751 tias
349 4714 519 4768 agens
540 4695 650 4752 Deo
686 4698 927 4770 largitori
978 4700 1044 4752 de
1077 4699 1343 4773 dignitate
1377 4700 1567 4755 seculi.
1602 4701 1833 4771 lnopum

220 4796 271 4842 et
301 4789 591 4842 viduarum
611 4790 864 4860 apparuit
889 4791 1332 4860 promptissimus
1360 4791 1829 4848 consolator.Cum

218 4886 395 4933 autem
421 4879 618 4933 mirum
653 4879 707 4933 in
738 4879 960 4934 modum
1004 4880 1297 4951 proliceret
1362 4882 1617 4954 princeps
1640 4883 1830 4939 lauda-

1948 528 2310 598 perplurimas
2368 529 2617 584 nationes
2686 547 2786 585 suo
2859 533 3159 604 subjugans
3228 534 3559 600 dominatui,

1949 616 2144 681 Danos,
2187 619 2426 680 Sclavos,
2487 619 2808 683 Boemones,
2873 621 3220 687 Bajowarios.
3265 631 3561 694 ceteraque

1947 707 2362 775 quamplurima
2406 724 2592 777 regna,
2627 724 2746 778 quze
2802 709 2915 761 suis
2968 710 3414 765 antecessoribus
3448 729 3556 766 non

1946 793 2163 848 fuerant
2184 796 2420 850 subdita.

2026 883 2076 935 5.
2113 887 2184 936 De
2214 887 2469 951 religione
2490 887 2829 939 Mahlhildis.
2870 887 2959 939 llic
2979 887 3213 956 plurima
3244 888 3564 958 pra-termit-

1951 985 2138 1033 tuntur
2169 978 2235 1029 de
2273 976 2526 1029 laudibus
2553 976 2696 1047 regis
2718 976 2976 1041 lleinrici,
3000 979 3127 1048 quia
3153 979 3560 1048 properandum

1949 1068 2116 1124 estad
2136 1068 2299 1121 vitam
2348 1081 2641 1137 moresque
2691 1068 2917 1122 illustris
2972 1070 3176 1143 regina:
3227 1070 3561 1135 Malithildis,

1946 1159 2013 1210 de
2042 1155 2131 1209 dei
2163 1155 2214 1208 in
2240 1154 2383 1209 diem
2445 1154 2638 1208 Christi
2683 1156 2856 1228 gratia
2917 1158 2968 1210 in
3026 1159 3176 1211 omni
3224 1158 3370 1211 bono
3393 1173 3561 1228 opere

1949 1244 2312 1317 prolicientis,
2348 1250 2405 1296 ut
2443 1253 2674 1313 nepotes
2729 1243 2848 1311 ejus
2907 1253 2962 1299 et
3008 1246 3210 1316 posteri
3241 1247 3442 1300 totiens
3465 1247 3563 1299 ha-

1949 1341 2114 1393 beant
2140 1337 2402 1409 gaudium
2435 1337 2627 1401 animi,
2677 1337 2937 1406 quotiens
2995 1347 3102 1392 tam
3145 1348 3347 1393 sanctae
3375 1339 3563 1393 matris

1948 1433 2207 1484 meritum
2243 1428 2555 1482 invenerint
2584 1429 2878 1502 legendum
2913 1431 3104 1499 :cujus
3129 1433 3382 1501 probitati
3415 1449 3566 1488 com-

1948 1532 2171 1594 putatur
2201 1531 2254 1574 et
2279 1521 2510 1586 meritis,
2557 1521 2827 1591 quidquid
2874 1521 3068 1576 futurae
3102 1524 3279 1578 soboli
3321 1527 3566 1581 evenerit

1948 1615 2175 1670 honoris
2208 1630 2270 1666 ac
2300 1613 2597 1683 dignitatis.
2626 1612 2754 1666 (.um
2790 1613 2955 1686 igitur
2985 1615 3182 1686 regalis
3220 1616 3340 1670 solii
3369 1633 3564 1671 ascen-

1939 1707 2109 1760 disset
2148 1706 2377 1779 gradum
2430 1705 2762 1759 venerabilis
2807 1707 3014 1779 regina.
3069 1707 3294 1761 illustris
3324 1709 3560 1763 maritali

1938 1800 2183 1870 potentia
2228 1807 2281 1852 et
2341 1799 2608 1852 illustrior
2662 1799 2927 1870 religione
2969 1800 3172 1862 divina,
3228 1801 3279 1853 in
3309 1801 3552 1872 conjugii

1936 1890 2143 1943 findere
2173 1888 2430 1941 manebat
2463 1889 2679 1957 pudica,
2715 1897 2768 1942 et
2793 1897 2973 1942 tamen
2997 1889 3356 1943 nihilominus
3390 1891 3428 1922 ⁸³
3450 1892 3557 1968 {‘26)

1939 1983 2163 2038 carebat
2194 1983 2374 2052 palma
2413 1983 2665 2054 virginati
2719 1983 2963 2052 proxima
3007 1985 3067 2048 ‘3,
3127 1984 3428 2038 humilitate
3478 1986 3560 2041 sic

1944 2077 2176 2130 tendens
2216 2076 2281 2128 ad
2321 2075 2574 2147 gloriam,
2601 2083 2658 2129 ut
2687 2077 2832 2129 dono
2863 2075 2955 2128 Dei
3004 2077 3349 2145 postmodum
3380 2093 3557 2131 mere-

1942 2176 2090 2222 retur
2146 2167 2261 2220 fieri
2321 2166 2516 2220 allecta
2579 2165 2630 2219 in
2690 2166 2896 2219 caelesti
2958 2167 3150 2236 patria.
3196 2168 3324 2221 Nam
3350 2175 3557 2238 quanto

1941 2257 2045 2312 sibi
2078 2256 2379 2309 l"accessit
2436 2263 2678 2324 potestas
2727 2255 3037 2320 sublimior,
3083 2261 3231 2310 tanto
3282 2273 3338 2309 se
3373 2257 3558 2310 humi-

1941 2350 2089 2404 liavit
2120 2349 2408 2410 devotinr;
2443 2355 2519 2412 et,
2550 2347 2695 2416 quod
2721 2364 2943 2416 perraro
2991 2347 3193 2412 evenit,
3228 2347 3554 2421 dignitatem

1937 2442 2106 2495 seculi
2136 2441 2254 2494 sine
2286 2439 2547 2509 superbia
2597 2439 2862 2508 possedit.
2901 2441 2955 2492 In
3010 2440 3232 2509 publico
3285 2440 3555 2509 processit

1938 2539 2128 2587 ornata
2159 2531 2391 2603 gemmis
2436 2538 2490 2582 et
2533 2530 2731 2594 serico,
2782 2531 2880 2582 sed
2912 2530 3140 2583 interius
3187 2531 3557 2602 gerebatpre-

1933 2625 2126 2679 tiosius
2141 2631 2546 2688 ornamentum,
2577 2639 2672 2677 eor
2693 2623 3031 2693 acceptabile
3052 2625 3162 2678 Deo
3193 2641 3208 2689 ;
3240 2632 3555 2695 tantamque

1932 2714 2038 2766 sibi
2068 2712 2302 2766 subditis
2326 2712 2618 2766 exhibebat
2674 2713 3036 2766 humilitatem
3057 2713 3186 2765 etin
3221 2714 3337 2766 vice
3363 2713 3555 2767 matris
3601 2723 3604 2726 ’

1932 2808 2242 2870 caritatem,
2268 2806 2595 2860 utomnibus
2638 2811 2782 2857 esset
2818 2803 2987 2858 amori
3020 2803 3223 2871 pariter
3245 2811 3298 2856 et
3335 2804 3556 2858 honori.

1938 2902 2122 2956 Noctis
2152 2916 2372 2972 quoque
2401 2908 2644 2968 tempore
2668 2915 2789 2951 sese
2807 2898 3019 2951 alatere
3045 2898 3190 2968 regis
3217 2897 3411 2951 furtive
3430 2898 3563 2952 sub-

1943 2993 2123 3054 traxit,
2166 2991 2321 3062 quasi
2346 2990 2466 3059 ipso
2492 2989 2770 3058 ignorante
2790 2988 3108 3058 relinquens
3130 2988 3369 3059 regalem
3394 2989 3564 3042 thala-

1941 3100 2090 3137 mum
2121 3085 2181 3146 ³⁵,
2207 3084 2442 3138 orationi
2473 3083 2791 3137 intendebat
2812 3081 3079 3146 animum,
3111 3089 3169 3134 ut
3191 3080 3295 3133 sibi
3321 3080 3564 3135 reconci-

1863 3146 1911 3212 θ
1941 3172 2098 3225 liaret
2124 3172 2316 3235 Deum,
2339 3188 2500 3242 quem
2520 3171 2945 3243 diligebatcasto
2963 3185 3150 3224 amore
3173 3177 3226 3223 et
3249 3170 3333 3222 cui
3353 3170 3559 3224 servie-

1941 3264 2034 3317 bat
2065 3263 2279 3334 integra
2293 3263 2418 3316 fide.
2442 3264 2571 3326 Quis
2586 3264 2745 3317 etiam
2775 3261 3013 3325 dubitet,
3041 3269 3098 3314 ut
3121 3277 3248 3334 rege
3274 3260 3562 3316 nesciente

1939 3350 2114 3405 electa
2143 3350 2339 3404 Christi
2373 3349 2574 3404 famula
2605 3351 2732 3404 talia
2774 3356 2956 3420 posset
2975 3350 3320 3422 agereﬂpse
3352 3350 3559 3403 etenim

1938 3444 2084 3497 bene
2119 3441 2482 3513 intelligebat,
2517 3443 2614 3497 sed
2669 3442 2824 3513 quasi
2867 3458 2927 3495 se
2971 3442 3185 3496 nescire
3243 3441 3562 3505 simulabat,

1938 3536 2066 3606 quia
2085 3534 2353 3589 veraciter
2389 3544 2614 3588 noverat
2661 3543 2857 3590 cuncta
2915 3537 3034 3600 ejus
3064 3551 3232 3604 Opera
3267 3535 3414 3590 bona
3445 3535 3560 3589 exi-

1939 3634 2082 3679 stere
2113 3635 2167 3678 et
2191 3625 2438 3695 utrisque
2468 3625 2750 3694 prodesse.
2791 3626 2957 3698 Igitur
2984 3624 3168 3680 faciles
3212 3624 3286 3677 illi
3316 3640 3558 3679 consen-

1938 3733 2030 3770 sus
2057 3716 2289 3786 przebuit
2311 3716 2373 3768 ad
2404 3716 2588 3769 omnia
2619 3734 2742 3787 quae
2774 3717 3104 3770 desideravit
3136 3734 3149 3780 ;
3185 3733 3307 3770 nam
3337 3733 3437 3770 sua
3460 3733 3558 3772 vo-

1940 3813 2117 3865 luntas
2147 3826 2176 3862 a
2227 3810 2335 3862 Deo
2384 3809 2708 3879 incipiebat.
2755 3819 2808 3864 et
2842 3812 2895 3864 in
2954 3812 3062 3864 Deo
3093 3820 3273 3879 coepta
3304 3809 3549 3864 finiebat.

1939 3900 2210 3971 Quicquid
2245 3898 2482 3952 mundus
2507 3899 2834 3953 delectabile
2858 3901 3069 3962 habuit,
3087 3915 3228 3970 pene
3252 3908 3426 3953 totum
3457 3915 3557 3970 pro

1940 4006 2126 4046 amore
2153 3988 2348 4043 Christi
2373 3988 2722 4058 contempsit.
2781 3989 3000 4042 Divitias
3049 4004 3158 4043 non
3216 3987 3553 4058 concupivit,

1941 4087 2316 4152 paupertatem
2341 4095 2450 4134 non
2473 4078 2654 4133 timuit
2687 4095 2700 4141 ;
2734 4078 2856 4145 ejus
2912 4095 3110 4132 manus
3155 4093 3372 4150 semper
3403 4078 3557 4151 larga

1939 4172 2408 4242 fuitpauperibus,
2444 4178 2498 4224 et
2527 4170 2594 4223 ab
2649 4169 2956 4223 elemosina
2988 4171 3270 4243 eroganda
3328 4183 3449 4222 raro
3469 4168 3559 4222 in-

1939 4266 2262 4321 veniebatur
2281 4279 2466 4317 vacua.
2526 4261 2830 4332 Numquam
2886 4261 3010 4332 quis
3030 4262 3098 4315 ad
3141 4261 3290 4316 illam
3326 4259 3560 4315 accessit

1937 4354 2153 4419 dolens,
2185 4354 2277 4424 qui
2309 4369 2418 4409 non
2437 4353 2614 4407 abiret
2675 4352 2943 4426 gaudens,
2969 4359 3022 4405 et
3055 4352 3182 4422 quis
3219 4352 3365 4405 illam
3382 4367 3556 4422 egens

1866 4446 2090 4536 Dadiit,
2132 4445 2444 4514 impetravit
2468 4443 2613 4513 quod
2669 4441 2857 4496 voluit.
2893 4441 2986 4493 Sin
3019 4451 3200 4494 autem
3234 4440 3550 4536 quempiam

1944 4533 2414 4604 intellexitaliqua
2462 4534 2511 4586 vi
2545 4530 2804 4602 opprimi,
2851 4539 2943 4583 aut
2993 4545 3090 4598 pro
3121 4530 3330 4582 scelere
3366 4527 3554 4581 crimi-

1939 4625 2024 4680 nis
2059 4641 2277 4679 carcere
2308 4623 2536 4688 ineludi,
2591 4637 2687 4676 seu
2721 4619 2972 4690 p0pulari
3015 4618 3269 4672 examine
3298 4617 3550 4687 deputari

1939 4713 2118 4779 morti,
2162 4713 2297 4766 nihil
2331 4712 2518 4765 habuit
2556 4708 2861 4771 hilaritatis,
2907 4714 3202 4776 antequam
3234 4705 3553 4760 reconcilia-

1934 4808 2500 4864 vitexacerbationem
2535 4806 2678 4878 regis
2759 4803 2813 4856 Si
2863 4802 3084 4874 quando
3119 4801 3394 4855 abscessit
3438 4816 3548 4854 non

1933 4903 2210 4969 exaudita,
2243 4902 2291 4956 id
2321 4908 2649 4972 provocante
2676 4896 2881 4970 vulgari
2912 4896 2952 4929 ιθ
2990 4893 3288 4960 sententia,
3341 4909 3435 4946 rex
3460 4908 3549 4946 se-

1567 5037 1784 5092 VARME
1819 5039 2193 5094 LECTIONES.

292 5130 312 5205 ξ’
343 5131 450 5183 hiis
485 5133 534 5184 1.
564 5135 889 5205 constanter.
922 5135 942 5165 υ
983 5136 1060 5186 ita
1089 5134 1138 5186 1.
1173 5139 1221 5186 et
1251 5137 1301 5186 3.
1347 5136 1404 5205 in
1444 5148 1548 5202 quo
1574 5139 1751 5188 tamen
1803 5153 1908 5190 νοω
1949 5141 2138 5205 postea.
2181 5151 2337 5190 erasa
2392 5139 2440 5188 et
2470 5133 2576 5204 ipsi
2633 5133 2892 5205 scriptun;
2937 5125 3107 5205 ρει..ξο
3142 5125 3225 5204 βία
3263 5121 3314 5176 3.
3349 5121 3544 5205 ciuitas

225 5201 442 5279 (absque
470 5205 584 5271 per)
613 5203 658 5254 l.
696 5203 732 5235 “
763 5211 939 5279 potem
982 5207 1206 5279 ius-emi.
1281 5192 1741 5279 12nigeliilonimus
1792 5209 1840 5261 1.
1896 5192 2066 5261 “Vite
2129 5209 2427 5274 distinguo,
2459 5192 2567 5279 fed.
2621 5192 2756 5274 post.
2801 5200 2996 5279 palma.
3046 5196 3086 5230 ¹⁴
3135 5192 3538 5279 imperiti???-

230 5272 268 5303 ¹⁵
291 5280 344 5326 et
375 5272 623 5346 ingressa
662 5274 953 5346 ecclesiam
1009 5275 1210 5345 palatio
1268 5276 1570 5346 proximam
1628 5277 1983 5332 Ekkelmrdus
2041 5279 2126 5332 hic
2181 5272 2594 5345 legis'sevidetur
2622 5272 2700 5330 ita
2728 5274 2992 5330 scribens:
3019 5281 3169 5339 quas:
3215 5277 3336 5332 ipso
3366 5276 3540 5315 insero

225 5344 479 5408 surrexit,
513 5351 566 5398 et
586 5345 877 5399 ecclesiam
910 5344 1113 5416 palatio
1149 5344 1448 5418 proximam
1484 5347 1748 5420 ingressa.
1789 5350 1830 5382 ¹⁶
1862 5349 1916 5403 id
1945 5349 2185 5404 dictante
2218 5344 2469 5418 pOpulari
2496 5349 2550 5403 2.

1776 5448 1983 5502 ΝΟΤΛΕ.

294 5532 397 5612 (ξι)
427 5533 757 5612 \Valhausen
786 5538 837 5592 in
870 5540 1172 5612 Thuringia
1202 5541 1268 5596 ad
1300 5542 1540 5597 Helmam
1593 5557 1763 5612 prope

229 5600 386 5680 Rosia
407 5612 461 5658 et
482 5606 955 5680 Sangershausen.

293 5675 402 5742 (25)
441 5677 512 5731 cf.
543 5675 783 5736 clfartam
814 5683 1053 5738 Heinrici
1084 5683 1102 5736 ι
1136 5684 1282 5756 regis
1313 5685 1365 5738 d.
1408 5685 1476 5739 16
1507 5684 1658 5754 Sept.

1874 5560 1922 5599 a.
1955 5544 2079 5598 919.

1939 5616 2046 5685 (26)
2080 5617 2118 5668 ἱ.
2145 5630 2187 5666 c.
2221 5612 2469 5668 minime.
