3972 6208
407 294 509 348 895

1477 293 1746 347 SANCTJE
1786 295 2140 349 MATHILDIS
2182 294 2444 349 REGINIE
2484 294 2630 347 VITA

3646 291 3774 346 896

404 451 527 489 cum
551 437 747 491 tacitus
768 436 1057 509 ingemuit,
1101 435 1249 506 quod
1301 435 1543 505 petentis
1572 444 1754 490 votum
1779 451 1888 489 non
1914 436 2019 489 im-
2046 447 2091 510 Α
2120 452 2291 500 mum,
2324 434 2453 506 quia
2481 434 2535 489 in
2570 434 2705 505 ipsis
2736 432 2987 506 regnavit
3019 431 3243 487 castitas
3281 431 3616 505 conjugalis,
3649 447 3775 486 nec

405 526 609 594 plendo
640 528 998 597 perturbavit,
1040 535 1093 580 et
1122 543 1268 596 saepe
1316 543 1575 600 egressus
1632 527 1673 559 ³⁷
1728 527 2015 599 ajudicio,

405 619 558 688 quasi
612 619 782 688 ipsam
834 619 1149 685 mulcendo,
1176 618 1396 673 arbitris
1419 619 1642 691 reliquit
1673 620 2017 675 discutienda

403 723 638 777 quaeque
670 709 884 763 fuerant
914 708 1165 780 legaliter
1187 708 1506 778 punienda;
1540 718 1593 762 et
1623 709 1910 764 ecclesiam
1940 710 2018 763 in-

400 819 620 873 gressus
645 820 742 858 seu
774 804 960 872 aliquo
1001 805 1145 858 bono
1185 820 1354 874 Opere
1381 804 1654 866 detentus,
1686 805 1819 858 illud
1850 821 2019 858 evan-

398 894 631 967 gelicum
665 895 877 950 solicita
916 904 1099 950 mente
1158 896 1498 967 adimplevit,
1530 897 1679 967 quod
1705 896 1897 951 Christi
1934 896 2014 951 fa-

399 985 543 1038 mula
573 986 687 1039 suis
707 986 935 1040 auribus
964 986 1156 1042 sedulo
1185 986 1383 1042 infudit
1408 1006 1419 1041 :
1455 1009 1483 1038 α
1517 988 1693 1043 Nolite
1735 988 2007 1057 judicare,

399 1080 456 1127 ut
487 1089 593 1129 non
622 1076 949 1143 judicemini
977 1077 1190 1147 ;iuquo
1222 1077 1368 1132 enim
1393 1075 2008 1145 judioiojudicaveritis,

391 1168 799 1237 judicabimini.
833 1179 888 1223 et
916 1171 968 1224 in
1003 1187 1110 1241 qua
1151 1187 1409 1225 mensura
1439 1170 1614 1225 mensi
1654 1169 1885 1237 fueritis,
1918 1185 2009 1225 re-

397 1261 655 1314 metietur
680 1262 838 1316 vobis
878 1270 890 1331 (
926 1264 1117 1317 Matth.
1152 1280 1244 1328 vu,
1279 1264 1330 1327 1,
1362 1264 1412 1330 2)
1461 1287 1485 1307 ιο

463 1363 515 1416 6.
544 1368 614 1417 De
646 1369 1012 1433 procreatione
1052 1368 1336 1420 liberorum
1356 1382 1591 1420 suorum.
1641 1366 1784 1419 Deus
1828 1374 2007 1419 autem

394 1452 768 1522 omnipotens,
796 1456 899 1508 sibi
929 1456 1233 1510 servientes
1259 1473 1556 1527 numquam
1589 1456 2004 1527 derelinqtfens,

394 1542 1111 1613 clementerinspexitbona
1128 1562 1294 1616 opera
1327 1548 1472 1618 regis
1510 1546 1745 1601 Heinrici
1778 1554 1832 1601 et
1872 1548 2003 1602 bea-

393 1632 614 1686 tissimae
649 1632 978 1702 Malithildis,
1001 1638 1696 1709 atqueillismultiplicavit
1724 1640 2006 1694 excellen-

400 1722 524 1774 tiam
555 1722 912 1778 nobilissimaa
968 1726 1153 1795 prolis.
1218 1727 1412 1781 Beatus
1452 1728 1613 1782 etiam
1669 1740 1878 1799 partus,
1911 1731 2004 1802 qui
2038 1752 2086 1818 Β

399 1811 453 1863 in
496 1819 727 1883 utroque
759 1828 890 1866 sexu
915 1815 1114 1869 enituit
1164 1816 1587 1885 pulcherrimus,
1633 1836 1733 1873 nec
1764 1820 2008 1889 particu-

397 1911 543 1964 latim
571 1914 1083 1983 comprehenditur,
1140 1932 1241 1970 nec
1301 1917 1519 1986 penitus
1558 1919 1836 1973 reticetur.
1888 1920 2011 1974 Otto

400 2004 714 2073 preeclarus,
744 2014 871 2060 ante
894 2008 1132 2079 regalem
1157 2008 1481 2079 dignitatem
1507 2019 1849 2080 procreatus,
1883 2020 2012 2066 natu

399 2097 571 2152 fuerat
594 2101 882 2164 maximus,
915 2101 1088 2156 forma
1138 2103 1371 2175 insignis
1405 2112 1458 2157 et
1487 2103 1735 2158 moribus
1765 2104 2008 2161 illustris.

400 2196 685 2250 lleinricus
707 2206 911 2264 autem,
960 2199 1013 2253 in
1050 2200 1217 2273 regali
1273 2201 1412 2256 solio
1460 2210 1639 2265 natus,
1672 2203 1861 2271 junior
1910 2203 2013 2259 fuit

394 2291 576 2358 annis,
599 2292 694 2346 sed
716 2294 858 2347 haud
909 2293 1137 2349 inferior
1182 2297 1506 2351 excellentia
1534 2298 1843 2367 probitatis.
1880 2299 2013 2354 Huic

398 2380 652 2433 nimirum
686 2388 835 2435 tanta
866 2382 1039 2436 inerat
1083 2383 1453 2452 pulchritudo,
1490 2393 1549 2440 ut
1594 2395 1724 2440 tunc
1750 2388 2014 2457 temporis

399 2482 480 2534 vix
501 2490 688 2551 posset
716 2483 881 2538 alicui
905 2486 1210 2555 comparari
1265 2488 1398 2543 viro.
1434 2488 1707 2543 lndustria
1742 2490 2008 2556 “,armis,

401 2577 547 2628 vultu
584 2576 623 2609 ιο
649 2576 788 2645 patri
841 2576 1017 2632 fuerat
1062 2579 1405 2640 consimilis;
1441 2581 1495 2634 in
1522 2582 1671 2636 omni
1701 2590 1887 2637 autem
1918 2590 2011 2637 to-

403 2667 632 2721 lerantia
657 2668 1000 2723 adversitatis
1026 2680 1182 2725 caute
1223 2674 1551 2728 observabat
1584 2677 1812 2747 vestigia
1847 2677 2011 2730 incli-

405 2766 469 2811 UP
503 2761 880 2832 genitricis,et
914 2771 1137 2835 propter
1170 2766 1286 2819 haec
1304 2768 1622 2835 specialiter
1638 2768 1874 2823 dilectus
1889 2783 2016 2823 san-

404 2852 661 2920 ctaalDei;
696 2854 851 2923 quasi
898 2864 1047 2910 esset
1095 2858 1290 2911 unicus
1338 2858 1505 2925 illius,
1544 2860 1847 2915 confovens
1890 2878 2017 2916 eum

399 2940 659 2995 omnibus
690 2942 926 3008 deliciis,
973 2946 1171 2998 ceteris
1203 2945 1256 2998 in
1315 2963 1502 3001 amore
1557 2950 2018 3019 praeposuitfiliis,

402 3037 565 3100 atque
593 3032 930 3088 desideravit
954 3035 1129 3105 ipsum
1164 3053 1334 3112 regno
1356 3038 1519 3109 potiri
1543 3048 1665 3110 post
1689 3041 1898 3097 obitum
1934 3042 2021 3096 in-

402 3122 516 3177 cliti
546 3124 690 3198 regis
720 3124 984 3190 Heinrici,
1025 3128 1069 3181 si
1129 3130 1398 3199 permissu
1455 3132 1549 3187 Dei
1584 3133 1838 3189 voluntas
1868 3134 2017 3190 illius

405 3218 590 3280 posset
628 3212 1093 3285 adimpleri.llinc
1113 3219 1277 3274 etiam
1308 3221 1640 3293 venitpuero
1663 3224 1835 3294 prima
1864 3224 2018 3279 labes

402 3304 550 3369 mali,
579 3310 633 3360 et
658 3305 729 3360 ob
764 3306 868 3363 hoc
898 3307 1018 3363 Otto
1046 3314 1305 3386 egregius
1330 3321 1519 3369 contra
1547 3315 1771 3371 fratrem
1797 3334 2017 3386 parum-

404 3409 501 3462 per
524 3401 605 3448 est
635 3403 961 3462 commotus,
1025 3400 1228 3472 talique
1259 3404 1424 3459 modo
1465 3405 1610 3460 inter
1634 3406 1784 3477 ipsos
1801 3424 2015 3463 cresce-

403 3486 739 3552 batlinvidia
772 3498 826 3544 et
859 3491 924 3545 lis
950 3492 1190 3547 assidua.
1248 3495 1428 3551 Bruno
1476 3513 1629 3565 vero,
1663 3507 1821 3553 astate
1854 3500 2017 3555 mini-

402 3590 542 3642 mus,
577 3577 675 3630 sed
706 3578 993 3635 honestate
1034 3596 1248 3637 morum
1303 3584 1449 3639 haud
1496 3586 1739 3654 infimus,
1770 3589 1824 3643 in
1860 3591 2021 3645 annis

403 3668 707 3736 puerilibus
734 3670 1038 3727 scolastica;
1069 3674 1293 3730 deditus
1322 3692 1592 3744 censum,
1623 3679 1812 3735 divino
1847 3680 2020 3736 famu-

403 3758 529 3811 latui
558 3759 847 3817 insudabat
900 3763 991 3818 die
1019 3772 1202 3820 tenus.
1260 3767 1369 3822 Sed
1401 3770 1550 3823 enim
1584 3770 1818 3844 insignis
1846 3771 2020 3844 gloria

404 3859 688 3921 parentum
712 3854 782 3908 de
808 3852 936 3910 filiis
961 3856 1073 3923 jam
1116 3858 1377 3928 prohibet
1417 3861 1780 3931 prolixitatem
1812 3880 2023 3920 sermo-

404 3948 704 4016 num,quia
744 3950 1100 4003 remeandum
1158 3958 1241 4005 est
1269 3952 1337 4006 ad
1384 3953 1551 4008 vitam
1605 3954 1842 4011 Heinrici
1876 3960 2023 4029 regis

400 4039 454 4084 et
480 4031 812 4089 beatissime
844 4037 1048 4111 reginas
1103 4039 1431 4096 Mahthildis.
1483 4043 1719 4108 Quorum
1776 4048 2021 4117 probitas

398 4135 710 4188 enumerari
744 4151 853 4190 non
882 4146 1080 4207 potest,
1112 4140 1256 4196 sicut
1308 4142 1536 4218 dignum
1564 4152 1665 4199 est.
1701 4148 1872 4204 Ambo
1894 4146 2017 4204 fue-

401 4235 522 4282 rant
548 4227 834 4287 fortunati.
867 4238 919 4283 et
952 4232 1144 4287 merito
1173 4233 1337 4288 laude
1363 4244 1492 4292 sunt
1517 4239 1669 4313 digni
1705 4258 1867 4306 ;nam
1901 4243 2021 4297 illo-

407 4335 528 4372 rum
559 4328 937 4389 promeruerat
960 4321 1133 4375 virtus
1154 4323 1423 4396 quidquid
1446 4326 1577 4383 boni
1596 4345 1744 4384 nunc
1778 4332 2026 4403 resplen-

2120 531 2300 578 tamen
2333 521 2509 577 defuit
2538 521 2879 576 continentia
2920 520 3233 575 laudabilis.
3288 521 3344 574 In
3397 520 3614 575 cunctis
3644 536 3768 576 eo-

2122 627 2237 665 rum
2267 611 2482 667 actibus
2546 610 2884 681 resplenduil
2954 610 3240 664 modestiae
3292 609 3467 664 virtus
3501 627 3515 673 ;
3546 610 3763 663 merito

2118 699 2341 754 fuerunt
2368 708 2610 755 rectores
2642 700 2796 770 regni
2831 699 3027 753 talibus
3078 715 3108 752 a
3147 700 3259 753 Deo
3291 698 3590 753 virtutibus
3624 714 3763 752 mu-

2120 791 2314 846 nerati.
2361 792 2505 845 Beati
2562 790 2829 855 exictunt,
2874 796 2927 844 et
2977 797 3195 844 azterme
3273 790 3591 844 heatudinis
3652 805 3760 843 re-

2118 883 2306 954 quiem
2341 882 2747 954 possidebunt;
2783 898 2881 953 pro
2904 882 3109 953 quibus
3130 881 3266 952 ipsa)
3300 882 3621 936 clemosinaa
3652 897 3763 935 ex-

2112 981 2290 1041 orant,
2332 991 2469 1047 quas
2526 976 2675 1048 larga
2732 991 2899 1028 manu
2956 973 3336 1047 indigentibus
3390 972 3757 1039 tribuebant,

2113 1067 2377 1137 quamdiu
2438 1068 2494 1120 in
2555 1066 2769 1121 mortali
2834 1066 2940 1120 vita
2994 1066 3313 1120 manebant.
3350 1064 3490 1130 Quid
3525 1066 3691 1136 plura
3725 1065 3764 1118 ἲ

2116 1160 2328 1221 Quanto
2383 1157 2765 1212 sublimiorem
2828 1157 3196 1212 ascenderant
3262 1156 3551 1229 dignitatis
3616 1173 3758 1230 gra-

2114 1248 2265 1314 dum,
2304 1256 2453 1304 tanto
2482 1249 2824 1304 devotiorem
2883 1249 3094 1303 Christo
3129 1246 3533 1319 impendebant
3561 1248 3753 1302 famu-

2114 1338 2302 1393 latum.

2180 1429 2230 1481 7.
2258 1434 2326 1483 De
2356 1432 2644 1484 intentione
2682 1436 3010 1486 monasteth
3059 1433 3426 1487 construendi.
3462 1432 3596 1486 Cum
3627 1448 3741 1487 an-

2112 1525 2219 1571 tem
2251 1517 2611 1587 persisterent
2669 1535 2865 1593 magna
2922 1522 3288 1591 prosperitate
3343 1521 3515 1592 pacis,
3549 1522 3746 1576 omni-

2109 1605 2347 1675 potentis
2389 1605 2480 1659 Dei
2545 1606 2905 1677 inspiratione
2958 1608 3353 1663 desiderabant
3397 1608 3751 1663 monasteria

2111 1706 2448 1760 construere,
2483 1708 2534 1751 et
2567 1698 2967 1752 adminiculum
3021 1700 3269 1770 praebere
3313 1700 3425 1755 illic
3478 1717 3733 1756 commo-

2115 1789 2360 1843 rantihus
2414 1791 2481 1843 de
2525 1791 2692 1865 regiis
2740 1790 3113 1859 facultatibus,
3176 1799 3452 1863 quatenus
3480 1793 3565 1847 sui
3611 1808 3748 1848 suo-

2114 1897 2347 1952 rumque
2362 1890 2575 1951 patrum
2608 1883 2693 1936 vel
2717 1894 2980 1953 nepotum
3011 1885 3279 1939 memoria
3298 1884 3507 1939 ibidem
3544 1902 3746 1957 perpe-

2114 1974 2207 2027 tim
2242 1974 2540 2028 haberetur
2588 1975 2919 2029 firmissima.
2958 1976 3132 2049 Igitur
3184 1976 3553 2031 tractantibus
3606 1978 3742 2031 tanti

2119 2063 2300 2131 Operis
2330 2062 2745 2117 fundamentum
2780 2079 3021 2135 quonam
3047 2072 3317 2135 ponerent
3350 2066 3492 2129 loco,
3536 2066 3743 2136 princi-

2116 2153 2276 2224 pibus
2311 2154 2499 2223 pepuli
2531 2154 2585 2207 in
2622 2170 2789 2208 unum
2822 2155 3140 2210 convocatis
3160 2165 3269 2210 'an.
3302 2156 3456 2226 935),
3492 2157 3741 2227 postula-

2115 2246 2242 2300 bant
2274 2246 2377 2299 sihi
2408 2246 2699 2300 consilium
2731 2247 2869 2313 dari,
2914 2248 2967 2301 in
3015 2264 3124 2318 qua
3165 2255 3315 2317 parte
3347 2248 3597 2322 regionis
3626 2250 3744 2303 bare

2112 2336 2372 2391 decenter
2419 2338 2641 2407 possent
2699 2339 3006 2409 adimpleri.
3065 2339 3141 2391 Ad
3194 2339 3310 2392 haec
3341 2339 3628 2409 principes
3658 2356 3746 2393 re-

2112 2430 2476 2500 sponderunt,
2539 2431 2792 2485 dicentes
2828 2449 2840 2484 :
2884 2432 3029 2485 intra
3075 2431 3519 2486 Winithehusum
3550 2432 3596 2465 ²⁰
3624 2433 3747 2486 exi-
3794 2429 3805 2435 ’

2112 2532 2257 2575 stere
2315 2523 2764 2577 sanctimoniales
2819 2524 3054 2595 regulari
3111 2524 3405 2595 disciplina
3459 2533 3745 2589 carentes,

2115 2628 2237 2683 quas
2270 2627 2378 2667 non
2413 2620 2640 2683 pessent
2668 2613 2777 2666 illic
2807 2613 3018 2667 diutius
3043 2613 3339 2681 demorari,
3375 2613 3429 2667 ni
3459 2622 3751 2669 sustenta-

2118 2708 2308 2756 rentur
2355 2703 2706 2772 adjuvamine
2763 2704 2933 2778 regali
2968 2722 2985 2767 ;
3041 2711 3095 2757 et
3124 2703 3417 2759 consilium
3449 2704 3661 2760 dabant
3691 2705 3746 2759 in

2124 2790 2607 2865 Quintilingoburc
2636 2792 2941 2847 transferri.
2966 2792 3105 2866 Ergo
3122 2792 3394 2848 ambobus
3406 2793 3515 2848 hoc
3538 2793 3749 2863 placuit

2124 2883 2440 2949 consilium,
2472 2893 2527 2937 et
2576 2899 2633 2937 se
2664 2884 3061 2954 conspirabant
3092 2884 3463 2955 implendum.
3499 2886 3747 2940 Postheec

2127 2995 2217 3032 rex
2253 2977 2538 3031 Heinricus
2567 2978 2703 3032 adiit
2744 2980 3078 3044 llattelthun,
3111 2995 3220 3051 quo
3251 2980 3563 3051 saepissime
3590 2997 3750 3035 exer-

2044 3056 2093 3123 C
2121 3070 2233 3125 cuit
2263 3076 2541 3124 venatum.
2570 3071 2648 3124 lbi
2680 3072 2869 3141 paucis
2892 3072 3088 3127 diebus
3112 3073 3451 3144 interpositis
3480 3073 3754 3147 languore

2116 3170 2424 3232 correptus,
2483 3163 2533 3216 vi
2597 3162 2831 3217 febrium
2884 3164 3143 3219 nimirum
3192 3164 3481 3227 laboravit,
3514 3167 3615 3220 sed
3654 3182 3754 3237 pa-

2118 3268 2341 3322 rumper
2371 3253 2563 3308 sedato
2619 3253 2951 3309 infirmitatis
2978 3256 3192 3319 dolore,
3242 3257 3373 3311 inde
3432 3257 3502 3310 ad
3548 3258 3754 3328 Erpes-

2118 3350 2238 3397 vort
2270 3343 2309 3377 ²¹
2347 3343 2451 3398 iter
2478 3344 2696 3411 direxit,
2755 3344 2946 3416 ibique
3002 3354 3229 3401 cunctos
3278 3346 3563 3418 principes
3592 3347 3754 3420 regni

2118 3438 2418 3492 convenire
2476 3440 2760 3509 praecepit,
2812 3448 2870 3493 ut
2920 3456 2981 3494 se
3033 3440 3267 3495 invicem
3309 3440 3751 3507 coadunarent;

2120 3545 2285 3598 quem
2308 3544 2535 3584 suorum
2564 3529 2800 3585 filiorum
2844 3532 3028 3602 regale
3075 3532 3272 3586 solium
3326 3532 3620 3602 possidere
3653 3533 3757 3588 eli-

2120 3623 2316 3686 gerent
2357 3616 2471 3685 (απ.
2531 3616 2679 3686 936).
2740 3618 2901 3673 Venit
2955 3626 3011 3672 et
3058 3618 3309 3674 Diemoth
3361 3620 3406 3652 ²²
3462 3619 3754 3675 abbatissa

2122 3707 2706 3763 Winethehusinensis
2746 3710 2811 3774 ’³,
2843 3718 3071 3764 evocata
3125 3718 3403 3781 praecepto
3460 3711 3633 3781 regis.
3694 3712 3753 3765 Et

2123 3799 2324 3870 prioris
2354 3800 2499 3854 haud
2532 3800 2822 3855 immemor
2870 3800 3131 3855 desiderii
3193 3800 3529 3871 postulabat,
3555 3813 3614 3856 ut
3642 3804 3750 3858 sibi

2120 3894 2371 3949 subditas
2384 3894 2833 3949 sanctimoniales
2856 3895 2910 3948 in
2946 3895 3387 3969 Quitilingoburc
3408 3897 3754 3953 consentiret

2122 3982 2407 4054 transponi
2430 3997 2443 4047 ;
2470 3999 2591 4053 qua:
2625 3982 2945 4053 petitionem
2976 3983 3119 4057 regis
3138 3991 3418 4055 gratanter
3438 3986 3747 4057 accipiens,

2123 4073 2360 4125 libenter
2389 4071 2443 4125 id
2472 4071 2687 4125 annuit.

2190 4160 2241 4213 8.
2271 4164 2345 4215 De
2382 4161 2532 4214 obitu
2582 4162 2826 4214 Heinrici
2848 4161 3008 4228 regis.
3063 4160 3155 4214 llis
3178 4160 3250 4215 ita
3289 4161 3602 4233 dispositis,
3658 4182 3751 4220 rex

2125 4247 2415 4302 Heinricus
2447 4247 2687 4317 perrexit
2723 4248 2790 4300 ad
2815 4247 3085 4304 lmilebun
3107 4249 3173 4314 2‘,
3206 4264 3392 4303 secum
3419 4252 3748 4307 comitanti-

2129 4336 2231 4390 bus
2271 4336 2480 4407 paucis.
2516 4335 2633 4411 lllic
2676 4338 2872 4390 iterata
2902 4346 2985 4392 est
3044 4336 3162 4405 ejus
3210 4337 3527 4404 inﬁrmitas,
3556 4351 3750 4395 etnon

412 4410 507 4467 det
548 4414 600 4467 in
633 4415 942 4509 nepotibus.
989 4417 1028 4471 0
1058 4417 1225 4484 beati,
1257 4420 1349 4491 qui
1392 4437 1501 4476 non
1519 4425 1695 4478 solum
1716 4424 1933 4481 fuerant
1966 4428 2019 4483 in
2045 4442 2098 4509 ῃ
2128 4431 2299 4486 multo
2332 4440 2455 4502 post
2484 4410 2820 4503 sequebatur
2836 4431 3028 4486 mortis
3054 4432 3466 4502 asperitas(Jul.
3500 4435 3577 4503 2).
3617 4434 3749 4491 Cum

404 4519 565 4558 carne
593 4505 906 4570 eoadunati,
954 4509 1051 4562 sed
1092 4510 1149 4563 in
1189 4512 1373 4568 animo
1422 4530 1535 4569 uno
1597 4523 1651 4570 et
1691 4517 1888 4587 spiritu
1953 4521 2020 4573 ad

403 4607 567 4647 omne
588 4610 731 4664 opus
762 4594 968 4650 bonum
1027 4601 1265 4670 prompti
1298 4600 1309 4654 l
1353 4602 1531 4656 Inerat
1559 4604 1667 4658 illis
1699 4623 1841 4661 unus
1868 4623 2022 4663 amor

401 4679 455 4733 in
489 4680 721 4747 Christo,
754 4698 912 4753 aequa
968 4687 1297 4743 coadunatio
1337 4689 1391 4743 in
1452 4691 1622 4759 bono,
1656 4693 1765 4749 Deo
1796 4696 2021 4766 placens

400 4769 673 4836 voluntas,
705 4779 760 4825 et
790 4780 939 4828 recta
983 4777 1286 4849 peragendi
1343 4777 1589 4846 facultas,
1650 4799 1748 4852 par
1795 4785 2018 4841 dilectio

402 4871 454 4925 in
484 4874 785 4942 proximos,
814 4878 1043 4946 aequalis
1070 4880 1380 4948 compassio
1403 4882 1458 4937 in
1498 4885 1776 4953 subjectos
1816 4887 1854 4941 Ο
1885 4888 2016 4942 bea-

399 4966 511 5014 tum
544 4962 719 5016 virum
749 4963 804 5016 in
846 4964 995 5019 cultu
1035 4966 1205 5022 divini
1262 4968 1634 5027 famulaminis
1689 4976 2016 5043 studiosum,

399 5058 456 5105 et
483 5052 765 5126 egregiam
790 5056 1102 5126 mulierem,
1123 5074 1244 5131 qua:
1267 5062 1395 5116 totis
1414 5064 1723 5120 visceribus
1754 5066 2021 5140 diligebat

402 5146 674 5201 Christum
707 5150 925 5220 regem!
953 5152 1071 5208 Non
1107 5169 1239 5227 ergo
1269 5162 1353 5210 est
1382 5157 1745 5213 dubitandum
1773 5162 1906 5231 quin
1927 5161 2018 5216 Dei

399 5236 579 5308 gratia
618 5252 765 5293 nunc
797 5244 1148 5313 perceperint
1172 5245 1455 5315 praemium
1488 5248 1785 5320 virginitati
1836 5251 2021 5319 proxi-

2121 4532 2303 4577 autem
2328 4523 2559 4579 sentiret
2582 4523 2665 4578 sui
2698 4523 2947 4594 corporis
2968 4524 3391 4579 dissolutionem
3426 4525 3749 4593 imminere,

2120 4610 2364 4684 reginam
2419 4612 2487 4665 ad
2544 4627 2605 4665 se
2661 4626 2887 4677 vocans,
2943 4612 3112 4666 multa
3138 4628 3260 4666 cum
3297 4612 3417 4683 ipsa
3439 4614 3751 4685 disputavit

2118 4710 2349 4767 secreta,
2406 4711 2460 4758 et
2517 4711 2793 4775 postremo
2852 4720 3162 4759 sermonem
3223 4705 3430 4760 talibus
3471 4711 3753 4763 conclusit

2118 4796 2300 4850 verbis
2328 4814 2340 4849 :
2371 4822 2390 4843 ,ι
2424 4796 2462 4851 Ο
2505 4798 2665 4852 nobis
2692 4814 2912 4867 semper
2951 4797 3215 4853 fidissima
3268 4809 3324 4853 et
3356 4801 3558 4856 merito
3611 4802 3753 4856 dile-

2118 4886 2384 4955 ctissima,
2426 4887 2639 4942 Christo
2669 4887 2873 4961 gratias
2900 4888 3113 4959 agimus
3132 4887 3280 4958 quod
3301 4894 3355 4943 te
3383 4893 3747 4961 superstitem

2124 4979 2507 5049 relinquimus.
2530 4980 2663 5034 Nam
2704 4978 2888 5032 nullus
2936 4978 3041 5033 sibi
3082 4978 3335 5046 adjunxit
3364 4980 3409 5014 ³⁵
3456 4982 3749 5037 mulierem

2122 5073 2229 5128 ﬁde
2262 5072 2583 5141 firmiorem,
2618 5074 2674 5128 in
2705 5072 2855 5128 omni
2887 5072 3035 5128 bono
3068 5071 3526 5142 probabiliorem.
3561 5077 3749 5149 itaque

2119 5162 2347 5235 gratiam
2384 5161 2588 5217 habeas
2613 5162 2761 5234 quod
2817 5177 2919 5215 nos
2950 5161 3144 5216 sedulo
3197 5160 3468 5235 mitigasti
3522 5165 3748 5231 iratum,

2118 5258 2175 5305 et
2202 5251 2258 5304 in
2284 5251 2433 5306 omni
2469 5267 2524 5305 re
2556 5251 2690 5305 utile
2723 5248 2886 5304 nobis
2914 5248 3117 5303 dedisti
3162 5247 3485 5318 consilium,
3511 5268 3616 5309 nos
3646 5268 3753 5308 sae-

1753 5378 1973 5432 VABl/E
2006 5377 2379 5434 LECTIONES.

476 5497 517 5579 ιξ
555 5513 813 5579 egressus
850 5498 903 5579 2.
937 5500 990 5578 β,
1021 5516 1305 5579 regressus
1336 5506 1385 5558 1.
1448 5506 1490 5541 ¹⁸
1514 5511 1596 5579 ita
1632 5511 1858 5574 corrigo.
1906 5508 1965 5579 1n
2015 5506 2218 5579 fiducia
2240 5509 2293 5561 1.
2351 5510 2513 5579 θτνθά.
2552 5510 2594 5543 ¹⁹
2635 5521 2817 5579 vocent
2836 5508 3013 5579 recepi
3044 5521 3111 5560 ea:
3139 5505 3467 5579 Ekkqhardo
3495 5510 3600 5579 qui
3636 5508 3747 5563 hinc

416 5564 576 5618 habei

401 5698 588 5762 iunxit
623 5703 676 5755 2.

460 5568 576 5642 abei
643 5584 679 5644 τΔ
715 5568 1007 5644 industria,
1060 5568 1404 5644 fortitudine,
1451 5575 1601 5629 vultu
1662 5568 1869 5644 patr'em
1917 5577 2212 5632 similahat.
2268 5579 2312 5611 ’0
2360 5578 2730 5633 winethusum
2794 5577 2848 5631 3.
2906 5568 2969 5610 ²¹’
3002 5575 3286 5644 erpesford
3329 5579 3385 5631 3.
3443 5568 3523 5614 ²²’
3547 5583 3630 5634 ita
3687 5580 3743 5633 2.

419 5633 688 5722 {if-iﬁlogl
717 5638 768 5689 1.
804 5638 1017 5694 diemut
1050 5642 1111 5694 (Ἰ
1174 5640 1362 5695 demot
1390 5633 1442 5700 3.
1476 5645 1521 5677 ³³
1558 5633 2112 5722 κνὶῐίθιιιθδιιδὶηθηεὶξ
2165 5649 2218 5712 1,
2269 5649 2309 5681 ³⁵
2360 5648 2629 5703 nnilebun
2686 5655 2735 5702 1.
2779 5646 3006 5701 imileba

3102 5687 3114 5700 .
3165 5646 3379 5703 imilebi
3427 5650 3484 5705 3.
3550 5652 3597 5686 ²⁶
3640 5660 3745 5706 con
