  <div class='ocr_page' id='page_1' title='image "/cluster/home/n/w/nwhite01/storage/ocr_20150623/134-135/uva.x000829784/1036.png"; bbox 0 0 3972 6208; ppageno 0'>
   <div class='ocr_carea' id='block_1_1' title="bbox 227 301 334 353">
    <p class='ocr_par' dir='ltr' id='par_1_1' title="bbox 227 301 334 353">
     <span class='ocr_line' id='line_1_1' title="bbox 227 301 334 353; baseline 0.009 -2"><span class='ocrx_word' id='word_1_1' title='bbox 227 301 334 353; x_wconf 79' lang='lat'><strong>897</strong></span> 
     </span>
    </p>
   </div>
   <div class='ocr_carea' id='block_1_2' title="bbox 1297 294 2464 350">
    <p class='ocr_par' dir='ltr' id='par_1_2' title="bbox 1297 294 2464 350">
     <span class='ocr_line' id='line_1_2' title="bbox 1297 294 2464 350; baseline -0.002 -2"><span class='ocrx_word' id='word_1_2' title='bbox 1297 296 1566 350; x_wconf 62' lang='lat' dir='ltr'><strong>SANlITxE</strong></span> <span class='ocrx_word' id='word_1_3' title='bbox 1605 295 1961 349; x_wconf 82' lang='lat' dir='ltr'><strong>MATHILDIS</strong></span> <span class='ocrx_word' id='word_1_4' title='bbox 1996 294 2258 349; x_wconf 62' lang='lat' dir='ltr'><strong>REGINIE</strong></span> <span class='ocrx_word' id='word_1_5' title='bbox 2299 295 2464 349; x_wconf 83' lang='lat' dir='ltr'><strong>VITA.</strong></span> 
     </span>
    </p>
   </div>
   <div class='ocr_carea' id='block_1_3' title="bbox 3451 303 3555 354">
    <p class='ocr_par' dir='ltr' id='par_1_3' title="bbox 3451 303 3555 354">
     <span class='ocr_line' id='line_1_3' title="bbox 3451 303 3555 354; baseline -0.019 0"><span class='ocrx_word' id='word_1_6' title='bbox 3451 303 3555 354; x_wconf 82' lang='lat'><strong>898</strong></span> 
     </span>
    </p>
   </div>
   <div class='ocr_carea' id='block_1_4' title="bbox 213 422 3550 496">
    <p class='ocr_par' dir='ltr' id='par_1_4' title="bbox 213 422 3550 496">
     <span class='ocr_line' id='line_1_4' title="bbox 213 422 3550 496; baseline 0.001 -18"><span class='ocrx_word' id='word_1_7' title='bbox 213 428 340 496; x_wconf 87' lang='lat' dir='ltr'><strong>pius</strong></span> <span class='ocrx_word' id='word_1_8' title='bbox 389 425 657 479; x_wconf 91' lang='lat' dir='ltr'><strong>revocasti</strong></span> <span class='ocrx_word' id='word_1_9' title='bbox 693 425 760 478; x_wconf 92' lang='lat' dir='ltr'><strong>ab</strong></span> <span class='ocrx_word' id='word_1_10' title='bbox 812 425 1101 495; x_wconf 81' lang='lat' dir='ltr'><strong>iniquitate</strong></span> <span class='ocrx_word' id='word_1_11' title='bbox 1134 424 1200 478; x_wconf 92' lang='lat' dir='ltr'><strong>ad</strong></span> <span class='ocrx_word' id='word_1_12' title='bbox 1228 424 1515 492; x_wconf 75' lang='lat' dir='ltr'><strong>justitiam,</strong></span> <span class='ocrx_word' id='word_1_13' title='bbox 1550 435 1603 478; x_wconf 91' lang='lat' dir='ltr'><strong>et</strong></span> <span class='ocrx_word' id='word_1_14' title='bbox 1643 425 1836 479; x_wconf 90' lang='lat' dir='ltr'><strong>scdulo</strong></span> <span class='ocrx_word' id='word_1_15' title='bbox 1868 431 1912 494; x_wconf 79' lang='grc' dir='ltr'><strong>Α</strong></span> <span class='ocrx_word' id='word_1_16' title='bbox 1943 423 2197 487; x_wconf 91' lang='lat' dir='ltr'><strong>retinete,</strong></span> <span class='ocrx_word' id='word_1_17' title='bbox 2248 423 2395 493; x_wconf 92' lang='lat' dir='ltr'><strong>quod</strong></span> <span class='ocrx_word' id='word_1_18' title='bbox 2430 423 2484 475; x_wconf 91' lang='lat' dir='ltr'><strong>in</strong></span> <span class='ocrx_word' id='word_1_19' title='bbox 2537 422 2838 495; x_wconf 78' lang='lat' dir='ltr'><strong>Evangelio</strong></span> <span class='ocrx_word' id='word_1_20' title='bbox 2897 423 3101 478; x_wconf 89' lang='lat' dir='ltr'><strong>dicitur</strong></span> <span class='ocrx_word' id='word_1_21' title='bbox 3148 427 3390 482; x_wconf 73' lang='lat' dir='ltr'><strong>veritatis</strong></span> <span class='ocrx_word' id='word_1_22' title='bbox 3417 445 3550 484; x_wconf 90' lang='lat' dir='ltr'><strong>ore:</strong></span> 
     </span>
    </p>
   </div>
   <div class='ocr_carea' id='block_1_5' title="bbox 210 519 1837 588">
    <p class='ocr_par' dir='ltr' id='par_1_5' title="bbox 210 519 1837 588">
     <span class='ocr_line' id='line_1_5' title="bbox 210 519 1837 588; baseline -0.002 -13"><span class='ocrx_word' id='word_1_23' title='bbox 210 519 501 578; x_wconf 86' lang='lat' dir='ltr'><strong>monuisti.</strong></span> <span class='ocrx_word' id='word_1_24' title='bbox 529 519 576 571; x_wconf 90' lang='lat' dir='ltr'><strong>vi</strong></span> <span class='ocrx_word' id='word_1_25' title='bbox 608 535 874 588; x_wconf 79' lang='lat' dir='ltr'><strong>Oppresso</strong></span> <span class='ocrx_word' id='word_1_26' title='bbox 909 519 1085 571; x_wconf 83' lang='lat' dir='ltr'><strong>facere</strong></span> <span class='ocrx_word' id='word_1_27' title='bbox 1115 519 1567 572; x_wconf 85' lang='lat' dir='ltr'><strong>misericordiam.</strong></span> <span class='ocrx_word' id='word_1_28' title='bbox 1604 519 1753 571; x_wconf 72' lang='lat' dir='ltr'><strong>Nunc</strong></span> <span class='ocrx_word' id='word_1_29' title='bbox 1787 530 1837 572; x_wconf 89' lang='lat' dir='ltr'><strong>te</strong></span> 
     </span>
    </p>
   </div>
   <div class='ocr_carea' id='block_1_6' title="bbox 211 611 1839 680">
    <p class='ocr_par' dir='ltr' id='par_1_6' title="bbox 211 611 1839 680">
     <span class='ocr_line' id='line_1_6' title="bbox 211 611 1839 680; baseline -0.002 -13"><span class='ocrx_word' id='word_1_30' title='bbox 211 623 266 668; x_wconf 91' lang='lat' dir='ltr'><strong>et</strong></span> <span class='ocrx_word' id='word_1_31' title='bbox 291 623 510 667; x_wconf 89' lang='lat' dir='ltr'><strong>nostros</strong></span> <span class='ocrx_word' id='word_1_32' title='bbox 552 613 695 665; x_wconf 82' lang='lat' dir='ltr'><strong>ﬁlios</strong></span> <span class='ocrx_word' id='word_1_33' title='bbox 748 612 1115 680; x_wconf 73' lang='lat' dir='ltr'><strong>omnipotenti</strong></span> <span class='ocrx_word' id='word_1_34' title='bbox 1152 612 1258 664; x_wconf 90' lang='lat' dir='ltr'><strong>Deo</strong></span> <span class='ocrx_word' id='word_1_35' title='bbox 1305 611 1756 664; x_wconf 85' lang='lat' dir='ltr'><strong>commendamus</strong></span> <span class='ocrx_word' id='word_1_36' title='bbox 1787 621 1839 664; x_wconf 88' lang='lat' dir='ltr'><strong>et</strong></span> 
     </span>
    </p>
   </div>
   <div class='ocr_carea' id='block_1_7' title="bbox 211 703 1838 773">
    <p class='ocr_par' dir='ltr' id='par_1_7' title="bbox 211 703 1838 773">
     <span class='ocr_line' id='line_1_7' title="bbox 211 703 1838 773; baseline -0.001 -16"><span class='ocrx_word' id='word_1_37' title='bbox 211 705 518 759; x_wconf 90' lang='lat' dir='ltr'><strong>electorum</strong></span> <span class='ocrx_word' id='word_1_38' title='bbox 554 704 647 757; x_wconf 91' lang='lat' dir='ltr'><strong>Dei</strong></span> <span class='ocrx_word' id='word_1_39' title='bbox 680 703 960 773; x_wconf 75' lang='lat' dir='ltr'><strong>precibus,</strong></span> <span class='ocrx_word' id='word_1_40' title='bbox 1020 703 1181 756; x_wconf 87' lang='lat' dir='ltr'><strong>simul</strong></span> <span class='ocrx_word' id='word_1_41' title='bbox 1223 720 1345 757; x_wconf 88' lang='lat' dir='ltr'><strong>cum</strong></span> <span class='ocrx_word' id='word_1_42' title='bbox 1375 704 1579 766; x_wconf 90' lang='lat' dir='ltr'><strong>anima,</strong></span> <span class='ocrx_word' id='word_1_43' title='bbox 1619 720 1738 773; x_wconf 69' lang='lat' dir='ltr'><strong>quze</strong></span> <span class='ocrx_word' id='word_1_44' title='bbox 1771 704 1838 756; x_wconf 91' lang='lat' dir='ltr'><strong>de</strong></span> 
     </span>
    </p>
   </div>
   <div class='ocr_carea' id='block_1_8' title="bbox 213 797 1840 870">
    <p class='ocr_par' dir='ltr' id='par_1_8' title="bbox 213 797 1840 870">
     <span class='ocr_line' id='line_1_8' title="bbox 213 797 1840 870; baseline -0.002 -16"><span class='ocrx_word' id='word_1_45' title='bbox 213 817 447 870; x_wconf 90' lang='lat' dir='ltr'><strong>corpore</strong></span> <span class='ocrx_word' id='word_1_46' title='bbox 473 800 584 867; x_wconf 89' lang='lat' dir='ltr'><strong>jam</strong></span> <span class='ocrx_word' id='word_1_47' title='bbox 616 807 699 853; x_wconf 90' lang='lat' dir='ltr'><strong>est</strong></span> <span class='ocrx_word' id='word_1_48' title='bbox 754 815 1035 852; x_wconf 89' lang='lat' dir='ltr'><strong>recessura</strong></span> <span class='ocrx_word' id='word_1_49' title='bbox 1071 797 1081 850; x_wconf 93' lang='lat'><strong>!</strong></span> <span class='ocrx_word' id='word_1_50' title='bbox 1121 819 1143 846; x_wconf 84' lang='grc' dir='ltr'>ι)</span> <span class='ocrx_word' id='word_1_51' title='bbox 1180 799 1301 852; x_wconf 62' lang='lat' dir='ltr'><strong>lliec</strong></span> <span class='ocrx_word' id='word_1_52' title='bbox 1332 815 1455 852; x_wconf 91' lang='lat' dir='ltr'><strong>cum</strong></span> <span class='ocrx_word' id='word_1_53' title='bbox 1507 799 1752 860; x_wconf 75' lang='lat' dir='ltr'><strong>dixisset,</strong></span> <span class='ocrx_word' id='word_1_54' title='bbox 1787 805 1840 851; x_wconf 91' lang='lat' dir='ltr'><strong>et</strong></span> 
     </span>
    </p>
   </div>
   <div class='ocr_carea' id='block_1_9' title="bbox 213 887 1838 961">
    <p class='ocr_par' dir='ltr' id='par_1_9' title="bbox 213 887 1838 961">
     <span class='ocr_line' id='line_1_9' title="bbox 213 887 1838 961; baseline -0.001 -21"><span class='ocrx_word' id='word_1_55' title='bbox 213 890 404 961; x_wconf 88' lang='lat' dir='ltr'><strong>regina</strong></span> <span class='ocrx_word' id='word_1_56' title='bbox 440 889 581 942; x_wconf 87' lang='lat' dir='ltr'><strong>haud</strong></span> <span class='ocrx_word' id='word_1_57' title='bbox 613 888 798 941; x_wconf 90' lang='lat' dir='ltr'><strong>minus</strong></span> <span class='ocrx_word' id='word_1_58' title='bbox 857 887 931 940; x_wconf 88' lang='lat' dir='ltr'><strong>illi</strong></span> <span class='ocrx_word' id='word_1_59' title='bbox 995 887 1039 918; x_wconf 80' lang='grc'><strong>²⁶</strong></span> <span class='ocrx_word' id='word_1_60' title='bbox 1100 887 1304 959; x_wconf 80' lang='lat' dir='ltr'><strong>gratias</strong></span> <span class='ocrx_word' id='word_1_61' title='bbox 1332 887 1556 960; x_wconf 77' lang='lat' dir='ltr'><strong>egisset,</strong></span> <span class='ocrx_word' id='word_1_62' title='bbox 1600 902 1838 941; x_wconf 70' lang='lat' dir='ltr'><strong>IIILBI‘OI‘O</strong></span> 
     </span>
    </p>
   </div>
   <div class='ocr_carea' id='block_1_10' title="bbox 215 976 1838 1048">
    <p class='ocr_par' dir='ltr' id='par_1_10' title="bbox 215 976 1838 1048">
     <span class='ocr_line' id='line_1_10' title="bbox 215 976 1838 1048; baseline -0.002 -19"><span class='ocrx_word' id='word_1_63' title='bbox 215 979 379 1047; x_wconf 87' lang='lat' dir='ltr'><strong>plena</strong></span> <span class='ocrx_word' id='word_1_64' title='bbox 409 978 697 1031; x_wconf 79' lang='lat' dir='ltr'><strong>ecclesiam</strong></span> <span class='ocrx_word' id='word_1_65' title='bbox 733 984 814 1030; x_wconf 89' lang='lat' dir='ltr'><strong>est</strong></span> <span class='ocrx_word' id='word_1_66' title='bbox 845 976 1112 1048; x_wconf 86' lang='lat' dir='ltr'><strong>ingressa,</strong></span> <span class='ocrx_word' id='word_1_67' title='bbox 1145 993 1203 1027; x_wconf 88' lang='lat' dir='ltr'><strong>se</strong></span> <span class='ocrx_word' id='word_1_68' title='bbox 1235 992 1440 1046; x_wconf 87' lang='lat' dir='ltr'><strong>suaque</strong></span> <span class='ocrx_word' id='word_1_69' title='bbox 1470 977 1654 1029; x_wconf 85' lang='lat' dir='ltr'><strong>omnia</strong></span> <span class='ocrx_word' id='word_1_70' title='bbox 1687 990 1838 1028; x_wconf 89' lang='lat' dir='ltr'><strong>com-</strong></span> 
     </span>
    </p>
   </div>
   <div class='ocr_carea' id='block_1_11' title="bbox 212 1068 1836 1138">
    <p class='ocr_par' dir='ltr' id='par_1_11' title="bbox 212 1068 1836 1138">
     <span class='ocr_line' id='line_1_11' title="bbox 212 1068 1836 1138; baseline -0.002 -16"><span class='ocrx_word' id='word_1_71' title='bbox 212 1071 484 1124; x_wconf 89' lang='lat' dir='ltr'><strong>mendans</strong></span> <span class='ocrx_word' id='word_1_72' title='bbox 517 1072 647 1134; x_wconf 91' lang='lat' dir='ltr'><strong>Deo,</strong></span> <span class='ocrx_word' id='word_1_73' title='bbox 682 1071 823 1123; x_wconf 92' lang='lat' dir='ltr'><strong>sicut</strong></span> <span class='ocrx_word' id='word_1_74' title='bbox 847 1086 1068 1138; x_wconf 83' lang='lat' dir='ltr'><strong>semper</strong></span> <span class='ocrx_word' id='word_1_75' title='bbox 1092 1068 1324 1122; x_wconf 82' lang='lat' dir='ltr'><strong>solebat.</strong></span> <span class='ocrx_word' id='word_1_76' title='bbox 1373 1069 1590 1122; x_wconf 88' lang='lat' dir='ltr'><strong>Interim</strong></span> <span class='ocrx_word' id='word_1_77' title='bbox 1625 1068 1836 1120; x_wconf 88' lang='lat' dir='ltr'><strong>disces-</strong></span> 
     </span>
    </p>
   </div>
   <div class='ocr_carea' id='block_1_12' title="bbox 212 1159 1831 1230">
    <p class='ocr_par' dir='ltr' id='par_1_12' title="bbox 212 1159 1831 1230">
     <span class='ocr_line' id='line_1_12' title="bbox 212 1159 1831 1230; baseline -0.001 -20"><span class='ocrx_word' id='word_1_78' title='bbox 212 1159 281 1212; x_wconf 89' lang='lat' dir='ltr'><strong>sit</strong></span> <span class='ocrx_word' id='word_1_79' title='bbox 312 1159 494 1212; x_wconf 81' lang='lat' dir='ltr'><strong>anima</strong></span> <span class='ocrx_word' id='word_1_80' title='bbox 527 1159 671 1229; x_wconf 86' lang='lat' dir='ltr'><strong>regis</strong></span> <span class='ocrx_word' id='word_1_81' title='bbox 705 1160 770 1210; x_wconf 91' lang='lat' dir='ltr'><strong>de</strong></span> <span class='ocrx_word' id='word_1_82' title='bbox 804 1160 1082 1230; x_wconf 89' lang='lat' dir='ltr'><strong>ergastulo</strong></span> <span class='ocrx_word' id='word_1_83' title='bbox 1113 1159 1309 1212; x_wconf 85' lang='lat' dir='ltr'><strong>carnis.</strong></span> <span class='ocrx_word' id='word_1_84' title='bbox 1361 1159 1617 1211; x_wconf 80' lang='lat' dir='ltr'><strong>Sentiens</strong></span> <span class='ocrx_word' id='word_1_85' title='bbox 1649 1166 1831 1209; x_wconf 88' lang='lat' dir='ltr'><strong>autem</strong></span> 
     </span>
    </p>
   </div>
   <div class='ocr_carea' id='block_1_13' title="bbox 210 1247 1837 1318">
    <p class='ocr_par' dir='ltr' id='par_1_13' title="bbox 210 1247 1837 1318">
     <span class='ocr_line' id='line_1_13' title="bbox 210 1247 1837 1318; baseline 0.001 -18"><span class='ocrx_word' id='word_1_86' title='bbox 210 1255 403 1301; x_wconf 90' lang='lat' dir='ltr'><strong>sancta</strong></span> <span class='ocrx_word' id='word_1_87' title='bbox 435 1248 528 1301; x_wconf 88' lang='lat' dir='ltr'><strong>Dei</strong></span> <span class='ocrx_word' id='word_1_88' title='bbox 562 1248 740 1318; x_wconf 81' lang='lat' dir='ltr'><strong>plebis</strong></span> <span class='ocrx_word' id='word_1_89' title='bbox 765 1247 1647 1315; x_wconf 88' lang='lat' dir='ltr'><strong>lamentatione,inclitumvirum</strong></span> <span class='ocrx_word' id='word_1_90' title='bbox 1674 1249 1837 1302; x_wconf 84' lang='lat' dir='ltr'><strong>rebus</strong></span> 
     </span>
    </p>
   </div>
   <div class='ocr_carea' id='block_1_14' title="bbox 214 1340 1838 1410">
    <p class='ocr_par' dir='ltr' id='par_1_14' title="bbox 214 1340 1838 1410">
     <span class='ocr_line' id='line_1_14' title="bbox 214 1340 1838 1410; baseline 0 -18"><span class='ocrx_word' id='word_1_91' title='bbox 214 1340 474 1392; x_wconf 86' lang='lat' dir='ltr'><strong>humanis</strong></span> <span class='ocrx_word' id='word_1_92' title='bbox 501 1341 822 1400; x_wconf 82' lang='lat' dir='ltr'><strong>excessisse,</strong></span> <span class='ocrx_word' id='word_1_93' title='bbox 884 1341 1172 1410; x_wconf 78' lang='lat' dir='ltr'><strong>prostravit</strong></span> <span class='ocrx_word' id='word_1_94' title='bbox 1220 1357 1278 1393; x_wconf 88' lang='lat' dir='ltr'><strong>se</strong></span> <span class='ocrx_word' id='word_1_95' title='bbox 1338 1342 1390 1395; x_wconf 89' lang='lat' dir='ltr'><strong>in</strong></span> <span class='ocrx_word' id='word_1_96' title='bbox 1424 1341 1749 1403; x_wconf 90' lang='lat' dir='ltr'><strong>orationem,</strong></span> <span class='ocrx_word' id='word_1_97' title='bbox 1784 1346 1838 1393; x_wconf 90' lang='lat' dir='ltr'><strong>et</strong></span> 
     </span>
    </p>
   </div>
   <div class='ocr_carea' id='block_1_15' title="bbox 217 1430 1840 1500">
    <p class='ocr_par' dir='ltr' id='par_1_15' title="bbox 217 1430 1840 1500">
     <span class='ocr_line' id='line_1_15' title="bbox 217 1430 1840 1500; baseline 0.001 -18"><span class='ocrx_word' id='word_1_98' title='bbox 217 1430 396 1500; x_wconf 84' lang='lat' dir='ltr'><strong>ipsius</strong></span> <span class='ocrx_word' id='word_1_99' title='bbox 425 1431 661 1484; x_wconf 91' lang='lat' dir='ltr'><strong>animam</strong></span> <span class='ocrx_word' id='word_1_100' title='bbox 683 1433 1089 1486; x_wconf 79' lang='lat' dir='ltr'><strong>commendavit</strong></span> <span class='ocrx_word' id='word_1_101' title='bbox 1117 1433 1170 1485; x_wconf 91' lang='lat' dir='ltr'><strong>in</strong></span> <span class='ocrx_word' id='word_1_102' title='bbox 1193 1433 1388 1485; x_wconf 83' lang='lat' dir='ltr'><strong>Christi</strong></span> <span class='ocrx_word' id='word_1_103' title='bbox 1424 1433 1608 1484; x_wconf 80' lang='lat' dir='ltr'><strong>ﬁdem.</strong></span> <span class='ocrx_word' id='word_1_104' title='bbox 1648 1431 1840 1485; x_wconf 83' lang='lat' dir='ltr'><strong>Postea</strong></span> 
     </span>
    </p>
   </div>
   <div class='ocr_carea' id='block_1_16' title="bbox 214 1523 1836 1595">
    <p class='ocr_par' dir='ltr' id='par_1_16' title="bbox 214 1523 1836 1595">
     <span class='ocr_line' id='line_1_16' title="bbox 214 1523 1836 1595; baseline 0 -21"><span class='ocrx_word' id='word_1_105' title='bbox 214 1539 450 1591; x_wconf 87' lang='lat' dir='ltr'><strong>surgens</strong></span> <span class='ocrx_word' id='word_1_106' title='bbox 480 1523 856 1593; x_wconf 66' lang='lat' dir='ltr'><strong>interrogavit,</strong></span> <span class='ocrx_word' id='word_1_107' title='bbox 916 1524 959 1576; x_wconf 88' lang='lat' dir='ltr'><strong>si</strong></span> <span class='ocrx_word' id='word_1_108' title='bbox 993 1524 1173 1576; x_wconf 90' lang='lat' dir='ltr'><strong>adhuc</strong></span> <span class='ocrx_word' id='word_1_109' title='bbox 1201 1525 1712 1595; x_wconf 87' lang='lat' dir='ltr'><strong>aliquisjejunaret,</strong></span> <span class='ocrx_word' id='word_1_110' title='bbox 1745 1523 1836 1592; x_wconf 89' lang='lat' dir='ltr'><strong>qui</strong></span> 
     </span>
    </p>
   </div>
   <div class='ocr_carea' id='block_1_17' title="bbox 215 1613 1842 1669">
    <p class='ocr_par' dir='ltr' id='par_1_17' title="bbox 215 1613 1842 1669">
     <span class='ocr_line' id='line_1_17' title="bbox 215 1613 1842 1669; baseline -0.001 -2"><span class='ocrx_word' id='word_1_111' title='bbox 215 1614 416 1667; x_wconf 68' lang='lat' dir='ltr'><strong>animae</strong></span> <span class='ocrx_word' id='word_1_112' title='bbox 443 1613 528 1666; x_wconf 89' lang='lat' dir='ltr'><strong>sui</strong></span> <span class='ocrx_word' id='word_1_113' title='bbox 571 1614 779 1667; x_wconf 82' lang='lat' dir='ltr'><strong>domini</strong></span> <span class='ocrx_word' id='word_1_114' title='bbox 813 1614 1029 1667; x_wconf 90' lang='lat' dir='ltr'><strong>missam</strong></span> <span class='ocrx_word' id='word_1_115' title='bbox 1064 1616 1386 1669; x_wconf 88' lang='lat' dir='ltr'><strong>decantaret</strong></span> <span class='ocrx_word' id='word_1_116' title='bbox 1425 1615 1713 1668; x_wconf 61' lang='lat' dir='ltr'><strong>?i\udicns</strong></span> <span class='ocrx_word' id='word_1_117' title='bbox 1741 1617 1842 1667; x_wconf 90' lang='lat' dir='ltr'><strong>hoc</strong></span> 
     </span>
    </p>
   </div>
   <div class='ocr_carea' id='block_1_18' title="bbox 1946 516 3555 590">
    <p class='ocr_par' dir='ltr' id='par_1_18' title="bbox 1946 516 3555 590">
     <span class='ocr_line' id='line_1_18' title="bbox 1946 516 3555 590; baseline 0.007 -25"><span class='ocrx_word' id='word_1_118' title='bbox 1946 539 1968 566; x_wconf 85' lang='grc' dir='ltr'>(ι</span> <span class='ocrx_word' id='word_1_119' title='bbox 2005 517 2192 570; x_wconf 87' lang='lat' dir='ltr'><strong>Omnis</strong></span> <span class='ocrx_word' id='word_1_120' title='bbox 2210 517 2300 587; x_wconf 90' lang='lat' dir='ltr'><strong>qui</strong></span> <span class='ocrx_word' id='word_1_121' title='bbox 2336 533 2392 569; x_wconf 88' lang='lat' dir='ltr'><strong>se</strong></span> <span class='ocrx_word' id='word_1_122' title='bbox 2421 516 2644 581; x_wconf 78' lang='lat' dir='ltr'><strong>exaltat,</strong></span> <span class='ocrx_word' id='word_1_123' title='bbox 2680 517 3082 580; x_wconf 90' lang='lat' dir='ltr'><strong>humiliabitur,</strong></span> <span class='ocrx_word' id='word_1_124' title='bbox 3117 521 3555 590; x_wconf 89' lang='lat' dir='ltr'><strong>ctquisehumi-</strong></span> 
     </span>
    </p>
   </div>
   <div class='ocr_carea' id='block_1_19' title="bbox 1942 608 3553 682">
    <p class='ocr_par' dir='ltr' id='par_1_19' title="bbox 1942 608 3553 682">
     <span class='ocr_line' id='line_1_19' title="bbox 1942 608 3553 682; baseline 0.003 -21"><span class='ocrx_word' id='word_1_125' title='bbox 1942 609 2056 670; x_wconf 88' lang='lat' dir='ltr'><strong>liat,</strong></span> <span class='ocrx_word' id='word_1_126' title='bbox 2089 608 2418 661; x_wconf 85' lang='lat' dir='ltr'><strong>exaltabitur</strong></span> <span class='ocrx_word' id='word_1_127' title='bbox 2443 610 2590 677; x_wconf 47' lang='lat' dir='ltr'><strong>(Luc.</strong></span> <span class='ocrx_word' id='word_1_128' title='bbox 2624 625 2729 673; x_wconf 79' lang='lat' dir='ltr'><strong>xiv,</strong></span> <span class='ocrx_word' id='word_1_129' title='bbox 2764 609 2875 674; x_wconf 79' lang='grc' dir='ltr'><strong>Η),</strong></span> <span class='ocrx_word' id='word_1_130' title='bbox 2914 630 2935 657; x_wconf 76' lang='grc' dir='ltr'><strong>ε(</strong></span> <span class='ocrx_word' id='word_1_131' title='bbox 2975 610 3096 663; x_wconf 87' lang='lat' dir='ltr'><strong>Post</strong></span> <span class='ocrx_word' id='word_1_132' title='bbox 3129 611 3244 664; x_wconf 68' lang='lat' dir='ltr'><strong>haec</strong></span> <span class='ocrx_word' id='word_1_133' title='bbox 3268 612 3366 666; x_wconf 88' lang='lat' dir='ltr'><strong>rite</strong></span> <span class='ocrx_word' id='word_1_134' title='bbox 3393 630 3553 682; x_wconf 88' lang='lat' dir='ltr'><strong>para-</strong></span> 
     </span>
    </p>
   </div>
   <div class='ocr_carea' id='block_1_20' title="bbox 1944 697 3558 767">
    <p class='ocr_par' dir='ltr' id='par_1_20' title="bbox 1944 697 3558 767">
     <span class='ocr_line' id='line_1_20' title="bbox 1944 697 3558 767; baseline 0.002 -16"><span class='ocrx_word' id='word_1_135' title='bbox 1944 697 2010 751; x_wconf 85' lang='lat' dir='ltr'><strong>tis</strong></span> <span class='ocrx_word' id='word_1_136' title='bbox 2039 697 2296 751; x_wconf 89' lang='lat' dir='ltr'><strong>omuibus</strong></span> <span class='ocrx_word' id='word_1_137' title='bbox 2323 712 2442 767; x_wconf 66' lang='lat' dir='ltr'><strong>quae</strong></span> <span class='ocrx_word' id='word_1_138' title='bbox 2498 698 2805 749; x_wconf 80' lang='lat' dir='ltr'><strong>necessaria</strong></span> <span class='ocrx_word' id='word_1_139' title='bbox 2856 704 3009 750; x_wconf 88' lang='lat' dir='ltr'><strong>erant</strong></span> <span class='ocrx_word' id='word_1_140' title='bbox 3040 698 3105 750; x_wconf 91' lang='lat' dir='ltr'><strong>ad</strong></span> <span class='ocrx_word' id='word_1_141' title='bbox 3165 698 3348 762; x_wconf 87' lang='lat' dir='ltr'><strong>funus,</strong></span> <span class='ocrx_word' id='word_1_142' title='bbox 3383 702 3558 754; x_wconf 89' lang='lat' dir='ltr'><strong>maxi-</strong></span> 
     </span>
    </p>
   </div>
   <div class='ocr_carea' id='block_1_21' title="bbox 1941 789 3557 862">
    <p class='ocr_par' dir='ltr' id='par_1_21' title="bbox 1941 789 3557 862">
     <span class='ocr_line' id='line_1_21' title="bbox 1941 789 3557 862; baseline 0.002 -20"><span class='ocrx_word' id='word_1_143' title='bbox 1941 805 2030 843; x_wconf 90' lang='lat' dir='ltr'><strong>mo</strong></span> <span class='ocrx_word' id='word_1_144' title='bbox 2053 804 2173 842; x_wconf 91' lang='lat' dir='ltr'><strong>cum</strong></span> <span class='ocrx_word' id='word_1_145' title='bbox 2208 789 2417 842; x_wconf 85' lang='lat' dir='ltr'><strong>honore</strong></span> <span class='ocrx_word' id='word_1_146' title='bbox 2466 804 2666 856; x_wconf 89' lang='lat' dir='ltr'><strong>corpus</strong></span> <span class='ocrx_word' id='word_1_147' title='bbox 2723 789 2774 841; x_wconf 91' lang='lat' dir='ltr'><strong>in</strong></span> <span class='ocrx_word' id='word_1_148' title='bbox 2805 789 3242 861; x_wconf 87' lang='lat' dir='ltr'><strong>Quitilingobure</strong></span> <span class='ocrx_word' id='word_1_149' title='bbox 3275 800 3557 862; x_wconf 89' lang='lat' dir='ltr'><strong>transpor-</strong></span> 
     </span>
    </p>
   </div>
   <div class='ocr_carea' id='block_1_22' title="bbox 1943 880 3558 954">
    <p class='ocr_par' dir='ltr' id='par_1_22' title="bbox 1943 880 3558 954">
     <span class='ocr_line' id='line_1_22' title="bbox 1943 880 3558 954; baseline 0.002 -20"><span class='ocrx_word' id='word_1_150' title='bbox 1943 880 2149 940; x_wconf 88' lang='lat' dir='ltr'><strong>tabant.</strong></span> <span class='ocrx_word' id='word_1_151' title='bbox 2184 880 2408 950; x_wconf 77' lang='lat' dir='ltr'><strong>ubiipse</strong></span> <span class='ocrx_word' id='word_1_152' title='bbox 2443 880 2790 951; x_wconf 88' lang='lat' dir='ltr'><strong>requiescere</strong></span> <span class='ocrx_word' id='word_1_153' title='bbox 2823 881 3139 936; x_wconf 90' lang='lat' dir='ltr'><strong>decreverat</strong></span> <span class='ocrx_word' id='word_1_154' title='bbox 3173 900 3185 946; x_wconf 89' lang='lat'><strong>;</strong></span> <span class='ocrx_word' id='word_1_155' title='bbox 3222 883 3409 954; x_wconf 87' lang='lat' dir='ltr'><strong>ibique</strong></span> <span class='ocrx_word' id='word_1_156' title='bbox 3457 887 3558 939; x_wconf 94' lang='lat' dir='ltr'><strong>ho-</strong></span> 
     </span>
    </p>
   </div>
   <div class='ocr_carea' id='block_1_23' title="bbox 1943 970 3554 1046">
    <p class='ocr_par' dir='ltr' id='par_1_23' title="bbox 1943 970 3554 1046">
     <span class='ocr_line' id='line_1_23' title="bbox 1943 970 3554 1046; baseline 0.004 -22"><span class='ocrx_word' id='word_1_157' title='bbox 1943 970 2169 1026; x_wconf 90' lang='lat' dir='ltr'><strong>noriﬁce</strong></span> <span class='ocrx_word' id='word_1_158' title='bbox 2204 971 2549 1026; x_wconf 90' lang='lat' dir='ltr'><strong>tradiderunt</strong></span> <span class='ocrx_word' id='word_1_159' title='bbox 2595 973 2914 1042; x_wconf 70' lang='lat' dir='ltr'><strong>SC|)UilUi‘:P.</strong></span> <span class='ocrx_word' id='word_1_160' title='bbox 2961 975 3110 1028; x_wconf 85' lang='lat' dir='ltr'><strong>Tunc</strong></span> <span class='ocrx_word' id='word_1_161' title='bbox 3139 975 3326 1046; x_wconf 90' lang='lat' dir='ltr'><strong>regina</strong></span> <span class='ocrx_word' id='word_1_162' title='bbox 3383 993 3554 1031; x_wconf 87' lang='lat' dir='ltr'><strong>vene-</strong></span> 
     </span>
    </p>
   </div>
   <div class='ocr_carea' id='block_1_24' title="bbox 1942 1066 3557 1136">
    <p class='ocr_par' dir='ltr' id='par_1_24' title="bbox 1942 1066 3557 1136">
     <span class='ocr_line' id='line_1_24' title="bbox 1942 1066 3557 1136; baseline 0.004 -18"><span class='ocrx_word' id='word_1_163' title='bbox 1942 1066 2126 1120; x_wconf 86' lang='lat' dir='ltr'><strong>rabilis</strong></span> <span class='ocrx_word' id='word_1_164' title='bbox 2170 1084 2334 1136; x_wconf 92' lang='lat' dir='ltr'><strong>supra</strong></span> <span class='ocrx_word' id='word_1_165' title='bbox 2389 1074 2746 1120; x_wconf 86' lang='lat' dir='ltr'><strong>memoratam</strong></span> <span class='ocrx_word' id='word_1_166' title='bbox 2807 1068 3140 1123; x_wconf 85' lang='lat' dir='ltr'><strong>abbatissam</strong></span> <span class='ocrx_word' id='word_1_167' title='bbox 3183 1071 3480 1126; x_wconf 88' lang='lat' dir='ltr'><strong>mouasteri</strong></span> <span class='ocrx_word' id='word_1_168' title='bbox 3513 1073 3557 1105; x_wconf 66' lang='grc' dir='ltr'><strong>δέ</strong></span> 
     </span>
    </p>
   </div>
   <div class='ocr_carea' id='block_1_25' title="bbox 1937 1156 3558 1234">
    <p class='ocr_par' dir='ltr' id='par_1_25' title="bbox 1937 1156 3558 1234">
     <span class='ocr_line' id='line_1_25' title="bbox 1937 1156 3558 1234; baseline 0.006 -26"><span class='ocrx_word' id='word_1_169' title='bbox 1937 1156 2497 1211; x_wconf 85' lang='lat' dir='ltr'><strong>Winithehusinensis</strong></span> <span class='ocrx_word' id='word_1_170' title='bbox 2529 1159 2594 1211; x_wconf 91' lang='lat' dir='ltr'><strong>ad</strong></span> <span class='ocrx_word' id='word_1_171' title='bbox 2629 1175 2684 1212; x_wconf 89' lang='lat' dir='ltr'><strong>se</strong></span> <span class='ocrx_word' id='word_1_172' title='bbox 2743 1160 2940 1213; x_wconf 88' lang='lat' dir='ltr'><strong>iterum</strong></span> <span class='ocrx_word' id='word_1_173' title='bbox 2981 1161 3212 1222; x_wconf 89' lang='lat' dir='ltr'><strong>vocavit,</strong></span> <span class='ocrx_word' id='word_1_174' title='bbox 3243 1168 3297 1214; x_wconf 90' lang='lat' dir='ltr'><strong>et</strong></span> <span class='ocrx_word' id='word_1_175' title='bbox 3326 1178 3558 1234; x_wconf 88' lang='lat' dir='ltr'><strong>congre-</strong></span> 
     </span>
    </p>
   </div>
   <div class='ocr_carea' id='block_1_26' title="bbox 1936 1247 3555 1320">
    <p class='ocr_par' dir='ltr' id='par_1_26' title="bbox 1936 1247 3555 1320">
     <span class='ocr_line' id='line_1_26' title="bbox 1936 1247 3555 1320; baseline 0.004 -20"><span class='ocrx_word' id='word_1_176' title='bbox 1936 1247 2211 1320; x_wconf 89' lang='lat' dir='ltr'><strong>gationem</strong></span> <span class='ocrx_word' id='word_1_177' title='bbox 2254 1249 2359 1301; x_wconf 91' lang='lat' dir='ltr'><strong>sibi</strong></span> <span class='ocrx_word' id='word_1_178' title='bbox 2421 1249 2697 1304; x_wconf 88' lang='lat' dir='ltr'><strong>subditam</strong></span> <span class='ocrx_word' id='word_1_179' title='bbox 2745 1251 2872 1304; x_wconf 91' lang='lat' dir='ltr'><strong>illuc</strong></span> <span class='ocrx_word' id='word_1_180' title='bbox 2918 1251 3197 1305; x_wconf 86' lang='lat' dir='ltr'><strong>transferri</strong></span> <span class='ocrx_word' id='word_1_181' title='bbox 3248 1253 3555 1308; x_wconf 91' lang='lat' dir='ltr'><strong>admonuit.</strong></span> 
     </span>
    </p>
   </div>
   <div class='ocr_carea' id='block_1_27' title="bbox 1940 1340 3558 1414">
    <p class='ocr_par' dir='ltr' id='par_1_27' title="bbox 1940 1340 3558 1414">
     <span class='ocr_line' id='line_1_27' title="bbox 1940 1340 3558 1414; baseline 0.004 -21"><span class='ocrx_word' id='word_1_182' title='bbox 1940 1340 2091 1404; x_wconf 87' lang='lat' dir='ltr'><strong>Quod</strong></span> <span class='ocrx_word' id='word_1_183' title='bbox 2116 1340 2395 1394; x_wconf 81' lang='lat' dir='ltr'><strong>abbatissa</strong></span> <span class='ocrx_word' id='word_1_184' title='bbox 2446 1341 2619 1410; x_wconf 86' lang='lat' dir='ltr'><strong>primo</strong></span> <span class='ocrx_word' id='word_1_185' title='bbox 2653 1343 2891 1406; x_wconf 88' lang='lat' dir='ltr'><strong>rennuit,</strong></span> <span class='ocrx_word' id='word_1_186' title='bbox 2939 1343 3037 1396; x_wconf 89' lang='lat' dir='ltr'><strong>sed</strong></span> <span class='ocrx_word' id='word_1_187' title='bbox 3075 1345 3423 1414; x_wconf 89' lang='lat' dir='ltr'><strong>postmodum</strong></span> <span class='ocrx_word' id='word_1_188' title='bbox 3459 1345 3558 1398; x_wconf 89' lang='lat' dir='ltr'><strong>im-</strong></span> 
     </span>
    </p>
   </div>
   <div class='ocr_carea' id='block_1_28' title="bbox 1944 1434 3004 1502">
    <p class='ocr_par' dir='ltr' id='par_1_28' title="bbox 1944 1434 3004 1502">
     <span class='ocr_line' id='line_1_28' title="bbox 1944 1434 3004 1502; baseline 0.002 -16"><span class='ocrx_word' id='word_1_189' title='bbox 1944 1440 2168 1502; x_wconf 85' lang='lat' dir='ltr'><strong>perante</strong></span> <span class='ocrx_word' id='word_1_190' title='bbox 2199 1434 2318 1500; x_wconf 88' lang='lat' dir='ltr'><strong>ejus</strong></span> <span class='ocrx_word' id='word_1_191' title='bbox 2340 1434 2452 1487; x_wconf 84' lang='lat' dir='ltr'><strong>tilio</strong></span> <span class='ocrx_word' id='word_1_192' title='bbox 2485 1434 2678 1489; x_wconf 84' lang='lat' dir='ltr'><strong>Ottone</strong></span> <span class='ocrx_word' id='word_1_193' title='bbox 2702 1436 3004 1488; x_wconf 90' lang='lat' dir='ltr'><strong>consensit.</strong></span> 
     </span>
    </p>
   </div>
   <div class='ocr_carea' id='block_1_29' title="bbox 2013 1522 3565 1590">
    <p class='ocr_par' dir='ltr' id='par_1_29' title="bbox 2013 1522 3565 1590">
     <span class='ocr_line' id='line_1_29' title="bbox 2013 1522 3565 1590; baseline 0.003 -16"><span class='ocrx_word' id='word_1_194' title='bbox 2013 1522 2064 1574; x_wconf 90' lang='lat'><strong>9.</strong></span> <span class='ocrx_word' id='word_1_195' title='bbox 2101 1525 2172 1575; x_wconf 85' lang='lat' dir='ltr'><strong>De</strong></span> <span class='ocrx_word' id='word_1_196' title='bbox 2211 1524 2457 1576; x_wconf 75' lang='lat' dir='ltr'><strong>electione</strong></span> <span class='ocrx_word' id='word_1_197' title='bbox 2513 1524 2719 1577; x_wconf 74' lang='lat' dir='ltr'><strong>Ottonis</strong></span> <span class='ocrx_word' id='word_1_198' title='bbox 2769 1527 2932 1590; x_wconf 73' lang='lat' dir='ltr'><strong>regis.</strong></span> <span class='ocrx_word' id='word_1_199' title='bbox 2970 1525 3093 1578; x_wconf 89' lang='lat' dir='ltr'><strong>Post</strong></span> <span class='ocrx_word' id='word_1_200' title='bbox 3153 1542 3438 1580; x_wconf 84' lang='lat' dir='ltr'><strong>excessum</strong></span> <span class='ocrx_word' id='word_1_201' title='bbox 3478 1526 3565 1579; x_wconf 87' lang='lat' dir='ltr'><strong>in-</strong></span> 
     </span>
    </p>
   </div>
   <div class='ocr_carea' id='block_1_30' title="bbox 1943 1612 3565 1686">
    <p class='ocr_par' dir='ltr' id='par_1_30' title="bbox 1943 1612 3565 1686">
     <span class='ocr_line' id='line_1_30' title="bbox 1943 1612 3565 1686; baseline 0.004 -21"><span class='ocrx_word' id='word_1_202' title='bbox 1943 1612 2054 1666; x_wconf 92' lang='lat' dir='ltr'><strong>cliti</strong></span> <span class='ocrx_word' id='word_1_203' title='bbox 2091 1614 2234 1686; x_wconf 86' lang='lat' dir='ltr'><strong>regis</strong></span> <span class='ocrx_word' id='word_1_204' title='bbox 2270 1615 2507 1668; x_wconf 88' lang='lat' dir='ltr'><strong>Ileinrici</strong></span> <span class='ocrx_word' id='word_1_205' title='bbox 2567 1616 2828 1669; x_wconf 66' lang='lat' dir='ltr'><strong>ductores</strong></span> <span class='ocrx_word' id='word_1_206' title='bbox 2873 1617 3033 1686; x_wconf 90' lang='lat' dir='ltr'><strong>primi</strong></span> <span class='ocrx_word' id='word_1_207' title='bbox 3068 1618 3479 1672; x_wconf 86' lang='lat' dir='ltr'><strong>conveniebant</strong></span> <span class='ocrx_word' id='word_1_208' title='bbox 3509 1625 3565 1671; x_wconf 90' lang='lat' dir='ltr'><strong>et</strong></span> 
     </span>
    </p>
   </div>
   <div class='ocr_carea' id='block_1_31' title="bbox 221 1701 3560 1798">
    <p class='ocr_par' dir='ltr' id='par_1_31' title="bbox 221 1701 3560 1798">
     <span class='ocr_line' id='line_1_31' title="bbox 221 1701 3560 1798; baseline 0.003 -45"><span class='ocrx_word' id='word_1_209' title='bbox 221 1701 501 1754; x_wconf 78' lang='lat' dir='ltr'><strong>Adeldach</strong></span> <span class='ocrx_word' id='word_1_210' title='bbox 525 1701 566 1734; x_wconf 62' lang='grc' dir='ltr'>υ</span> <span class='ocrx_word' id='word_1_211' title='bbox 602 1701 890 1771; x_wconf 85' lang='lat' dir='ltr'><strong>presbiter,</strong></span> <span class='ocrx_word' id='word_1_212' title='bbox 919 1702 1446 1771; x_wconf 88' lang='lat' dir='ltr'><strong>responditfestinus</strong></span> <span class='ocrx_word' id='word_1_213' title='bbox 1480 1720 1491 1754; x_wconf 91' lang='lat'>:</span> <span class='ocrx_word' id='word_1_214' title='bbox 1532 1725 1553 1751; x_wconf 81' lang='grc' dir='ltr'>(ι</span> <span class='ocrx_word' id='word_1_215' title='bbox 1589 1703 1839 1769; x_wconf 86' lang='lat' dir='ltr'><strong>Domina,</strong></span> <span class='ocrx_word' id='word_1_216' title='bbox 1871 1733 1917 1798; x_wconf 70' lang='grc' dir='ltr'>Β</span> <span class='ocrx_word' id='word_1_217' title='bbox 1943 1704 2010 1757; x_wconf 90' lang='lat' dir='ltr'><strong>de</strong></span> <span class='ocrx_word' id='word_1_218' title='bbox 2040 1712 2179 1758; x_wconf 88' lang='lat' dir='ltr'><strong>statu</strong></span> <span class='ocrx_word' id='word_1_219' title='bbox 2213 1707 2672 1777; x_wconf 82' lang='lat' dir='ltr'><strong>regniconsilium</strong></span> <span class='ocrx_word' id='word_1_220' title='bbox 2706 1708 2999 1761; x_wconf 83' lang='lat' dir='ltr'><strong>habebant.</strong></span> <span class='ocrx_word' id='word_1_221' title='bbox 3068 1709 3355 1778; x_wconf 88' lang='lat' dir='ltr'><strong>Perplures</strong></span> <span class='ocrx_word' id='word_1_222' title='bbox 3408 1710 3560 1776; x_wconf 87' lang='lat' dir='ltr'><strong>diju-</strong></span> 
     </span>
    </p>
   </div>
   <div class='ocr_carea' id='block_1_32' title="bbox 220 1790 1839 1864">
    <p class='ocr_par' dir='ltr' id='par_1_32' title="bbox 220 1790 1839 1864">
     <span class='ocr_line' id='line_1_32' title="bbox 220 1790 1839 1864; baseline 0.002 -22"><span class='ocrx_word' id='word_1_223' title='bbox 220 1790 467 1844; x_wconf 89' lang='lat' dir='ltr'><strong>nondum</strong></span> <span class='ocrx_word' id='word_1_224' title='bbox 497 1790 796 1860; x_wconf 88' lang='lat' dir='ltr'><strong>quidquam</strong></span> <span class='ocrx_word' id='word_1_225' title='bbox 821 1791 1181 1863; x_wconf 87' lang='lat' dir='ltr'><strong>gustavimus.</strong></span> <span class='ocrx_word' id='word_1_226' title='bbox 1217 1812 1242 1839; x_wconf 80' lang='grc' dir='ltr'><strong>υ</strong></span> <span class='ocrx_word' id='word_1_227' title='bbox 1278 1792 1618 1845; x_wconf 81' lang='lat' dir='ltr'><strong>Venerabilis</strong></span> <span class='ocrx_word' id='word_1_228' title='bbox 1651 1793 1839 1864; x_wconf 80' lang='lat' dir='ltr'><strong>regina</strong></span> 
     </span>
    </p>
   </div>
   <div class='ocr_carea' id='block_1_33' title="bbox 218 1883 1838 1955">
    <p class='ocr_par' dir='ltr' id='par_1_33' title="bbox 218 1883 1838 1955">
     <span class='ocr_line' id='line_1_33' title="bbox 218 1883 1838 1955; baseline 0.001 -19"><span class='ocrx_word' id='word_1_229' title='bbox 218 1884 350 1937; x_wconf 91' lang='lat' dir='ltr'><strong>olim</strong></span> <span class='ocrx_word' id='word_1_230' title='bbox 384 1884 638 1936; x_wconf 88' lang='lat' dir='ltr'><strong>induerat</strong></span> <span class='ocrx_word' id='word_1_231' title='bbox 672 1884 810 1936; x_wconf 87' lang='lat' dir='ltr'><strong>duas</strong></span> <span class='ocrx_word' id='word_1_232' title='bbox 842 1884 1084 1936; x_wconf 88' lang='lat' dir='ltr'><strong>armillas</strong></span> <span class='ocrx_word' id='word_1_233' title='bbox 1130 1883 1268 1936; x_wconf 88' lang='lat' dir='ltr'><strong>mira</strong></span> <span class='ocrx_word' id='word_1_234' title='bbox 1299 1893 1412 1936; x_wconf 88' lang='lat' dir='ltr'><strong>arte</strong></span> <span class='ocrx_word' id='word_1_235' title='bbox 1454 1887 1678 1948; x_wconf 87' lang='lat' dir='ltr'><strong>celatas,</strong></span> <span class='ocrx_word' id='word_1_236' title='bbox 1713 1901 1838 1955; x_wconf 66' lang='lat' dir='ltr'><strong>quae</strong></span> 
     </span>
    </p>
   </div>
   <div class='ocr_carea' id='block_1_34' title="bbox 221 1976 1838 2038">
    <p class='ocr_par' dir='ltr' id='par_1_34' title="bbox 221 1976 1838 2038">
     <span class='ocr_line' id='line_1_34' title="bbox 221 1976 1838 2038; baseline -0.001 -6"><span class='ocrx_word' id='word_1_237' title='bbox 221 1987 370 2032; x_wconf 91' lang='lat' dir='ltr'><strong>tanta</strong></span> <span class='ocrx_word' id='word_1_238' title='bbox 399 1976 655 2031; x_wconf 90' lang='lat' dir='ltr'><strong>ﬁrmitate</strong></span> <span class='ocrx_word' id='word_1_239' title='bbox 685 1978 922 2031; x_wconf 87' lang='lat' dir='ltr'><strong>brachiis</strong></span> <span class='ocrx_word' id='word_1_240' title='bbox 963 1978 1175 2030; x_wconf 80' lang='lat' dir='ltr'><strong>fuerant</strong></span> <span class='ocrx_word' id='word_1_241' title='bbox 1200 1977 1569 2038; x_wconf 68' lang='lat' dir='ltr'><strong>circumlatae,</strong></span> <span class='ocrx_word' id='word_1_242' title='bbox 1633 1986 1689 2031; x_wconf 92' lang='lat' dir='ltr'><strong>ut</strong></span> <span class='ocrx_word' id='word_1_243' title='bbox 1717 1978 1838 2030; x_wconf 89' lang='lat' dir='ltr'><strong>sine</strong></span> 
     </span>
    </p>
   </div>
   <div class='ocr_carea' id='block_1_35' title="bbox 220 2068 1840 2138">
    <p class='ocr_par' dir='ltr' id='par_1_35' title="bbox 220 2068 1840 2138">
     <span class='ocr_line' id='line_1_35' title="bbox 220 2068 1840 2138; baseline -0.001 -16"><span class='ocrx_word' id='word_1_244' title='bbox 220 2069 426 2122; x_wconf 81' lang='lat' dir='ltr'><strong>auxilio</strong></span> <span class='ocrx_word' id='word_1_245' title='bbox 457 2068 591 2122; x_wconf 83' lang='lat' dir='ltr'><strong>fabri</strong></span> <span class='ocrx_word' id='word_1_246' title='bbox 649 2069 961 2122; x_wconf 89' lang='lat' dir='ltr'><strong>nullatenus</strong></span> <span class='ocrx_word' id='word_1_247' title='bbox 1020 2077 1244 2138; x_wconf 80' lang='lat' dir='ltr'><strong>possent</strong></span> <span class='ocrx_word' id='word_1_248' title='bbox 1299 2069 1506 2121; x_wconf 86' lang='lat' dir='ltr'><strong>divelli.</strong></span> <span class='ocrx_word' id='word_1_249' title='bbox 1573 2068 1676 2121; x_wconf 81' lang='lat' dir='ltr'><strong>llas</strong></span> <span class='ocrx_word' id='word_1_250' title='bbox 1709 2075 1840 2121; x_wconf 90' lang='lat' dir='ltr'><strong>tunc</strong></span> 
     </span>
    </p>
   </div>
   <div class='ocr_carea' id='block_1_36' title="bbox 225 2155 1846 2231">
    <p class='ocr_par' dir='ltr' id='par_1_36' title="bbox 225 2155 1846 2231">
     <span class='ocr_line' id='line_1_36' title="bbox 225 2155 1846 2231; baseline -0.002 -21"><span class='ocrx_word' id='word_1_251' title='bbox 225 2157 458 2210; x_wconf 89' lang='lat' dir='ltr'><strong>minimo</strong></span> <span class='ocrx_word' id='word_1_252' title='bbox 491 2168 722 2231; x_wconf 89' lang='lat' dir='ltr'><strong>tangens</strong></span> <span class='ocrx_word' id='word_1_253' title='bbox 774 2157 969 2228; x_wconf 80' lang='lat' dir='ltr'><strong>digito,</strong></span> <span class='ocrx_word' id='word_1_254' title='bbox 997 2157 1161 2209; x_wconf 76' lang='lat' dir='ltr'><strong>citius</strong></span> <span class='ocrx_word' id='word_1_255' title='bbox 1193 2157 1340 2209; x_wconf 87' lang='lat' dir='ltr'><strong>dicto</strong></span> <span class='ocrx_word' id='word_1_256' title='bbox 1370 2156 1629 2219; x_wconf 79' lang='lat' dir='ltr'><strong>excussit,</strong></span> <span class='ocrx_word' id='word_1_257' title='bbox 1674 2156 1746 2210; x_wconf 89' lang='lat' dir='ltr'><strong>ita</strong></span> <span class='ocrx_word' id='word_1_258' title='bbox 1778 2155 1846 2209; x_wconf 91' lang='lat' dir='ltr'><strong>ad</strong></span> 
     </span>
    </p>
   </div>
   <div class='ocr_carea' id='block_1_37' title="bbox 227 2251 1854 2322">
    <p class='ocr_par' dir='ltr' id='par_1_37' title="bbox 227 2251 1854 2322">
     <span class='ocr_line' id='line_1_37' title="bbox 227 2251 1854 2322; baseline 0.001 -19"><span class='ocrx_word' id='word_1_259' title='bbox 227 2252 599 2322; x_wconf 86' lang='lat' dir='ltr'><strong>presbiterum</strong></span> <span class='ocrx_word' id='word_1_260' title='bbox 657 2252 888 2305; x_wconf 89' lang='lat' dir='ltr'><strong>dicens:</strong></span> <span class='ocrx_word' id='word_1_261' title='bbox 931 2273 953 2301; x_wconf 86' lang='lat'>«</span> <span class='ocrx_word' id='word_1_262' title='bbox 988 2253 1183 2320; x_wconf 77' lang='lat' dir='ltr'><strong>Accipe</strong></span> <span class='ocrx_word' id='word_1_263' title='bbox 1232 2251 1327 2303; x_wconf 92' lang='lat' dir='ltr'><strong>tibi</strong></span> <span class='ocrx_word' id='word_1_264' title='bbox 1390 2252 1490 2304; x_wconf 90' lang='lat' dir='ltr'><strong>hoc</strong></span> <span class='ocrx_word' id='word_1_265' title='bbox 1538 2267 1754 2316; x_wconf 88' lang='lat' dir='ltr'><strong>aurum,</strong></span> <span class='ocrx_word' id='word_1_266' title='bbox 1797 2257 1854 2304; x_wconf 91' lang='lat' dir='ltr'><strong>et</strong></span> 
     </span>
    </p>
   </div>
   <div class='ocr_carea' id='block_1_38' title="bbox 226 2343 1855 2406">
    <p class='ocr_par' dir='ltr' id='par_1_38' title="bbox 226 2343 1855 2406">
     <span class='ocr_line' id='line_1_38' title="bbox 226 2343 1855 2406; baseline -0.002 -7"><span class='ocrx_word' id='word_1_267' title='bbox 226 2351 386 2399; x_wconf 89' lang='lat' dir='ltr'><strong>cauta</strong></span> <span class='ocrx_word' id='word_1_268' title='bbox 424 2345 644 2398; x_wconf 84' lang='lat' dir='ltr'><strong>missam</strong></span> <span class='ocrx_word' id='word_1_269' title='bbox 677 2344 983 2398; x_wconf 92' lang='lat' dir='ltr'><strong>animarum</strong></span> <span class='ocrx_word' id='word_1_270' title='bbox 1044 2365 1065 2391; x_wconf 85' lang='lat'><strong>»</strong></span> <span class='ocrx_word' id='word_1_271' title='bbox 1097 2343 1363 2406; x_wconf 83' lang='lat' dir='ltr'><strong>Quamdiu</strong></span> <span class='ocrx_word' id='word_1_272' title='bbox 1422 2343 1567 2395; x_wconf 91' lang='lat' dir='ltr'><strong>enim</strong></span> <span class='ocrx_word' id='word_1_273' title='bbox 1625 2359 1855 2396; x_wconf 91' lang='lat' dir='ltr'><strong>venera-</strong></span> 
     </span>
    </p>
   </div>
   <div class='ocr_carea' id='block_1_39' title="bbox 227 2433 1857 2506">
    <p class='ocr_par' dir='ltr' id='par_1_39' title="bbox 227 2433 1857 2506">
     <span class='ocr_line' id='line_1_39' title="bbox 227 2433 1857 2506; baseline -0.002 -16"><span class='ocrx_word' id='word_1_274' title='bbox 227 2436 357 2490; x_wconf 88' lang='lat' dir='ltr'><strong>bilis</strong></span> <span class='ocrx_word' id='word_1_275' title='bbox 385 2437 615 2490; x_wconf 93' lang='lat' dir='ltr'><strong>domina</strong></span> <span class='ocrx_word' id='word_1_276' title='bbox 643 2436 990 2506; x_wconf 88' lang='lat' dir='ltr'><strong>postmodum</strong></span> <span class='ocrx_word' id='word_1_277' title='bbox 1015 2434 1166 2497; x_wconf 82' lang='lat' dir='ltr'><strong>vixit,</strong></span> <span class='ocrx_word' id='word_1_278' title='bbox 1190 2434 1369 2486; x_wconf 91' lang='lat' dir='ltr'><strong>eidem</strong></span> <span class='ocrx_word' id='word_1_279' title='bbox 1402 2433 1713 2503; x_wconf 91' lang='lat' dir='ltr'><strong>presbitcro</strong></span> <span class='ocrx_word' id='word_1_280' title='bbox 1741 2450 1857 2487; x_wconf 86' lang='lat' dir='ltr'><strong>ma-</strong></span> 
     </span>
    </p>
   </div>
   <div class='ocr_carea' id='block_1_40' title="bbox 227 2521 1851 2597">
    <p class='ocr_par' dir='ltr' id='par_1_40' title="bbox 227 2521 1851 2597">
     <span class='ocr_line' id='line_1_40' title="bbox 227 2521 1851 2597; baseline -0.002 -19"><span class='ocrx_word' id='word_1_281' title='bbox 227 2541 392 2597; x_wconf 90' lang='lat' dir='ltr'><strong>gnam</strong></span> <span class='ocrx_word' id='word_1_282' title='bbox 434 2524 686 2578; x_wconf 80' lang='lat' dir='ltr'><strong>exhibuit</strong></span> <span class='ocrx_word' id='word_1_283' title='bbox 708 2524 964 2596; x_wconf 85' lang='lat' dir='ltr'><strong>gratiam,</strong></span> <span class='ocrx_word' id='word_1_284' title='bbox 995 2539 1295 2592; x_wconf 88' lang='lat' dir='ltr'><strong>numquam</strong></span> <span class='ocrx_word' id='word_1_285' title='bbox 1330 2523 1553 2576; x_wconf 89' lang='lat' dir='ltr'><strong>tradens</strong></span> <span class='ocrx_word' id='word_1_286' title='bbox 1584 2521 1851 2575; x_wconf 89' lang='lat' dir='ltr'><strong>oblivioni</strong></span> 
     </span>
    </p>
   </div>
   <div class='ocr_carea' id='block_1_41' title="bbox 227 2611 1855 2684">
    <p class='ocr_par' dir='ltr' id='par_1_41' title="bbox 227 2611 1855 2684">
     <span class='ocr_line' id='line_1_41' title="bbox 227 2611 1855 2684; baseline -0.002 -16"><span class='ocrx_word' id='word_1_287' title='bbox 227 2615 375 2684; x_wconf 89' lang='lat' dir='ltr'><strong>quod</strong></span> <span class='ocrx_word' id='word_1_288' title='bbox 436 2613 667 2684; x_wconf 89' lang='lat' dir='ltr'><strong>primam</strong></span> <span class='ocrx_word' id='word_1_289' title='bbox 711 2613 929 2666; x_wconf 86' lang='lat' dir='ltr'><strong>missam</strong></span> <span class='ocrx_word' id='word_1_290' title='bbox 991 2611 1379 2665; x_wconf 89' lang='lat' dir='ltr'><strong>decantaverat</strong></span> <span class='ocrx_word' id='word_1_291' title='bbox 1441 2612 1639 2664; x_wconf 71' lang='lat' dir='ltr'><strong>animze</strong></span> <span class='ocrx_word' id='word_1_292' title='bbox 1710 2612 1855 2684; x_wconf 81' lang='lat' dir='ltr'><strong>regis</strong></span> 
     </span>
    </p>
   </div>
   <div class='ocr_carea' id='block_1_42' title="bbox 231 2700 1853 2770">
    <p class='ocr_par' dir='ltr' id='par_1_42' title="bbox 231 2700 1853 2770">
     <span class='ocr_line' id='line_1_42' title="bbox 231 2700 1853 2770; baseline -0.002 -13"><span class='ocrx_word' id='word_1_293' title='bbox 231 2702 513 2766; x_wconf 82' lang='lat' dir='ltr'><strong>Heinrici;</strong></span> <span class='ocrx_word' id='word_1_294' title='bbox 557 2712 611 2756; x_wconf 90' lang='lat' dir='ltr'><strong>et</strong></span> <span class='ocrx_word' id='word_1_295' title='bbox 641 2702 711 2756; x_wconf 93' lang='lat' dir='ltr'><strong>ob</strong></span> <span class='ocrx_word' id='word_1_296' title='bbox 763 2718 1063 2755; x_wconf 87' lang='lat' dir='ltr'><strong>memorem</strong></span> <span class='ocrx_word' id='word_1_297' title='bbox 1123 2716 1342 2754; x_wconf 88' lang='lat' dir='ltr'><strong>causam</strong></span> <span class='ocrx_word' id='word_1_298' title='bbox 1403 2701 1567 2768; x_wconf 87' lang='lat' dir='ltr'><strong>hujus</strong></span> <span class='ocrx_word' id='word_1_299' title='bbox 1590 2700 1711 2754; x_wconf 90' lang='lat' dir='ltr'><strong>facti</strong></span> <span class='ocrx_word' id='word_1_300' title='bbox 1749 2701 1853 2770; x_wconf 89' lang='lat' dir='ltr'><strong>ipsi</strong></span> 
     </span>
    </p>
   </div>
   <div class='ocr_carea' id='block_1_43' title="bbox 230 2791 1852 2866">
    <p class='ocr_par' dir='ltr' id='par_1_43' title="bbox 230 2791 1852 2866">
     <span class='ocr_line' id='line_1_43' title="bbox 230 2791 1852 2866; baseline -0.002 -17"><span class='ocrx_word' id='word_1_301' title='bbox 230 2795 545 2866; x_wconf 87' lang='lat' dir='ltr'><strong>impetravit</strong></span> <span class='ocrx_word' id='word_1_302' title='bbox 577 2793 1288 2866; x_wconf 85' lang='lat' dir='ltr'><strong>episcopalemdignitatem</strong></span> <span class='ocrx_word' id='word_1_303' title='bbox 1312 2794 1354 2826; x_wconf 73' lang='grc'><strong>³⁸</strong></span> <span class='ocrx_word' id='word_1_304' title='bbox 1381 2794 1481 2861; x_wconf 51' lang='grc' dir='ltr'><strong>ξεῖ)</strong></span> <span class='ocrx_word' id='word_1_305' title='bbox 1506 2793 1650 2862; x_wconf 91' lang='lat' dir='ltr'><strong>apud</strong></span> <span class='ocrx_word' id='word_1_306' title='bbox 1683 2791 1852 2846; x_wconf 90' lang='lat' dir='ltr'><strong>ﬁlium</strong></span> 
     </span>
    </p>
   </div>
   <div class='ocr_carea' id='block_1_44' title="bbox 230 2885 1853 2942">
    <p class='ocr_par' dir='ltr' id='par_1_44' title="bbox 230 2885 1853 2942">
     <span class='ocr_line' id='line_1_44' title="bbox 230 2885 1853 2942; baseline -0.002 0"><span class='ocrx_word' id='word_1_307' title='bbox 230 2904 394 2942; x_wconf 90' lang='lat' dir='ltr'><strong>suum</strong></span> <span class='ocrx_word' id='word_1_308' title='bbox 429 2888 678 2941; x_wconf 90' lang='lat' dir='ltr'><strong>Ottonem</strong></span> <span class='ocrx_word' id='word_1_309' title='bbox 739 2886 867 2940; x_wconf 89' lang='lat' dir='ltr'><strong>Cum</strong></span> <span class='ocrx_word' id='word_1_310' title='bbox 900 2894 1082 2939; x_wconf 91' lang='lat' dir='ltr'><strong>autem</strong></span> <span class='ocrx_word' id='word_1_311' title='bbox 1139 2886 1290 2939; x_wconf 90' lang='lat' dir='ltr'><strong>ﬁnita</strong></span> <span class='ocrx_word' id='word_1_312' title='bbox 1335 2893 1480 2939; x_wconf 88' lang='lat' dir='ltr'><strong>esset</strong></span> <span class='ocrx_word' id='word_1_313' title='bbox 1521 2885 1686 2939; x_wconf 91' lang='lat' dir='ltr'><strong>missa</strong></span> <span class='ocrx_word' id='word_1_314' title='bbox 1726 2886 1853 2939; x_wconf 87' lang='lat' dir='ltr'><strong>ani—</strong></span> 
     </span>
    </p>
   </div>
   <div class='ocr_carea' id='block_1_45' title="bbox 232 2973 1858 3050">
    <p class='ocr_par' dir='ltr' id='par_1_45' title="bbox 232 2973 1858 3050">
     <span class='ocr_line' id='line_1_45' title="bbox 232 2973 1858 3050; baseline -0.001 -20"><span class='ocrx_word' id='word_1_315' title='bbox 232 2993 468 3043; x_wconf 90' lang='lat' dir='ltr'><strong>marum,</strong></span> <span class='ocrx_word' id='word_1_316' title='bbox 505 2975 694 3050; x_wconf 82' lang='lat' dir='ltr'><strong>regina</strong></span> <span class='ocrx_word' id='word_1_317' title='bbox 724 2977 861 3028; x_wconf 81' lang='lat' dir='ltr'><strong>flens</strong></span> <span class='ocrx_word' id='word_1_318' title='bbox 895 2974 1115 3029; x_wconf 90' lang='lat' dir='ltr'><strong>intravit</strong></span> <span class='ocrx_word' id='word_1_319' title='bbox 1145 2974 1480 3038; x_wconf 90' lang='lat' dir='ltr'><strong>cubiculum,</strong></span> <span class='ocrx_word' id='word_1_320' title='bbox 1517 2973 1611 3027; x_wconf 90' lang='lat' dir='ltr'><strong>ubi</strong></span> <span class='ocrx_word' id='word_1_321' title='bbox 1639 2973 1858 3039; x_wconf 91' lang='lat' dir='ltr'><strong>jaeebat</strong></span> 
     </span>
    </p>
   </div>
   <div class='ocr_carea' id='block_1_46' title="bbox 231 3062 1862 3135">
    <p class='ocr_par' dir='ltr' id='par_1_46' title="bbox 231 3062 1862 3135">
     <span class='ocr_line' id='line_1_46' title="bbox 231 3062 1862 3135; baseline -0.002 -16"><span class='ocrx_word' id='word_1_322' title='bbox 231 3081 437 3135; x_wconf 82' lang='lat' dir='ltr'><strong>corpus</strong></span> <span class='ocrx_word' id='word_1_323' title='bbox 467 3070 835 3128; x_wconf 87' lang='lat' dir='ltr'><strong>mortuum,et</strong></span> <span class='ocrx_word' id='word_1_324' title='bbox 865 3065 1010 3116; x_wconf 89' lang='lat' dir='ltr'><strong>intus</strong></span> <span class='ocrx_word' id='word_1_325' title='bbox 1051 3062 1262 3118; x_wconf 88' lang='lat' dir='ltr'><strong>invenit</strong></span> <span class='ocrx_word' id='word_1_326' title='bbox 1307 3062 1516 3135; x_wconf 85' lang='lat' dir='ltr'><strong>regales</strong></span> <span class='ocrx_word' id='word_1_327' title='bbox 1547 3062 1689 3115; x_wconf 91' lang='lat' dir='ltr'><strong>ﬁlios</strong></span> <span class='ocrx_word' id='word_1_328' title='bbox 1722 3063 1862 3116; x_wconf 90' lang='lat' dir='ltr'><strong>mul-</strong></span> 
     </span>
    </p>
   </div>
   <div class='ocr_carea' id='block_1_47' title="bbox 1940 1792 3568 1867">
    <p class='ocr_par' dir='ltr' id='par_1_47' title="bbox 1940 1792 3568 1867">
     <span class='ocr_line' id='line_1_47' title="bbox 1940 1792 3568 1867; baseline 0.005 -23"><span class='ocrx_word' id='word_1_329' title='bbox 1940 1792 2220 1854; x_wconf 86' lang='lat' dir='ltr'><strong>dicabant,</strong></span> <span class='ocrx_word' id='word_1_330' title='bbox 2252 1794 2564 1848; x_wconf 85' lang='lat' dir='ltr'><strong>Heinricum</strong></span> <span class='ocrx_word' id='word_1_331' title='bbox 2601 1812 2770 1866; x_wconf 88' lang='lat' dir='ltr'><strong>regno</strong></span> <span class='ocrx_word' id='word_1_332' title='bbox 2802 1797 2988 1866; x_wconf 90' lang='lat' dir='ltr'><strong>potiri,</strong></span> <span class='ocrx_word' id='word_1_333' title='bbox 3039 1799 3166 1867; x_wconf 91' lang='lat' dir='ltr'><strong>quia</strong></span> <span class='ocrx_word' id='word_1_334' title='bbox 3230 1808 3393 1852; x_wconf 90' lang='lat' dir='ltr'><strong>natus</strong></span> <span class='ocrx_word' id='word_1_335' title='bbox 3423 1807 3568 1852; x_wconf 90' lang='lat' dir='ltr'><strong>esset</strong></span> 
     </span>
    </p>
   </div>
   <div class='ocr_carea' id='block_1_48' title="bbox 1941 1884 3568 1958">
    <p class='ocr_par' dir='ltr' id='par_1_48' title="bbox 1941 1884 3568 1958">
     <span class='ocr_line' id='line_1_48' title="bbox 1941 1884 3568 1958; baseline 0.003 -21"><span class='ocrx_word' id='word_1_336' title='bbox 1941 1884 1995 1937; x_wconf 91' lang='lat' dir='ltr'><strong>in</strong></span> <span class='ocrx_word' id='word_1_337' title='bbox 2027 1885 2148 1938; x_wconf 88' lang='lat' dir='ltr'><strong>aula</strong></span> <span class='ocrx_word' id='word_1_338' title='bbox 2191 1886 2359 1958; x_wconf 88' lang='lat' dir='ltr'><strong>regali</strong></span> <span class='ocrx_word' id='word_1_339' title='bbox 2393 1904 2406 1948; x_wconf 85' lang='lat'><strong>;</strong></span> <span class='ocrx_word' id='word_1_340' title='bbox 2440 1887 2530 1940; x_wconf 90' lang='lat' dir='ltr'><strong>alii</strong></span> <span class='ocrx_word' id='word_1_341' title='bbox 2563 1904 2692 1942; x_wconf 90' lang='lat' dir='ltr'><strong>vero</strong></span> <span class='ocrx_word' id='word_1_342' title='bbox 2725 1888 3117 1942; x_wconf 87' lang='lat' dir='ltr'><strong>desiderabant</strong></span> <span class='ocrx_word' id='word_1_343' title='bbox 3141 1889 3394 1943; x_wconf 90' lang='lat' dir='ltr'><strong>Ottonem</strong></span> <span class='ocrx_word' id='word_1_344' title='bbox 3430 1905 3568 1958; x_wconf 85' lang='lat' dir='ltr'><strong>pos-</strong></span> 
     </span>
    </p>
   </div>
   <div class='ocr_carea' id='block_1_49' title="bbox 1939 1973 3572 2046">
    <p class='ocr_par' dir='ltr' id='par_1_49' title="bbox 1939 1973 3572 2046">
     <span class='ocr_line' id='line_1_49' title="bbox 1939 1973 3572 2046; baseline 0.002 -20"><span class='ocrx_word' id='word_1_345' title='bbox 1939 1973 2120 2027; x_wconf 89' lang='lat' dir='ltr'><strong>sidere</strong></span> <span class='ocrx_word' id='word_1_346' title='bbox 2155 1974 2496 2044; x_wconf 90' lang='lat' dir='ltr'><strong>principatus</strong></span> <span class='ocrx_word' id='word_1_347' title='bbox 2528 1977 2816 2040; x_wconf 89' lang='lat' dir='ltr'><strong>honorem,</strong></span> <span class='ocrx_word' id='word_1_348' title='bbox 2871 1977 3000 2046; x_wconf 88' lang='lat' dir='ltr'><strong>quia</strong></span> <span class='ocrx_word' id='word_1_349' title='bbox 3031 1984 3189 2031; x_wconf 55' lang='lat' dir='ltr'><strong>relate</strong></span> <span class='ocrx_word' id='word_1_350' title='bbox 3217 1985 3362 2031; x_wconf 89' lang='lat' dir='ltr'><strong>esset</strong></span> <span class='ocrx_word' id='word_1_351' title='bbox 3395 1977 3572 2043; x_wconf 87' lang='lat' dir='ltr'><strong>major</strong></span> 
     </span>
    </p>
   </div>
   <div class='ocr_carea' id='block_1_50' title="bbox 1945 2062 3570 2136">
    <p class='ocr_par' dir='ltr' id='par_1_50' title="bbox 1945 2062 3570 2136">
     <span class='ocr_line' id='line_1_50' title="bbox 1945 2062 3570 2136; baseline 0.001 -21"><span class='ocrx_word' id='word_1_352' title='bbox 1945 2069 2000 2116; x_wconf 86' lang='lat' dir='ltr'><strong>et</strong></span> <span class='ocrx_word' id='word_1_353' title='bbox 2029 2062 2264 2116; x_wconf 91' lang='lat' dir='ltr'><strong>consilio</strong></span> <span class='ocrx_word' id='word_1_354' title='bbox 2319 2065 2714 2133; x_wconf 82' lang='lat' dir='ltr'><strong>providentior.</strong></span> <span class='ocrx_word' id='word_1_355' title='bbox 2768 2064 2906 2129; x_wconf 88' lang='lat' dir='ltr'><strong>Quid</strong></span> <span class='ocrx_word' id='word_1_356' title='bbox 2976 2065 3176 2134; x_wconf 81' lang='lat' dir='ltr'><strong>plura?</strong></span> <span class='ocrx_word' id='word_1_357' title='bbox 3233 2067 3570 2136; x_wconf 89' lang='lat' dir='ltr'><strong>Disponente</strong></span> 
     </span>
    </p>
   </div>
   <div class='ocr_carea' id='block_1_51' title="bbox 1952 2157 3569 2230">
    <p class='ocr_par' dir='ltr' id='par_1_51' title="bbox 1952 2157 3569 2230">
     <span class='ocr_line' id='line_1_51' title="bbox 1952 2157 3569 2230; baseline 0.001 -20"><span class='ocrx_word' id='word_1_358' title='bbox 1952 2157 2296 2226; x_wconf 84' lang='lat' dir='ltr'><strong>providentia</strong></span> <span class='ocrx_word' id='word_1_359' title='bbox 2360 2157 2474 2218; x_wconf 86' lang='lat' dir='ltr'><strong>Dei,</strong></span> <span class='ocrx_word' id='word_1_360' title='bbox 2516 2166 2794 2226; x_wconf 89' lang='lat' dir='ltr'><strong>sceptrum</strong></span> <span class='ocrx_word' id='word_1_361' title='bbox 2855 2157 3141 2230; x_wconf 87' lang='lat' dir='ltr'><strong>regiminis</strong></span> <span class='ocrx_word' id='word_1_362' title='bbox 3177 2159 3342 2212; x_wconf 90' lang='lat' dir='ltr'><strong>cessit</strong></span> <span class='ocrx_word' id='word_1_363' title='bbox 3392 2159 3569 2213; x_wconf 87' lang='lat' dir='ltr'><strong>Ottoni</strong></span> 
     </span>
    </p>
   </div>
   <div class='ocr_carea' id='block_1_52' title="bbox 1957 2246 3571 2318">
    <p class='ocr_par' dir='ltr' id='par_1_52' title="bbox 1957 2246 3571 2318">
     <span class='ocr_line' id='line_1_52' title="bbox 1957 2246 3571 2318; baseline 0.001 -19"><span class='ocrx_word' id='word_1_364' title='bbox 1957 2248 2123 2311; x_wconf 83' lang='lat' dir='ltr'><strong>(Aug.</strong></span> <span class='ocrx_word' id='word_1_365' title='bbox 2152 2247 2223 2312; x_wconf 77' lang='lat'><strong>8).</strong></span> <span class='ocrx_word' id='word_1_366' title='bbox 2261 2246 2392 2299; x_wconf 92' lang='lat' dir='ltr'><strong>Inde</strong></span> <span class='ocrx_word' id='word_1_367' title='bbox 2425 2246 2598 2316; x_wconf 86' lang='lat' dir='ltr'><strong>magis</strong></span> <span class='ocrx_word' id='word_1_368' title='bbox 2637 2263 2700 2299; x_wconf 93' lang='lat' dir='ltr'><strong>ac</strong></span> <span class='ocrx_word' id='word_1_369' title='bbox 2722 2247 2896 2318; x_wconf 88' lang='lat' dir='ltr'><strong>magis</strong></span> <span class='ocrx_word' id='word_1_370' title='bbox 2928 2247 3070 2299; x_wconf 89' lang='lat' dir='ltr'><strong>inter</strong></span> <span class='ocrx_word' id='word_1_371' title='bbox 3118 2246 3313 2300; x_wconf 81' lang='lat' dir='ltr'><strong>fratres</strong></span> <span class='ocrx_word' id='word_1_372' title='bbox 3373 2262 3571 2301; x_wconf 88' lang='lat' dir='ltr'><strong>conva-</strong></span> 
     </span>
    </p>
   </div>
   <div class='ocr_carea' id='block_1_53' title="bbox 1958 2337 3570 2408">
    <p class='ocr_par' dir='ltr' id='par_1_53' title="bbox 1958 2337 3570 2408">
     <span class='ocr_line' id='line_1_53' title="bbox 1958 2337 3570 2408; baseline -0.001 -17"><span class='ocrx_word' id='word_1_373' title='bbox 1958 2337 2510 2400; x_wconf 85' lang='lat' dir='ltr'><strong>lescebatdiseordia,</strong></span> <span class='ocrx_word' id='word_1_374' title='bbox 2571 2354 2692 2408; x_wconf 68' lang='lat' dir='ltr'><strong>quae</strong></span> <span class='ocrx_word' id='word_1_375' title='bbox 2747 2337 2890 2391; x_wconf 90' lang='lat' dir='ltr'><strong>inter</strong></span> <span class='ocrx_word' id='word_1_376' title='bbox 2947 2338 3094 2407; x_wconf 91' lang='lat' dir='ltr'><strong>ipsos</strong></span> <span class='ocrx_word' id='word_1_377' title='bbox 3147 2338 3465 2393; x_wconf 89' lang='lat' dir='ltr'><strong>versabatur</strong></span> <span class='ocrx_word' id='word_1_378' title='bbox 3503 2338 3570 2392; x_wconf 92' lang='lat' dir='ltr'><strong>ab</strong></span> 
     </span>
    </p>
   </div>
   <div class='ocr_carea' id='block_1_54' title="bbox 1955 2424 3571 2496">
    <p class='ocr_par' dir='ltr' id='par_1_54' title="bbox 1955 2424 3571 2496">
     <span class='ocr_line' id='line_1_54' title="bbox 1955 2424 3571 2496; baseline 0 -17"><span class='ocrx_word' id='word_1_379' title='bbox 1955 2425 2205 2479; x_wconf 86' lang='lat' dir='ltr'><strong>infantia.</strong></span> <span class='ocrx_word' id='word_1_380' title='bbox 2264 2425 2492 2478; x_wconf 84' lang='lat' dir='ltr'><strong>Assidue</strong></span> <span class='ocrx_word' id='word_1_381' title='bbox 2553 2425 2850 2496; x_wconf 85' lang='lat' dir='ltr'><strong>litigantes,</strong></span> <span class='ocrx_word' id='word_1_382' title='bbox 2893 2425 2966 2477; x_wconf 91' lang='lat' dir='ltr'><strong>nil</strong></span> <span class='ocrx_word' id='word_1_383' title='bbox 3036 2424 3326 2494; x_wconf 83' lang='lat' dir='ltr'><strong>pacificum</strong></span> <span class='ocrx_word' id='word_1_384' title='bbox 3380 2433 3571 2479; x_wconf 92' lang='lat' dir='ltr'><strong>mutuo</strong></span> 
     </span>
    </p>
   </div>
   <div class='ocr_carea' id='block_1_55' title="bbox 1956 2515 3574 2589">
    <p class='ocr_par' dir='ltr' id='par_1_55' title="bbox 1956 2515 3574 2589">
     <span class='ocr_line' id='line_1_55' title="bbox 1956 2515 3574 2589; baseline 0 -20"><span class='ocrx_word' id='word_1_385' title='bbox 1956 2517 2340 2586; x_wconf 91' lang='lat' dir='ltr'><strong>loquebantur.</strong></span> <span class='ocrx_word' id='word_1_386' title='bbox 2375 2515 2522 2570; x_wconf 90' lang='lat' dir='ltr'><strong>Tunc</strong></span> <span class='ocrx_word' id='word_1_387' title='bbox 2548 2517 2731 2589; x_wconf 89' lang='lat' dir='ltr'><strong>regius</strong></span> <span class='ocrx_word' id='word_1_388' title='bbox 2776 2515 3000 2582; x_wconf 83' lang='lat' dir='ltr'><strong>juvenis</strong></span> <span class='ocrx_word' id='word_1_389' title='bbox 3056 2516 3347 2570; x_wconf 90' lang='lat' dir='ltr'><strong>Hcinricus</strong></span> <span class='ocrx_word' id='word_1_390' title='bbox 3403 2517 3574 2570; x_wconf 89' lang='lat' dir='ltr'><strong>multa</strong></span> 
     </span>
    </p>
   </div>
   <div class='ocr_carea' id='block_1_56' title="bbox 1955 2606 3574 2676">
    <p class='ocr_par' dir='ltr' id='par_1_56' title="bbox 1955 2606 3574 2676">
     <span class='ocr_line' id='line_1_56' title="bbox 1955 2606 3574 2676; baseline 0 -16"><span class='ocrx_word' id='word_1_391' title='bbox 1955 2607 2213 2660; x_wconf 88' lang='lat' dir='ltr'><strong>sustinuit</strong></span> <span class='ocrx_word' id='word_1_392' title='bbox 2266 2607 2514 2669; x_wconf 88' lang='lat' dir='ltr'><strong>adversa,</strong></span> <span class='ocrx_word' id='word_1_393' title='bbox 2573 2621 2694 2676; x_wconf 68' lang='lat' dir='ltr'><strong>quae</strong></span> <span class='ocrx_word' id='word_1_394' title='bbox 2724 2606 2911 2660; x_wconf 89' lang='lat' dir='ltr'><strong>inclita</strong></span> <span class='ocrx_word' id='word_1_395' title='bbox 2968 2613 3140 2660; x_wconf 91' lang='lat' dir='ltr'><strong>mater</strong></span> <span class='ocrx_word' id='word_1_396' title='bbox 3171 2614 3397 2660; x_wconf 90' lang='lat' dir='ltr'><strong>econtra</strong></span> <span class='ocrx_word' id='word_1_397' title='bbox 3425 2607 3574 2660; x_wconf 90' lang='lat' dir='ltr'><strong>salu-</strong></span> 
     </span>
    </p>
   </div>
   <div class='ocr_carea' id='block_1_57' title="bbox 1958 2697 3576 2768">
    <p class='ocr_par' dir='ltr' id='par_1_57' title="bbox 1958 2697 3576 2768">
     <span class='ocr_line' id='line_1_57' title="bbox 1958 2697 3576 2768; baseline -0.001 -16"><span class='ocrx_word' id='word_1_398' title='bbox 1958 2699 2164 2754; x_wconf 91' lang='lat' dir='ltr'><strong>taribus</strong></span> <span class='ocrx_word' id='word_1_399' title='bbox 2201 2698 2511 2768; x_wconf 89' lang='lat' dir='ltr'><strong>disciplinis</strong></span> <span class='ocrx_word' id='word_1_400' title='bbox 2534 2698 2741 2763; x_wconf 90' lang='lat' dir='ltr'><strong>lenivit,</strong></span> <span class='ocrx_word' id='word_1_401' title='bbox 2771 2707 2824 2751; x_wconf 90' lang='lat' dir='ltr'><strong>et</strong></span> <span class='ocrx_word' id='word_1_402' title='bbox 2863 2697 3058 2752; x_wconf 89' lang='lat' dir='ltr'><strong>sedulo</strong></span> <span class='ocrx_word' id='word_1_403' title='bbox 3093 2697 3397 2752; x_wconf 90' lang='lat' dir='ltr'><strong>ammonuit</strong></span> <span class='ocrx_word' id='word_1_404' title='bbox 3426 2697 3576 2751; x_wconf 87' lang='lat' dir='ltr'><strong>Scri-</strong></span> 
     </span>
    </p>
   </div>
   <div class='ocr_carea' id='block_1_58' title="bbox 1960 2787 3574 2861">
    <p class='ocr_par' dir='ltr' id='par_1_58' title="bbox 1960 2787 3574 2861">
     <span class='ocr_line' id='line_1_58' title="bbox 1960 2787 3574 2861; baseline -0.001 -19"><span class='ocrx_word' id='word_1_405' title='bbox 1960 2796 2132 2858; x_wconf 66' lang='lat' dir='ltr'><strong>ptura:</strong></span> <span class='ocrx_word' id='word_1_406' title='bbox 2159 2788 2392 2842; x_wconf 89' lang='lat' dir='ltr'><strong>dicentis</strong></span> <span class='ocrx_word' id='word_1_407' title='bbox 2426 2805 2438 2839; x_wconf 76' lang='grc' dir='ltr'><strong>ε</strong></span> <span class='ocrx_word' id='word_1_408' title='bbox 2489 2809 2506 2835; x_wconf 77' lang='grc' dir='ltr'>α</span> <span class='ocrx_word' id='word_1_409' title='bbox 2531 2788 2698 2851; x_wconf 83' lang='lat' dir='ltr'><strong>Quem</strong></span> <span class='ocrx_word' id='word_1_410' title='bbox 2723 2788 2871 2841; x_wconf 90' lang='lat' dir='ltr'><strong>enim</strong></span> <span class='ocrx_word' id='word_1_411' title='bbox 2925 2787 3104 2861; x_wconf 82' lang='lat' dir='ltr'><strong>diligit</strong></span> <span class='ocrx_word' id='word_1_412' title='bbox 3139 2788 3423 2853; x_wconf 89' lang='lat' dir='ltr'><strong>Dominus,</strong></span> <span class='ocrx_word' id='word_1_413' title='bbox 3449 2803 3574 2842; x_wconf 90' lang='lat' dir='ltr'><strong>cor-</strong></span> 
     </span>
    </p>
   </div>
   <div class='ocr_carea' id='block_1_59' title="bbox 1959 2878 3572 2950">
    <p class='ocr_par' dir='ltr' id='par_1_59' title="bbox 1959 2878 3572 2950">
     <span class='ocr_line' id='line_1_59' title="bbox 1959 2878 3572 2950; baseline -0.001 -17"><span class='ocrx_word' id='word_1_414' title='bbox 1959 2880 2108 2950; x_wconf 91' lang='lat' dir='ltr'><strong>ripit,</strong></span> <span class='ocrx_word' id='word_1_415' title='bbox 2139 2886 2191 2933; x_wconf 89' lang='lat' dir='ltr'><strong>et</strong></span> <span class='ocrx_word' id='word_1_416' title='bbox 2248 2878 2403 2950; x_wconf 91' lang='lat' dir='ltr'><strong>quasi</strong></span> <span class='ocrx_word' id='word_1_417' title='bbox 2457 2886 2608 2949; x_wconf 90' lang='lat' dir='ltr'><strong>pater</strong></span> <span class='ocrx_word' id='word_1_418' title='bbox 2658 2879 2713 2931; x_wconf 91' lang='lat' dir='ltr'><strong>in</strong></span> <span class='ocrx_word' id='word_1_419' title='bbox 2781 2878 2894 2932; x_wconf 92' lang='lat' dir='ltr'><strong>ﬁlio</strong></span> <span class='ocrx_word' id='word_1_420' title='bbox 2919 2879 3222 2948; x_wconf 87' lang='lat' dir='ltr'><strong>complacct</strong></span> <span class='ocrx_word' id='word_1_421' title='bbox 3259 2878 3363 2931; x_wconf 89' lang='lat' dir='ltr'><strong>sibi</strong></span> <span class='ocrx_word' id='word_1_422' title='bbox 3398 2881 3572 2948; x_wconf 68' lang='lat' dir='ltr'><strong>(Prov.</strong></span> 
     </span>
    </p>
   </div>
   <div class='ocr_carea' id='block_1_60' title="bbox 1962 2967 3581 3039">
    <p class='ocr_par' dir='ltr' id='par_1_60' title="bbox 1962 2967 3581 3039">
     <span class='ocr_line' id='line_1_60' title="bbox 1962 2967 3581 3039; baseline 0 -18"><span class='ocrx_word' id='word_1_423' title='bbox 1962 2985 2041 3028; x_wconf 85' lang='grc' dir='ltr'><strong>ιιι,</strong></span> <span class='ocrx_word' id='word_1_424' title='bbox 2080 2968 2194 3036; x_wconf 69' lang='lat'><strong>1&#39;2).</strong></span> <span class='ocrx_word' id='word_1_425' title='bbox 2236 2990 2254 3016; x_wconf 72' lang='grc' dir='ltr'><strong>ι</strong></span> <span class='ocrx_word' id='word_1_426' title='bbox 2294 2967 2384 3020; x_wconf 84' lang='lat' dir='ltr'><strong>llic</strong></span> <span class='ocrx_word' id='word_1_427' title='bbox 2425 2967 2592 3021; x_wconf 90' lang='lat' dir='ltr'><strong>multa</strong></span> <span class='ocrx_word' id='word_1_428' title='bbox 2637 2970 2706 3020; x_wconf 90' lang='lat' dir='ltr'><strong>de</strong></span> <span class='ocrx_word' id='word_1_429' title='bbox 2761 2967 3027 3039; x_wconf 86' lang='lat' dir='ltr'><strong>angustiis</strong></span> <span class='ocrx_word' id='word_1_430' title='bbox 3078 2967 3198 3034; x_wconf 91' lang='lat' dir='ltr'><strong>ejus</strong></span> <span class='ocrx_word' id='word_1_431' title='bbox 3251 2967 3581 3036; x_wconf 65' lang='lat' dir='ltr'><strong>praetermit-</strong></span> 
     </span>
    </p>
   </div>
   <div class='ocr_carea' id='block_1_61' title="bbox 1915 3061 3583 3134">
    <p class='ocr_par' dir='ltr' id='par_1_61' title="bbox 1915 3061 3583 3134">
     <span class='ocr_line' id='line_1_61' title="bbox 1915 3061 3583 3134; baseline -0.001 -16"><span class='ocrx_word' id='word_1_432' title='bbox 1915 3100 1933 3118; x_wconf 60' lang='grc' dir='ltr'><strong>η</strong></span> <span class='ocrx_word' id='word_1_433' title='bbox 1964 3071 2172 3128; x_wconf 90' lang='lat' dir='ltr'><strong>tuntur,</strong></span> <span class='ocrx_word' id='word_1_434' title='bbox 2206 3078 2337 3132; x_wconf 84' lang='lat' dir='ltr'><strong>quia</strong></span> <span class='ocrx_word' id='word_1_435' title='bbox 2352 3062 2396 3116; x_wconf 93' lang='lat' dir='ltr'><strong>si</strong></span> <span class='ocrx_word' id='word_1_436' title='bbox 2430 3078 2530 3132; x_wconf 90' lang='lat' dir='ltr'><strong>per</strong></span> <span class='ocrx_word' id='word_1_437' title='bbox 2559 3061 2775 3134; x_wconf 88' lang='lat' dir='ltr'><strong>singula</strong></span> <span class='ocrx_word' id='word_1_438' title='bbox 2825 3063 3197 3128; x_wconf 87' lang='lat' dir='ltr'><strong>volverentur,</strong></span> <span class='ocrx_word' id='word_1_439' title='bbox 3229 3062 3583 3116; x_wconf 87' lang='lat' dir='ltr'><strong>narrantibus</strong></span> 
     </span>
    </p>
   </div>
   <div class='ocr_carea' id='block_1_62' title="bbox 233 3146 3584 3225">
    <p class='ocr_par' dir='ltr' id='par_1_62' title="bbox 233 3146 3584 3225">
     <span class='ocr_line' id='line_1_62' title="bbox 233 3146 3584 3225; baseline -0.002 -14"><span class='ocrx_word' id='word_1_440' title='bbox 233 3165 346 3211; x_wconf 91' lang='lat' dir='ltr'><strong>tum</strong></span> <span class='ocrx_word' id='word_1_441' title='bbox 378 3157 748 3218; x_wconf 80' lang='lat' dir='ltr'><strong>lacrimantes,</strong></span> <span class='ocrx_word' id='word_1_442' title='bbox 804 3155 1080 3225; x_wconf 84' lang='lat' dir='ltr'><strong>simulque</strong></span> <span class='ocrx_word' id='word_1_443' title='bbox 1112 3171 1234 3207; x_wconf 93' lang='lat' dir='ltr'><strong>cum</strong></span> <span class='ocrx_word' id='word_1_444' title='bbox 1269 3155 1350 3206; x_wconf 81' lang='lat' dir='ltr'><strong>eis</strong></span> <span class='ocrx_word' id='word_1_445' title='bbox 1401 3171 1596 3208; x_wconf 90' lang='lat' dir='ltr'><strong>omnes</strong></span> <span class='ocrx_word' id='word_1_446' title='bbox 1621 3154 1855 3208; x_wconf 92' lang='lat' dir='ltr'><strong>militum</strong></span> <span class='ocrx_word' id='word_1_447' title='bbox 1891 3146 1903 3158; x_wconf 79' lang='grc'>’</span> <span class='ocrx_word' id='word_1_448' title='bbox 1926 3146 1934 3159; x_wconf 80' lang='grc'><em>’</em></span> <span class='ocrx_word' id='word_1_449' title='bbox 1959 3152 2120 3206; x_wconf 88' lang='lat' dir='ltr'><strong>simul</strong></span> <span class='ocrx_word' id='word_1_450' title='bbox 2143 3161 2197 3205; x_wconf 90' lang='lat' dir='ltr'><strong>et</strong></span> <span class='ocrx_word' id='word_1_451' title='bbox 2230 3153 2543 3225; x_wconf 87' lang='lat' dir='ltr'><strong>legentibus</strong></span> <span class='ocrx_word' id='word_1_452' title='bbox 2576 3153 2782 3222; x_wconf 88' lang='lat' dir='ltr'><strong>prolixa</strong></span> <span class='ocrx_word' id='word_1_453' title='bbox 2824 3153 3161 3207; x_wconf 87' lang='lat' dir='ltr'><strong>viderentur.</strong></span> <span class='ocrx_word' id='word_1_454' title='bbox 3192 3153 3430 3207; x_wconf 86' lang='lat' dir='ltr'><strong>Tandem</strong></span> <span class='ocrx_word' id='word_1_455' title='bbox 3467 3169 3584 3206; x_wconf 89' lang='lat' dir='ltr'><strong>me-</strong></span> 
     </span>
    </p>
   </div>
   <div class='ocr_carea' id='block_1_63' title="bbox 233 3246 1857 3319">
    <p class='ocr_par' dir='ltr' id='par_1_63' title="bbox 233 3246 1857 3319">
     <span class='ocr_line' id='line_1_63' title="bbox 233 3246 1857 3319; baseline -0.002 -17"><span class='ocrx_word' id='word_1_456' title='bbox 233 3249 536 3319; x_wconf 89' lang='lat' dir='ltr'><strong>principes.</strong></span> <span class='ocrx_word' id='word_1_457' title='bbox 582 3248 703 3301; x_wconf 83' lang='lat' dir='ltr'><strong>Haec</strong></span> <span class='ocrx_word' id='word_1_458' title='bbox 721 3247 928 3301; x_wconf 89' lang='lat' dir='ltr'><strong>utvidit</strong></span> <span class='ocrx_word' id='word_1_459' title='bbox 959 3247 1145 3300; x_wconf 89' lang='lat' dir='ltr'><strong>inclita</strong></span> <span class='ocrx_word' id='word_1_460' title='bbox 1177 3246 1392 3316; x_wconf 79' lang='lat' dir='ltr'><strong>regina,</strong></span> <span class='ocrx_word' id='word_1_461' title='bbox 1426 3246 1654 3300; x_wconf 90' lang='lat' dir='ltr'><strong>decoras</strong></span> <span class='ocrx_word' id='word_1_462' title='bbox 1686 3262 1857 3315; x_wconf 86' lang='lat' dir='ltr'><strong>genas</strong></span> 
     </span>
    </p>
   </div>
   <div class='ocr_carea' id='block_1_64' title="bbox 234 3335 1857 3406">
    <p class='ocr_par' dir='ltr' id='par_1_64' title="bbox 234 3335 1857 3406">
     <span class='ocr_line' id='line_1_64' title="bbox 234 3335 1857 3406; baseline -0.002 -14"><span class='ocrx_word' id='word_1_463' title='bbox 234 3338 477 3392; x_wconf 87' lang='lat' dir='ltr'><strong>lacrimis</strong></span> <span class='ocrx_word' id='word_1_464' title='bbox 525 3345 605 3391; x_wconf 90' lang='lat' dir='ltr'><strong>est</strong></span> <span class='ocrx_word' id='word_1_465' title='bbox 665 3337 905 3406; x_wconf 78' lang='lat' dir='ltr'><strong>perfusa,</strong></span> <span class='ocrx_word' id='word_1_466' title='bbox 953 3344 1005 3390; x_wconf 95' lang='lat' dir='ltr'><strong>et</strong></span> <span class='ocrx_word' id='word_1_467' title='bbox 1045 3335 1283 3389; x_wconf 76' lang='lat' dir='ltr'><strong>exanimi</strong></span> <span class='ocrx_word' id='word_1_468' title='bbox 1325 3335 1574 3404; x_wconf 91' lang='lat' dir='ltr'><strong>corporis</strong></span> <span class='ocrx_word' id='word_1_469' title='bbox 1617 3335 1857 3404; x_wconf 90' lang='lat' dir='ltr'><strong>pedibus</strong></span> 
     </span>
    </p>
   </div>
   <div class='ocr_carea' id='block_1_65' title="bbox 234 3427 1853 3501">
    <p class='ocr_par' dir='ltr' id='par_1_65' title="bbox 234 3427 1853 3501">
     <span class='ocr_line' id='line_1_65' title="bbox 234 3427 1853 3501; baseline -0.001 -18"><span class='ocrx_word' id='word_1_470' title='bbox 234 3432 524 3501; x_wconf 88' lang='lat' dir='ltr'><strong>provoluta</strong></span> <span class='ocrx_word' id='word_1_471' title='bbox 580 3429 922 3483; x_wconf 89' lang='lat' dir='ltr'><strong>amarissime</strong></span> <span class='ocrx_word' id='word_1_472' title='bbox 981 3427 1167 3492; x_wconf 86' lang='lat' dir='ltr'><strong>ﬁebat,</strong></span> <span class='ocrx_word' id='word_1_473' title='bbox 1209 3427 1351 3482; x_wconf 87' lang='lat' dir='ltr'><strong>sicut</strong></span> <span class='ocrx_word' id='word_1_474' title='bbox 1383 3429 1729 3483; x_wconf 87' lang='lat' dir='ltr'><strong>venerandus</strong></span> <span class='ocrx_word' id='word_1_475' title='bbox 1761 3445 1853 3482; x_wconf 87' lang='lat' dir='ltr'><strong>rex</strong></span> 
     </span>
    </p>
   </div>
   <div class='ocr_carea' id='block_1_66' title="bbox 237 3521 1852 3595">
    <p class='ocr_par' dir='ltr' id='par_1_66' title="bbox 237 3521 1852 3595">
     <span class='ocr_line' id='line_1_66' title="bbox 237 3521 1852 3595; baseline -0.001 -18"><span class='ocrx_word' id='word_1_476' title='bbox 237 3540 442 3595; x_wconf 87' lang='lat' dir='ltr'><strong>ergasc</strong></span> <span class='ocrx_word' id='word_1_477' title='bbox 477 3530 873 3593; x_wconf 86' lang='lat' dir='ltr'><strong>promeruerat.</strong></span> <span class='ocrx_word' id='word_1_478' title='bbox 910 3523 1015 3576; x_wconf 91' lang='lat' dir='ltr'><strong>Sed</strong></span> <span class='ocrx_word' id='word_1_479' title='bbox 1050 3528 1254 3576; x_wconf 90' lang='lat' dir='ltr'><strong>tantam</strong></span> <span class='ocrx_word' id='word_1_480' title='bbox 1309 3521 1384 3574; x_wconf 92' lang='lat' dir='ltr'><strong>illi</strong></span> <span class='ocrx_word' id='word_1_481' title='bbox 1422 3523 1564 3575; x_wconf 90' lang='lat' dir='ltr'><strong>Deus</strong></span> <span class='ocrx_word' id='word_1_482' title='bbox 1593 3521 1852 3576; x_wconf 89' lang='lat' dir='ltr'><strong>contule-</strong></span> 
     </span>
    </p>
   </div>
   <div class='ocr_carea' id='block_1_67' title="bbox 239 3615 1856 3688">
    <p class='ocr_par' dir='ltr' id='par_1_67' title="bbox 239 3615 1856 3688">
     <span class='ocr_line' id='line_1_67' title="bbox 239 3615 1856 3688; baseline 0.001 -18"><span class='ocrx_word' id='word_1_483' title='bbox 239 3624 319 3670; x_wconf 88' lang='lat' dir='ltr'><strong>rat</strong></span> <span class='ocrx_word' id='word_1_484' title='bbox 339 3615 566 3688; x_wconf 90' lang='lat' dir='ltr'><strong>gratiam</strong></span> <span class='ocrx_word' id='word_1_485' title='bbox 611 3623 664 3669; x_wconf 79' lang='lat' dir='ltr'><strong>et</strong></span> <span class='ocrx_word' id='word_1_486' title='bbox 695 3622 801 3669; x_wconf 92' lang='lat' dir='ltr'><strong>tam</strong></span> <span class='ocrx_word' id='word_1_487' title='bbox 835 3615 1165 3669; x_wconf 88' lang='lat' dir='ltr'><strong>laudabilem</strong></span> <span class='ocrx_word' id='word_1_488' title='bbox 1200 3617 1636 3686; x_wconf 87' lang='lat' dir='ltr'><strong>temperantiam,</strong></span> <span class='ocrx_word' id='word_1_489' title='bbox 1668 3623 1724 3670; x_wconf 90' lang='lat' dir='ltr'><strong>ut</strong></span> <span class='ocrx_word' id='word_1_490' title='bbox 1753 3633 1856 3671; x_wconf 90' lang='lat' dir='ltr'><strong>nec</strong></span> 
     </span>
    </p>
   </div>
   <div class='ocr_carea' id='block_1_68' title="bbox 239 3703 1856 3782">
    <p class='ocr_par' dir='ltr' id='par_1_68' title="bbox 239 3703 1856 3782">
     <span class='ocr_line' id='line_1_68' title="bbox 239 3703 1856 3782; baseline 0.001 -23"><span class='ocrx_word' id='word_1_491' title='bbox 239 3722 339 3776; x_wconf 89' lang='lat' dir='ltr'><strong>per</strong></span> <span class='ocrx_word' id='word_1_492' title='bbox 361 3704 760 3775; x_wconf 89' lang='lat' dir='ltr'><strong>impatientiam</strong></span> <span class='ocrx_word' id='word_1_493' title='bbox 829 3705 978 3758; x_wconf 91' lang='lat' dir='ltr'><strong>illum</strong></span> <span class='ocrx_word' id='word_1_494' title='bbox 1037 3703 1364 3770; x_wconf 74' lang='lat' dir='ltr'><strong>offenderet,</strong></span> <span class='ocrx_word' id='word_1_495' title='bbox 1393 3714 1444 3760; x_wconf 91' lang='lat' dir='ltr'><strong>et</strong></span> <span class='ocrx_word' id='word_1_496' title='bbox 1476 3714 1655 3761; x_wconf 90' lang='lat' dir='ltr'><strong>tamen</strong></span> <span class='ocrx_word' id='word_1_497' title='bbox 1688 3707 1856 3782; x_wconf 84' lang='lat' dir='ltr'><strong>digne</strong></span> 
     </span>
    </p>
   </div>
   <div class='ocr_carea' id='block_1_69' title="bbox 240 3796 1856 3870">
    <p class='ocr_par' dir='ltr' id='par_1_69' title="bbox 240 3796 1856 3870">
     <span class='ocr_line' id='line_1_69' title="bbox 240 3796 1856 3870; baseline 0.001 -19"><span class='ocrx_word' id='word_1_498' title='bbox 240 3796 386 3870; x_wconf 87' lang='lat' dir='ltr'><strong>regis</strong></span> <span class='ocrx_word' id='word_1_499' title='bbox 408 3796 618 3850; x_wconf 90' lang='lat' dir='ltr'><strong>obitum</strong></span> <span class='ocrx_word' id='word_1_500' title='bbox 673 3797 973 3867; x_wconf 86' lang='lat' dir='ltr'><strong>plangeret.</strong></span> <span class='ocrx_word' id='word_1_501' title='bbox 1024 3798 1174 3851; x_wconf 84' lang='lat' dir='ltr'><strong>Tunc</strong></span> <span class='ocrx_word' id='word_1_502' title='bbox 1229 3798 1356 3851; x_wconf 89' lang='lat' dir='ltr'><strong>ﬁliis</strong></span> <span class='ocrx_word' id='word_1_503' title='bbox 1402 3800 1468 3851; x_wconf 90' lang='lat' dir='ltr'><strong>ad</strong></span> <span class='ocrx_word' id='word_1_504' title='bbox 1522 3815 1581 3852; x_wconf 89' lang='lat' dir='ltr'><strong>se</strong></span> <span class='ocrx_word' id='word_1_505' title='bbox 1627 3799 1856 3866; x_wconf 90' lang='lat' dir='ltr'><strong>vocatis,</strong></span> 
     </span>
    </p>
   </div>
   <div class='ocr_carea' id='block_1_70' title="bbox 243 3885 1863 3951">
    <p class='ocr_par' dir='ltr' id='par_1_70' title="bbox 243 3885 1863 3951">
     <span class='ocr_line' id='line_1_70' title="bbox 243 3885 1863 3951; baseline 0.002 -13"><span class='ocrx_word' id='word_1_506' title='bbox 243 3885 446 3939; x_wconf 88' lang='lat' dir='ltr'><strong>talibus</strong></span> <span class='ocrx_word' id='word_1_507' title='bbox 474 3900 570 3939; x_wconf 90' lang='lat' dir='ltr'><strong>eos</strong></span> <span class='ocrx_word' id='word_1_508' title='bbox 636 3885 820 3938; x_wconf 89' lang='lat' dir='ltr'><strong>verbis</strong></span> <span class='ocrx_word' id='word_1_509' title='bbox 872 3885 1178 3951; x_wconf 89' lang='lat' dir='ltr'><strong>admonuit,</strong></span> <span class='ocrx_word' id='word_1_510' title='bbox 1236 3886 1426 3941; x_wconf 90' lang='lat' dir='ltr'><strong>dicens</strong></span> <span class='ocrx_word' id='word_1_511' title='bbox 1461 3906 1472 3940; x_wconf 92' lang='lat'><strong>:</strong></span> <span class='ocrx_word' id='word_1_512' title='bbox 1516 3916 1533 3931; x_wconf 85' lang='lat'><strong>-</strong></span> <span class='ocrx_word' id='word_1_513' title='bbox 1567 3887 1604 3941; x_wconf 92' lang='grc' dir='ltr'><strong>Ο</strong></span> <span class='ocrx_word' id='word_1_514' title='bbox 1645 3887 1739 3941; x_wconf 80' lang='lat' dir='ltr'><strong>filii</strong></span> <span class='ocrx_word' id='word_1_515' title='bbox 1775 3889 1863 3942; x_wconf 87' lang='lat' dir='ltr'><strong>ka-</strong></span> 
     </span>
    </p>
   </div>
   <div class='ocr_carea' id='block_1_71' title="bbox 246 3973 1862 4036">
    <p class='ocr_par' dir='ltr' id='par_1_71' title="bbox 246 3973 1862 4036">
     <span class='ocr_line' id='line_1_71' title="bbox 246 3973 1862 4036; baseline 0.004 -10"><span class='ocrx_word' id='word_1_516' title='bbox 246 3973 466 4036; x_wconf 90' lang='lat' dir='ltr'><strong>rissimi,</strong></span> <span class='ocrx_word' id='word_1_517' title='bbox 503 3975 623 4028; x_wconf 64' lang='lat' dir='ltr'><strong>hzec</strong></span> <span class='ocrx_word' id='word_1_518' title='bbox 679 3974 873 4029; x_wconf 89' lang='lat' dir='ltr'><strong>sedulo</strong></span> <span class='ocrx_word' id='word_1_519' title='bbox 898 3975 1141 4029; x_wconf 91' lang='lat' dir='ltr'><strong>inducite</strong></span> <span class='ocrx_word' id='word_1_520' title='bbox 1171 3985 1364 4031; x_wconf 78' lang='lat' dir='ltr'><strong>vestrae</strong></span> <span class='ocrx_word' id='word_1_521' title='bbox 1394 3977 1561 4032; x_wconf 90' lang='lat' dir='ltr'><strong>menti</strong></span> <span class='ocrx_word' id='word_1_522' title='bbox 1594 3979 1658 4031; x_wconf 70' lang='lat'><strong>’9.</strong></span> <span class='ocrx_word' id='word_1_523' title='bbox 1694 3978 1862 4032; x_wconf 92' lang='lat' dir='ltr'><strong>Deum</strong></span> 
     </span>
    </p>
   </div>
   <div class='ocr_carea' id='block_1_72' title="bbox 248 4068 1863 4140">
    <p class='ocr_par' dir='ltr' id='par_1_72' title="bbox 248 4068 1863 4140">
     <span class='ocr_line' id='line_1_72' title="bbox 248 4068 1863 4140; baseline 0.002 -18"><span class='ocrx_word' id='word_1_524' title='bbox 248 4069 437 4122; x_wconf 86' lang='lat' dir='ltr'><strong>timete</strong></span> <span class='ocrx_word' id='word_1_525' title='bbox 463 4068 528 4133; x_wconf 83' lang='grc' dir='ltr'><strong>³ο,</strong></span> <span class='ocrx_word' id='word_1_526' title='bbox 563 4076 617 4121; x_wconf 92' lang='lat' dir='ltr'><strong>et</strong></span> <span class='ocrx_word' id='word_1_527' title='bbox 649 4068 825 4137; x_wconf 90' lang='lat' dir='ltr'><strong>ipsum</strong></span> <span class='ocrx_word' id='word_1_528' title='bbox 860 4068 915 4121; x_wconf 91' lang='lat' dir='ltr'><strong>in</strong></span> <span class='ocrx_word' id='word_1_529' title='bbox 967 4068 1227 4123; x_wconf 90' lang='lat' dir='ltr'><strong>omnibus</strong></span> <span class='ocrx_word' id='word_1_530' title='bbox 1251 4086 1472 4140; x_wconf 88' lang='lat' dir='ltr'><strong>semper</strong></span> <span class='ocrx_word' id='word_1_531' title='bbox 1502 4071 1765 4126; x_wconf 89' lang='lat' dir='ltr'><strong>honorate</strong></span> <span class='ocrx_word' id='word_1_532' title='bbox 1797 4072 1863 4137; x_wconf 77' lang='lat'><strong>3&#39;,</strong></span> 
     </span>
    </p>
   </div>
   <div class='ocr_carea' id='block_1_73' title="bbox 249 4158 1866 4229">
    <p class='ocr_par' dir='ltr' id='par_1_73' title="bbox 249 4158 1866 4229">
     <span class='ocr_line' id='line_1_73' title="bbox 249 4158 1866 4229; baseline 0.004 -21"><span class='ocrx_word' id='word_1_533' title='bbox 249 4159 339 4229; x_wconf 85' lang='lat' dir='ltr'><strong>qui</strong></span> <span class='ocrx_word' id='word_1_534' title='bbox 373 4160 501 4212; x_wconf 81' lang='lat' dir='ltr'><strong>talia</strong></span> <span class='ocrx_word' id='word_1_535' title='bbox 536 4166 732 4228; x_wconf 90' lang='lat' dir='ltr'><strong>potens</strong></span> <span class='ocrx_word' id='word_1_536' title='bbox 754 4167 835 4212; x_wconf 90' lang='lat' dir='ltr'><strong>est</strong></span> <span class='ocrx_word' id='word_1_537' title='bbox 863 4158 1060 4212; x_wconf 84' lang='lat' dir='ltr'><strong>facere.</strong></span> <span class='ocrx_word' id='word_1_538' title='bbox 1100 4159 1195 4212; x_wconf 83' lang='lat' dir='ltr'><strong>llic</strong></span> <span class='ocrx_word' id='word_1_539' title='bbox 1223 4159 1420 4214; x_wconf 90' lang='lat' dir='ltr'><strong>merito</strong></span> <span class='ocrx_word' id='word_1_540' title='bbox 1453 4169 1678 4214; x_wconf 85' lang='lat' dir='ltr'><strong>vocatur</strong></span> <span class='ocrx_word' id='word_1_541' title='bbox 1707 4176 1795 4213; x_wconf 88' lang='lat' dir='ltr'><strong>rex</strong></span> <span class='ocrx_word' id='word_1_542' title='bbox 1813 4167 1866 4214; x_wconf 88' lang='lat' dir='ltr'><strong>et</strong></span> 
     </span>
    </p>
   </div>
   <div class='ocr_carea' id='block_1_74' title="bbox 251 4249 1869 4322">
    <p class='ocr_par' dir='ltr' id='par_1_74' title="bbox 251 4249 1869 4322">
     <span class='ocr_line' id='line_1_74' title="bbox 251 4249 1869 4322; baseline 0.002 -20"><span class='ocrx_word' id='word_1_543' title='bbox 251 4249 529 4316; x_wconf 87' lang='lat' dir='ltr'><strong>dominus,</strong></span> <span class='ocrx_word' id='word_1_544' title='bbox 559 4250 652 4321; x_wconf 91' lang='lat' dir='ltr'><strong>qui</strong></span> <span class='ocrx_word' id='word_1_545' title='bbox 685 4258 888 4304; x_wconf 90' lang='lat' dir='ltr'><strong>tantam</strong></span> <span class='ocrx_word' id='word_1_546' title='bbox 923 4257 1245 4320; x_wconf 89' lang='lat' dir='ltr'><strong>potestatem</strong></span> <span class='ocrx_word' id='word_1_547' title='bbox 1279 4251 1500 4306; x_wconf 88' lang='lat' dir='ltr'><strong>exhibet</strong></span> <span class='ocrx_word' id='word_1_548' title='bbox 1532 4252 1869 4322; x_wconf 88' lang='lat' dir='ltr'><strong>pauperibus</strong></span> 
     </span>
    </p>
   </div>
   <div class='ocr_carea' id='block_1_75' title="bbox 252 4340 1858 4412">
    <p class='ocr_par' dir='ltr' id='par_1_75' title="bbox 252 4340 1858 4412">
     <span class='ocr_line' id='line_1_75' title="bbox 252 4340 1858 4412; baseline 0.002 -18"><span class='ocrx_word' id='word_1_549' title='bbox 252 4348 304 4394; x_wconf 93' lang='lat' dir='ltr'><strong>et</strong></span> <span class='ocrx_word' id='word_1_550' title='bbox 335 4340 617 4395; x_wconf 88' lang='lat' dir='ltr'><strong>divitibus.</strong></span> <span class='ocrx_word' id='word_1_551' title='bbox 647 4341 899 4395; x_wconf 88' lang='lat' dir='ltr'><strong>Desistite</strong></span> <span class='ocrx_word' id='word_1_552' title='bbox 925 4340 1038 4409; x_wconf 87' lang='lat' dir='ltr'><strong>jam</strong></span> <span class='ocrx_word' id='word_1_553' title='bbox 1095 4342 1429 4396; x_wconf 88' lang='lat' dir='ltr'><strong>contendere</strong></span> <span class='ocrx_word' id='word_1_554' title='bbox 1482 4358 1577 4412; x_wconf 91' lang='lat' dir='ltr'><strong>pro</strong></span> <span class='ocrx_word' id='word_1_555' title='bbox 1613 4343 1858 4398; x_wconf 90' lang='lat' dir='ltr'><strong>transito-</strong></span> 
     </span>
    </p>
   </div>
   <div class='ocr_carea' id='block_1_76' title="bbox 1959 3243 3584 3298">
    <p class='ocr_par' dir='ltr' id='par_1_76' title="bbox 1959 3243 3584 3298">
     <span class='ocr_line' id='line_1_76' title="bbox 1959 3243 3584 3298; baseline 0.001 -2"><span class='ocrx_word' id='word_1_556' title='bbox 1959 3243 2136 3297; x_wconf 93' lang='lat' dir='ltr'><strong>diator</strong></span> <span class='ocrx_word' id='word_1_557' title='bbox 2158 3245 2404 3297; x_wconf 82' lang='lat' dir='ltr'><strong>Christus</strong></span> <span class='ocrx_word' id='word_1_558' title='bbox 2459 3245 2620 3298; x_wconf 84' lang='lat' dir='ltr'><strong>Jesus</strong></span> <span class='ocrx_word' id='word_1_559' title='bbox 2672 3245 2868 3298; x_wconf 91' lang='lat' dir='ltr'><strong>nolens</strong></span> <span class='ocrx_word' id='word_1_560' title='bbox 2897 3244 3088 3298; x_wconf 88' lang='lat' dir='ltr'><strong>fratres</strong></span> <span class='ocrx_word' id='word_1_561' title='bbox 3119 3245 3262 3297; x_wconf 86' lang='lat' dir='ltr'><strong>inter</strong></span> <span class='ocrx_word' id='word_1_562' title='bbox 3285 3260 3342 3297; x_wconf 90' lang='lat' dir='ltr'><strong>se</strong></span> <span class='ocrx_word' id='word_1_563' title='bbox 3375 3243 3584 3298; x_wconf 91' lang='lat' dir='ltr'><strong>diutius</strong></span> 
     </span>
    </p>
   </div>
   <div class='ocr_carea' id='block_1_77' title="bbox 1958 3333 3584 3404">
    <p class='ocr_par' dir='ltr' id='par_1_77' title="bbox 1958 3333 3584 3404">
     <span class='ocr_line' id='line_1_77' title="bbox 1958 3333 3584 3404; baseline 0.001 -18"><span class='ocrx_word' id='word_1_564' title='bbox 1958 3333 2298 3398; x_wconf 89' lang='lat' dir='ltr'><strong>discordare,</strong></span> <span class='ocrx_word' id='word_1_565' title='bbox 2336 3351 2434 3404; x_wconf 89' lang='lat' dir='ltr'><strong>per</strong></span> <span class='ocrx_word' id='word_1_566' title='bbox 2473 3343 2676 3388; x_wconf 65' lang='lat' dir='ltr'><strong>sanctze</strong></span> <span class='ocrx_word' id='word_1_567' title='bbox 2722 3337 2910 3390; x_wconf 89' lang='lat' dir='ltr'><strong>matris</strong></span> <span class='ocrx_word' id='word_1_568' title='bbox 2957 3336 3209 3388; x_wconf 89' lang='lat' dir='ltr'><strong>meritum</strong></span> <span class='ocrx_word' id='word_1_569' title='bbox 3269 3336 3392 3389; x_wconf 88' lang='lat' dir='ltr'><strong>illos</strong></span> <span class='ocrx_word' id='word_1_570' title='bbox 3448 3351 3584 3388; x_wconf 88' lang='lat' dir='ltr'><strong>con-</strong></span> 
     </span>
    </p>
   </div>
   <div class='ocr_carea' id='block_1_78' title="bbox 1961 3422 3583 3490">
    <p class='ocr_par' dir='ltr' id='par_1_78' title="bbox 1961 3422 3583 3490">
     <span class='ocr_line' id='line_1_78' title="bbox 1961 3422 3583 3490; baseline 0.001 -15"><span class='ocrx_word' id='word_1_571' title='bbox 1961 3422 2207 3476; x_wconf 90' lang='lat' dir='ltr'><strong>cordavit</strong></span> <span class='ocrx_word' id='word_1_572' title='bbox 2239 3423 2293 3476; x_wconf 92' lang='lat' dir='ltr'><strong>in</strong></span> <span class='ocrx_word' id='word_1_573' title='bbox 2327 3439 2500 3476; x_wconf 87' lang='lat' dir='ltr'><strong>unum</strong></span> <span class='ocrx_word' id='word_1_574' title='bbox 2553 3427 2660 3490; x_wconf 68' lang='lat' dir='ltr'><strong>(an.</strong></span> <span class='ocrx_word' id='word_1_575' title='bbox 2729 3425 3004 3490; x_wconf 75' lang='lat'><strong>939-911).</strong></span> <span class='ocrx_word' id='word_1_576' title='bbox 3040 3423 3164 3477; x_wconf 88' lang='lat' dir='ltr'><strong>Post</strong></span> <span class='ocrx_word' id='word_1_577' title='bbox 3206 3423 3320 3476; x_wconf 61' lang='lat' dir='ltr'><strong>haec</strong></span> <span class='ocrx_word' id='word_1_578' title='bbox 3345 3439 3437 3476; x_wconf 86' lang='lat' dir='ltr'><strong>rex</strong></span> <span class='ocrx_word' id='word_1_579' title='bbox 3464 3423 3583 3477; x_wconf 90' lang='lat' dir='ltr'><strong>Otto</strong></span> 
     </span>
    </p>
   </div>
   <div class='ocr_carea' id='block_1_79' title="bbox 1956 3513 3586 3585">
    <p class='ocr_par' dir='ltr' id='par_1_79' title="bbox 1956 3513 3586 3585">
     <span class='ocr_line' id='line_1_79' title="bbox 1956 3513 3586 3585; baseline -0.001 -18"><span class='ocrx_word' id='word_1_580' title='bbox 1956 3513 2199 3585; x_wconf 68' lang='lat' dir='ltr'><strong>praefecit</strong></span> <span class='ocrx_word' id='word_1_581' title='bbox 2241 3513 2463 3567; x_wconf 83' lang='lat' dir='ltr'><strong>fratrem</strong></span> <span class='ocrx_word' id='word_1_582' title='bbox 2548 3530 2709 3566; x_wconf 92' lang='lat' dir='ltr'><strong>suum</strong></span> <span class='ocrx_word' id='word_1_583' title='bbox 2765 3515 3080 3568; x_wconf 86' lang='lat' dir='ltr'><strong>Heinricum</strong></span> <span class='ocrx_word' id='word_1_584' title='bbox 3150 3513 3347 3568; x_wconf 91' lang='lat' dir='ltr'><strong>ducem</strong></span> <span class='ocrx_word' id='word_1_585' title='bbox 3417 3529 3586 3584; x_wconf 87' lang='lat' dir='ltr'><strong>super</strong></span> 
     </span>
    </p>
   </div>
   <div class='ocr_carea' id='block_1_80' title="bbox 1960 3608 3585 3681">
    <p class='ocr_par' dir='ltr' id='par_1_80' title="bbox 1960 3608 3585 3681">
     <span class='ocr_line' id='line_1_80' title="bbox 1960 3608 3585 3681; baseline -0.001 -18"><span class='ocrx_word' id='word_1_586' title='bbox 1960 3608 2358 3663; x_wconf 76' lang='lat' dir='ltr'><strong>Baovvariorum</strong></span> <span class='ocrx_word' id='word_1_587' title='bbox 2391 3616 2615 3681; x_wconf 88' lang='lat' dir='ltr'><strong>gentem</strong></span> <span class='ocrx_word' id='word_1_588' title='bbox 2661 3617 2770 3668; x_wconf 77' lang='lat' dir='ltr'><strong>(an.</strong></span> <span class='ocrx_word' id='word_1_589' title='bbox 2813 3609 2964 3676; x_wconf 71' lang='grc'>946).</span> <span class='ocrx_word' id='word_1_590' title='bbox 2989 3610 3221 3662; x_wconf 86' lang='lat' dir='ltr'><strong>Sanctus</strong></span> <span class='ocrx_word' id='word_1_591' title='bbox 3289 3623 3415 3662; x_wconf 88' lang='lat' dir='ltr'><strong>vero</strong></span> <span class='ocrx_word' id='word_1_592' title='bbox 3451 3608 3585 3662; x_wconf 86' lang='lat' dir='ltr'><strong>Bru-</strong></span> 
     </span>
    </p>
   </div>
   <div class='ocr_carea' id='block_1_81' title="bbox 1960 3703 3585 3775">
    <p class='ocr_par' dir='ltr' id='par_1_81' title="bbox 1960 3703 3585 3775">
     <span class='ocr_line' id='line_1_81' title="bbox 1960 3703 3585 3775; baseline -0.002 -16"><span class='ocrx_word' id='word_1_593' title='bbox 1960 3720 2051 3769; x_wconf 90' lang='lat' dir='ltr'><strong>no,</strong></span> <span class='ocrx_word' id='word_1_594' title='bbox 2085 3712 2243 3758; x_wconf 64' lang='lat' dir='ltr'><strong>aetate</strong></span> <span class='ocrx_word' id='word_1_595' title='bbox 2298 3703 2582 3768; x_wconf 90' lang='lat' dir='ltr'><strong>minimus,</strong></span> <span class='ocrx_word' id='word_1_596' title='bbox 2653 3703 2834 3756; x_wconf 88' lang='lat' dir='ltr'><strong>adhuc</strong></span> <span class='ocrx_word' id='word_1_597' title='bbox 2890 3703 3129 3775; x_wconf 87' lang='lat' dir='ltr'><strong>degebat</strong></span> <span class='ocrx_word' id='word_1_598' title='bbox 3179 3703 3282 3756; x_wconf 88' lang='lat' dir='ltr'><strong>sub</strong></span> <span class='ocrx_word' id='word_1_599' title='bbox 3350 3719 3585 3756; x_wconf 88' lang='lat' dir='ltr'><strong>censura</strong></span> 
     </span>
    </p>
   </div>
   <div class='ocr_carea' id='block_1_82' title="bbox 1961 3791 3583 3861">
    <p class='ocr_par' dir='ltr' id='par_1_82' title="bbox 1961 3791 3583 3861">
     <span class='ocr_line' id='line_1_82' title="bbox 1961 3791 3583 3861; baseline -0.002 -14"><span class='ocrx_word' id='word_1_600' title='bbox 1961 3793 2210 3847; x_wconf 88' lang='lat' dir='ltr'><strong>litteralis</strong></span> <span class='ocrx_word' id='word_1_601' title='bbox 2249 3792 2576 3861; x_wconf 64' lang='lat' dir='ltr'><strong>disciplinae,</strong></span> <span class='ocrx_word' id='word_1_602' title='bbox 2637 3798 2690 3844; x_wconf 90' lang='lat' dir='ltr'><strong>et</strong></span> <span class='ocrx_word' id='word_1_603' title='bbox 2742 3791 2863 3844; x_wconf 73' lang='lat' dir='ltr'><strong>lzeta</strong></span> <span class='ocrx_word' id='word_1_604' title='bbox 2893 3792 3079 3845; x_wconf 88' lang='lat' dir='ltr'><strong>indole</strong></span> <span class='ocrx_word' id='word_1_605' title='bbox 3138 3792 3205 3844; x_wconf 92' lang='lat' dir='ltr'><strong>de</strong></span> <span class='ocrx_word' id='word_1_606' title='bbox 3228 3791 3319 3845; x_wconf 92' lang='lat' dir='ltr'><strong>die</strong></span> <span class='ocrx_word' id='word_1_607' title='bbox 3354 3791 3407 3844; x_wconf 92' lang='lat' dir='ltr'><strong>in</strong></span> <span class='ocrx_word' id='word_1_608' title='bbox 3435 3791 3583 3844; x_wconf 91' lang='lat' dir='ltr'><strong>diem</strong></span> 
     </span>
    </p>
   </div>
   <div class='ocr_carea' id='block_1_83' title="bbox 1966 3882 3584 3956">
    <p class='ocr_par' dir='ltr' id='par_1_83' title="bbox 1966 3882 3584 3956">
     <span class='ocr_line' id='line_1_83' title="bbox 1966 3882 3584 3956; baseline -0.002 -17"><span class='ocrx_word' id='word_1_609' title='bbox 1966 3885 2287 3956; x_wconf 88' lang='lat' dir='ltr'><strong>proﬁciebat</strong></span> <span class='ocrx_word' id='word_1_610' title='bbox 2334 3885 2388 3938; x_wconf 91' lang='lat' dir='ltr'><strong>in</strong></span> <span class='ocrx_word' id='word_1_611' title='bbox 2432 3882 2626 3937; x_wconf 85' lang='lat' dir='ltr'><strong>Christi</strong></span> <span class='ocrx_word' id='word_1_612' title='bbox 2682 3882 2966 3936; x_wconf 87' lang='lat' dir='ltr'><strong>servitute.</strong></span> <span class='ocrx_word' id='word_1_613' title='bbox 3015 3882 3145 3936; x_wconf 90' lang='lat' dir='ltr'><strong>Cum</strong></span> <span class='ocrx_word' id='word_1_614' title='bbox 3193 3889 3376 3935; x_wconf 89' lang='lat' dir='ltr'><strong>autem</strong></span> <span class='ocrx_word' id='word_1_615' title='bbox 3401 3883 3584 3951; x_wconf 87' lang='lat' dir='ltr'><strong>profe-</strong></span> 
     </span>
    </p>
   </div>
   <div class='ocr_carea' id='block_1_84' title="bbox 1967 3973 3588 4044">
    <p class='ocr_par' dir='ltr' id='par_1_84' title="bbox 1967 3973 3588 4044">
     <span class='ocr_line' id='line_1_84' title="bbox 1967 3973 3588 4044; baseline -0.001 -14"><span class='ocrx_word' id='word_1_616' title='bbox 1967 3978 2130 4032; x_wconf 86' lang='lat' dir='ltr'><strong>cisset</strong></span> <span class='ocrx_word' id='word_1_617' title='bbox 2156 3985 2315 4030; x_wconf 66' lang='lat' dir='ltr'><strong>zetate</strong></span> <span class='ocrx_word' id='word_1_618' title='bbox 2345 3985 2400 4030; x_wconf 91' lang='lat' dir='ltr'><strong>et</strong></span> <span class='ocrx_word' id='word_1_619' title='bbox 2427 3974 2717 4044; x_wconf 88' lang='lat' dir='ltr'><strong>sapientia,</strong></span> <span class='ocrx_word' id='word_1_620' title='bbox 2761 3991 2851 4027; x_wconf 85' lang='lat' dir='ltr'><strong>rex</strong></span> <span class='ocrx_word' id='word_1_621' title='bbox 2884 3974 3133 4042; x_wconf 89' lang='lat' dir='ltr'><strong>adjunxit</strong></span> <span class='ocrx_word' id='word_1_622' title='bbox 3172 3990 3296 4026; x_wconf 91' lang='lat' dir='ltr'><strong>eum</strong></span> <span class='ocrx_word' id='word_1_623' title='bbox 3340 3973 3443 4026; x_wconf 89' lang='lat' dir='ltr'><strong>sibi</strong></span> <span class='ocrx_word' id='word_1_624' title='bbox 3486 3991 3588 4044; x_wconf 92' lang='lat' dir='ltr'><strong>per</strong></span> 
     </span>
    </p>
   </div>
   <div class='ocr_carea' id='block_1_85' title="bbox 1967 4065 3581 4135">
    <p class='ocr_par' dir='ltr' id='par_1_85' title="bbox 1967 4065 3581 4135">
     <span class='ocr_line' id='line_1_85' title="bbox 1967 4065 3581 4135; baseline -0.002 -11"><span class='ocrx_word' id='word_1_625' title='bbox 1967 4085 2217 4124; x_wconf 84' lang='lat' dir='ltr'><strong>amorem</strong></span> <span class='ocrx_word' id='word_1_626' title='bbox 2251 4067 2606 4122; x_wconf 90' lang='lat' dir='ltr'><strong>fraternitatis</strong></span> <span class='ocrx_word' id='word_1_627' title='bbox 2633 4067 2686 4120; x_wconf 90' lang='lat' dir='ltr'><strong>in</strong></span> <span class='ocrx_word' id='word_1_628' title='bbox 2734 4066 3101 4120; x_wconf 90' lang='lat' dir='ltr'><strong>ministerium</strong></span> <span class='ocrx_word' id='word_1_629' title='bbox 3131 4065 3581 4135; x_wconf 88' lang='lat' dir='ltr'><strong>archicapellani.</strong></span> 
     </span>
    </p>
   </div>
   <div class='ocr_carea' id='block_1_86' title="bbox 1971 4160 3599 4233">
    <p class='ocr_par' dir='ltr' id='par_1_86' title="bbox 1971 4160 3599 4233">
     <span class='ocr_line' id='line_1_86' title="bbox 1971 4160 3599 4233; baseline -0.003 -15"><span class='ocrx_word' id='word_1_630' title='bbox 1971 4164 2194 4218; x_wconf 83' lang='lat' dir='ltr'><strong>interim</strong></span> <span class='ocrx_word' id='word_1_631' title='bbox 2225 4163 2363 4217; x_wconf 90' lang='lat' dir='ltr'><strong>obiit</strong></span> <span class='ocrx_word' id='word_1_632' title='bbox 2391 4161 2691 4233; x_wconf 88' lang='lat' dir='ltr'><strong>Wigfridus</strong></span> <span class='ocrx_word' id='word_1_633' title='bbox 2721 4160 2802 4214; x_wconf 88' lang='lat' dir='ltr'><strong>vir</strong></span> <span class='ocrx_word' id='word_1_634' title='bbox 2854 4161 3226 4226; x_wconf 88' lang='lat' dir='ltr'><strong>venerandus,</strong></span> <span class='ocrx_word' id='word_1_635' title='bbox 3271 4160 3366 4231; x_wconf 87' lang='lat' dir='ltr'><strong>qui</strong></span> <span class='ocrx_word' id='word_1_636' title='bbox 3410 4160 3599 4214; x_wconf 91' lang='lat' dir='ltr'><strong>archi-</strong></span> 
     </span>
    </p>
   </div>
   <div class='ocr_carea' id='block_1_87' title="bbox 1969 4251 3596 4326">
    <p class='ocr_par' dir='ltr' id='par_1_87' title="bbox 1969 4251 3596 4326">
     <span class='ocr_line' id='line_1_87' title="bbox 1969 4251 3596 4326; baseline -0.001 -18"><span class='ocrx_word' id='word_1_637' title='bbox 1969 4254 2343 4326; x_wconf 89' lang='lat' dir='ltr'><strong>episcopalem</strong></span> <span class='ocrx_word' id='word_1_638' title='bbox 2391 4253 2635 4307; x_wconf 76' lang='lat' dir='ltr'><strong>Coloniae</strong></span> <span class='ocrx_word' id='word_1_639' title='bbox 2685 4252 2872 4306; x_wconf 79' lang='lat' dir='ltr'><strong>sedem</strong></span> <span class='ocrx_word' id='word_1_640' title='bbox 2923 4251 3216 4321; x_wconf 86' lang='lat' dir='ltr'><strong>possedit;</strong></span> <span class='ocrx_word' id='word_1_641' title='bbox 3269 4258 3322 4305; x_wconf 89' lang='lat' dir='ltr'><strong>et</strong></span> <span class='ocrx_word' id='word_1_642' title='bbox 3362 4267 3596 4307; x_wconf 90' lang='lat' dir='ltr'><strong>munere</strong></span> 
     </span>
    </p>
   </div>
   <div class='ocr_carea' id='block_1_88' title="bbox 1969 4342 3600 4416">
    <p class='ocr_par' dir='ltr' id='par_1_88' title="bbox 1969 4342 3600 4416">
     <span class='ocr_line' id='line_1_88' title="bbox 1969 4342 3600 4416; baseline -0.001 -16"><span class='ocrx_word' id='word_1_643' title='bbox 1969 4346 2196 4416; x_wconf 89' lang='lat' dir='ltr'><strong>superni</strong></span> <span class='ocrx_word' id='word_1_644' title='bbox 2228 4345 2577 4416; x_wconf 90' lang='lat' dir='ltr'><strong>dispositoris</strong></span> <span class='ocrx_word' id='word_1_645' title='bbox 2599 4342 2840 4399; x_wconf 91' lang='lat' dir='ltr'><strong>Brunoni</strong></span> <span class='ocrx_word' id='word_1_646' title='bbox 2873 4344 3038 4397; x_wconf 89' lang='lat' dir='ltr'><strong>cessit</strong></span> <span class='ocrx_word' id='word_1_647' title='bbox 3069 4343 3600 4413; x_wconf 88' lang='lat' dir='ltr'><strong>cpisc0palishonor</strong></span> 
     </span>
    </p>
   </div>
   <div class='ocr_carea' id='block_1_89' title="bbox 254 4395 3599 4512">
    <p class='ocr_par' dir='ltr' id='par_1_89' title="bbox 254 4395 3599 4512">
     <span class='ocr_line' id='line_1_89' title="bbox 254 4395 3599 4512; baseline 0 -23"><span class='ocrx_word' id='word_1_648' title='bbox 254 4436 331 4490; x_wconf 91' lang='lat' dir='ltr'><strong>ria</strong></span> <span class='ocrx_word' id='word_1_649' title='bbox 361 4435 632 4509; x_wconf 89' lang='lat' dir='ltr'><strong>dignitate</strong></span> <span class='ocrx_word' id='word_1_650' title='bbox 666 4452 680 4498; x_wconf 89' lang='lat'><strong>;</strong></span> <span class='ocrx_word' id='word_1_651' title='bbox 712 4435 875 4488; x_wconf 86' lang='lat' dir='ltr'><strong>talem</strong></span> <span class='ocrx_word' id='word_1_652' title='bbox 945 4433 1112 4489; x_wconf 88' lang='lat' dir='ltr'><strong>ﬁnem</strong></span> <span class='ocrx_word' id='word_1_653' title='bbox 1168 4436 1314 4505; x_wconf 88' lang='lat' dir='ltr'><strong>capit</strong></span> <span class='ocrx_word' id='word_1_654' title='bbox 1353 4395 1536 4490; x_wconf 75' lang='lat' dir='ltr'><strong>omnis</strong></span> <span class='ocrx_word' id='word_1_655' title='bbox 1594 4395 2384 4512; x_wconf 42' lang='lat' dir='ltr'><strong>mundanaDdignitatismm.</strong></span> <span class='ocrx_word' id='word_1_656' title='bbox 2439 4438 2586 4494; x_wconf 61' lang='lat'><strong>9531.</strong></span> <span class='ocrx_word' id='word_1_657' title='bbox 2636 4439 2871 4491; x_wconf 88' lang='lat' dir='ltr'><strong>Ascenso</strong></span> <span class='ocrx_word' id='word_1_658' title='bbox 2943 4435 2988 4468; x_wconf 80' lang='grc'><strong>³³</strong></span> <span class='ocrx_word' id='word_1_659' title='bbox 3040 4395 3150 4506; x_wconf 66' lang='grc' dir='ltr'><strong>(Ξὲ)</strong></span> <span class='ocrx_word' id='word_1_660' title='bbox 3210 4395 3390 4490; x_wconf 70' lang='lat' dir='ltr'><strong>alitem</strong></span> <span class='ocrx_word' id='word_1_661' title='bbox 3447 4443 3599 4491; x_wconf 86' lang='lat' dir='ltr'><strong>tanto</strong></span> 
     </span>
    </p>
   </div>
   <div class='ocr_carea' id='block_1_90' title="bbox 253 4524 1874 4595">
    <p class='ocr_par' dir='ltr' id='par_1_90' title="bbox 253 4524 1874 4595">
     <span class='ocr_line' id='line_1_90' title="bbox 253 4524 1874 4595; baseline 0.001 -17"><span class='ocrx_word' id='word_1_662' title='bbox 253 4526 446 4595; x_wconf 87' lang='lat' dir='ltr'><strong>gloria.</strong></span> <span class='ocrx_word' id='word_1_663' title='bbox 485 4527 678 4580; x_wconf 90' lang='lat' dir='ltr'><strong>Beatus</strong></span> <span class='ocrx_word' id='word_1_664' title='bbox 728 4533 809 4579; x_wconf 87' lang='lat' dir='ltr'><strong>est</strong></span> <span class='ocrx_word' id='word_1_665' title='bbox 862 4525 973 4592; x_wconf 90' lang='lat' dir='ltr'><strong>ille,</strong></span> <span class='ocrx_word' id='word_1_666' title='bbox 1025 4525 1119 4595; x_wconf 89' lang='lat' dir='ltr'><strong>qui</strong></span> <span class='ocrx_word' id='word_1_667' title='bbox 1173 4524 1278 4578; x_wconf 89' lang='lat' dir='ltr'><strong>sibi</strong></span> <span class='ocrx_word' id='word_1_668' title='bbox 1341 4534 1610 4595; x_wconf 73' lang='lat' dir='ltr'><strong>pneparat</strong></span> <span class='ocrx_word' id='word_1_669' title='bbox 1669 4534 1874 4580; x_wconf 62' lang='lat' dir='ltr'><strong>aeterna</strong></span> 
     </span>
    </p>
   </div>
   <div class='ocr_carea' id='block_1_91' title="bbox 257 4616 1874 4688">
    <p class='ocr_par' dir='ltr' id='par_1_91' title="bbox 257 4616 1874 4688">
     <span class='ocr_line' id='line_1_91' title="bbox 257 4616 1874 4688; baseline 0.002 -19"><span class='ocrx_word' id='word_1_670' title='bbox 257 4633 478 4687; x_wconf 88' lang='lat' dir='ltr'><strong>semper</strong></span> <span class='ocrx_word' id='word_1_671' title='bbox 525 4616 922 4688; x_wconf 88' lang='lat' dir='ltr'><strong>permanentia.</strong></span> <span class='ocrx_word' id='word_1_672' title='bbox 958 4616 1067 4670; x_wconf 88' lang='lat' dir='ltr'><strong>Nec</strong></span> <span class='ocrx_word' id='word_1_673' title='bbox 1134 4617 1258 4670; x_wconf 90' lang='lat' dir='ltr'><strong>inde</strong></span> <span class='ocrx_word' id='word_1_674' title='bbox 1290 4626 1472 4671; x_wconf 83' lang='lat' dir='ltr'><strong>vester</strong></span> <span class='ocrx_word' id='word_1_675' title='bbox 1499 4618 1716 4672; x_wconf 89' lang='lat' dir='ltr'><strong>animus</strong></span> <span class='ocrx_word' id='word_1_676' title='bbox 1743 4635 1874 4672; x_wconf 86' lang='lat' dir='ltr'><strong>con-</strong></span> 
     </span>
    </p>
   </div>
   <div class='ocr_carea' id='block_1_92' title="bbox 258 4708 1880 4780">
    <p class='ocr_par' dir='ltr' id='par_1_92' title="bbox 258 4708 1880 4780">
     <span class='ocr_line' id='line_1_92' title="bbox 258 4708 1880 4780; baseline 0.002 -19"><span class='ocrx_word' id='word_1_677' title='bbox 258 4709 521 4774; x_wconf 89' lang='lat' dir='ltr'><strong>tristetur,</strong></span> <span class='ocrx_word' id='word_1_678' title='bbox 556 4708 680 4780; x_wconf 91' lang='lat' dir='ltr'><strong>quis</strong></span> <span class='ocrx_word' id='word_1_679' title='bbox 707 4719 947 4764; x_wconf 84' lang='lat' dir='ltr'><strong>vestrum</strong></span> <span class='ocrx_word' id='word_1_680' title='bbox 975 4709 1129 4763; x_wconf 88' lang='lat' dir='ltr'><strong>alteri</strong></span> <span class='ocrx_word' id='word_1_681' title='bbox 1164 4716 1534 4780; x_wconf 63' lang='lat' dir='ltr'><strong>praeponatur.</strong></span> <span class='ocrx_word' id='word_1_682' title='bbox 1566 4709 1880 4765; x_wconf 84' lang='lat' dir='ltr'><strong>Memoritcr</strong></span> 
     </span>
    </p>
   </div>
   <div class='ocr_carea' id='block_1_93' title="bbox 1975 4530 3601 4602">
    <p class='ocr_par' dir='ltr' id='par_1_93' title="bbox 1975 4530 3601 4602">
     <span class='ocr_line' id='line_1_93' title="bbox 1975 4530 3601 4602; baseline -0.002 -15"><span class='ocrx_word' id='word_1_683' title='bbox 1975 4532 2216 4588; x_wconf 86' lang='lat' dir='ltr'><strong>culmine</strong></span> <span class='ocrx_word' id='word_1_684' title='bbox 2241 4531 2551 4602; x_wconf 90' lang='lat' dir='ltr'><strong>potestatis,</strong></span> <span class='ocrx_word' id='word_1_685' title='bbox 2610 4547 2957 4602; x_wconf 90' lang='lat' dir='ltr'><strong>nequaquam</strong></span> <span class='ocrx_word' id='word_1_686' title='bbox 3008 4530 3113 4584; x_wconf 86' lang='lat' dir='ltr'><strong>sibi</strong></span> <span class='ocrx_word' id='word_1_687' title='bbox 3159 4530 3286 4584; x_wconf 89' lang='lat' dir='ltr'><strong>inde</strong></span> <span class='ocrx_word' id='word_1_688' title='bbox 3315 4530 3601 4584; x_wconf 88' lang='lat' dir='ltr'><strong>crescebat</strong></span> 
     </span>
    </p>
   </div>
   <div class='ocr_carea' id='block_1_94' title="bbox 1977 4618 3602 4690">
    <p class='ocr_par' dir='ltr' id='par_1_94' title="bbox 1977 4618 3602 4690">
     <span class='ocr_line' id='line_1_94' title="bbox 1977 4618 3602 4690; baseline 0 -16"><span class='ocrx_word' id='word_1_689' title='bbox 1977 4627 2158 4674; x_wconf 89' lang='lat' dir='ltr'><strong>tumor</strong></span> <span class='ocrx_word' id='word_1_690' title='bbox 2177 4619 2434 4674; x_wconf 89' lang='lat' dir='ltr'><strong>elationis</strong></span> <span class='ocrx_word' id='word_1_691' title='bbox 2466 4639 2482 4682; x_wconf 90' lang='lat'><strong><em>;</em></strong></span> <span class='ocrx_word' id='word_1_692' title='bbox 2511 4620 2610 4674; x_wconf 87' lang='lat' dir='ltr'><strong>sed</strong></span> <span class='ocrx_word' id='word_1_693' title='bbox 2633 4627 2820 4674; x_wconf 88' lang='lat' dir='ltr'><strong>sancta</strong></span> <span class='ocrx_word' id='word_1_694' title='bbox 2848 4635 3005 4673; x_wconf 90' lang='lat' dir='ltr'><strong>mens</strong></span> <span class='ocrx_word' id='word_1_695' title='bbox 3029 4618 3274 4690; x_wconf 76' lang='lat' dir='ltr'><strong>epiSCOpi</strong></span> <span class='ocrx_word' id='word_1_696' title='bbox 3325 4635 3384 4673; x_wconf 89' lang='lat' dir='ltr'><strong>se</strong></span> <span class='ocrx_word' id='word_1_697' title='bbox 3417 4620 3602 4689; x_wconf 93' lang='lat' dir='ltr'><strong>potius</strong></span> 
     </span>
    </p>
   </div>
   <div class='ocr_carea' id='block_1_95' title="bbox 1981 4709 3598 4778">
    <p class='ocr_par' dir='ltr' id='par_1_95' title="bbox 1981 4709 3598 4778">
     <span class='ocr_line' id='line_1_95' title="bbox 1981 4709 3598 4778; baseline 0.001 -14"><span class='ocrx_word' id='word_1_698' title='bbox 1981 4710 2264 4765; x_wconf 85' lang='lat' dir='ltr'><strong>inclinavit</strong></span> <span class='ocrx_word' id='word_1_699' title='bbox 2295 4709 2613 4778; x_wconf 88' lang='lat' dir='ltr'><strong>humilitati,</strong></span> <span class='ocrx_word' id='word_1_700' title='bbox 2655 4710 2788 4765; x_wconf 91' lang='lat' dir='ltr'><strong>illud</strong></span> <span class='ocrx_word' id='word_1_701' title='bbox 2855 4710 2910 4764; x_wconf 89' lang='lat' dir='ltr'><strong>in</strong></span> <span class='ocrx_word' id='word_1_702' title='bbox 2951 4711 3220 4764; x_wconf 89' lang='lat' dir='ltr'><strong>memoria</strong></span> <span class='ocrx_word' id='word_1_703' title='bbox 3267 4711 3598 4778; x_wconf 90' lang='lat' dir='ltr'><strong>recondens,</strong></span> 
     </span>
    </p>
   </div>
   <div class='ocr_carea' id='block_1_96' title="bbox 1609 4887 2245 4943">
    <p class='ocr_par' dir='ltr' id='par_1_96' title="bbox 1609 4887 2245 4943">
     <span class='ocr_line' id='line_1_96' title="bbox 1609 4887 2245 4943; baseline 0.006 -5"><span class='ocrx_word' id='word_1_704' title='bbox 1609 4887 1828 4942; x_wconf 62' lang='lat' dir='ltr'><strong>VARIA‘Z</strong></span> <span class='ocrx_word' id='word_1_705' title='bbox 1869 4887 2245 4943; x_wconf 81' lang='lat' dir='ltr'><strong>LECTIONES.</strong></span> 
     </span>
    </p>
   </div>
   <div class='ocr_carea' id='block_1_97' title="bbox 329 5010 2016 5087">
    <p class='ocr_par' dir='ltr' id='par_1_97' title="bbox 329 5010 2016 5087">
     <span class='ocr_line' id='line_1_97' title="bbox 329 5010 2016 5087; baseline 0.002 -21"><span class='ocrx_word' id='word_1_706' title='bbox 329 5012 382 5087; x_wconf 45' lang='grc' dir='ltr'><strong>’ᾗ</strong></span> <span class='ocrx_word' id='word_1_707' title='bbox 406 5013 481 5066; x_wconf 89' lang='lat' dir='ltr'><strong>illi</strong></span> <span class='ocrx_word' id='word_1_708' title='bbox 517 5030 615 5087; x_wconf 83' lang='lat' dir='ltr'><strong>pro</strong></span> <span class='ocrx_word' id='word_1_709' title='bbox 647 5012 902 5087; x_wconf 83' lang='lat' dir='ltr'><strong>omnibus</strong></span> <span class='ocrx_word' id='word_1_710' title='bbox 934 5013 1094 5087; x_wconf 84' lang='lat' dir='ltr'><strong>bonis</strong></span> <span class='ocrx_word' id='word_1_711' title='bbox 1133 5010 1340 5087; x_wconf 81' lang='lat' dir='ltr'><strong>sibiab</strong></span> <span class='ocrx_word' id='word_1_712' title='bbox 1371 5029 1437 5067; x_wconf 92' lang='lat' dir='ltr'><strong>eo</strong></span> <span class='ocrx_word' id='word_1_713' title='bbox 1472 5013 1713 5087; x_wconf 79' lang='lat' dir='ltr'><strong>benigne</strong></span> <span class='ocrx_word' id='word_1_714' title='bbox 1751 5015 2016 5087; x_wconf 88' lang='lat' dir='ltr'><strong>impensis</strong></span> 
     </span>
    </p>
   </div>
   <div class='ocr_carea' id='block_1_98' title="bbox 2070 5011 3595 5138">
    <p class='ocr_par' dir='ltr' id='par_1_98' title="bbox 2070 5011 3595 5138">
     <span class='ocr_line' id='line_1_98' title="bbox 2070 5011 3595 5138; baseline -0.001 -70"><span class='ocrx_word' id='word_1_715' title='bbox 2070 5015 2277 5138; x_wconf 75' lang='lat' dir='ltr'><strong>gratias</strong></span> <span class='ocrx_word' id='word_1_716' title='bbox 2331 5014 2383 5068; x_wconf 77' lang='grc'>2.</span> <span class='ocrx_word' id='word_1_717' title='bbox 2429 5013 2471 5048; x_wconf 74' lang='grc'><strong>²⁷</strong></span> <span class='ocrx_word' id='word_1_718' title='bbox 2506 5020 2581 5068; x_wconf 77' lang='lat' dir='ltr'><strong>ita</strong></span> <span class='ocrx_word' id='word_1_719' title='bbox 2610 5014 2663 5068; x_wconf 79' lang='grc'><strong>2.</strong></span> <span class='ocrx_word' id='word_1_720' title='bbox 2697 5015 2924 5068; x_wconf 73' lang='lat' dir='ltr'><strong>aileldac</strong></span> <span class='ocrx_word' id='word_1_721' title='bbox 2956 5015 3002 5068; x_wconf 88' lang='lat'><strong>1.</strong></span> <span class='ocrx_word' id='word_1_722' title='bbox 3039 5013 3080 5047; x_wconf 74' lang='grc'><strong>²⁸</strong></span> <span class='ocrx_word' id='word_1_723' title='bbox 3111 5015 3165 5067; x_wconf 89' lang='lat' dir='ltr'><strong>in</strong></span> <span class='ocrx_word' id='word_1_724' title='bbox 3197 5011 3404 5066; x_wconf 89' lang='lat' dir='ltr'><strong>Bremis</strong></span> <span class='ocrx_word' id='word_1_725' title='bbox 3431 5012 3595 5066; x_wconf 75' lang='lat' dir='ltr'><strong>addit</strong></span> 
     </span>
     <span class='ocr_line' id='line_1_99' title="bbox 2070 5083 3590 5138; baseline 0 0"><span class='ocrx_word' id='word_1_726' title='bbox 2070 5087 2258 5138; x_wconf 72' lang='lat' dir='ltr'><strong>ticens</strong></span> <span class='ocrx_word' id='word_1_727' title='bbox 2287 5103 2298 5138; x_wconf 96' lang='lat'>:</span> <span class='ocrx_word' id='word_1_728' title='bbox 2333 5086 2488 5138; x_wconf 90' lang='lat' dir='ltr'><strong>Omni</strong></span> <span class='ocrx_word' id='word_1_729' title='bbox 2536 5094 2779 5138; x_wconf 79' lang='lat' dir='ltr'><strong>tempore</strong></span> <span class='ocrx_word' id='word_1_730' title='bbox 2813 5100 3114 5138; x_wconf 92' lang='lat' dir='ltr'><strong>memorare</strong></span> <span class='ocrx_word' id='word_1_731' title='bbox 3147 5083 3443 5138; x_wconf 89' lang='lat' dir='ltr'><strong>novissima</strong></span> <span class='ocrx_word' id='word_1_732' title='bbox 3478 5094 3590 5138; x_wconf 89' lang='lat' dir='ltr'><strong>tua.</strong></span> 
     </span>
    </p>
   </div>
   <div class='ocr_carea' id='block_1_99' title="bbox 265 5083 3590 5156">
    <p class='ocr_par' dir='ltr' id='par_1_99' title="bbox 265 5083 3590 5156">
     <span class='ocr_line' id='line_1_100' title="bbox 265 5083 3590 5156; baseline 0 -20"><span class='ocrx_word' id='word_1_733' title='bbox 265 5085 314 5137; x_wconf 94' lang='lat'><strong>1.</strong></span> <span class='ocrx_word' id='word_1_734' title='bbox 348 5086 390 5118; x_wconf 76' lang='grc'><strong>²⁹</strong></span> <span class='ocrx_word' id='word_1_735' title='bbox 424 5085 616 5148; x_wconf 91' lang='lat' dir='ltr'><strong>menti,</strong></span> <span class='ocrx_word' id='word_1_736' title='bbox 653 5084 1120 5156; x_wconf 86' lang='lat' dir='ltr'><strong>quemadmodum</strong></span> <span class='ocrx_word' id='word_1_737' title='bbox 1148 5083 1373 5156; x_wconf 84' lang='lat' dir='ltr'><strong>sapiens</strong></span> <span class='ocrx_word' id='word_1_738' title='bbox 1403 5083 1630 5154; x_wconf 78' lang='lat' dir='ltr'><strong>quidam</strong></span> <span class='ocrx_word' id='word_1_739' title='bbox 1655 5101 1755 5138; x_wconf 86' lang='lat' dir='ltr'><strong>nos</strong></span> <span class='ocrx_word' id='word_1_740' title='bbox 1788 5083 2038 5140; x_wconf 86' lang='lat' dir='ltr'><strong>hortatur</strong></span> <span class='ocrx_word' id='word_1_741' title='bbox 2066 5083 2258 5140; x_wconf 83' lang='lat' dir='ltr'><strong>dicens</strong></span> <span class='ocrx_word' id='word_1_742' title='bbox 2287 5103 2298 5139; x_wconf 96' lang='lat'>:</span> <span class='ocrx_word' id='word_1_743' title='bbox 2333 5086 2488 5140; x_wconf 90' lang='lat' dir='ltr'><strong>Omni</strong></span> <span class='ocrx_word' id='word_1_744' title='bbox 2536 5094 2779 5156; x_wconf 89' lang='lat' dir='ltr'><strong>tempore</strong></span> <span class='ocrx_word' id='word_1_745' title='bbox 2813 5100 3114 5139; x_wconf 91' lang='lat' dir='ltr'><strong>memorare</strong></span> <span class='ocrx_word' id='word_1_746' title='bbox 3147 5083 3443 5156; x_wconf 88' lang='lat' dir='ltr'><strong>novissima</strong></span> <span class='ocrx_word' id='word_1_747' title='bbox 3478 5094 3590 5143; x_wconf 87' lang='lat' dir='ltr'><strong>tua.</strong></span> 
     </span>
    </p>
   </div>
   <div class='ocr_carea' id='block_1_100' title="bbox 266 5155 3594 5227">
    <p class='ocr_par' dir='ltr' id='par_1_100' title="bbox 266 5155 3594 5227">
     <span class='ocr_line' id='line_1_101' title="bbox 266 5155 3594 5227; baseline 0 -19"><span class='ocrx_word' id='word_1_748' title='bbox 266 5156 391 5208; x_wconf 89' lang='lat' dir='ltr'><strong>etin</strong></span> <span class='ocrx_word' id='word_1_749' title='bbox 424 5166 690 5209; x_wconf 76' lang='lat' dir='ltr'><strong>:etcrnuin</strong></span> <span class='ocrx_word' id='word_1_750' title='bbox 727 5171 836 5208; x_wconf 93' lang='lat' dir='ltr'><strong>non</strong></span> <span class='ocrx_word' id='word_1_751' title='bbox 871 5155 1147 5227; x_wconf 87' lang='lat' dir='ltr'><strong>peccabis.</strong></span> <span class='ocrx_word' id='word_1_752' title='bbox 1185 5155 1379 5227; x_wconf 79' lang='lat' dir='ltr'><strong>verum</strong></span> <span class='ocrx_word' id='word_1_753' title='bbox 1404 5155 1496 5227; x_wconf 86' lang='lat' dir='ltr'><strong>qui</strong></span> <span class='ocrx_word' id='word_1_754' title='bbox 1531 5171 1623 5227; x_wconf 85' lang='lat' dir='ltr'><strong>rex</strong></span> <span class='ocrx_word' id='word_1_755' title='bbox 1657 5163 1738 5227; x_wconf 93' lang='lat' dir='ltr'><strong>est</strong></span> <span class='ocrx_word' id='word_1_756' title='bbox 1771 5164 1824 5210; x_wconf 89' lang='lat' dir='ltr'><strong>et</strong></span> <span class='ocrx_word' id='word_1_757' title='bbox 1856 5158 2117 5210; x_wconf 90' lang='lat' dir='ltr'><strong>dominus</strong></span> <span class='ocrx_word' id='word_1_758' title='bbox 2171 5174 2392 5227; x_wconf 88' lang='lat' dir='ltr'><strong>semper</strong></span> <span class='ocrx_word' id='word_1_759' title='bbox 2443 5157 2628 5212; x_wconf 88' lang='lat' dir='ltr'><strong>timete</strong></span> <span class='ocrx_word' id='word_1_760' title='bbox 2655 5155 2660 5156; x_wconf 49' lang='grc'><strong><em>⁷</em></strong></span> <span class='ocrx_word' id='word_1_761' title='bbox 2684 5167 2736 5210; x_wconf 88' lang='lat' dir='ltr'><strong>et</strong></span> <span class='ocrx_word' id='word_1_762' title='bbox 2771 5159 3056 5219; x_wconf 89' lang='lat' dir='ltr'><strong>honorate,</strong></span> <span class='ocrx_word' id='word_1_763' title='bbox 3091 5155 3182 5227; x_wconf 86' lang='lat' dir='ltr'><strong>qui</strong></span> <span class='ocrx_word' id='word_1_764' title='bbox 3214 5169 3321 5227; x_wconf 81' lang='lat' dir='ltr'><strong>nos</strong></span> <span class='ocrx_word' id='word_1_765' title='bbox 3343 5155 3594 5227; x_wconf 10' lang='lat' dir='ltr'><strong>dciterra</strong></span> 
     </span>
    </p>
   </div>
   <div class='ocr_carea' id='block_1_101' title="bbox 268 5225 3586 5298">
    <p class='ocr_par' dir='ltr' id='par_1_101' title="bbox 268 5225 3586 5298">
     <span class='ocr_line' id='line_1_102' title="bbox 268 5225 3586 5298; baseline -0 -19"><span class='ocrx_word' id='word_1_766' title='bbox 268 5227 552 5296; x_wconf 87' lang='lat' dir='ltr'><strong>plasmavit</strong></span> <span class='ocrx_word' id='word_1_767' title='bbox 582 5236 635 5280; x_wconf 90' lang='lat' dir='ltr'><strong>et</strong></span> <span class='ocrx_word' id='word_1_768' title='bbox 676 5227 955 5298; x_wconf 86' lang='lat' dir='ltr'><strong>interram</strong></span> <span class='ocrx_word' id='word_1_769' title='bbox 984 5226 1161 5279; x_wconf 89' lang='lat' dir='ltr'><strong>redire</strong></span> <span class='ocrx_word' id='word_1_770' title='bbox 1214 5225 1362 5298; x_wconf 86' lang='lat' dir='ltr'><strong>facit,</strong></span> <span class='ocrx_word' id='word_1_771' title='bbox 1401 5226 1492 5296; x_wconf 93' lang='lat' dir='ltr'><strong>qui</strong></span> <span class='ocrx_word' id='word_1_772' title='bbox 1523 5225 1842 5298; x_wconf 83' lang='lat' dir='ltr'><strong>dominatur</strong></span> <span class='ocrx_word' id='word_1_773' title='bbox 1873 5228 1928 5281; x_wconf 92' lang='lat' dir='ltr'><strong>in</strong></span> <span class='ocrx_word' id='word_1_774' title='bbox 1959 5244 2129 5298; x_wconf 86' lang='lat' dir='ltr'><strong>regno</strong></span> <span class='ocrx_word' id='word_1_775' title='bbox 2190 5225 2476 5282; x_wconf 87' lang='lat' dir='ltr'><strong>hominum</strong></span> <span class='ocrx_word' id='word_1_776' title='bbox 2527 5238 2582 5282; x_wconf 91' lang='lat' dir='ltr'><strong>ct</strong></span> <span class='ocrx_word' id='word_1_777' title='bbox 2608 5229 2934 5298; x_wconf 92' lang='lat' dir='ltr'><strong>cuicumque</strong></span> <span class='ocrx_word' id='word_1_778' title='bbox 2976 5225 3209 5280; x_wconf 86' lang='lat' dir='ltr'><strong>voluerit</strong></span> <span class='ocrx_word' id='word_1_779' title='bbox 3239 5225 3393 5277; x_wconf 87' lang='lat' dir='ltr'><strong>dabit</strong></span> <span class='ocrx_word' id='word_1_780' title='bbox 3428 5225 3586 5288; x_wconf 90' lang='lat' dir='ltr'><strong>illud,</strong></span> 
     </span>
    </p>
   </div>
   <div class='ocr_carea' id='block_1_102' title="bbox 267 5296 3574 5368">
    <p class='ocr_par' dir='ltr' id='par_1_102' title="bbox 267 5296 3574 5368">
     <span class='ocr_line' id='line_1_103' title="bbox 267 5296 3574 5368; baseline -0 -18"><span class='ocrx_word' id='word_1_781' title='bbox 267 5305 317 5368; x_wconf 81' lang='lat' dir='ltr'><strong>et</strong></span> <span class='ocrx_word' id='word_1_782' title='bbox 345 5296 1013 5368; x_wconf 89' lang='lat' dir='ltr'><strong>humillimumhominem</strong></span> <span class='ocrx_word' id='word_1_783' title='bbox 1048 5297 1346 5368; x_wconf 87' lang='lat' dir='ltr'><strong>constituet</strong></span> <span class='ocrx_word' id='word_1_784' title='bbox 1384 5311 1553 5368; x_wconf 90' lang='lat' dir='ltr'><strong>super</strong></span> <span class='ocrx_word' id='word_1_785' title='bbox 1579 5312 1664 5350; x_wconf 91' lang='lat' dir='ltr'><strong>eo.</strong></span> <span class='ocrx_word' id='word_1_786' title='bbox 1702 5297 1880 5353; x_wconf 87' lang='lat' dir='ltr'><strong>Nolite</strong></span> <span class='ocrx_word' id='word_1_787' title='bbox 1912 5296 2274 5366; x_wconf 86' lang='lat' dir='ltr'><strong>contendere,</strong></span> <span class='ocrx_word' id='word_1_788' title='bbox 2345 5307 2448 5355; x_wconf 90' lang='lat' dir='ltr'><strong>etc.</strong></span> <span class='ocrx_word' id='word_1_789' title='bbox 2492 5301 2544 5354; x_wconf 79' lang='lat'><strong>‘2.</strong></span> <span class='ocrx_word' id='word_1_790' title='bbox 2577 5301 2747 5368; x_wconf 71' lang='lat' dir='ltr'><strong>Igitur</strong></span> <span class='ocrx_word' id='word_1_791' title='bbox 2801 5296 2886 5352; x_wconf 72' lang='lat' dir='ltr'><strong>hic</strong></span> <span class='ocrx_word' id='word_1_792' title='bbox 2916 5300 3160 5368; x_wconf 66' lang='lat' dir='ltr'><strong>quadam</strong></span> <span class='ocrx_word' id='word_1_793' title='bbox 3198 5299 3402 5350; x_wconf 68' lang='lat' dir='ltr'><strong>omissa</strong></span> <span class='ocrx_word' id='word_1_794' title='bbox 3428 5301 3574 5350; x_wconf 82' lang='lat' dir='ltr'><strong>sunt.</strong></span> 
     </span>
    </p>
   </div>
   <div class='ocr_carea' id='block_1_103' title="bbox 267 5367 1799 5423">
    <p class='ocr_par' dir='ltr' id='par_1_103' title="bbox 267 5367 1799 5423">
     <span class='ocr_line' id='line_1_104' title="bbox 267 5367 1799 5423; baseline -0.001 0"><span class='ocrx_word' id='word_1_795' title='bbox 267 5367 310 5401; x_wconf 81' lang='grc' dir='ltr'><strong>³ο</strong></span> <span class='ocrx_word' id='word_1_796' title='bbox 329 5370 522 5423; x_wconf 90' lang='lat' dir='ltr'><strong>timere</strong></span> <span class='ocrx_word' id='word_1_797' title='bbox 549 5369 599 5421; x_wconf 89' lang='lat'><strong>1.</strong></span> <span class='ocrx_word' id='word_1_798' title='bbox 632 5369 672 5402; x_wconf 82' lang='grc'><strong>³¹</strong></span> <span class='ocrx_word' id='word_1_799' title='bbox 717 5367 988 5422; x_wconf 88' lang='lat' dir='ltr'><strong>honorare</strong></span> <span class='ocrx_word' id='word_1_800' title='bbox 1014 5368 1066 5421; x_wconf 82' lang='lat'><strong>1.</strong></span> <span class='ocrx_word' id='word_1_801' title='bbox 1090 5367 1134 5401; x_wconf 83' lang='grc'><strong>³³</strong></span> <span class='ocrx_word' id='word_1_802' title='bbox 1164 5367 1306 5420; x_wconf 80' lang='lat' dir='ltr'><strong>deest</strong></span> <span class='ocrx_word' id='word_1_803' title='bbox 1333 5368 1382 5420; x_wconf 82' lang='lat'><strong>1.</strong></span> <span class='ocrx_word' id='word_1_804' title='bbox 1409 5367 1453 5401; x_wconf 84' lang='grc'><strong>³⁸</strong></span> <span class='ocrx_word' id='word_1_805' title='bbox 1470 5382 1704 5422; x_wconf 90' lang='lat' dir='ltr'><strong>accenso</strong></span> <span class='ocrx_word' id='word_1_806' title='bbox 1749 5370 1799 5423; x_wconf 89' lang='lat'><strong>1.</strong></span> 
     </span>
    </p>
   </div>
   <div class='ocr_carea' id='block_1_104' title="bbox 1798 5492 2034 5547">
    <p class='ocr_par' dir='ltr' id='par_1_104' title="bbox 1798 5492 2034 5547">
     <span class='ocr_line' id='line_1_105' title="bbox 1798 5492 2034 5547; baseline 0.004 -1"><span class='ocrx_word' id='word_1_807' title='bbox 1798 5492 1989 5547; x_wconf 76' lang='grc' dir='ltr'><strong>ΝΟΤΑΞ</strong></span> <span class='ocrx_word' id='word_1_808' title='bbox 2023 5535 2034 5547; x_wconf 93' lang='grc'>.</span> 
     </span>
    </p>
   </div>
   <div class='ocr_carea' id='block_1_105' title="bbox 337 5592 983 5663">
    <p class='ocr_par' dir='ltr' id='par_1_105' title="bbox 337 5592 983 5663">
     <span class='ocr_line' id='line_1_106' title="bbox 337 5592 983 5663; baseline -0.006 -15"><span class='ocrx_word' id='word_1_809' title='bbox 337 5594 446 5663; x_wconf 76' lang='lat'><strong>(26)</strong></span> <span class='ocrx_word' id='word_1_810' title='bbox 473 5596 530 5648; x_wconf 84' lang='lat' dir='ltr'><strong>A.</strong></span> <span class='ocrx_word' id='word_1_811' title='bbox 565 5592 689 5648; x_wconf 88' lang='grc'><strong>936.</strong></span> <span class='ocrx_word' id='word_1_812' title='bbox 727 5598 983 5663; x_wconf 85' lang='lat' dir='ltr'><strong>exeunte.</strong></span> 
     </span>
    </p>
   </div>
   <div class='ocr_carea' id='block_1_106' title="bbox 331 5659 3140 5737">
    <p class='ocr_par' dir='ltr' id='par_1_106' title="bbox 331 5659 3140 5737">
     <span class='ocr_line' id='line_1_107' title="bbox 331 5659 3140 5737; baseline 0.001 -20"><span class='ocrx_word' id='word_1_813' title='bbox 331 5659 439 5735; x_wconf 52' lang='lat'><strong>(&#39;28)</strong></span> <span class='ocrx_word' id='word_1_814' title='bbox 464 5664 541 5720; x_wconf 86' lang='lat' dir='ltr'><strong>Cf.</strong></span> <span class='ocrx_word' id='word_1_815' title='bbox 574 5663 829 5733; x_wconf 80' lang='lat' dir='ltr'><strong>Ruotgeri</strong></span> <span class='ocrx_word' id='word_1_816' title='bbox 852 5662 1025 5716; x_wconf 89' lang='lat' dir='ltr'><strong>Vitam</strong></span> <span class='ocrx_word' id='word_1_817' title='bbox 1059 5660 1347 5723; x_wconf 88' lang='lat' dir='ltr'><strong>Brunonis,</strong></span> <span class='ocrx_word' id='word_1_818' title='bbox 1389 5675 1437 5713; x_wconf 92' lang='lat' dir='ltr'><strong>c.</strong></span> <span class='ocrx_word' id='word_1_819' title='bbox 1460 5659 1529 5712; x_wconf 87' lang='lat'><strong>30</strong></span> <span class='ocrx_word' id='word_1_820' title='bbox 1561 5676 1572 5711; x_wconf 93' lang='lat'><strong>:</strong></span> <span class='ocrx_word' id='word_1_821' title='bbox 1606 5667 1771 5728; x_wconf 91' lang='lat' dir='ltr'><strong>caput</strong></span> <span class='ocrx_word' id='word_1_822' title='bbox 1808 5660 1842 5711; x_wconf 75' lang='grc' dir='ltr'><strong>ὅ</strong></span> <span class='ocrx_word' id='word_1_823' title='bbox 1873 5659 2004 5713; x_wconf 72' lang='lat' dir='ltr'><strong>Vitae</strong></span> <span class='ocrx_word' id='word_1_824' title='bbox 2031 5659 2259 5715; x_wconf 90' lang='lat' dir='ltr'><strong>alterius</strong></span> <span class='ocrx_word' id='word_1_825' title='bbox 2289 5679 2356 5717; x_wconf 92' lang='lat' dir='ltr'><strong>ex</strong></span> <span class='ocrx_word' id='word_1_826' title='bbox 2389 5671 2578 5720; x_wconf 89' lang='lat' dir='ltr'><strong>nostro</strong></span> <span class='ocrx_word' id='word_1_827' title='bbox 2604 5667 2998 5737; x_wconf 87' lang='lat' dir='ltr'><strong>transcriptum</strong></span> <span class='ocrx_word' id='word_1_828' title='bbox 3035 5673 3140 5722; x_wconf 89' lang='lat' dir='ltr'><strong>cst.</strong></span> 
     </span>
    </p>
   </div>
  </div>
