3978 6214
412 309 517 366 899

1472 294 1741 351 SANCT/E
1781 290 2134 349 MATHILDIS
2175 291 2436 347 REGlNzE
2476 292 2643 348 VlTA.

3652 297 3775 356 900

416 437 561 508 quod
614 434 893 504 Scriptura
926 436 1204 485 ammonet
1255 427 1447 480 dicens
1485 446 1511 473 α
1543 425 1759 488 Quanto
1790 434 2022 493 magnus
2051 424 2098 489 Α
2124 422 2533 493 obscquiis,sed
2564 422 2858 477 incedebat
2896 424 3018 477 sine
3062 423 3306 478 humano
3340 422 3552 490 favore,
3577 425 3769 497 gratia

414 547 495 591 es,
518 528 745 581 humilia
777 534 827 579 te
868 525 923 577 in
955 523 1215 577 omnibus
1254 521 1417 588 (Eccl.
1463 536 1541 581 Ill,
1578 515 1691 583 20).
1728 536 1755 565 υ
1789 512 2019 586 Pervigil

414 617 515 670 fuit
553 614 844 685 sapientia,
906 610 1194 683 placabilis
1247 609 1470 663 lenitate
1523 606 1714 671 nimia,
1755 600 2030 672 serpentis

413 705 668 758 astutiam
709 702 974 774 cumlege
1006 697 1323 762 custodivit,
1357 705 1411 751 et
1450 694 1720 750 columbae
1760 687 2030 760 simplicis

410 799 654 853 animum
682 813 792 851 non
847 796 1050 849 amisit.
1089 795 1319 868 Gregem
1354 792 1461 846 sibi
1503 788 1858 845 commissum
1890 784 2029 837 dile-

410 892 504 955 xit,
547 898 601 946 et
633 907 729 961 per
760 889 1014 944 baculum
1047 887 1352 957 disciplina:
1382 885 1583 939 multos
1612 882 1680 935 ab
1712 894 1900 934 errore
1923 875 2034 929 eri-

412 983 549 1053 puit,
574 984 841 1055 quosdam
903 980 1289 1037 collationibus
1346 976 1583 1031 assiduae
1642 970 2035 1042 disputationis

406 1075 474 1128 ad
502 1076 732 1130 meliora
764 1076 992 1137 ducens,
1029 1073 1300 1144 quosdam
1331 1070 1561 1141 placida:
1594 1065 1909 1121 maturitate
1941 1062 2037 1115 d0°

409 1164 598 1218 ctrina:
637 1163 915 1217 desiderio
944 1173 1147 1216 sanctae
1191 1157 1629 1215 conversationis
1672 1153 1926 1224 implens.
1974 1150 2032 1203 ln

410 1270 667 1309 sermone
726 1255 904 1308 fuerat
954 1254 1120 1317 mltis,
1164 1253 1219 1305 in
1265 1250 1518 1305 doctrina
1572 1246 1813 1307 humilis,
1849 1242 2025 1296 malo-

409 1360 528 1397 rum
584 1344 887 1397 acerrimus
938 1342 1267 1405 destructor,
1335 1356 1395 1393 er
1451 1336 1695 1391 veritatis
1742 1333 2023 1387 studiosus

407 1443 685 1499 assertor;
729 1434 1032 1489 humilibus
1119 1432 1375 1496 blandus,
1452 1428 1711 1499 superbis
1774 1438 2019 1488 severus,

407 1528 677 1591 Quosdam
722 1527 861 1580 intra
887 1533 1042 1595 septa
1063 1524 1246 1597 gregis
1277 1522 1606 1592 suscipiens,
1636 1535 1700 1572 ex
1750 1517 1855 1587 ipis
1894 1529 2023 1568 oves

405 1614 552 1681 fecit,
584 1616 722 1670 alios
748 1622 897 1668 extra
952 1622 1108 1682 septa
1164 1610 1443 1665 enutrivit.
1510 1609 1567 1662 Et
1594 1605 1863 1678 quidquid
1885 1602 2025 1657 alios

408 1709 615 1774 docuit,
651 1708 769 1776 ipse
822 1706 1057 1777 primum
1118 1702 1382 1772 implevit.
1443 1701 1663 1754 Necnon
1725 1697 1779 1750 in
1834 1694 2028 1749 eadem

406 1797 627 1851 civitate
655 1793 893 1849 extruxit
932 1809 1094 1864 quam
1152 1791 1388 1862 plurima
1429 1787 1776 1844 monasteria.
1817 1787 1874 1839 ln
1906 1800 2027 1839 om-

410 1891 576 1945 nibus
606 1890 770 1943 etiam
803 1887 982 1942 extitit
1013 1888 1168 1941 tortis
1204 1886 1408 1939 athleta
1442 1883 1534 1937 Dei
1566 1890 1620 1937 et
1651 1886 2027 1953 propugnator

405 1981 723 2036 Christiana:
750 1980 899 2034 fidei.
937 1979 1075 2043 Quid
1134 1977 1357 2043 mirum,
1413 1975 1558 2031 ﬁlios
1613 1974 1670 2028 in
1730 1975 2026 2041 bonOpro«

406 2070 570 2124 licere
628 2084 861 2141 quorum
892 2077 1065 2122 mater
1118 2081 1417 2138 numquam
1450 2063 1699 2119 cessabat
1741 2062 1851 2116 Deo
1908 2076 2028 2114 ser-

408 2166 523 2221 vire
558 2165 587 2207 9

477 2259 560 2313 10.
598 2259 842 2325 Qualiter
866 2263 986 2328 post
1015 2259 1217 2312 obitum
1249 2258 1443 2310 mariti
1460 2256 1599 2307 vixit
1656 2250 1788 2315 Quis
1816 2248 2022 2318 scripto

401 2347 543 2401 valet
572 2348 1046 2417 comprehendere
1070 2346 1152 2399 vel
1185 2347 1344 2413 cujus
1374 2346 1561 2416 lingua
1594 2341 1795 2413 poterit
1844 2337 2024 2407 expli-

402 2452 547 2497 care,
583 2452 744 2506 quam
765 2435 1040 2507 gloriosus
1070 2450 1224 2489 amor
1273 2434 1469 2487 Christi
1499 2433 1727 2505 flagrare
1766 2427 1937 2497 coepit
1967 2425 2022 2478 in

403 2536 585 2583 mente
616 2526 844 2581 illustris
865 2525 1067 2595 reginae
1102 2522 1414 2577 Malithildis
1455 2529 1576 2592 post
1607 2520 1820 2576 obitum
1855 2518 2022 2571 Hein-

404 2619 499 2673 rici
532 2619 675 2693 regis
706 2616 985 2671 ?Stabilis
1040 2614 1341 2685 permansit
1391 2613 1446 2667 in
1502 2612 1632 2675 fide,
1702 2610 1927 2665 humilis
1967 2608 2021 2661 in

402 2710 496 2763 Dei
529 2710 759 2773 timore;
811 2708 1079 2777 cujusque
1136 2704 1443 2774 disciplinae
1492 2717 1705 2757 memor
1735 2702 1933 2763 extitit,
1969 2705 2022 2754 et

395 2799 665 2868 justitiam
700 2813 820 2851 cum
880 2794 1151 2867 religione
1195 2793 1459 2857 retinuit;
1493 2791 1559 2845 ad
1615 2805 1834 2846 omnem
1880 2789 2019 2844 tole-

402 2887 631 2941 rantiam
675 2886 857 2951 fortis,
915 2891 968 2937 et
1024 2884 1089 2936 ad
1148 2881 1529 2936 sustinendam
1559 2880 1815 2948 injuriam
1849 2879 2016 2945 mitis,

403 2982 581 3037 facilis
614 2982 658 3015 3‘
689 2981 757 3035 ad
787 2979 1093 3034 faciendam
1119 2976 1575 3042 misericordiam,
1599 2991 1796 3048 gerens
1827 2992 2013 3046 pacem

2130 516 2326 571 Christi
2355 532 2540 570 secum
2592 517 2887 571 comitante
2923 535 2937 581 ;
2979 533 3187 588 pernox
3230 517 3284 571 in
3343 519 3595 573 oratione
3646 534 3767 573 non

2131 603 2383 657 cessabat
2432 604 2539 658 Deo
2598 605 2822 660 servire.
2884 605 3392 677 Quotienscumque
3456 606 3765 661 ecclesiam

2133 694 2371 760 intravit,
2404 711 2703 767 numquam
2731 712 2902 751 vacua
2954 713 3118 751 manu
3166 697 3234 751 ad
3294 697 3462 752 altare
3494 698 3765 765 accessit,

2135 803 2236 841 nec
2262 803 2393 861 rege
2424 788 2643 842 vivente
2678 805 2779 843 nec
2828 789 2883 842 in
2935 788 3205 843 viduitate
3259 789 3297 844 Ο
3319 806 3484 861 quam
3518 790 3770 845 feliciter

2140 882 2542 936 consummavit
2592 882 2997 955 longitudinem
3043 885 3219 940 noctis
3260 885 3316 939 in
3362 884 3517 939 omni
3569 883 3767 938 studio

2138 968 2492 1041 bonioperis,
2536 978 2587 1025 et
2616 989 2779 1043 quam
2825 973 3079 1029 familiari
3127 992 3262 1031 voce
3309 976 3378 1029 ad
3423 976 3598 1030 Deum
3642 974 3765 1028 cla-

2135 1062 2302 1115 mavit
2332 1069 2385 1116 et
2405 1064 2620 1117 veniam
2677 1073 3026 1134 peccatorum
3080 1066 3396 1137 postulavit,
3438 1072 3493 1121 et
3527 1065 3761 1136 qualem

2134 1166 2255 1205 cum
2309 1154 2512 1208 sanctis
2560 1155 2852 1209 animabus
2914 1156 3115 1211 meruit
3167 1155 3373 1210 habere
3429 1154 3760 1221 amicitiam,

2128 1249 2329 1319 quibus
2359 1265 2389 1302 a
2422 1249 2634 1304 Christo
2673 1249 2983 1320 imploravit
3032 1250 3280 1321 requiem
3312 1246 3758 1319 sempiternam!

2124 1342 2261 1395 Ante
2303 1340 2428 1411 galli
2480 1348 2699 1395 cantum
2758 1348 2932 1394 totum
2994 1338 3248 1394 finiverat
3275 1340 3619 1410 psalterium,
3646 1341 3757 1394 nisi

2124 1430 2389 1485 brevitate
2436 1430 2612 1484 noctis
2666 1428 3045 1498 impediretur.
3080 1428 3338 1482 Sentiens
3378 1436 3563 1484 autem
3615 1437 3763 1483 tem-

2127 1539 2227 1591 pus
2258 1522 2704 1597 apprOpinquare
2756 1536 2866 1592 quo
2895 1521 3259 1575 conveniebat
3301 1521 3346 1555 ³ο
3397 1522 3759 1577 nocturnales

2128 1614 2321 1668 laudes
2348 1613 2635 1678 celebrari,
2666 1613 2893 1667 recessit
2923 1612 2990 1666 ad
3046 1612 3362 1666 cubiculum
3395 1628 3519 1667 cum
3569 1613 3752 1667 silen-

2129 1709 2225 1775 tio,
2259 1717 2313 1764 et
2341 1709 2618 1763 nesciente
2647 1709 2831 1779 aliquo
2888 1707 3177 1763 collocavit
3210 1723 3268 1761 se
3296 1708 3351 1761 in
3385 1707 3551 1774 lecto,
3587 1708 3748 1778 quasi

2128 1811 2294 1857 totam
2327 1808 2544 1856 noctem
2604 1800 2716 1855 illic
2765 1799 3095 1855 dormiendo
3154 1799 3359 1871 egisset
3387 1808 3442 1853 et
3470 1815 3748 1870 nusquam

2126 1888 2253 1958 inde
2277 1890 2472 1959 pedem
2506 1886 2787 1943 movisset.
2813 1889 2944 1943 Dato
2975 1899 3156 1944 autem
3205 1889 3366 1961 signo
3420 1890 3489 1944 ad
3522 1900 3751 1946 noctur-

2129 1997 2218 2043 na,
2269 1981 2413 2036 haud
2468 1981 2657 2055 segnis
2704 1980 2962 2045 surrexit,
3031 1987 3084 2036 et
3136 1982 3489 2052 properando
3549 1983 3749 2038 iterum

2129 2072 2350 2128 intravit
2408 2073 2720 2137 ecclesiam,
2771 2072 2986 2126 divinas
3051 2072 3240 2127 laudes
3295 2073 3638 2138 auscultans,
3697 2082 3754 2128 et

2127 2162 2336 2216 intento
2362 2161 2529 2215 corde
2586 2161 2900 2215 orationum
2954 2160 3214 2216 instantia
3267 2162 3567 2217 desudans.
3624 2162 3751 2216 Post

2127 2257 2450 2305 nocturnam
2502 2265 2632 2304 vero
2704 2249 2965 2304 omnibus
3015 2248 3278 2322 egressis,
3345 2250 3493 2305 intus
3545 2250 3752 2304 mansit

2117 2342 2307 2410 januis
2326 2341 2545 2405 clausis,
2574 2341 2751 2396 oculis
2800 2357 2862 2395 ac
2918 2341 3177 2395 manibus
3209 2340 3506 2395 intendens
3542 2341 3600 2395 in
3632 2357 3753 2396 cae-

2124 2435 2258 2500 lum,
2290 2434 2552 2488 invictum
2604 2432 2673 2487 ab
2733 2433 2983 2488 oratione
3035 2449 3147 2488 non
3179 2434 3439 2489 relaxavit
3467 2435 3753 2505 spiritum,

2123 2543 2301 2598 usque
2351 2526 2480 2580 dum
2534 2540 2732 2579 aurora
2777 2523 2916 2577 lucis
2972 2522 3222 2578 umbram
3272 2522 3484 2593 depulit
3536 2524 3751 2578 noctis.

2126 2617 2315 2673 Postea
2350 2618 2597 2688 ingressa
2649 2614 2987 2679 cubiculum,
3040 2614 3323 2669 reclinavit
3349 2624 3430 2679 {se
3462 2613 3760 2684 paulisper

2123 2713 2189 2766 ad
2221 2712 2705 2783 requiescendum,
2739 2717 2796 2764 ut
2819 2709 2960 2763 lassa
2986 2709 3234 2763 membra
3272 2708 3549 2773 reticeret,
3578 2723 3648 2763 ne
3683 2709 3744 2762 in

2121 2803 2382 2859 famulatu
2438 2803 2637 2857 Christi
2716 2801 2978 2857 deficeret
3053 2802 3117 2856 ιθ.
3186 2801 3414 2856 Interim
3479 2800 3753 2856 conﬂuxit

2121 2895 2415 2951 multitudo
2470 2910 2796 2966 pauperum,
2877 2893 2945 2948 de
3026 2894 3146 2963 ejus
3189 2910 3355 2949 manu
3437 2899 3748 2964 acceptura

2117 2990 2318 3045 victum
2365 2997 2419 3045 et
2485 2990 2762 3044 vestitum.
2833 2989 3071 3053 Quorum
3144 2988 3443 3043 clamorem
3502 3002 3629 3042 mox
3686 2994 3750 3041 ut

399 3075 714 3129 fraternam.
762 3073 819 3126 ln
864 3069 1121 3127 omnibus
1143 3070 1264 3138 ejus
1291 3068 1505 3124 actibus
1536 3078 1590 3124 et
1619 3068 2019 3124 confabulatio-
2047 3067 2095 3134 Ο
2127 3079 2423 3151 persensit,
2455 3078 2690 3152 impigre
2723 3078 2793 3132 de
2822 3093 3018 3132 somno
3048 3077 3088 3111 η
3122 3076 3399 3141 surrexit;
3435 3076 3756 3131 esurientes

401 3168 563 3221 nibus
623 3166 917 3220 laudabilis
975 3164 1230 3235 apparuit
1297 3164 1531 3235 gravitas
1586 3172 1639 3217 et
1694 3163 2019 3217 admiranda

402 3256 664 3330 dignitas,
693 3263 912 3326 tamque
971 3270 1030 3307 se
1094 3254 1380 3307 honestam
1432 3252 2015 3323 exhibuitinpudore,

400 3349 770 3420 utperplures
799 3350 843 3382 ³⁵
898 3348 1300 3403 arbitrarentur
1358 3346 1505 3401 illam
1547 3364 1668 3402 esse
1720 3347 2014 3419 virginem,

399 3442 452 3494 ni
494 3441 759 3494 vidissent
814 3441 859 3473 ³⁸
914 3439 1193 3513 egregiam
1254 3438 1425 3509 prolis
1482 3437 1925 3493 ftecunditatem.
1977 3438 2015 3492 Ο

396 3538 601 3602 quanta
633 3529 935 3584 reverentia
988 3529 1079 3582 Dei
1132 3526 1378 3583 timoris!
1439 3528 1671 3598 Semper
1695 3526 2018 3581 intendebat

394 3624 578 3679 studio
604 3623 868 3678 orationis
896 3626 949 3677 et
1005 3639 1169 3694 quam
1226 3624 1268 3656 37
1321 3622 1443 3677 forti
1477 3622 1665 3676 animo
1697 3638 1755 3676 se
1796 3638 2016 3693 prama-

397 3716 534 3771 ravit
590 3716 657 3769 ad
718 3715 1083 3770 resistendum
1134 3714 1382 3778 diabolo,
1442 3712 1770 3768 fiducialiter
1818 3730 2017 3785 gerens

395 3817 610 3864 scutum
643 3807 979 3862 fortitudinis
1031 3808 1099 3861 ad
1146 3808 1570 3879 expugnandum
1626 3807 1890 3861 secularis
1919 3823 2017 3877 pe—

397 3898 552 3973 lagus
611 3898 1005 3969 temptationis.
1063 3897 1415 3952 Transitoriis
1472 3898 1618 3951 enim
1688 3897 1854 3952 rebus
1903 3913 2013 3952 non

398 3987 697 4058 implicata,
726 3988 1001 4041 Christum
1053 3986 1400 4042 solummodo
1432 3995 1619 4042 secuta
1672 3993 1772 4040 est.
1831 3986 2015 4042 Noctis

394 4083 504 4151 (29)
563 4097 784 4153 quoque
839 4089 1106 4151 tempore,
1166 4081 1388 4152 quando
1451 4081 1708 4136 omnibus
1759 4097 1878 4135 mos
1931 4088 2013 4136 est

396 4175 767 4245 requiescere,
813 4174 1099 4229 collocavit
1143 4173 1278 4229 sein
1325 4173 1467 4228 lecto
1500 4173 1653 4245 quasi
1688 4189 1851 4227 causa
1872 4173 2009 4229 dor-

392 4271 622 4335 miendi,
647 4281 705 4324 ut
755 4271 836 4325 sic
887 4272 1092 4325 celaret
1138 4268 1501 4325 intentionem
1552 4269 1739 4338 operis
1768 4267 1921 4333 boni,
1957 4276 2012 4323 et

392 4383 687 4438 parumper
733 4374 818 4421 est
874 4367 1061 4421 dedita
1112 4381 1368 4437 sompno,
1433 4373 1493 4421 ut
1520 4364 1700 4436 polius
1730 4364 2009 4420 conforta-

393 4465 544 4510 retur
608 4456 674 4510 ad
728 4446 1081 4510 serviendum
1117 4456 1243 4511 Deo.
1307 4455 1601 4526 Postquam
1658 4462 1842 4509 autem
1876 4470 2004 4525 per-

391 4547 565 4602 sensit
617 4546 854 4601 dormire
907 4546 1180 4601 omnesin
1239 4546 1494 4601 cubiculo
1550 4562 1739 4600 secum
1791 4560 2000 4615 perno-

392 4646 623 4703 ctantes,
669 4644 853 4708 spreto
888 4636 1118 4710 fulgenti
1174 4645 1348 4691 stratu
1377 4636 1518 4690 clam
1550 4635 1804 4697 surrexit,
1841 4645 2006 4706 atque

392 4724 763 4779 cubicularem
818 4725 1056 4795 puellam
1112 4724 1276 4778 tacita
1305 4724 1560 4779 excitavit
1620 4723 1784 4789 ;exin
1816 4740 2009 4796 gressu

390 4817 737 4887 38suSpenso
795 4817 985 4871 exiens
1037 4815 1380 4883 cubiculum,
1436 4815 1726 4870 ecclesiam
1788 4816 2011 4871 intravit

393 4915 581 4963 sancta
609 4907 929 4964 celebritate
986 4922 1301 4981 ymuorum.
1335 4921 1448 4962 non
1490 4907 1690 4977 stipata
1728 4907 2008 4962 turbarum

2025 4402 2083 4473 D

2124 3172 2557 3227 misericorditer
2613 3188 2865 3241 pascens,
2912 3179 2965 3227 et
3019 3172 3199 3227 nudos
3253 3171 3603 3227 vestimentis
3651 3172 3750 3226 in-

2120 3267 2321 3332 duens,
2355 3281 2466 3321 non
2498 3265 2771 3320 dubitavit
2802 3282 2859 3320 se
2895 3265 3094 3319 Christi
3135 3264 3384 3319 membra
3424 3271 3613 3336 tegere
3644 3264 3753 3319 sub

2119 3358 2347 3430 inepum
2378 3366 2549 3413 veste.
2582 3358 2791 3422 Quibus
2820 3357 2987 3412 etiam
3022 3356 3261 3423 refectis,
3314 3364 3372 3411 et
3396 3372 3521 3428 quae
3549 3373 3754 3412 neces-

2120 3448 2265 3502 saria
2313 3454 2470 3501 erant
2531 3446 2914 3500 habundanter
2964 3445 3253 3517 impensis,
3300 3445 3637 3500 vestimenta
3663 3446 3753 3500 vi—

2119 3536 2314 3591 duitati
2337 3552 2581 3611 congrua
2613 3535 2814 3601 induit,
2843 3543 2897 3589 et
2927 3534 3219 3589 ecclesiam
3253 3549 3375 3589 cum
3429 3536 3749 3590 reverentia

2120 3628 2359 3682 intravit.
2409 3628 2597 3682 Nullus
2655 3627 2914 3697 prazvalet
2970 3626 3155 3680 dicere
3204 3634 3409 3697 quanta
3472 3627 3749 3701 religione

2117 3722 2477 3772 consueverat
2532 3716 2753 3769 missam
2812 3714 3050 3769 audire:
3085 3715 3295 3769 nullum
3347 3715 3568 3770 interim
3605 3730 3744 3785 pro-

2116 3809 2239 3865 tulit
2273 3809 2525 3875 verbum,
2547 3808 2646 3863 sed
2694 3815 2818 3862 actu
2871 3808 3080 3879 pariter
3107 3815 3162 3862 et
3189 3807 3378 3861 habitu
3412 3806 3745 3861 intendebat

2116 3901 2170 3955 in
2207 3901 2394 3955 Deum.
2432 3899 2571 3965 Quid
2636 3899 2792 3969 plura
2822 3898 2851 3952 ?
2894 3900 2933 3952 A
2992 3900 3259 3953 matutina
3309 3899 3440 3954 hora
3464 3915 3646 3970 usque
3675 3901 3746 3954 ad

2116 4008 2401 4063 vesperam
2424 4008 2586 4047 nemo
2607 3991 2754 4046 illam
2812 3998 3173 4062 conspexerat
3199 4008 3229 4045 a
3259 3992 3423 4046 bonis
3469 3992 3744 4062 operibus

2114 4090 2365 4145 otiosam.
2402 4088 2518 4143 Non
2558 4094 2640 4142 est
2693 4087 2858 4142 etiam
2910 4086 3252 4142 reticendum
3288 4086 3631 4143 beatissima:
3656 4103 3745 4143 re-

2111 4182 2256 4257 ginae
2287 4187 2807 4252 temperamentum,
2840 4179 2986 4251 quod
3020 4179 3074 4232 in
3118 4178 3378 4233 omnibus
3403 4179 3519 4234 suis
3550 4179 3742 4236 lauda-

2112 4270 2591 4333 biliterservavit;
2648 4285 2772 4324 nam
2815 4285 2918 4323 nec
2967 4269 3094 4323 cibo
3148 4275 3242 4322 aut
3272 4283 3468 4323 somno
3499 4269 3743 4339 amplius

2114 4362 2457 4435 indulgebat,
2506 4360 2609 4415 nisi
2658 4365 2924 4431 quantum
2964 4365 3175 4413 naturae
3219 4357 3521 4413 necessitas
3560 4358 3741 4429 depo-

2113 4452 2290 4526 poscit
2342 4450 2380 4506 Ο
2412 4452 2592 4517 beata,
2655 4465 2777 4520 quae
2814 4449 2943 4503 dolo
2996 4447 3191 4514 caruit,
3247 4453 3302 4501 et
3350 4446 3406 4500 in
3433 4463 3543 4517 qua
3562 4448 3744 4517 pietas

2104 4542 2401 4617 apparuit!
2462 4542 2605 4597 Mitis
2669 4550 2724 4597 et
2778 4538 3007 4612 paciﬁca
3064 4547 3118 4595 et
3166 4538 3426 4595 omnibus
3479 4537 3739 4593 misereri

2109 4634 2542 4709 promptissima,
2582 4632 2859 4686 neminem
2906 4629 3186 4698 judicans,
3224 4628 3511 4684 neminem
3541 4630 3740 4699 damp-

2110 4741 2269 4785 nans,
2304 4723 2440 4777 nulli
2462 4721 2666 4776 malum
2718 4734 2816 4791 pro
2871 4718 3014 4772 malo
3046 4718 3306 4781 reddens,
3331 4715 3469 4769 nihil
3504 4716 3739 4772 arbitrio

2110 4833 2211 4873 suo
2228 4814 2445 4890 agebat,
2478 4813 2575 4868 sed
2635 4827 2735 4884 per
2783 4810 2969 4866 omnia
2995 4809 3064 4863 ad
3094 4817 3291 4864 nutum
3315 4815 3370 4862 et
3392 4808 3736 4864 voluntatem

2109 4906 2204 4962 Dei
2237 4903 2519 4960 tendebat.
2559 4904 2760 4958 Omnes
2806 4899 2949 4955 male
2986 4905 3216 4973 agentes
3271 4897 3421 4952 illam
3469 4897 3733 4963 oderunt,

1715 5068 1934 5123 VARIIE
2002 5067 2376 5124 LECTIONES.

466 5193 511 5228 ³⁴
544 5192 693 5265 mitis
724 5200 778 5248 et
804 5192 1041 5249 aﬂ'abilis
1075 5192 1189 5248 fuit.
1232 5194 1371 5249 Raro
1410 5193 1700 5249 videbatur
1765 5194 1901 5248 irata
1956 5194 2042 5248 vel
2097 5198 2393 5265 commota,
2437 5204 2603 5265 nemo
2662 5186 2800 5265 vidit
2829 5202 2949 5265 eam
2982 5185 3732 5265 ultra‘modummerentern

398 5274 493 5337 aut
552 5263 825 5318 ridentem
887 5264 1241 5337 dampnavit,
1287 5264 1423 5319 nulli
1509 5266 1711 5319 malum
1753 5280 1872 5337 pro
1930 5265 2076 5321 malo
2134 5256 2387 5337 reddidit
2442 5261 2494 5315 2.
2554 5261 2599 5294 ³⁵
2654 5260 2927 5337 _vide_ntes
2980 5258 3033 5310 2.
3090 5257 3153 5337 .35.
3203 5256 3616 5337 nisi_viderent

391 5332 433 5367 ³⁷
491 5340 571 5391 ita
639 5338 686 5389 1.
752 5326 1031 5458 gerquam'
1071 5338 1136 5402 L,
1204 5326 1248 5367 ³⁸
1300 5340 1381 5390 ita
1433 5350 1554 5389 corr
1618 5351 1682 5390 ex
1748 5326 2002 5417 ingressu
2052 5336 2167 5391 cod.
2231 5341 2285 5389 et
2333 5333 2585 5406 ingressu
2645 5333 2707 5385 L.
2769 5329 2813 5363 39
2868 5328 3274 5384 conveniebant
3326 5328 3380 5380 1.
3434 5327 3478 5359 ⁴⁰
3519 5326 3731 5380 Deinde

400 5421 635 5458 sumens
691 5405 745 5458 in
793 5423 939 5458 rmos
987 5408 1325 5458 ubicumque
1367 5405 1578 5458 audivit
1626 5406 1681 5458 in
1728 5406 1912 5458 vicmo
1957 5405 2221 5458 visitavit.
2298 5401 2610 5457 necessaria
2656 5399 2890 5458 praebuit
2938 5400 2971 5454 ‘2
3048 5399 3089 5432 ⁴¹
3139 5412 3374 5458 sompno
3419 5400 3619 5458 scepin
3679 5401 3726 5451 1.

400 5421 635 5481 surgens
691 5405 745 5458 in

793 5399 939 5463 rm‘os
987 5399 1325 5475 ubicumque
1367 5405 1578 5460 audivit
1626 5406 1681 5460 in
1728 5399 1912 5462 vicino
1957 5405 2221 5470 visitavit,
2298 5399 2610 5457 necéssaria
2656 5399 2890 5472 praebuit
2938 5400 2971 5454 ‘2
3048 5399 3089 5432 ⁴¹
3139 5412 3374 5469 sompno
3419 5400 3619 5467 sapius
3679 5401 3726 5451 1.

1896 5578 1903 5584 ’
1947 5562 2138 5621 NOTAE
2165 5601 2177 5615 .

471 5673 576 5736 (29)
605 5668 925 5727 Widukind.
960 5675 1053 5739 ΠΙ,
1075 5672 1148 5726 74
