3978 6214
159 302 252 358 901

1232 295 1504 351 SANCT/E
1547 295 1900 350 MATHlLDlS
1943 295 2203 350 REGlNzE
2244 299 2411 352 VITA.

3386 313 3490 367 902

159 436 209 482 et
239 435 388 482 recte
411 427 661 481 viventes
678 425 1011 479 dilexerunt.
1036 423 1284 496 Magnam
1304 423 1348 456 ⁸³
1379 422 1641 476 adversus
1662 437 1781 492 om-
1806 425 1854 489 Α
1882 432 1936 480 et
1981 424 2276 494 psalmicta:
2330 424 2585 478 versiculi
2644 442 2752 481 non
2787 427 3112 485 immemor:
3161 455 3184 482 (ί
3230 433 3493 491 Dominus

157 538 254 575 nes
304 520 533 588 injurias
590 520 906 589 patientiam
949 518 1228 580 assumsit,
1272 528 1329 569 et
1359 533 1479 586 quae
1507 516 1782 569 excellens

158 610 257 663 fuit
307 609 520 680 regina,
565 614 788 678 propter
827 609 996 660 Deum
1041 606 1205 660 multa
1249 605 1510 658 sustinuit
1553 605 1780 658 adversa

158 698 296 751 Raro
344 696 632 750 videbatur
683 696 817 749 irata
880 695 965 748 vel
1023 696 1184 748 etiam
1237 700 1555 752 commota;
1620 707 1780 745 nemo

158 792 303 845 illam
351 790 488 844 vidit
518 790 658 844 ultra
707 790 930 844 modum
981 794 1305 842 niterentem
1363 795 1451 840 aut
1485 786 1776 840 ridentem.

159 881 291 937 Miro
322 882 565 937 caritatis
605 881 902 951 splendore
935 879 1155 943 effulsit,
1199 878 1481 932 modestiae
1514 877 1782 930 mirabilis

156 971 382 1025 amatrix
451 978 505 1025 et
563 970 890 1024 humilitatis
971 968 1184 1038 placida
1257 966 1546 1028 sectatrix;
1610 966 1662 1018 in
1716 982 1776 1018 se

158 1062 483 1133 plerumque
523 1061 786 1124 severior,
833 1061 886 1113 in
938 1059 1136 1114 ceteris
1196 1067 1376 1112 autem
1431 1057 1782 1120 clementior,

157 1155 420 1209 omnibus
469 1152 571 1206 fuit
601 1152 766 1207 totius
799 1151 1058 1206 bonitatis
1089 1149 1422 1220 exemplum,
1468 1147 1775 1220 largiendo,

158 1244 492 1307 miserando,
525 1249 772 1297 errantes
804 1242 1198 1295 convertendo.
1241 1241 1506 1304 Quotiens
1546 1240 1651 1293 sibi
1679 1239 1776 1293 tri—

160 1338 286 1390 buta
318 1336 678 1391 solvebantur
709 1353 736 1388 a
774 1335 1156 1408 vectigalibus,
1193 1334 1436 1387 decimas
1469 1323 1597 1386 inde
1629 1332 1781 1386 dedit

161 1427 496 1498 pauperibus
556 1437 609 1481 et
668 1426 878 1480 Christo
941 1423 1368 1487 t'amulantibus;
1429 1431 1482 1477 et
1537 1438 1646 1494 quo
1701 1422 1780 1476 ire

159 1523 299 1591 pede
342 1538 450 1575 non
501 1529 732 1591 poterat,
781 1520 948 1573 misso
983 1534 1208 1572 munere
1257 1517 1539 1572 circuibat.
1593 1516 1781 1586 Neque

158 1611 308 1665 enim
339 1618 468 1663 sunt
521 1617 626 1664 tam
663 1623 825 1679 parva
857 1625 978 1678 quae
1036 1607 1226 1682 gessit,
1264 1614 1322 1660 ut
1353 1605 1538 1658 omnia
1591 1605 1784 1658 litteris

159 1700 558 1771 comprehendi
633 1699 845 1770 possint
903 1697 1034 1769 quia
1085 1697 1130 1751 si
1191 1697 1316 1768 quis
1372 1696 1626 1750 universa
1679 1711 1785 1748 nu-

161 1810 375 1848 merare
430 1795 715 1858 voluisset,
769 1794 1095 1846 immensum
1155 1791 1465 1866 legentibus
1523 1789 1780 1845 volumen

162 1882 450 1937 edidisset.

236 1973 293 2026 H
345 1975 414 2025 De
454 1971 804 2025 tribulatione
843 1987 1005 2039 quam
1045 1987 1078 2022 a
1127 1970 1257 2038 ﬁliis
1306 1970 1558 2022 sustinuit
1593 1969 1784 2034 regina

163 2061 509 2115 Mahthttdis.
546 2059 695 2112 Tunc
752 2059 1040 2113 diabolicae
1101 2056 1310 2110 fraudis
1368 2057 1586 2120 astutia,
1645 2071 1790 2108 scm-

164 2170 264 2224 per
309 2153 566 2206 invidens
605 2151 857 2222 operanti
901 2151 1066 2214 bona,
1108 2152 1317 2204 studuit
1375 2151 1483 2204 Deo
1533 2150 1788 2204 dilectam

162 2245 410 2319 reginam
487 2261 517 2297 a
573 2243 799 2298 servitio
857 2242 1049 2296 Christi
1125 2243 1393 2313 impedire
1475 2259 1574 2295 sua
1639 2241 1792 2294 calli-

161 2337 388 2390 dissima
445 2335 807 2405 temptatione
867 2341 920 2387 et
973 2341 1163 2388 contra
1213 2332 1581 2387 venerandam
1637 2331 1794 2385 Chri-

162 2425 229 2478 sti
308 2423 568 2477 famulam
656 2423 923 2493 quosdam
983 2422 1240 2476 excitavit
1293 2437 1618 2492 perversos,
1677 2421 1796 2489 ejus

165 2512 290 2566 vitae
314 2520 369 2566 et
392 2511 687 2566 virtutibus
710 2511 946 2575 invidos,
972 2511 1103 2581 quid
1126 2511 1195 2564 ad
1217 2527 1377 2564 aures
1400 2509 1634 2565 tiliorum
1665 2525 1794 2579 per-

163 2603 466 2678 vulgabant
526 2603 675 2674 quod
741 2603 1175 2658 innumerabiles
1241 2602 1508 2672 pecunias
1564 2616 1799 2675 congre-

162 2707 370 2770 gasset,
413 2706 467 2752 et
500 2697 699 2770 regalis
751 2699 795 2731 ⁴³
847 2714 1046 2752 census
1095 2699 1137 2731 “
1182 2697 1524 2768 opulentiam
1576 2697 1798 2767 penitus

163 2791 624 2860 consumpsisset.
677 2791 807 2843 Cum
843 2798 1024 2844 autem
1088 2790 1206 2843 haec
1235 2797 1287 2846 ct
1315 2789 1423 2844 alia
1479 2789 1790 2844 istiusmodi

165 2881 630 2954 pervulgarentur
701 2882 814 2953 regi
891 2881 1092 2946 Ottoni,
1158 2882 1398 2953 graviter
1463 2891 1791 2946 commotus,

169 2980 342 3028 totum
400 2973 760 3044 imperialiter
806 2975 851 3008 ⁸⁵
902 2973 1249 3044 reposcebat,
1291 2975 1438 3045 quod
1480 2981 1668 3028 sancta
1700 2974 1794 3028 Dei

170 3067 515 3138 pauperibus
556 3067 950 3128 distribuebat;
993 3069 1196 3139 ubique
1247 3069 1470 3123 mittens
1499 3069 1870 3139 explorato-1,

166 3175 278 3224 res,
325 3159 420 3229 qui
452 3159 571 3228 ejus
609 3158 852 3225 nuntios,
897 3159 1276 3232 indigentibus
1317 3176 1543 3213 munera
1573 3169 1800 3230 portan-

166 3261 271 3319 tes,
306 3253 657 3323 expoliarent
697 3263 751 3307 et
793 3254 1126 3308 contumelia
1157 3253 1381 3309 affectos
1433 3255 1795 3309 remitterent.

170 3349 297 3403 Haec
349 3355 404 3402 et
436 3349 521 3402 his
547 3348 749 3402 similia
791 3364 912 3402 cum
945 3349 1222 3403 immerito
1270 3350 1570 3403 sustineret
1603 3347 1795 3402 Christi

170 3439 406 3504 famula,
456 3439 602 3510 quod
637 3439 714 3493 illi
756 3441 1048 3495 videbatur
1089 3441 1391 3505 molestius,
1450 3442 1580 3495 baut
1619 3441 1800 3494 minus

170 3551 402 3607 gravem
454 3535 710 3602 injuriam
752 3535 856 3588 sibi
907 3536 1092 3590 intulit
1126 3536 1431 3600 Heinricus,
1474 3553 1636 3607 quem
1671 3535 1809 3590 miro

171 3627 378 3682 affectu
409 3629 614 3683 amoris
673 3630 886 3684 cunctis
919 3638 1291 3700 przeposucrat
1339 3630 1484 3684 tiliis.
1519 3630 1594 3683 Ad
1627 3639 1810 3683 extre-

173 3733 335 3771 mum
376 3717 650 3790 cogebant
682 3735 823 3784 eam,
873 3718 1089 3773 dotales
1119 3719 1374 3792 regiones
1413 3719 1724 3789 relinquere
1756 3726 1810 3772 et

168 3823 340 3862 sacro
373 3808 646 3862 velamine
698 3825 757 3861 se
797 3810 1144 3882 consignare.
1180 3809 1218 3865 Ο
1251 3811 1465 3864 beatam
1500 3810 1807 3876 Dominam,

171 3916 304 3969 qua;
359 3900 416 3953 in
466 3901 651 3953 multis
715 3909 1000 3972 temptata,
1064 3919 1164 3956 nec
1223 3910 1402 3957 tamen
1463 3902 1807 3972 temptationi

172 3991 480 4046 succubuit
507 3991 712 4046 evictal
757 3993 894 4056 Quid
936 3995 1181 4049 creditur
1212 3995 1288 4048 illi
1331 3995 1510 4048 inesse
1541 3994 1812 4060 mteroris,

170 4079 309 4133 dum
375 4079 622 4150 undique
687 4081 995 4152 angebatur
1055 4090 1202 4136 tanta
1271 4083 1321 4136 vi
1383 4082 1816 4138 tribulationis?

173 4169 370 4222 Minus
407 4169 636 4223 moleste
685 4169 870 4234 ferret,
919 4170 983 4235 si,
1031 4171 1335 4236 lleinricus,
1377 4189 1542 4243 quem
1593 4173 1815 4245 egregie

175 4261 412 4325 amavit,
456 4259 603 4315 fratri
638 4277 746 4316 non
776 4264 1184 4318 concordasset.
1231 4264 1400 4334 Impia
1439 4281 1569 4338 ergo
1603 4266 1817 4319 discor-

174 4353 298 4420 dia,
361 4353 663 4424 quaeinter
722 4355 871 4424 ipsos
901 4357 1222 4410 versabatur
1263 4357 1330 4410 ab
1383 4357 1633 4420 infantia,
1690 4357 1816 4412 illos

1814 1753 1859 1819 Β

1883 513 2017 566 mihi
2072 513 2288 581 adjutor
2335 521 2436 580 est,
2507 530 2615 568 non
2672 515 2875 571 timebo
2958 521 3087 589 quid
3147 520 3304 576 faciat
3362 525 3492 578 mihi

1885 607 2048 660 homo
2107 607 2270 674 (Psal.
2335 624 2493 672 cxvii,
2547 608 2635 674 6);
2699 633 2722 652 ι»
2796 609 2914 664 leve.
2973 612 3294 667 existimans
3361 617 3491 686 quid

1885 694 2068 759 ferret,
2098 701 2308 748 tantum
2343 711 2411 749 ne
2444 695 2654 749 Christo
2679 695 2982 753 vilesceret.
3018 700 3156 754 Nulli
3190 702 3490 764 maledixit.

1883 789 1978 842 sed
2034 787 2273 858 propriis
2329 787 2612 857 deputavit
2670 790 2878 843 meritis
2921 792 3184 862 quicquid
3229 796 3494 866 angustia!

1886 877 2106 947 pertulit
2161 875 2228 929 ab
2289 875 2712 930 adversantibus
2763 876 2924 942 tiliis;
2972 896 3194 950 semper
3247 882 3496 936 retinens

1885 970 1939 1023 in
1996 970 2263 1023 memoria
2316 969 2462 1039 quod
2524 969 2576 1022 in
2631 985 2782 1023 sacra
2850 971 3116 1026 didicerat
3181 973 3492 1044 Scriptura:

1884 1084 1908 1113 «
1950 1063 2083 1127 Quia
2116 1078 2212 1132 per
2253 1061 2449 1115 multas
2477 1061 2858 1116 tribulationes
2889 1070 2940 1117 et
2971 1065 3248 1136 angustias
3279 1073 3495 1136 Oportet

1883 1171 1982 1211 nos
2035 1156 2266 1210 introire
2310 1172 2540 1229 regnum
2585 1156 2676 1209 Dei
2726 1158 2848 1225 (Act
2921 1174 3032 1223 xiv,
3063 1158 3173 1225 21).
3222 1183 3244 1202 »ι
3288 1159 3340 1212 Si
3373 1161 3497 1230 quis

1881 1254 2062 1302 autem
2137 1247 2526 1317 calumpniam,
2609 1265 2773 1318 quam
2855 1250 3188 1319 patiebatur,
3272 1252 3499 1324 igemuit

1886 1341 2003 1412 ipsa
2036 1349 2329 1412 praesente,
2361 1343 2513 1413 quasi
2537 1342 2766 1412 cupiens
2795 1345 3281 1412 moeroremipsius
3304 1345 3497 1406 lenire,

1885 1430 2084 1484 talibus
2137 1431 2320 1483 verbis
2377 1441 2601 1484 econtra
2659 1429 2831 1484 fertur
2890 1432 3273 1501 respondisse:
3319 1458 3341 1478 ιι
3390 1432 3499 1486 Rex

1885 1518 2004 1573 Otto
2053 1519 2460 1589 calumpniatur
2516 1520 2674 1573 nobis
2706 1558 2721 1585 ,
2774 1519 2827 1572 id
2889 1521 3089 1573 nostris
3151 1521 3505 1593 exigentibus

1887 1610 2124 1674 meritis;
2169 1610 2309 1663 Deus
2366 1618 2547 1662 autem
2598 1609 2732 1663 sciat
2791 1609 2966 1674 illum,
3021 1611 3114 1681 qui
3157 1620 3344 1665 contra
3404 1626 3504 1665 nos

1885 1700 2203 1755 excitaverit
2243 1699 2284 1731 Η
2328 1706 2573 1752 nostrum
2619 1697 2905 1751 amabilem
2952 1699 3123 1753 tilium
3171 1700 3503 1764 Heinricum,

1883 1791 2041 1858 cujus
2078 1789 2346 1843 solamine
2389 1787 2750 1858 sperabamus
2799 1797 3021 1842 enatare
3053 1788 3315 1860 quicquid
3343 1788 3508 1843 nobis

1883 1881 2170 1937 accidisset
2201 1881 2386 1935 triste:
2449 1896 2592 1934 nunc
2648 1879 2746 1934 iste
2794 1880 3114 1934 adversatur
3171 1882 3350 1947 nobis,
3407 1882 3506 1953 qui

1884 1969 2077 2024 debuit
2121 1986 2244 2022 esse
2309 1970 2643 2024 consolator.
2726 1969 3082 2040 Nequaquam
3143 1979 3330 2024 tamen
3393 1970 3507 2041 pati

1887 2074 2201 2128 possumus,
2232 2058 2438 2129 utquid
2462 2058 2530 2111 de
2554 2073 2622 2112 eo
2647 2057 3037 2112 inclementius
3059 2058 3167 2112 dici
3186 2059 3510 2126 audiamus;

1888 2151 2017 2221 quia
2045 2167 2188 2206 nunc
2229 2167 2258 2205 a
2286 2151 2447 2206 nobis
2478 2150 2911 2221 praecordialiter
2947 2151 3216 2223 diligitur,
3258 2153 3512 2222 quamvis

1891 2242 2146 2296 inimicus
2169 2251 2410 2313 putetur.
2434 2243 2568 2296 lllud
2593 2249 2775 2296 autem
2803 2257 2902 2296 nos
2921 2244 3162 2315 graviter
3186 2243 3515 2317 compungit

1895 2335 2221 2400 recolentes,
2259 2335 2409 2389 illum
2453 2334 2613 2390 nobis
2659 2334 3037 2389 dulcissimum
3077 2352 3205 2407 erga
3247 2352 3348 2389 nos
3390 2351 3514 2389 esse

1897 2432 2001 2478 tam
2033 2443 2298 2481 amarum.
2333 2428 2438 2481 Sad
2473 2427 2548 2480 nil
2599 2435 2806 2498 ageret,
2849 2427 2893 2480 si
2926 2427 3072 2501 regis
3114 2428 3374 2495 juvamen
3406 2428 3514 2480 sibi

1897 2513 2147 2571 deesset:
2181 2516 2324 2568 Deus
2352 2525 2533 2570 autem
2565 2516 2642 2568 illi
2678 2523 2884 2586 pareat,
2908 2531 2978 2569 ne
3009 2517 3077 2570 ab
3102 2516 3221 2585 ipso
3249 2516 3515 2570 ultionem

1897 2603 2148 2672 recipiat.
2185 2605 2397 2658 Utinam
2457 2606 2698 2662 donante
2738 2607 2848 2661 Deo
2902 2605 3022 2660 sine
3053 2605 3341 2660 amborum
3397 2603 3519 2658 fieri

1899 2704 2084 2764 posset
2137 2698 2400 2767 periculo,
2452 2709 2510 2753 ut
2567 2708 2791 2770 propter
2849 2716 2950 2754 nos
3009 2707 3156 2754 tanta
3213 2700 3355 2754 inter
3422 2715 3520 2754 eos

1895 2785 2203 2840 firmaretur
2242 2788 2394 2857 pacis
2433 2788 2632 2855 unitas,
2667 2805 2734 2843 ne
2777 2788 3010 2843 ulterius
3042 2789 3245 2842 inirent
3277 2787 3519 2842 inimici-

1897 2877 2024 2932 tias!
2073 2904 2094 2923 ι»
2139 2882 2266 2933 Cum
2328 2887 2510 2934 autem
2559 2887 2746 2934 sancta
2789 2881 2880 2933 Dei
2941 2880 3181 2942 vicisset,
3239 2879 3522 2934 molestias

1898 2969 2136 3024 ﬁliorum
2165 2969 2269 3022 sibi
2323 2985 2433 3023 non
2465 2969 2658 3035 minui,
2717 2971 2813 3024 sed
2844 2970 2912 3022 de
2945 2969 3034 3023 die
3094 2970 3147 3022 in
3182 2969 3331 3022 diem
3395 2970 3522 3038 plus

1901 3061 2108 3133 augeri,
2185 3061 2508 3132 relinquens
2572 3060 2842 3131 quidquid
2908 3076 2999 3113 rex
3071 3058 3356 3112 Reinricus
3421 3057 3524 3110 sibi

1899 3150 2126 3203 dederat
2158 3151 2210 3203 in
2257 3151 2464 3215 dotem,
2509 3151 2562 3203 in
2614 3149 2940 3204 occidentali
2984 3149 3208 3222 regione
3250 3148 3388 3200 adiit
3418 3149 3528 3200 An-

1898 3239 2251 3312 gerinensem
2295 3241 2338 3272 “5
2394 3241 2521 3309 {30),
2562 3239 2796 3309 cupiens
2835 3237 3257 3291 adversantibus
3298 3252 3527 3306 parcere

1901 3331 2050 3396 tiliis,
2085 3349 2154 3386 nc
2189 3333 2538 3386 incurrerent
2567 3332 2702 3386 iram
2735 3330 2934 3385 divinae
2961 3330 3202 3384 ultionis.
3238 3329 3375 3392 lllic,
3420 3331 3528 3384 Deo

1905 3433 2258 3495 cooperante,
2291 3424 2437 3477 haud
2469 3425 2652 3478 minus
2679 3440 2842 3494 quam
2873 3428 3229 3477 consueverat
3267 3421 3527 3492 quodque

1910 3514 2114 3569 bonum
2147 3513 2458 3566 exercebat.
2495 3513 2623 3568 Post
2664 3513 2778 3567 hinc
2805 3513 2990 3566 divina
3021 3511 3386 3581 dispositione
3409 3509 3526 3584 regi

1909 3606 2337 3663 innumerabilia
2374 3622 2749 3676 supervenere
2789 3606 3004 3681 ﬂagella
3038 3607 3161 3674 (3|).
3206 3613 3529 3659 retroversxs

1909 3699 2147 3752 victoriae
2194 3694 2486 3765 triumphis
2533 3701 2641 3762 (an.
2685 3696 2833 3762 9H),
2881 3695 3116 3765 aliisque
3149 3710 3330 3748 rerum
3370 3692 3524 3746 nihi-

1912 3789 2149 3845 lominus
2207 3788 2315 3855 (32)
2374 3786 2654 3839 secundis.
2719 3786 3029 3841 Heinricum
3089 3795 3270 3840 autem
3326 3784 3529 3838 invasit

1914 3877 2090 3932 morbi
2131 3875 2392 3949 gravedo,
2424 3891 2545 3945 quae
2591 3883 2645 3928 et
2677 3875 2831 3929 illum
2873 3875 3124 3948 purgavit
3153 3892 3183 3927 a
3211 3873 3429 3928 delicto.
3469 3872 3529 3925 Et

1916 3982 2098 4028 tamen
2159 3987 2401 4042 superna
2451 3971 2731 4025 miseratio
2800 3971 2878 4024 illi
2951 3971 3196 4041 pepercit
3253 3967 3524 4031 feriendo,

1916 4062 2072 4133 quasi
2106 4061 2349 4115 Christus
2385 4059 2725 4114 satisfaceret
2764 4068 2891 4114 voto
2941 4060 3149 4127 matris,
3191 4075 3312 4130 quae
3339 4057 3531 4112 sedula

1918 4173 2081 4228 prece
2113 4157 2162 4212 ei
2193 4157 2438 4211 exoravit
2461 4155 2674 4209 veniam
2707 4153 3098 4208 remisssionis.

1988 4255 2056 4309 12
2112 4256 2356 4322 Qualiter
2404 4254 2626 4307 reducta
2654 4255 2742 4306 sit.
2793 4251 2999 4305 Videns
3038 4259 3219 4306 autem
3267 4267 3360 4305 rex
3415 4251 3535 4304 Otto

1916 4348 2046 4420 quia
2085 4347 2222 4401 nihil
2254 4346 2546 4417 proliceret
2593 4345 2646 4399 in
2704 4343 2980 4414 prosperis
3015 4352 3083 4397 .ut
3129 4344 3301 4414 prius,
3358 4342 3540 4396 timuit

175 4452 320 4499 tunc
375 4446 720 4500 consociavit
758 4447 826 4500 ad
861 4447 1227 4518 iniquitatem,
1261 4464 1400 4519 quos
1445 4448 1594 4518 prius
1630 4432 2094 4518 prohi-Dusque
2146 4441 2214 4493 ad
2284 4447 2514 4494 mortem
2563 4437 2938 4493 contristatus.
3009 4437 3159 4490 Tunc
3226 4435 3543 4491 sacerdotes

173 4537 390 4592 buerat
447 4537 740 4593 fraternam
800 4555 992 4614 gerere
1051 4541 1096 4574 ⁸⁸
1156 4557 1365 4611 pacem.
1438 4541 1636 4594 Contra
1706 4541 1821 4594 haec

171 4629 378 4684 omnia
420 4629 756 4684 venerabilis
790 4631 981 4702 regina
1012 4632 1210 4686 miram
1246 4632 1300 4686 in
1332 4631 1544 4687 cunctis
1575 4631 1825 4686 exhibuit

174 4718 519 4788 patientiam
587 4727 640 4773 et
712 4719 905 4774 fortem
983 4721 1038 4774 in
1120 4721 1366 4775 adversis
1425 4721 1823 4786 constantiam;

171 4815 384 4864 custos
416 4808 526 4862 oris
553 4809 662 4875 sui,
693 4826 760 4863 ne
791 4809 923 4880 quid
947 4811 1218 4880 proferret
1243 4810 1556 4884 incongrui,
1583 4810 1829 4865 studiosa

171 4904 247 4959 ad
300 4901 588 4958 continua:
627 4901 892 4957 orationis
953 4919 1134 4969 usum,
1185 4909 1243 4957 ut
1289 4902 1535 4957 vinceret
1597 4901 1828 4957 insidias

171 4993 634 5060 adversantium,
684 4994 857 5048 immo
886 4993 1034 5048 illata
1082 4994 1188 5048 sibi
1221 4994 1422 5062 injuria
1461 4994 1822 5058 constantior,

1923 4541 1976 4589 et
2022 4533 2190 4588 ceteri
2225 4532 2526 4602 principes,
2567 4546 2796 4602 quorum
2844 4530 3010 4585 corda
3043 4531 3186 4582 Deus
3232 4529 3546 4584 illustrave—

1927 4631 2026 4689 rat,
2056 4621 2290 4695 ingressi
2322 4620 2389 4675 ad
2421 4619 2793 4674 venerabilem
2828 4617 3076 4692 reginam
3120 4617 3304 4682 Edith,
3337 4619 3542 4672 cohor-

1929 4724 2114 4771 tantur
2181 4714 2352 4779 illam,
2395 4713 2722 4767 admoneret
2779 4726 2991 4784 regem,
3075 4709 3335 4780 quatinus
3411 4724 3541 4764 cum

1928 4811 2136 4864 honore
2184 4823 2337 4862 suam
2389 4805 2442 4859 in
2503 4820 2733 4878 regnum
2795 4817 3050 4857 revocare
3106 4809 3356 4857 matrem.
3418 4802 3546 4866 Quae

1929 4901 2114 4958 statim
2154 4900 2402 4974 ingressa
2433 4897 2498 4951 ad
2531 4913 2740 4969 regem,
2771 4897 2849 4950 sic
2879 4895 2985 4949 ait:
3032 4917 3054 4944 ιι
3091 4894 3166 4948 Ne
3196 4895 3550 4949 contristetur

1929 5001 2120 5050 noster
2143 4991 2421 5057 dominus,
2450 4989 2653 5045 divinis
2672 4987 2905 5063 ﬂagellis
2929 4992 3231 5058 correptus,
3262 4993 3552 5042 revocetur

1565 5123 1783 5178 VABUE
1824 5119 2203 5176 LECTIONES.

253 5227 303 5258 ⁴²
336 5239 574 5297 magnas
612 5225 662 5277 1.

756 5225 799 5256 ⁴³
827 5227 1040 5296 regales
1071 5227 1123 5280 1.

173 5313 320 5352 rens
358 5295 414 5349 1.

496 5296 536 5328 ‘7
561 5294 944 5350 excitauerunt
977 5299 1026 5351 1.
1059 5294 1395 5351 excitauit3.

1220 5227 1262 5258 ‘5
1294 5223 1448 5296 quasi
1508 5223 1713 5296 publici
1751 5228 1979 5296 questus
2029 5218 2418 5296 pessumdaret
2459 5212 2723 5296 omnia
2788 5211 2840 5296 ξ
2865 5206 3283 5277 imperaliteri.

1479 5282 1522 5328 δεῖ
1549 5298 1630 5349 ita
1663 5296 1712 5348 1.
1749 5282 1801 5349 3.
1835 5293 1890 5345 in
1923 5282 2297 5346 occidentales
2327 5285 2556 5342 secessit
2583 5290 2764 5355 partes
2788 5282 2842 5335 2.

3367 5205 3412 5238 η
3443 5220 3548 5278 ge-

1771 5416 1979 5472 NOTAE.

251 5519 380 5592 (30)
426 5519 606 5593 Enger
651 5519 818 5593 igitur
848 5527 1074 5590 paterna
1134 5520 1251 5588 ejus
1305 5518 1504 5573 domus
1551 5524 1702 5581 erat;
1751 5515 1818 5571 cf.

167 5591 363 5665 supra
409 5591 530 5665 cap’
569 5591 621 5644 3.

249 5658 381 5732 €31)
426 5658 626 5733 Auctor
663 5661 986 5733 Liudgardis
1036 5661 1160 5715 tilia;
1193 5659 1400 5733 Ottonis
1429 5659 1679 5733 morbum
1734 5658 1822 5710 in-

171 5728 374 5793 nuere
410 5731 646 5795 videtur,
677 5732 749 5787 ob
778 5728 942 5802 quem
975 5747 1068 5786 rex
1106 5728 1602 5805 Quedlinburgensi
1632 5741 1822 5784 caeno-

1925 5513 2016 5590 l_ii_o
2068 5510 2376 5590 Kinlingam
2417 5496 2601 5562 villam
2633 5504 2906 5569 contulit;
2938 5504 2990 5558 d.
3034 5501 3102 5555 30
3155 5500 3306 5571 Sept.
3339 5514 3389 5552 a.
3421 5494 3544 5550 944.

1923 5582 2296 5656 Thoruburgi.
2353 5649 2445 5656 ____

1993 5653 2100 5722 (32)
2139 5655 2182 5707 Ι.
2213 5649 2258 5704 ἔ.
2313 5649 2447 5703 nihil
2481 5649 2667 5701 minus
2699 5661 2896 5717 quam.
