3978 6214
480 268 588 322 903
1554 253 1829 309 8ΑΝΟΤᾹΞ
1868 252 2042 306 MATH

2263 252 2525 307 REGINA‘Z
2564 254 2731 308 VITA.
3246 302 3250 306 .
3713 266 3816 320 904

473 402 653 447 vestra
696 399 869 444 mater
897 386 1265 443 sanctissima,
1314 397 1680 456 regnumque,
1722 387 1780 435 ut
1811 379 2085 435 convenit.
2119 385 2163 448 Α
2264 379 2350 433 14.
2400 384 2473 435 De
2516 384 2943 440 reconciliatione
2993 388 3254 444 Heim'ici.
3298 388 3663 461 Comperieus
3714 410 3815 448 au-

479 482 652 552 prima
706 479 1012 549 possideat;
1073 486 1127 527 et
1181 481 1239 527 ut
1300 487 1610 541 Speramus,
1676 476 1851 523 vestra
1904 468 2088 522 omnia
2197 477 2303 524 tem
2365 472 2670 539 Heinricus,
2712 477 2932 544 juvenis
2977 479 3213 535 decorus
3261 489 3315 537 et
3344 483 3583 559 egregiae
3629 487 3816 540 matris

473 567 949 641 prosperahuntur
1004 562 1139 616 etin
1182 561 1472 630 pristinum
1515 559 1871 614 restituentur
1899 559 1942 591 ⁴⁹
1973 572 2097 632 gra-
2196 561 2425 616 nimium
2474 563 2730 629 dilectus,
2800 583 2984 641 regem
3041 568 3291 625 Ottonem
3359 588 3523 627 suum
3590 572 3812 629 fratrem

475 660 626 713 dum.
672 682 696 702 ι»
743 657 850 709 Rex
882 661 1061 707 autem
1110 651 1433 721 poenitentia
1463 657 1826 720 compunctus
1858 655 1913 702 et
1940 664 2095 702 com-
2195 656 2345 705 tanta
2384 651 2757 709 satisfactione
2814 655 3056 711 inclitam
3115 658 3224 712 sibi
3279 667 3505 715 matrem
3567 664 3818 719 reconci-

478 753 632 808 missi
692 754 823 806 haut
874 751 1167 805 immemor
1219 756 1419 811 reatus,
1485 748 1595 801 Deo
1654 746 1981 816 inspirante,
2038 743 2093 798 in
2194 740 2380 807 liasse,
2452 743 2580 797 haut
2634 744 2814 799 minus
2877 747 3204 816 pcenitentia
3261 760 3649 821 compunctus,
3717 755 3818 808 iter

469 854 655 899 saneta
707 849 875 895 matre
930 856 990 893 se
1050 838 1350 907 deliquisse
1389 834 1666 909 cognovit.
1723 834 1857 888 llaut
1915 848 2085 897 mora,
2194 832 2388 897 tendit,
2435 839 2487 886 et
2535 832 2629 887 ubi
2670 846 2918 890 sanctam
2964 837 3058 892 Dei
3120 839 3333 894 invenit
3385 840 3588 897 talibus
3633 844 3818 898 verbis

472 936 619 991 missi
670 935 964 1005 episc0pis,
1010 932 1246 987 ducibus
1288 947 1350 985 ac
1389 928 1686 984 comitibus
1745 938 1799 983 et
1826 927 2085 983 omnibus
2190 934 2307 972 eam
2341 932 2425 974 est
2480 938 2802 994 aggressus:
2854 946 2876 975 α
2917 926 2954 980 0
2986 929 3323 984 venerabilis
3360 930 3587 988 domina
3635 942 3710 997 et,
3772 930 3818 984 si

472 1023 895 1095 sapientissimis
937 1021 1171 1074 militum
1208 1029 1432 1073 matrem
1484 1035 1605 1072 cum
1670 1018 1878 1072 honore
1936 1031 2094 1069 revo—
2195 1014 2275 1068 fas
2305 1024 2387 1070 est
2421 1016 2627 1082 dicere,
2685 1026 2861 1073 mater
2886 1019 3194 1087 karissima,
3229 1039 3328 1079 nos
3357 1025 3597 1095 graviter
3627 1038 3817 1083 contra

474 1114 727 1173 caudam,
765 1110 1026 1181 praecepit
1069 1108 1260 1162 Christi
1293 1107 1514 1161 famula)
1546 1107 1859 1174 hujusmodi
1893 1105 2092 1175 scripta
2193 1116 2496 1162 maternam
2527 1110 2695 1165 vestri
2727 1110 3080 1167 dulcedinem
3112 1114 3416 1187 deliquisse
3446 1118 3811 1187 confitemur;

472 1205 710 1260 deferri:
761 1225 779 1251 α
826 1203 863 1256 0
912 1200 1244 1255 Venerabilis
1298 1200 1542 1263 domina,
1608 1199 1702 1252 Dei
1752 1197 2090 1251 iracundiam
2193 1206 2289 1257 sed
2322 1222 2467 1261 nunc
2496 1207 2712 1260 veniam
2746 1207 3108 1277 postulamus,
3150 1226 3314 1281 quam
3360 1229 3469 1269 non
3515 1231 3809 1270 meremur.

468 1296 580 1361 jam
633 1294 763 1347 satis
796 1291 1139 1361 nimiumque
1171 1288 1619 1343 exacerliavimus
1659 1288 1715 1340 in
1747 1302 1847 1339 nos
1905 1302 2093 1356 perse-
2194 1300 2443 1353 Altamen
2503 1299 2861 1353 obsecramus
2912 1316 3009 1354 vos
3068 1317 3165 1372 per
3219 1304 3457 1359 animam
3508 1315 3566 1361 ει
3611 1322 3815 1363 “Omen

472 1381 691 1435 cutione
731 1388 929 1433 vestra.
981 1378 1233 1431 Fatemur
1275 1376 1425 1447 quod
1480 1374 1849 1446 peccavimus,
1891 1381 1944 1427 et
2004 1374 2043 1428 ir

2243 1388 2363 1442 astri
2407 1388 2592 1458 patris,
2618 1397 2677 1443 ut
2703 1388 2759 1442 in
2787 1389 3077 1459 pristinum
3119 1400 3312 1448 vestrm
3344 1395 3532 1464 gratiae
3582 1398 3814 1469 gradum

467 1477 612 1545 juste
661 1482 849 1529 contra
897 1489 991 1526 vos
1020 1472 1263 1543 egimus;
1315 1480 1542 1540 prepter
1587 1470 1751 1523 Deum
1802 1468 1961 1523 nobis
2006 1468 2037 1521 d

2243 1496 2293 1535 )s
2371 1482 2550 1536 redire
2626 1483 2960 1537 concedatis.
3020 1484 3136 1539 Non
3197 1485 3514 1542 dubitamus
3577 1468 3713 1559 quin
3786 1508 3814 1544 a

471 1568 690 1630 mittite,
726 1574 779 1619 Ct
826 1582 856 1617 ίι
884 1564 1095 1617 Cttl‘iStO
1145 1562 1361 1615 veniam
1399 1560 1743 1614 remissionis
1777 1559 2084 1630 implorato.
2191 1570 2405 1626 Christo
2435 1587 2841 1643 consequamur
2882 1572 3100 1626 veniam
3152 1573 3515 1641 remissionis,
3546 1576 3592 1631 si
3625 1592 3725 1632 vos
3750 1594 3815 1631 ex

474 1658 769 1723 Quodlibet
811 1656 1143 1725 supplicium
1197 1654 1430 1707 libenter
1467 1652 1724 1723 patimur,
1775 1658 1980 1705 tantum
2034 1659 2090 1751 ut
2192 1666 2304 1714 ιοιο
2326 1660 2834 1732 cordeignoscilis;
2870 1662 3018 1733 quia,
3047 1679 3112 1717 ex
3141 1680 3249 1733 quo
3280 1672 3513 1719 vestram
3550 1666 3813 1736 pietatem

475 1759 651 1802 vestra
695 1748 867 1819 gratia
917 1747 1176 1800 fruamur.
1212 1746 1287 1798 Ad
1342 1745 1456 1798 haec
1488 1751 1543 1797 ut
1574 1744 1640 1795 ad
1690 1758 1789 1797 nos
1820 1743 1923 1796 iter
1953 1741 2087 1795 diri—
2120 1741 2165 1762 ”
2192 1746 2246 1801 in
2312 1749 2443 1802 iram
2500 1751 2936 1819 provocavimus,
2997 1752 3174 1807 morbi
3241 1754 3539 1823 gravedine
3580 1755 3815 1811 nimium

472 1841 631 1915 gatis,
676 1840 945 1910 petimus;
989 1854 1088 1893 nos
1118 1846 1172 1893 et
1212 1839 1396 1892 omnia
1449 1845 1634 1892 nostra
1667 1837 1861 1890 ditioni
1893 1842 2086 1889 vestra:
2192 1837 2479 1907 periclitati
2536 1856 2743 1893 sumus.
2792 1862 2811 1886 ιι
2859 1842 3028 1904 Quem
3079 1842 3412 1897 venerabilis
3476 1844 3703 1901 domina
3758 1858 3817 1903 ut

472 1933 780 1996 subdinms,
833 1931 1063 2001 insuper
1114 1940 1168 1983 et
1218 1929 1567 1983 restituemus
1620 1928 1889 2000 quidquid
1931 1926 2088 1980 vobis
2190 1930 2326 1985 vidit
2391 1930 2768 1986 lacrimantem
2834 1941 2889 1988 et
2935 1949 3033 2003 pro
3106 1934 3451 2009 indulgentia
3528 1937 3818 1994 humiliter

471 2025 671 2093 injuste
731 2024 1116 2078 abstraximus.
1195 2022 1276 2075 Nil
1356 2022 1518 2075 nobis
1598 2021 1903 2089 jocundum
1963 2018 2086 2080 erit,
2190 2020 2593 2091 supplicantem
2630 2021 2838 2076 diutius
2880 2024 2990 2094 pati
3036 2039 3145 2079 non
3186 2026 3384 2095 potuit,
3416 2025 3511 2080 sed
3562 2027 3619 2081 in
3673 2029 3815 2083 hanc

467 2125 760 2186 antequam
797 2131 891 2168 vos
936 2114 1125 2167 videre
1178 2113 1470 2186 contigerit
1528 2135 1548 2161 ι
1599 2112 1917 2166 Beatissima
1961 2124 2089 2165 vero
2191 2126 2380 2166 vocem
2413 2112 2662 2167 celeriter
2710 2115 2985 2184 prorupit:
3031 2142 3053 2161 κ
3099 2114 3196 2168 Fili
3242 2116 3317 2170 mi
3372 2115 3646 2181 Heinrice,
3700 2121 3815 2175 noli

470 2212 660 2284 regina
691 2210 1014 2280 petitionem
1048 2207 1143 2261 lilii
1180 2208 1335 2262 hilari
1360 2214 1544 2261 mente
1566 2207 1898 2278 percipiens,
1923 2206 2090 2276 quid—
2189 2199 2360 2265 ﬂere;
2422 2202 2649 2266 desiste,
2698 2201 2797 2269 fili,
2843 2201 3079 2258 desiste!
3131 2203 3299 2259 Mater
3341 2206 3489 2260 enim
3516 2213 3610 2262 tua
3656 2225 3721 2263 ex
3764 2217 3817 2264 te

468 2299 600 2370 quid
652 2298 950 2369 pertulerat
1003 2297 1216 2351 adversi
1277 2297 1497 2366 penitus
1528 2297 1751 2351 tradidit
1796 2295 2086 2361 oblivioni,
2189 2292 2381 2346 audire
2414 2308 2523 2347 non
2554 2293 2815 2363 praevalet
2863 2295 2977 2349 haec
3023 2295 3303 2365 precantia
3334 2298 3517 2353 verba.
3582 2301 3818 2371 PrOpius

470 2412 571 2450 nec
602 2394 809 2448 diutius
839 2393 1066 2454 distulit,
1101 2392 1199 2446 sed
1234 2392 1338 2446 iter
1365 2393 1678 2446 accelerans
1706 2392 1761 2446 in
1794 2392 2013 2446 Gruona
2043 2390 2087 2423 ⁵ο
2187 2385 2411 2451 accede,
2456 2396 2511 2440 et
2542 2387 2701 2440 matri
2747 2394 2852 2442 tua:
2893 2387 3141 2443 osculum
3185 2389 3389 2460 praebe.
3454 2393 3599 2446 Deus
3631 2392 3817 2450 ﬁdelis

468 2484 640 2538 venit.
2186 2478 2259 2531 sit
2316 2475 2413 2531 tibi
2463 2476 2779 2547 placabilis;
2824 2494 2925 2532 nos
2973 2484 3024 2532 te
3077 2478 3382 2554 diligimus,
3431 2482 3574 2538 sicut
3628 2485 3813 2554 prius;

539 2575 628 2627 13.
682 2578 753 2629 De
808 2575 1238 2628 reconciliatione
1288 2574 1497 2628 Ottonis
1545 2576 1594 2625 et
1648 2572 1841 2624 matris
1906 2569 2082 2635 (Oct).
2188 2586 2312 2623 nam
2342 2585 2449 2624 non
2502 2570 2820 2642 ignoramus
2850 2570 2997 2641 quod
3047 2577 3098 2626 te
3129 2572 3417 2628 adversum
3475 2591 3578 2630 nos
3611 2578 3818 2633 excita-

469 2667 598 2722 Cum
632 2676 812 2723 autem
854 2667 1122 2720 adventus
1168 2663 1501 2719 venerabilis
1531 2663 1732 2734 regina:
1775 2661 2088 2715 Mahtbildis
2188 2658 2264 2712 vit
2286 2660 2570 2729 persuasio
2595 2659 2963 2714 inimicorum.
3009 2684 3034 2707 ι»
3078 2660 3402 2723 Hautmora.
3427 2664 3813 2722 satisfactione

468 2756 883 2827 pervulgaretur
928 2754 995 2807 ad
1031 2770 1193 2807 aures
1232 2753 1377 2823 regis
1421 2750 1647 2807 Ottonis.
1701 2750 1872 2804 multo
1903 2749 2082 2804 comi-
2189 2747 2280 2803 tali
2326 2756 2584 2819 percepta
2633 2750 2672 2782 εί
2722 2765 2813 2803 rex
2844 2748 2964 2803 Otto
2997 2757 3052 2804 et
3090 2750 3201 2804 dux
3245 2751 3530 2807 Heinricus
3560 2763 3814 2810 sanctam

469 2854 581 2902 tatu
615 2846 833 2901 obviam
877 2845 1073 2909 tendit,
1115 2860 1300 2898 secum
1334 2844 1631 2898 comitante
1674 2842 1859 2915 regina
1903 2841 2082 2894 Edilh.
2189 2839 2281 2894 Dei
2336 2839 2761 2895 introduxerunt
2808 2840 2861 2893 in
2895 2841 2940 2874 ⁵³
2972 2840 3183 2896 dotales
3232 2844 3512 2918 regiones,
3564 2852 3620 2899 et
3666 2847 3816 2902 sicut

471 2940 534 2993 Ut
562 2955 692 2994 vero
736 2938 971 3008 primum
1013 2937 1147 2989 vidit
1178 2936 1287 2989 Deo
1318 2936 1574 2990 dilectam
1614 2935 2081 3006 apprOpinquare,
2186 2930 2411 3004 dignum
2494 2936 2609 2984 erat
2675 2930 2904 3001 primam
2970 2931 3400 2987 constituebant.
3488 2934 3615 2989 Post
3694 2936 3816 2990 haec

468 3029 537 3082 ab
570 3044 713 3098 equo
756 3028 984 3091 desiliit,
1016 3035 1070 3081 et
1101 3027 1326 3097 prOpius
1356 3026 1647 3093 accedens,
1678 3040 1825 3099 genu
1856 3024 1997 3079 ﬂexo
2030 3024 2085 3077 in
2111 3068 2157 3099 ρ
2186 3023 2323 3076 mira
2370 3022 2512 3077 inter
2542 3029 2771 3077 matrem
2801 3029 2854 3078 et
2901 3021 3044 3078 filios
3079 3033 3194 3080 erat
3230 3024 3380 3096 pacis
3418 3026 3814 3098 tranquillitas,

468 3130 690 3187 terram,
714 3122 926 3174 veniam
961 3121 1277 3191 postulavit,
1309 3120 1500 3173 dicens
1529 3136 1541 3171 :
1587 3142 1615 3169 α
1657 3118 1694 3173 0
1725 3136 1887 3172 omne
1914 3117 2085 3171 decus
2113 3117 2159 3135 υ
2187 3127 2240 3171 et
2269 3117 2337 3171 ad
2377 3134 2543 3172 omne
2582 3118 2785 3172 bonum
2828 3118 2980 3173 unita
3009 3120 3292 3186 voluntas;
3334 3119 3389 3173 in
3425 3121 3815 3177 consolatione

470 3214 639 3269 nostri
678 3212 913 3277 decoris,
946 3220 1001 3266 et
1036 3212 1294 3266 solatium
1328 3210 1594 3281 cujusque
1640 3211 1865 3277 laboris,
1927 3211 2084 3281 cujus
2185 3229 2490 3285 pauperum
2554 3214 2773 3268 fuerunt
2831 3214 3146 3279 unanimes,
3193 3213 3248 3268 in
3300 3197 3817 3271 constt-actionibus

468 3302 679 3357 meritis
746 3300 1131 3372 deputabimus
1208 3317 1435 3374 regnum
1496 3300 1643 3371 quod
1714 3299 2059 3370 possidemus
2183 3307 2542 3362 ecclesiarum
2575 3313 2629 3361 et
2667 3306 3122 3361 monasteriorum
3176 3307 3496 3361 concordes.
3542 3307 3601 3360 ln
3642 3316 3815 3364 matre

466 3393 675 3447 Sumite
708 3394 775 3445 de
826 3392 989 3446 nobis
1027 3394 1396 3463 quodcunque
1445 3392 1780 3463 supplicium
1810 3391 1995 3457 vultis.
2023 3398 2082 3446 ut
2182 3416 2311 3472 erga
2340 3397 2484 3453 filios
2522 3399 2659 3453 mira
2689 3397 2789 3453 fuit
2818 3397 3034 3463 caritas,
3067 3397 3123 3452 in
3168 3396 3297 3453 filiis
3341 3397 3591 3453 obedivit
3620 3409 3816 3455 sancta

467 3486 627 3542 nobis
672 3493 881 3542 tantum
916 3487 1074 3541 liceat
1106 3488 1283 3541 redire
1330 3487 1383 3541 in
1416 3488 1643 3560 gratiam
1676 3488 2083 3543 reconciliatio-
2185 3491 2499 3555 humilitas;
2529 3498 2583 3546 et
2608 3498 2668 3545 ut
2690 3490 2930 3545 breviter
2958 3491 3340 3557 conciudatur,
3374 3492 3819 3560 perseverabant

464 3579 567 3632 nis.
616 3578 733 3634 Jam
763 3578 896 3634 satis
937 3578 1140 3633 luimus
1178 3580 1447 3651 quidquid
1487 3588 1677 3634 contra
1723 3594 1816 3633 vos
1842 3579 2082 3649 deliqui-
2183 3582 2334 3651 pacis
2388 3580 2682 3635 stabilitate
2740 3595 2918 3651 usque
2963 3580 3030 3634 ad
3063 3579 3272 3635 obitum
3317 3580 3463 3648 vitae,
3524 3580 3816 3637 diabolum

465 3691 624 3739 mus;
684 3691 809 3729 nam
864 3692 929 3728 ex
981 3675 1075 3729 illo
1149 3682 1397 3745 tempore
1478 3692 1589 3746 quo
1650 3675 1994 3730 abscessistis
2050 3692 2081 3729 a
2182 3674 2573 3730 conculcantes
2615 3688 2714 3743 per
2751 3672 3055 3739 caritatem,
3110 3672 3204 3744 qui
3248 3689 3425 3744 nuper
3458 3673 3604 3728 inter
3660 3674 3817 3745 ipsos

463 3775 642 3819 vestra
672 3766 837 3820 dotali
885 3766 1129 3839 regione,
1168 3774 1472 3821 retroversa
1502 3774 1583 3820 est
1614 3766 1795 3819 omnis
1849 3782 2081 3838 prospe-
2181 3763 2547 3819 seminaverat
2568 3761 2677 3816 litis
2706 3760 2973 3816 fomitem.

464 3854 592 3909 ritas
640 3856 792 3920 belli,
844 3872 1060 3912 necnon
1108 3856 1290 3912 fracta:
1342 3863 1470 3911 sunt
1534 3866 1736 3912 nostras
1809 3858 1973 3923 vires,
2025 3868 2080 3913 et
2253 3856 2336 3910 15.
2371 3858 2439 3910 De
2479 3855 2628 3909 obitu
2668 3854 2837 3909 Edith
2874 3855 3071 3921 regine:
3144 3853 3363 3908 Interim
3397 3854 3631 3927 contigit
3661 3855 3813 3926 piam

462 3944 655 3999 crebro
711 3954 899 4000 contra
951 3961 1053 3999 nos
1108 3947 1511 4015 praevaluerunt
1559 3947 1765 4001 hostes.
1811 3967 1836 3999 ι)
1880 3946 2079 4003 Contra
2182 3948 2341 4003 Edith
2416 3946 2687 4019 reginam,
2767 3952 3035 4017 perpetuo
3103 3946 3393 4011 victuram,
3474 3955 3811 4017 praesentem

463 4039 578 4093 haec
647 4047 821 4093 mater
877 4039 1230 4105 venerabilis,
1289 4040 1520 4095 decoros
1594 4041 1785 4095 oculos
1856 4040 2077 4110 perfusa
2176 4038 2427 4093 amittere
2469 4038 2634 4091 vitam
2668 4037 2761 4107 (an
2807 4036 2932 4102 946,
2961 4038 3086 4092 Jan.
3129 4036 3237 4106 26).
3299 4037 3408 4091 Rex
3440 4043 3628 4092 autem
3663 4037 3813 4105 Otto,

464 4127 724 4192 lacrimis,
776 4126 887 4180 tilio
919 4127 1098 4180 statim
1154 4126 1389 4197 praebuit
1432 4128 1678 4182 osculum
1718 4128 1888 4197 pacis,
1917 4127 2071 4198 quasi
2169 4144 2284 4213 jam
2324 4137 2597 4199 provectae
2636 4126 2809 4181 mtatis
2838 4125 2951 4198 (33)
3007 4126 3171 4181 simul
3220 4142 3343 4182 cum
3376 4134 3571 4188 matre.
3622 4129 3814 4184 eccle-

459 4215 528 4268 ab
553 4231 619 4269 eo
652 4215 786 4269 nihil
818 4216 1133 4286 pertulisset
1166 4216 1529 4285 adversitatis,
1565 4226 1619 4270 et
1647 4217 1892 4271 animum
1938 4232 2075 4287 sup—
2182 4218 2293 4271 sias
2347 4225 2401 4271 et
2438 4215 2773 4272 monasteria
2826 4217 3163 4284 construxit;
3220 4225 3446 4288 portans
3508 4232 3705 4287 pacem
3762 4226 3818 4273 et

460 4304 720 4374 plicantis
776 4304 974 4359 talibus
1054 4304 1445 4361 consolabatur
1494 4304 1708 4361 verbis:
1760 4325 1783 4354 (ι
1823 4303 1920 4359 Fili
1984 4304 2078 4373 mi,
2184 4320 2330 4368 recte
2378 4311 2656 4381 judicans,
2715 4317 2998 4382 paternam
3066 4311 3121 4366 in
3150 4311 3362 4368 cunctis
3423 4312 3677 4366 imitatus
3729 4320 3815 4368 est

461 4399 629 4455 nolite
679 4399 1025 4466 contristari;
1070 4415 1356 4469 speramus
1406 4399 1576 4464 enim,
1636 4415 1736 4454 vos
1795 4399 2009 4455 veniam
2051 4417 2081 4454 a
2185 4406 2463 4475 pietatem.
2510 4403 2637 4458 Post
2680 4401 2892 4458 obitum
2953 4402 3109 4457 Edith
3162 4403 3391 4459 illustris
3431 4403 3639 4478 reginas
3703 4413 3817 4461 tres

464 4489 695 4545 Domino
726 4489 1025 4560 consequi;
1058 4505 1184 4544 nam
1214 4490 1259 4544 si
1287 4497 1596 4546 nostrorum
1628 4503 1736 4544 non
1778 4488 2083 4565 exigissent
2185 4491 2291 4561 (34)
2359 4506 2535 4546 annos
2591 4490 2703 4565 egit
2741 4490 2795 4544 in
2850 4490 3133 4557 viduitate,
3186 4492 3400 4547 cunctis
3441 4491 3607 4547 bonis
3675 4508 3818 4564 ope-

461 4582 841 4652 peccaminum
890 4581 1105 4644 merita,
1167 4590 1347 4637 vestra
1391 4600 1457 4637 ex
1505 4589 1660 4654 parte
1710 4580 1859 4637 nulla
1918 4582 2081 4636 nobis
2182 4581 2335 4637 ribus
2358 4582 2655 4655 diligenter
2678 4580 2939 4649 instabat,
2962 4589 3017 4636 et
3036 4598 3217 4638 sacras
3255 4583 3530 4638 lectiones
3559 4584 3819 4641 studiose

456 4672 774 4728 obviassent
822 4673 1074 4728 adversa.
1124 4674 1269 4729 Deus
1316 4682 1497 4729 autem
1542 4673 1703 4729 vobis
1747 4673 1948 4728 tribuat
1994 4673 2151 4751 in-n
2184 4677 2419 4751 legebat.
2458 4677 2713 4732 Jamdum
2765 4675 2952 4730 multis
2995 4678 3381 4749 comprobaret
3432 4677 3695 4733 castitate
3725 4681 3812 4735 vi-

467 4726 480 4728 _
1124 4726 1263 4729 η--η
1556 4726 1603 4729 --
1660 4726 1695 4728 --
1998 4726 2003 4727 -
2184 4726 2419 4751 --υ-η,-
2460 4726 2713 4732 mn”---
2998 4726 3380 4749 ,ητα-η---
3437 4726 3693 4733 -_----_--
3736 4726 3778 4735 ..

456 4769 797 4845 dulgentiam
846 4786 946 4840 per
1004 4768 1339 4825 ineffabilem
1395 4786 1550 4825 suam
1614 4726 2152 4836 misericordiam,D
2177 4768 2401 4824 duitatis
2463 4775 2520 4823 et
2575 4768 2893 4823 assiduitate
2951 4768 3299 4833 orationum,
3377 4768 3485 4823 sibi
3558 4770 3813 4826 animum

457 4865 551 4937 qui
591 4870 812 4935 paratus
843 4870 925 4918 est
968 4862 1219 4919 misereri
1266 4865 1468 4937 cuique
1498 4864 1813 4936 pmnitenti,
1845 4864 1889 4919 si
1921 4880 2073 4920 com-
2174 4875 2318 4927 esse,
2359 4876 2392 4914 a
2421 4858 2699 4933 conjugali
2732 4860 3013 4915 consortio
3042 4876 3105 4914 se
3132 4859 3271 4915 velle
3302 4860 3661 4930 postmodum
3694 4862 3822 4920 abs-

460 4955 624 5010 missa
663 4951 907 5024 perfecte
950 4951 1237 5008 deﬂeverit
1287 4959 1342 5008 et
1397 4952 1747 5025 postmodum
1798 4968 1911 5009 non
1966 4954 2071 5009 ad-
2174 4950 2371 5005 tinere.
2421 4949 2570 5004 Tunc
2614 4949 2918 5005 construxit
2968 4948 3287 5005 beatissima
3316 4949 3511 5025 aegina
3544 4950 3819 5006 Mahthild

462 5045 687 5102 miserit.
735 5066 764 5096 ι)
2176 5044 2575 5102 monasterium
2607 5044 2662 5100 in
2694 5044 2871 5099 Palidi
2899 5044 3033 5115 (35),
3076 5044 3187 5101 illic
3219 5060 3568 5119 congregans
3595 5051 3820 5102 turmu-

1809 5172 2029 5229 VARle
2058 5172 2434 5229 LECTIONES.

530 5270 576 5306 ἰθ
613 5268 989 5326 restituuntur
1010 5273 1063 5326 1.
1122 5272 1168 5307 δυ
1187 5288 1359 5346 grona
1382 5274 1433 5328 1.
1465 5274 1533 5327 ad
1563 5288 1831 5348 gruonam
1862 5273 2055 5328 hilaris
2093 5274 2423 5330 accelerauit
2451 5273 2501 5327 3.
2561 5273 2602 5307 ⁶¹
2635 5271 3063 5343 perceptionei.
3131 5272 3177 5305 ⁵³
3205 5272 3349 5327 deest
3377 5272 3429 5326 1.
3452 5272 3549 5327 sed
3575 5274 3733 5329 adest
3762 5274 3817 5331 3.

2030 5373 2241 5429 NOTAE.

529 5470 642 5545 (33)
684 5468 800 5545 Dex
852 5481 1120 5545 annorum
1167 5471 1499 5545 ta_ntum_3£
1557 5477 1693 5545 erat,
1748 5471 1935 5545 igitur
1966 5471 2084 5527 haec
2184 5471 2421 5545 videtur:

454 5537 633 5597 verba
652 5537 1075 5613 act-Mathildem
1108 5541 1294 5612 potius
1325 5541 1614 5598 referenda
1644 5537 1738 5598 aut
1767 5537 1937 5598 errori
1969 5558 2076 5598 au-
2257 5540 2365 5613 (35)
2404 5538 2569 5595 Polde
2612 5555 2782 5611 prope
2813 5537 3108 5613 Herzberg,
3147 5539 3215 5594 ad
3258 5538 3473 5597 radicas
3498 5543 3653 5598 silva:
3691 5544 3824 5602 Her-

458 5614 626 5685 etoris
652 5608 956 5685 tribuenda
970 5608 1124 5685 sunt:
1198 5681 1210 5685 Α
1241 5681 1252 5685 Α
1620 5682 1636 5685 Α
1668 5683 1713 5685 7g
1888 5683 1895 5685 ξ
1976 5683 1984 5685 _
2183 5608 2376 5685 cyniaé.

529 5681 635 5748 (34)
677 5679 880 5731 Auctor
921 5678 1130 5735 Edithm
1161 5681 1375 5737 obitum
1416 5697 1562 5738 anno
1611 5682 1715 5737 947
1758 5683 2084 5753 ascripsisse
