3996 6232
146 399 262 462 ΓΠ

770 397 1192 462 EXPOSITIO
1235 399 1314 460 IN
1359 397 1776 461 EPISTOLAS
1822 396 2078 459 PAULI.
2113 428 2190 440 -
2222 395 2296 456 IN
2344 393 2594 454 EPIST.
2641 390 2745 453 AD
2793 386 2985 451 80M.

3469 369 3582 444 178

151 555 183 595 a
213 537 404 597 morte
433 533 761 591 liberatum
793 533 960 604 (196),
993 533 1300 604 subjunxit
1328 550 1339 587 :
1375 535 1551 589 Etiam
1581 532 1725 603 (197)
1757 532 1815 586 in
1847 538 1900 600 Α
1929 529 2258 602 Apostolus,
2296 546 2408 583 non
2443 527 2678 591 diceret,
2712 526 2898 594 gratia
2946 537 3016 575 ac
3045 517 3233 574 multis
3261 516 3475 573 delictis
3519 519 3576 572 in

148 630 226 684 eis
255 630 356 698 qui
385 641 502 681 non
529 631 896 696 peccaverunt
941 625 1001 677 in
1028 623 1448 677 similitudinem
1477 625 1812 692 prmoarica-

149 719 316 772 tionis
340 715 497 780 Adae,
523 713 581 768 id
610 717 723 776 est,
749 711 848 783 qui
882 727 997 766 non
1031 711 1266 783 pr0pria
1295 713 1592 766 voluntate
1624 728 1816 782 pecca-

148 809 384 870 verunt,
417 807 484 858 ut
518 803 730 866 Adam,
766 800 864 854 sed
898 799 1092 855 carnis
1123 799 1482 870 inﬁrmitate,
1516 801 1668 855 sicut
1715 819 1812 871 pa-

147 893 448 962 triarchas,
472 896 532 947 et
557 890 858 964 prophetae
886 893 940 945 et
962 888 1202 959 quidam
1225 889 1489 961 gentiles,
1514 890 1572 943 in
1599 889 1815 960 quibus

150 984 296 1038 adeo
314 981 508 1053 viguit
531 979 835 1052 ingenium
863 977 1182 1049 sapientiae,
1204 983 1268 1032 ut
1289 977 1555 1048 originali
1581 984 1814 1049 peccato

151 1070 320 1127 nulla
351 1068 820 1142 superadderent
844 1066 1188 1122 criminalia.
1216 1068 1322 1134 Qui
1349 1071 1427 1121 est
1457 1068 1642 1137 forma
1670 1070 1815 1136 futu-

148 1163 230 1217 ris
263 1161 436 1232 (198).
469 1159 748 1224 Quaedam
781 1155 1136 1228 exemplaria
1163 1159 1345 1225 [ut-uri
1375 1156 1610 1224 habent,
1646 1161 1708 1210 ut
1741 1158 1810 1211 ad

150 1248 454 1305 Christum
486 1248 789 1302 referatur.
822 1246 1008 1300 Adam
1041 1245 1195 1299 enim
1230 1245 1416 1298 forma
1459 1245 1564 1299 fuit
1610 1245 1811 1310 futuri,

107 1415 114 1422 ι
155 1339 465 1410 quoniam,
495 1337 649 1391 sicut
680 1350 783 1406 per
812 1333 980 1388 illum
1014 1350 1172 1388 mors
1204 1333 1461 1400 intravit,
1499 1334 1576 1387 ita
1617 1341 1670 1387 et
1713 1352 1813 1403 per

154 1425 456 1481 Christum
477 1425 594 1479 vita
615 1421 817 1489 rediit;
852 1422 1007 1476 unde
1034 1421 1208 1493 paulo
1232 1421 1473 1476 inferius
1499 1423 1810 1492 Apostolus

157 1514 306 1570 dicit
337 1531 349 1568 :
385 1514 532 1569 Sicut
557 1529 660 1583 per
692 1512 1120 1567 inobedientiam
1150 1514 1318 1566 unius
1347 1513 1583 1566 hominis
1611 1529 1811 1582 pecca-

156 1611 300 1660 tores
327 1604 607 1659 constituti
636 1608 766 1656 sunt
788 1601 1052 1671 plurimi,
1085 1601 1163 1655 ita
1211 1609 1260 1655 ct
1307 1618 1406 1671 per
1437 1603 1599 1654 unius
1628 1602 1806 1655 obedi-

157 1694 360 1748 tionem
399 1693 543 1762 justi
592 1692 995 1744 constituentur
1042 1689 1222 1744 multi.
1266 1688 1325 1743 Si
1358 1694 1550 1744 autem
1583 1689 1813 1759 legatur

151 1781 400 1856 futuris,
421 1778 861 1850 intelligendum
882 1781 971 1832 est
992 1777 1452 1847 posteris.Adam
1471 1795 1605 1849 ergo
1626 1779 1811 1834 forma

154 1868 544 1962 fuit‘Afuturis,
571 1868 708 1938 quia
737 1867 1066 1939 exemplum
1099 1866 1207 1921 fuit
1238 1868 1455 1938 peccati
1487 1873 1543 1921 et
1575 1869 1814 1922 damna-
1842 1899 1888 1962 Β

151 1958 336 2014 tionis
369 1958 540 2029 (199).
573 1956 684 2012 Sed
724 1973 833 2011 non
875 1958 1014 2011 sicut
1059 1955 1336 2023 delictum,
1373 1959 1457 2011 ita
1495 1961 1546 2011 et
1583 1957 1805 2012 donum.

153 2047 285 2104 Haec
329 2046 506 2101 verba
553 2044 756 2101 clausa
799 2045 1110 2105 videntur:
1145 2050 1334 2116 potest
1363 2049 1559 2100 tamen
1593 2047 1807 2100 subau-

157 2136 303 2192 diri:
337 2151 456 2190 non
487 2134 643 2190 sicut
663 2133 942 2189 delictum
966 2151 1071 2188 nos
1099 2134 1378 2205 corrupit,
1407 2135 1487 2189 ita
1512 2140 1567 2189 et
1589 2136 1807 2189 donum

155 2224 254 2280 Dei
276 2241 385 2280 nos
414 2223 722 2295 reparavit.
749 2223 966 2278 Horum
999 2226 1193 2278 autem
1226 2223 1535 2278 verborum
1569 2241 1807 2279 sensum

155 2311 465 2385 sequentia
485 2311 886 2378 manifestant,
912 2329 1045 2366 cum
1070 2312 1342 2366 subditur
1365 2330 1376 2366 :
1412 2312 1472 2366 Si
1492 2314 1638 2367 enim
1662 2314 1808 2382 (200)

155 2405 222 2458 in
251 2404 421 2457 unius
445 2401 634 2458 delicto
659 2402 825 2456 multi
848 2404 1053 2457 mortui
1071 2407 1220 2468 sunt,
1243 2404 1415 2456 multo
1437 2405 1611 2474 magis
1630 2406 1810 2473 gratia

153 2493 278 2560 Dei,
302 2495 356 2546 et
384 2490 586 2546 donum
615 2492 675 2544 in
705 2492 892 2559 gratia
922 2493 1088 2545 unius
1119 2491 1356 2545 hominis
1376 2493 1503 2547 Jesu
1524 2493 1729 2548 Christi
1751 2494 1806 2546 in

154 2581 346 2653 plures
377 2579 694 2634 abundavit.
717 2582 795 2634 Ac
827 2580 873 2635 si
907 2579 1162 2635 diceret:
1199 2579 1338 2634 illud
1374 2580 1654 2651 originale
1686 2600 1806 2653 pec-

154 2674 354 2726 eatum
387 2669 531 2724 adeo
561 2685 841 2741 magnum
875 2668 1006 2734 fuit,
1039 2671 1102 2722 ut
1138 2685 1341 2724 omnes
1374 2670 1611 2740 perdere
1641 2671 1804 2725 sufﬁ-

149 2763 338 2824 ceret;
365 2759 588 2814 donum
615 2774 750 2812 vero
771 2757 868 2813 Dei
902 2775 1018 2812 non
1043 2756 1233 2813 solum
1258 2759 1328 2813 ab
1361 2757 1477 2826 illo,
1504 2759 1603 2813 sed
1631 2760 1803 2813 etiam

142 2866 176 2904 a
224 2847 457 2904 cunctis
507 2846 780 2911 absolvit,
821 2851 878 2902 et
926 2847 1125 2902 donat.
1160 2847 1266 2902 Sed
1323 2847 1462 2918 quid
1513 2853 1602 2902 est
1651 2849 1805 2918 quod

143 2937 284 2994 dicit
311 2953 324 2990 :
362 2934 552 2990 multo
586 2935 775 3006 magis
805 2935 991 3006 gratia
1014 2935 1113 2991 Dei
1144 2935 1202 2989 in
1238 2935 1433 3006 plures
1461 2938 1803 3004 abundavit,

142 3043 273 3081 cum
313 3025 514 3097 plures
545 3024 869 3096 perdantur
915 3041 1092 3095 quam
1149 3024 1492 3080 salventur‘?
1540 3024 1621 3080 Ne
1667 3043 1803 3097 ergo

143 3114 507 3171 contrarium
537 3113 823 3179 videatur,
858 3114 1013 3184 quod
1057 3113 1219 3180 dicit,
1252 3115 1424 3169 multo
1454 3117 1649 3186 magis,
1687 3132 1804 3169 non

140 3205 210 3261 ad
246 3220 535 3276 personas
566 3201 937 3257 referendum
969 3207 1078 3268 est,
1109 3203 1164 3257 id
1199 3207 1306 3270 est,
1344 3203 1562 3274 plures,
1595 3205 1694 3259 sed
1728 3202 1828 3259 ad'

138 3293 388 3349 verbum
445 3291 768 3347 abundavit.
804 3291 988 3346 Multo
1038 3292 1228 3363 magis
1282 3293 1437 3347 enim
1488 3293 1810 3348 abundavit

145 3381 335 3455 gratia
387 3379 515 3445 Dei,
551 3380 690 3450 quia
741 3396 855 3434 non
905 3379 1096 3434 solum
1150 3380 1452 3452 originale,
1489 3383 1588 3437 sed
1633 3383 1807 3437 etiam

145 3467 399 3542 prepriaa
447 3467 767 3522 voluntatis
818 3468 1081 3523 admissa
1131 3467 1368 3524 relaxat.
1415 3470 1590 3526 Sive:
1641 3473 1809 3526 multo

139 3561 317 3629 magis
351 3558 418 3610 in
446 3556 633 3626 plures
664 3555 819 3621 dicit,
857 3557 998 3628 quia
1030 3557 1190 3620 mali,
1226 3559 1332 3613 etsi
1369 3559 1538 3614 multi
1570 3560 1804 3615 videan-

142 3650 264 3713 tur,
299 3643 480 3718 pauci
529 3649 684 3711 sunt,
719 3646 856 3716 quia
905 3645 1049 3700 nihil
1102 3651 1258 3702 sunt.
1312 3649 1452 3702 Boni
1504 3666 1658 3716 vero,
1704 3650 1808 3704 etsi

148 3733 325 3807 pauci
349 3733 679 3800 videantur,
710 3734 877 3788 multi
911 3739 1105 3790 tamen
1139 3740 1296 3801 sunt,
1322 3737 1460 3807 quia
1491 3755 1703 3807 magna
1725 3744 1813 3792 est

151 3823 209 3878 in
241 3823 325 3878 eis
358 3821 552 3893 gratia
583 3821 704 3876 Dei.
738 3823 803 3876 Et
833 3827 940 3878 non
971 3827 1112 3878 sicut
1144 3841 1244 3895 per
1284 3842 1457 3879 unum
1488 3827 1633 3897 (201)
1685 3843 1812 3896 pec-

147 3921 386 3982 cantem,
415 3913 498 3965 ita
537 3915 589 3965 et
633 3911 857 3965 donum.
889 3913 958 3967 Et
989 3912 1109 3967 hzec
1140 3914 1377 3984 quidem
1410 3917 1586 3969 verba
1616 3916 1814 3970 clausa

146 4001 461 4067 videntur;
493 4004 686 4070 potest
714 4004 913 4055 tamen
945 4001 1250 4056 subaudiri
1283 4019 1298 4057 :
1355 4020 1465 4058 non
1517 4004 1668 4058 sicut
1712 4020 1814 4075 per

152 4105 336 4143 unum
371 4092 711 4160 peccantem
746 4089 954 4159 perditi
989 4106 1219 4160 sumus,
1253 4090 1333 4145 ita
1373 4097 1430 4146 et
1460 4093 1681 4148 donum
1715 4093 1811 4147 Dei

153 4193 259 4232 nos
320 4177 582 4232 redimit.
617 4178 877 4242 Quorum
928 4193 1167 4233 sensum
1211 4179 1527 4250 Apostolus
1558 4183 1810 4252 exponit,

150 4266 524 4338 subjungens
559 4284 571 4320 :
622 4283 754 4320 nam
788 4267 1070 4338 judicium
1103 4269 1321 4338 quidem
1352 4286 1420 4323 ac
1463 4287 1571 4325 uno
1599 4273 1658 4324 in
1687 4287 1810 4325 con-

147 4353 580 4410 demnationem.
605 4354 767 4416 Quod
797 4354 940 4410 dicit
967 4372 1037 4411 ea:
1068 4372 1198 4422 uno,
1224 4357 1696 4413 subaudiendum
1725 4365 1817 4414 est

151 4441 355 4500 delicto
383 4469 397 4510 ;
433 4443 594 4514 quod
627 4443 752 4513 ipse
782 4445 1038 4514 exponit,
1065 4445 1433 4516 subjungens
1458 4464 1469 4500 :
1507 4449 1689 4502 Gratia
1719 4465 1791 4502 au

155 4539 259 4586 tem
304 4548 374 4587 ex
426 4533 622 4586 multis
680 4532 896 4587 delictis
956 4535 1014 4588 in
1066 4534 1538 4603 justiﬁcationem.
1592 4538 1814 4601 Quibus

1839 3265 1880 3331 C

1917 622 2369 692 justiﬁcationcm
2395 635 2414 676 ;
2465 617 2564 671 sed
2610 632 2678 668 cr
2716 630 2844 667 uno.
2879 610 3191 664 Sciendum
3225 608 3401 663 etiam
3435 607 3577 678 quia

1925 710 2112 765 solent
2166 706 2459 777 Pelagiani
2512 705 2702 758 dicere
2751 699 3068 754 fidelibus:
3121 697 3284 751 Unde
3337 696 3578 751 trahunt

1925 798 2190 852 homines
2216 794 2496 867 originale
2519 797 2841 864 peccatum,
2869 806 2900 842 a
2934 786 3174 858 nuptiis,
3200 802 3272 839 an
3305 803 3337 839 a
3369 802 3574 856 paren-
3619 786 3639 804 '

1923 888 2102 953 tibus,
2138 891 2236 939 aut
2267 902 2299 938 a
2328 881 2668 937 voluntate?
2699 884 2762 932 ln
2795 877 3010 948 quibus
3042 874 3184 929 nihil
3217 873 3298 928 eis
3331 889 3571 944 respon-

1925 976 2204 1030 dendum.
2240 974 2386 1027 Aurli
2421 969 2761 1043 Apostolum
2795 968 3083 1020 dicentem
3119 981 3130 1016 :
3183 964 3459 1018 Judicium
3502 978 3570 1016 ea:

1924 1082 2033 1119 uno
2085 1068 2145 1118 in
2192 1064 2718 1118 condemnationem.
2753 1057 2862 1111 Sed
2914 1055 3052 1124 quid
3095 1057 3184 1106 est
3224 1052 3374 1122 quod
3411 1051 3570 1118 dicit,

1916 1154 2208 1224 judicium
2234 1168 2300 1206 ex
2324 1168 2438 1205 uno
2471 1150 2528 1202 in
2555 1144 3097 1201 condemnationem
3120 1140 3148 1194 ?
3178 1140 3453 1209 Nunquid
3480 1141 3574 1209 ju-

1922 1243 2139 1296 dicium
2175 1259 2240 1295 ex
2273 1258 2387 1293 uno
2421 1239 2524 1292 soli
2562 1237 2615 1290 in
2649 1231 2916 1302 originali
2950 1235 3201 1302 peccato,
3235 1233 3290 1282 et
3336 1245 3448 1281 non
3502 1245 3571 1282 ex

1924 1331 2163 1401 reliquis
2193 1329 2354 1383 ducit.
2386 1329 2440 1380 in
2476 1323 3021 1380 condemnationem
3045 1322 3072 1372 ‘t
3105 1319 3161 1371 Si
3196 1317 3348 1370 enim
3380 1317 3570 1387 gratia

1923 1422 2016 1474 Dei
2055 1438 2167 1475 non
2203 1420 2392 1474 solum
2427 1414 2708 1486 originale
2744 1417 3066 1484 peccatum,
3097 1409 3195 1463 sed
3230 1408 3403 1462 etiam
3436 1424 3566 1477 pro-

1922 1511 2056 1582 pria:
2082 1509 2394 1564 voluntatis
2427 1511 2659 1577 peccata
2683 1502 2920 1566 relaxat,
2943 1501 3023 1553 sic
3046 1503 3102 1553 et
3121 1496 3564 1568 judicium,non

1921 1616 1987 1654 ex
2019 1597 2283 1668 originali
2315 1602 2565 1661 tantum,
2599 1593 2698 1647 sed
2731 1590 2903 1645 etiam
2938 1606 3004 1641 cx
3051 1585 3271 1641 caeteris
3302 1601 3427 1653 quin
3461 1601 3565 1638 su-

1921 1688 2342 1758 peradduntur,
2377 1684 2537 1737 ducit
2566 1682 2622 1734 in
2655 1675 3222 1734 condemnationem.
3247 1672 3393 1736 Quid
3428 1689 3564 1742 ergo

1921 1777 2041 1831 vult
2075 1776 2377 1830 ostendere
2427 1773 2518 1825 his
2567 1769 2755 1823 verbis
2779 1769 2805 1821 ‘l
2836 1766 3080 1828 Scilicet,
3115 1769 3234 1817 tam
3282 1778 3564 1832 magnum

1921 1865 2101 1920 fuisse
2123 1864 2266 1918 illud
2293 1859 2568 1933 originale
2602 1861 2899 1928 peccatum
2933 1860 2997 1907 ut
3027 1853 3322 1906 sufﬁceret
3351 1850 3409 1903 in
3435 1866 3567 1904 con-

1920 1953 2375 2014 demnationem,
2399 1950 2506 2004 etsi
2540 1947 2700 2001 nulla
2723 1943 3275 2015 superadderentur,
3299 1938 3567 2009 quamvis

1919 2043 2148 2116 gravior
2180 2042 2253 2097 sit
2283 2055 2482 2094 eorum
2519 2053 2709 2107 pmna,
2741 2033 2840 2103 qui
2875 2029 3108 2101 propria
3137 2027 3560 2093 superaddunt,

1919 2113 1975 2188 et
2006 2137 2165 2186 tanto
2198 2129 2445 2201 gravior,
2482 2129 2697 2196 quanto
2729 2120 2961 2191 gravius
2996 2117 3246 2188 quisque
3290 2113 3563 2185 peccavit.

1917 2223 2000 2277 Ab
2052 2237 2166 2274 uno
2223 2235 2380 2289 ergo,
2416 2216 2472 2269 id
2525 2217 2613 2268 est
2657 2215 2728 2266 ab
2768 2210 2953 2264 Adam
2989 2222 3103 2260 non
3138 2203 3334 2258 omnia
3367 2207 3569 2256 nostra

1918 2309 2288 2382 peccata,sed
2319 2305 2507 2360 solum
2532 2298 2812 2373 originale
2838 2295 3164 2359 trahimus;
3196 2293 3266 2346 ab
3294 2307 3410 2345 uno
3431 2305 3564 2346 vero

1917 2380 2144 2455 Christo
2179 2415 2289 2452 non
2324 2400 2552 2448 tantum
2587 2386 2908 2460 originalis,
2943 2384 3040 2439 sed
3088 2387 3142 2437 et
3173 2380 3438 2435 omnium
3471 2394 3564 2432 re-

1919 2488 2257 2544 missionem
2282 2481 2698 2553 consequimur
2720 2480 3109 2549 peccatorum.
3135 2471 3396 2540 Cmperat
3417 2470 3567 2539 Apo-

1917 2577 2102 2634 stolus
2135 2576 2320 2629 facere
2351 2569 2734 2626 differentiam
2769 2560 3068 2635 originalis
3102 2557 3316 2630 peccati
3349 2561 3404 2610 et
3437 2572 3567 2627 gra-

1917 2667 2009 2720 tias
2054 2665 2171 2732 Dei,
2207 2669 2263 2719 et
2311 2667 2500 2732 empta
2539 2655 2860 2712 intentione
2894 2664 3285 2723 perseverans,
3320 2644 3400 2698 ait
3434 2661 3445 2698 :
3504 2646 3566 2700 Si

1915 2759 2062 2810 enim
2093 2755 2237 2822 (202)
2284 2755 2343 2806 in.
2374 2752 2539 2804 unius
2569 2747 2761 2801 delicto
2792 2759 2936 2796 mors
2969 2738 3215 2810 regnavit
3243 2751 3340 2805 per
3369 2749 3564 2799 unum,

1915 2847 2089 2900 multo
2141 2844 2314 2911 magis
2363 2838 2757 2894 abundantiam
2810 2832 3029 2901 gratiae,
3062 2831 3109 2882 et
3158 2824 3484 2890 donationis,
3518 2831 3570 2876 et

1908 2936 2139 3007 justitiw
2161 2933 2485 3002 accipientes
2507 2930 2565 2982 in.
2590 2927 2719 2989 vita,
2741 2921 3047 2992 regnabant
3064 2933 3164 2988 per
3185 2930 3355 2968 unum
3377 2913 3566 2967 Iesum

1919 2999 2216 3078 Ciuis-tum.
2239 2999 2419 3074 Unius
2445 3015 2748 3076 delictum,
2769 3013 3071 3082 peccatum
3094 3004 3232 3059 dicit
3264 2999 3566 3072 originale,

1917 3113 2070 3185 quod
2101 3111 2284 3166 Adam
2317 3110 2374 3163 in
2407 3104 2677 3179 paradiso
2702 3096 3019 3156 commisit.
3045 3094 3154 3149 Sed
3187 3090 3479 3163 quomodo
3510 3088 3568 3142 in

1921 3177 2096 3257 unius
2147 3199 2356 3254 delicto
2409 3177 2566 3249 mors
2598 3188 2858 3262 regnavit
2902 3201 3003 3258 per
3055 3179 3286 3236 unum?
3315 3177 3568 3243 Scilicet,

1921 3291 2062 3363 quia
2083 3304 2286 3343 omnes
2318 3282 2548 3339 vinculo
2581 3279 2786 3334 mortis
2818 3278 2984 3330 erant
3012 3269 3174 3342 ligati
3205 3267 3263 3320 in
3293 3265 3392 3320 illo
3423 3264 3570 3335 solo,

1921 3354 2150 3434 etiamsi
2204 3374 2382 3437 nulla,
2440 3368 2673 3442 propria
2717 3364 3036 3424 voluntate,
3089 3354 3569 3442 superadderent.

1923 3466 2146 3523 Fideles
2170 3463 2347 3533 igitur
2369 3441 2788 3514 abundantiam
2813 3449 3008 3522 gratia:
3031 3451 3086 3501 et
3115 3441 3446 3498 donationis
3469 3457 3571 3495 ac-

1922 3553 2168 3624 cipiunt,
2193 3529 2331 3620 quia
2364 3565 2474 3601 non
2511 3543 2654 3598 illud
2688 3535 2970 3609 originale
3003 3533 3216 3594 solum,
3242 3529 3341 3584 sed
3372 3532 3429 3582 et
3457 3544 3564 3581 ca:-

1923 3618 2046 3698 tera
2069 3618 2768 3712 quso—superaddiderunt,
2793 3628 2876 3682 cis
2904 3628 3137 3696 peccata
3159 3618 3569 3674 remittuntur.

1923 3706 2230 3801 Accipiunt
2259 3706 2315 3782 et
2346 3721 2764 3780 abundantiam
2794 3715 3058 3786 justitize,
3094 3710 3233 3784 quia
3263 3712 3424 3763 tanta
3454 3706 3576 3761 illis

1915 3820 2154 3892 justitia
2183 3836 2216 3871 a
2239 3818 2351 3871 Deo
2377 3812 2738 3878 retribuitur,
2757 3803 3305 3878 quajustiﬁcentur,
3332 3802 3414 3866 ut,
3441 3812 3574 3850 cum

1923 3884 2108 3964 Adam
2138 3907 2195 3960 in
2224 3904 2492 3977 paradiso
2521 3898 2751 3954 diabolo
2777 3895 2847 3950 ad
2872 3895 3172 3964 peccatum
3199 3884 3576 3958 persuadenti

1925 3995 2306 4061 consenserit,
2339 3993 2445 4059 illi,
2483 4007 2597 4044 non
2629 3987 2820 4042 solum
2855 3978 3145 4048 suadenti,
3181 3977 3280 4031 sed
3329 3991 3434 4028 nec
3483 3990 3579 4027 co-

1924 4085 2082 4159 genti
2114 4085 2346 4149 cedant,
2378 4086 2478 4134 aut
2521 4074 2906 4131 consentiant.
2938 4069 3044 4123 Sed
3099 4066 3238 4137 quid
3288 4067 3376 4117 est
3422 4063 3576 4131 quod

1926 4149 2085 4244 dicit,
2117 4173 2286 4227 multo
2335 4169 2520 4234 magis
2573 4162 2900 4231 regnabant,
2933 4173 3066 4210 cum
3123 4153 3319 4224 plures
3373 4149 3578 4204 mortis

1925 4238 2172 4333 regnum
2206 4259 2399 4314 trahat
2429 4257 2497 4311 ad
2533 4268 2786 4324 poenam,
2821 4262 2998 4317 quam
3043 4242 3229 4313 gratia
3276 4239 3346 4333 ad
3377 4238 3576 4333 ivitam

1925 4324 2250 4408 aeternam?
2295 4346 2417 4401 Non
2469 4359 2604 4413 ergo
2656 4338 2727 4393 ad
2781 4348 3057 4406 personas
3107 4327 3194 4382 vel
3238 4324 3578 4397 pluritatem

1926 4440 2295 4496 referendum
2343 4439 2455 4498 est,
2499 4411 2598 4486 sed
2649 4428 2719 4482 ad
2773 4423 3156 4493 augmentum
3206 4413 3404 4486 gratias
3453 4411 3578 4466 Dei.

1926 4528 2108 4585 Multo
2143 4543 2331 4598 magis
2362 4524 2520 4578 enim
2554 4516 2903 4590 regnabunt,
2936 4507 3076 4579 quia
3124 4503 3456 4574 quicunque
3505 4499 3580 4554 ab

157 4620 346 4675 verbis
407 4619 668 4675 destruit
725 4637 981 4676 errorem
1043 4593 1509 4694 Delagianorum.
1556 4593 1820 4679 Ostendit
1849 4636 1894 4699 D
1927 4619 2114 4673 Adam
2150 4617 2216 4671 ad
2243 4593 2562 4675 Christum,
2591 4609 2648 4662 id
2682 4609 2790 4669 est,
2815 4621 2848 4656 a
2874 4603 3058 4656 morte
3081 4595 3149 4695 ad
3179 4593 3357 4691 vitam
3388 4593 3582 4699 trans-

159 4707 310 4762 enim
339 4709 486 4780 quia
512 4725 628 4762 non
660 4708 970 4777 imitando,
998 4711 1098 4766 sed
1125 4715 1416 4767 nascendo
1443 4713 1682 4768 trahunt
1715 4714 1815 4768 ho-

160 4796 345 4852 mines
369 4795 661 4868 originale
687 4802 1013 4867 peccatum.
1038 4800 1147 4855 Sed
1172 4801 1312 4855 dicit
1333 4801 1633 4874 Pelagius:
1663 4804 1816 4874 quod

161 4883 300 4939 dicit
346 4901 417 4940 ea:
468 4902 601 4953 uno,
636 4887 707 4940 ad
756 4889 944 4942 Adam
987 4890 1352 4944 referendum
1386 4897 1516 4958 est;
1549 4892 1817 4947 homines

160 4971 310 5029 enim
339 4990 409 5030 ex
433 4974 627 5029 Adam
653 4980 900 5030 sumunt
925 4977 1253 5048 exemplum
1280 4980 1577 5051 peccandi,
1599 4987 1654 5035 et
1685 4997 1817 5035 eum

159 5058 446 5119 imitando
483 5063 557 5118 ad
591 5062 780 5118 multa
810 5065 1174 5136 perveniunt.
1207 5069 1297 5134 At,
1330 5068 1377 5123 si
1428 5068 1536 5123 hoc
1579 5069 1821 5124 sentiret

229 5290 376 5370 (196)
409 5293 626 5349 Partic.
674 5311 822 5370 cum,
855 5313 981 5368 qum
1016 5293 1344 5370 perperam,
1380 5316 1469 5354 me
1510 5298 1727 5370 judice,
1761 5297 1816 5352 in

165 5365 544 5490 ﬂagitante
593 5365 837 5423 verbum
871 5365 1198 5439 subjunx'it,
1225 5373 1402 5443 jacet,
1437 5365 1820 5426 omittendam

235 5504 388 5644 (197)
417 5505 594 5578 Vulg.
631 5509 690 5562 in
722 5525 827 5564 eos.

264 5577 388 5644 198)
419 5577 599 5644 Vulg.
633 5581 827 5644 futuri.

264 5577 388 5649 tes)
419 5577 599 5649 Vulg.
633 5581 832 5649 futuri.

240 5646 391 5782 (199)
426 5648 492 5702 In
527 5646 756 5730 autogr.
792 5669 972 5727 marg.
1005 5673 1052 5710 c.
1089 5656 1232 5710 XIV.

263 5718 396 5782 200)
429 5719 650 5776 Partic.
685 5725 744 5776 in
781 5723 945 5782 Vulg.
981 5745 1094 5782 non
1125 5729 1232 5782 hab

263 5718 396 5789 200)
429 5719 650 5776 Partic.
677 5718 744 5776 in
781 5718 950 5797 Vulg“.
981 5745 1094 5784 non
1125 5729 1322 5786 habet.

1927 4713 2088 4775 eunt,
2115 4722 2249 4761 cum
2284 4704 2411 4775 ipso
2446 4701 2572 4755 sine
2604 4700 2716 4751 line
2751 4690 3078 4758 regnabant
3107 4684 3163 4737 in
3196 4681 3375 4737 vitam
3407 4682 3576 4733 teter-

1929 4815 2088 4852 nam.
2113 4796 2259 4859 Sive,
2284 4795 2456 4847 multo
2486 4789 2661 4856 magis
2695 4783 2833 4838 dicit
2861 4799 2873 4848 ;
2909 4777 3046 4848 quia
3069 4789 3215 4846 quos
3249 4786 3407 4824 mors
3432 4771 3580 4823 tem-

1929 4886 2207 4959 poraliter
2245 4857 2517 4954 perdidit,
2542 4879 2648 4932 hos
2673 4873 2768 4928 Dei
2802 4867 2992 4942 gratia
3021 4858 3368 4918 mternaliter
3397 4857 3579 4912 viviﬁ-

1929 4952 2099 5031 cavit.
2130 4952 2278 5045 (202i)
2308 4973 2488 5044 Igitur
2516 4968 2654 5022 sicut
2684 4980 2779 5035 per
2807 4960 2971 5014 unius
3005 4955 3275 5009 delictum
3310 4952 3366 5004 in
3396 4963 3584 5003 omnes

1930 5067 2175 5121 homines
2207 5064 2265 5117 in
2295 5057 2822 5117 eandem-tationem,
2855 5051 2933 5102 sic
2979 5053 3031 5099 et
3073 5059 3174 5113 per
3212 5039 3380 5094 unius
3411 5037 3580 5108 justi-

2004 5298 2150 5369 (201)
2185 5295 2267 5369 Ita
2300 5288 2593 5346 nonnullae
2624 5283 2950 5340 editiones:
2981 5274 3159 5344 Vulg.
3194 5273 3449 5327 attamen
3483 5265 3559 5322 ha

1932 5371 2027 5423 bet
2065 5368 2364 5438 peccatum.

2005 5420 2152 5506 (202)
2186 5433 2395 5488 Partic.
2431 5434 2489 5506 in
2533 5427 2700 5506 Vulg.
2738 5441 2851 5506 non
2877 5420 3096 5506 habet.
3133 5487 3247 5506 in“
3276 5481 3321 5506 ﬂ:

2004 5482 2151 5581 (203)
2188 5507 2247 5560 In
2283 5482 2543 5572 margine
2575 5482 2796 5566 auiog.,
2831 5495 2925 5546 hic
2954 5487 3247 5544 invenitur
3275 5482 3570 5581 signatum

2593 5571 2612 5581 "
2683 5573 2689 5581 '
2892 5559 3160 5581 ’ἴηνα-πλη·
3221 5570 3345 5581 ιιι-ιη-
3377 5568 3404 5581 n
3465 5561 3570 5581 υκαι-1

1934 5559 2262 5648 ι).“ἰῖν”ροδι
2317 5559 2555 5648 Perﬁcc._
2590 5559 2833 5648 fortasse
2886 5559 3160 5648 llo-minim
3217 5559 3407 5648 quinta
3462 5559 3578 5630 post

1936 5619 2304 5706 ﬁentectisvtcm
2334 5646 2444 5715 legi
2475 5640 2738 5698 solebant
2764 5637 2856 5715 liae
3014 5632 3161 5684 hanc
3201 5619 3424 5695 partem
3455 5619 3576 5688 epi-

1937 5705 2096 5780 stolae
2127 5723 2194 5779 D.
2229 5705 2599 5784 Pauliunotaa,
2632 5727 2730 5768 seu
2764 5705 3036 5765 homiliae.
