3978 6214
213 239 308 295 905
1285 237 1558 293 8ΛΝΟΤᾸΞ
1598 239 1784 293 MATHJ

1990 236 2252 292 REGlN/E
2291 236 2460 290 VITA.
3427 237 3531 291 906

213 369 306 422 lam
329 369 374 401 ⁵³
403 367 751 428 clericorum,
813 367 1014 437 quibus
1063 368 1210 442 larga
1266 384 1430 422 manu
1462 368 1820 440 impendebat
1849 375 1895 440 Α
1925 367 2042 434 nui,
2073 365 2170 420 sed
2201 365 2378 439 magis
2409 363 2693 438 magisque
2748 362 2961 436 augeri,
3005 362 3109 417 iter
3148 362 3426 418 festinavit
3478 363 3534 418 in

211 472 430 526 quasque
480 455 788 509 necessaria
847 456 972 525 (36).
1041 456 1264 510 Interim
1305 472 1434 512 vero
1465 457 1820 512 obiitLotha-
1927 461 2293 530 Palidi,piam
2347 467 2573 513 matrem
2628 457 2875 513 videndi,
2935 456 3052 512 [llic
3087 465 3408 512 etsanctam
3441 458 3536 512 Dei

213 549 316 601 rius
371 557 474 614 (an.
523 547 672 614 9'30),
719 547 1034 601 Latinorum
1097 549 1353 620 princeps
1409 549 1686 624 egregius,
1737 565 1827 624 cui
1929 560 2206 623 postremo
2232 551 2388 617 vidit,
2420 559 2584 622 atque
2633 549 2689 603 in
2741 549 3016 620 propriam
3050 549 3333 622 regionem
3369 547 3540 619 pron-

212 641 389 709 regina
439 640 696 695 Adelheit
752 641 804 693 in
864 641 1272 696 matrimonium
1315 642 1570 713 copulata
1629 643 1823 708 fuerat,
1928 642 2170 696 ciscendi
2197 639 2474 696 licentiam
2505 639 2821 711 postulavit.
2864 637 3072 711 Regina
3100 652 3232 693 vero
3261 646 3538 708 aegrotan-

212 730 478 783 excellens
532 745 744 783 morum
798 730 1072 799 probitate
1122 739 1174 784 et
1232 732 1451 803 generis
1517 732 1823 787 nobilitate.
1932 734 2037 782 tein
2092 727 2263 781 tilium
2320 743 2506 782 secum
2560 742 2767 797 paucos
2831 725 3251 792 dies‘rctinuit,
3308 725 3540 796 eiusque

215 821 351 875 ilanc
407 821 630 892 quidam
693 837 1008 891 pervorsus,
1067 823 1291 876 nomine
1351 824 1714 898 Berengarius
1763 826 1829 898 δι’
1933 816 2235 872 infirmitati
2269 833 2486 872 onmem
2551 834 2734 871 curam
2779 825 2832 871 et
2889 817 3215 870 medicinam
3265 817 3542 870 adhibuit.

213 914 390 967 multis
423 913 716 968 infestabat
751 915 986 983 injuriis,
1045 924 1101 968 ut
1133 932 1196 969 ea
1229 916 1676 990 potitaconjuge,
1728 921 1831 973 do-
1933 911 2421 982 Appropinquante
2475 919 2656 965 autem
2713 911 2805 965 die
2849 925 2957 981 quo
3016 909 3170 964 abire
3201 910 3540 975 decreverat,

212 1003 433 1056 minium
470 1003 672 1072 pariter
721 1003 827 1056 sibi
878 1012 1168 1074 usurparet
1200 1004 1253 1057 in
1287 1019 1457 1076 regno
1491 1004 1828 1060 Latinorum.
1931 1008 2118 1054 sancta
2145 1008 2321 1055 mater
2360 1000 2438 1054 illi
2479 1001 2714 1070 plurima
2762 998 3032 1070 prmdixit,
3060 1013 3121 1052 ac
3153 1007 3430 1067 postremo
3455 1000 3543 1053 his

212 1090 357 1153 Quod
386 1107 510 1144 cum
540 1090 879 1160 pervenisset
907 1092 972 1143 ad
1005 1108 1167 1145 aures
1209 1091 1379 1146 incliti
1411 1093 1555 1164 regis
1596 1092 1830 1166 Ottonis,
1933 1095 2265 1149 salutaribus
2327 1095 2510 1150 verbis
2564 1094 2852 1150 admonuit
2907 1115 2931 1146 tt
2981 1094 3078 1148 Fili
3118 1095 3192 1147 mi
3258 1095 3544 1148 karissimc

215 1183 424 1235 fratrem
449 1198 608 1235 suum
672 1182 984 1236 Heinricum
1034 1192 1088 1237 et
1143 1199 1335 1237 omnes
1380 1184 1656 1254 principes
1685 1184 1834 1237 mili-
1936 1187 2124 1241 matris
2151 1194 2254 1241 tuae
2286 1189 2330 1221 ⁵⁵
2360 1187 2840 1261 verbadiligenter
2892 1185 3137 1252 attende,
3168 1196 3222 1241 et
3271 1186 3548 1257 poeniten-

217 1283 322 1329 tum
350 1274 690 1338 convocavit,
729 1282 781 1328 et
833 1275 899 1328 ad
957 1275 1160 1330 bellum
1212 1293 1362 1330 arma
1395 1275 1687 1346 praetiarari
1716 1276 1833 1346 jus-
1937 1281 2064 1336 tiam
2099 1289 2316 1336 tuorum
2360 1297 2461 1354 age
2492 1290 2864 1352 peccatorum,
2898 1289 2958 1336 ut
2989 1299 3018 1335 a
3047 1283 3158 1336 Deo
3191 1281 3550 1352 consequaris

213 1369 298 1430 sit,
359 1368 549 1421 dicens
603 1367 708 1420 sibi
765 1384 884 1420 esse
953 1368 1193 1421 animum
1266 1370 1551 1440 regionem
1611 1368 1831 1422 visitare
1933 1373 2168 1428 veniam.
2231 1373 2361 1427 Nam
2419 1381 2666 1428 versatur
2722 1373 2775 1427 in
2847 1372 3039 1438 dubio,
3101 1389 3360 1444 quorsum
3431 1374 3550 1427 haec

215 1462 598 1525 Romanorum,
623 1461 965 1531 superbienti
996 1463 1324 1534 Berengario
1377 1472 1433 1517 ut
1468 1464 1748 1518 resisteret
1779 1470 1832 1517 et
1933 1473 2142 1535 spectet
2171 1465 2440 1536 aegritudo
2466 1483 2479 1530 ;
2514 1472 2571 1520 ut
2599 1465 2746 1519 enim
2781 1465 3061 1533 timemus,
3091 1471 3238 1519 tuam
3266 1464 3551 1518 desidera-

214 1551 386 1604 viduze
408 1566 688 1620 Oppressae
730 1550 1069 1604 subveniret.
1101 1551 1237 1614 Quid
1273 1552 1428 1622 plura
1463 1551 1490 1604 ?
1521 1552 1641 1606 Rite
1678 1568 1829 1622 para-
1933 1557 2095 1611 bilem
2139 1557 2333 1612 faciem
2383 1558 2524 1612 ultra
2567 1572 2675 1610 non
2727 1556 3055 1610 videbimus.
3109 1579 3136 1605 υ
3190 1557 3390 1610 Praeter
3435 1557 3550 1610 hzec

216 1639 282 1691 tis
338 1637 526 1701 rebus,
587 1653 852 1707 prospero
905 1655 1065 1692 cursu
1123 1639 1175 1692 in
1207 1639 1414 1693 Italiam
1461 1647 2298 1739 perveneruntBperspiritum
2361 1649 2662 1719 prephetize
2717 1648 2887 1702 multa
2953 1648 3030 1701 illi
3087 1647 3358 1717 praedixit,
3425 1663 3550 1717 quae

216 1733 320 1794 (an.
351 1728 497 1795 951),
539 1733 592 1780 Ct
622 1726 796 1797 gratia
855 1727 946 1779 Dei
1002 1744 1119 1781 sors
1180 1729 1421 1782 victoriae
1453 1729 1683 1801 contigit
1713 1729 1829 1802 regi
1857 1726 1903 1739 υ
1931 1744 2160 1791 eventus
2210 1738 2287 1792 rei
2343 1739 2698 1808 postmodum
2729 1737 3130 1808 comprobavit,
3194 1737 3384 1792 Postea
3427 1752 3550 1790 sese

217 1817 392 1872 Ottoni
423 1817 476 1870 in
505 1817 909 1888 expugnatione
955 1818 1270 1892 Berengarii
1333 1821 1478 1890 regis
1531 1830 1585 1874 et
1619 1820 1672 1873 in
1696 1837 1826 1874 ere-
1933 1829 2168 1884 invicem
2225 1830 2645 1899 amplectentcs,
2713 1829 2905 1884 oscula
2956 1827 3249 1894 dederunt,
3315 1827 3548 1882 multum

219 1913 404 1984 ptione
455 1913 792 1968 Adelheidis.
857 1914 947 1967 llis
989 1914 1172 1984 itaque
1227 1918 1482 1986 peractis,
1547 1933 1641 1970 rex
1705 1931 1828 1970 cum
1933 1921 2302 1975 lacrimantes.
2348 1921 2487 1985 Quid
2545 1921 2701 1990 plura
2742 1918 3086 1972 ?Heinricus
3154 1918 3211 1971 in
3263 1919 3546 1990 regionem

213 2001 451 2055 exercitu
509 2017 608 2055 suo
669 2001 882 2056 Christo
938 2001 1200 2056 offerebat
1252 2004 1581 2058 sacrificium
1624 2005 1827 2069 laudis,
1934 2013 2353 2080 Bajowariorum
2385 2013 2647 2083 perrexit,
2681 2019 2735 2066 et
2791 2012 2864 2065 ibi
2899 2027 3064 2082 quam
3117 2011 3384 2080 plurimos
3433 2010 3553 2065 dies

213 2091 301 2162 qui
326 2091 380 2145 in
403 2089 662 2145 omnibus
690 2107 848 2144 suum
881 2091 1277 2162 adimpleverat
1316 2102 1524 2158 votum,
1557 2101 1610 2148 et
1641 2103 1830 2148 contra
1929 2104 2246 2176 aegrotando
2279 2103 2567 2169 laboravit,
2597 2118 2772 2174 usque
2805 2101 2933 2155 dum
2962 2101 3073 2155 Deo
3119 2100 3284 2166 iuben
3316 2116 3344 2152 ρ
3374 2101 3552 2153 anima

215 2183 469 2236 inimicos
518 2182 918 2237 confortaverat
980 2201 1222 2239 manum.
1274 2184 1470 2241 Postea
1534 2202 1627 2239 rex
1678 2201 1830 2239 com-
1930 2197 2243 2266 decorPore
2275 2196 2458 2258 exivit,
2505 2203 2559 2249 οι
2618 2202 2678 2248 ut
2727 2200 3005 2264 speratur,
3065 2190 3299 2260 paradisi
3327 2192 3552 2259 januam

215 2276 491 2330 mendavit
547 2276 934 2349 Bercngarium
1019 2277 1166 2332 fratri
1220 2294 1322 2333 suo
1379 2279 1504 2333 duci
1574 2278 1828 2333 Heinrico
1932 2287 2177 2342 introivit
2210 2288 2468 2357 (an,955,
2502 2289 2635 2342 Nov.
2665 2287 2736 2355 1),
2786 2285 2876 2339 His
2919 2284 2993 2338 ita
3041 2284 3298 2354 peractis,
3333 2283 3386 2335 in
3414 2282 3551 2336 urbe

213 2365 630 2418 custodiendum
686 2367 814 2433 (37;,
872 2367 1222 2436 prtlrcipiens,
1258 2368 1428 2436 .illum
1459 2368 1514 2420 in
1547 2368 1784 2438 regionei

1983 2379 2231 2450 atispona
2279 2380 2620 2450 sepelierunt
2676 2393 2875 2447 corpus
2947 2375 3120 2431 incliti
3187 2375 3360 2429 ducis.
3406 2374 3554 2428 Tunc

215 2456 635 2524 Balowariomm
687 2457 824 2510 ιηίιῑί
880 2467 934 2511 οι
985 2458 1096 2512 “lic
1128 2458 1230 2512 δαὶ)
1262 2469 1379 2513 ωἰῖι
1411 2458 1664 2514 CUSlOdia
1697 2474 1835 2512 0οη-
1933 2469 2262 2523 venerabilis
2293 2469 2516 2522 domina
2557 2467 2729 2530 Judit,
2755 2465 2951 2520 illustri
2983 2465 3102 2525 viro
3143 2465 3304 2538 legali
3334 2462 3554 2517 vinculo

213 2547 405 2621 stringi
435 2565 448 2604 :
476 2547 569 2601 ubi
601 2547 766 2602 etiam
797 2556 1124 2619 praisentem
1150 2551 1315 2604 vitam
1343 2549 1520 2605 finivit
1541 2551 1650 2620 (an.
1681 2550 1831 2620 964).
1936 2558 2247 2625 conjuncta,
2281 2557 2428 2610 misit
2483 2555 2728 2621 nuntios,
2761 2570 2924 2629 grave
2985 2554 3234 2608 nuntium
3266 2553 3368 2622 pia:
3397 2552 3555 2606 matri

219 2635 496 2689 Praefatam
522 2652 648 2690 vero
679 2636 960 2691 dominam
983 2638 1338 2692 Adelheidam
1372 2639 1622 2712 gaudens
1646 2653 1831 2694 secum
1939 2651 2292 2706 indicaturos.
2473 2666 2592 2704 cum
2651 2657 2800 2704 recto
2841 2666 3002 2704 cursu
3032 2649 3088 2703 in
3121 2649 3560 2721 Quitilingoburc

217 2729 370 2782 duxit
404 2729 771 2799 Percivitalcs
807 2729 1137 2784 Latinorum
1179 2731 1380 2785 Videns
1427 2738 1634 2796 autem.
1688 2730 1836 2801 quod
1939 2746 2243 2809 venissent,
2281 2753 2334 2798 et
2367 2744 2570 2798 tristem
2619 2744 2775 2798 ducis
2817 2743 3027 2799 obitum
3087 2743 3436 2814 principibus
3466 2742 3558 2796 in-

221 2821 370 2874 mim
401 2827 548 2874 esset
595 2821 903 2890 prudentiae
932 2830 985 2876 et
1028 2822 1330 2892 probabilis
1349 2823 1498 2888 vitae,
1531 2839 1692 2877 suum
1724 2821 1841 2876 ani-
1942 2838 2238 2904 dicassem,
2269 2854 2370 2908 per
2422 2844 2592 2894 totum
2623 2837 2770 2891 diem
2820 2853 3013 2892 omnes
3067 2837 3124 2890 in
3164 2836 3334 2890 dubio
3373 2852 3563 2890 versa-

223 2928 368 2966 mum
421 2911 568 2964 illius
606 2911 777 2966 amori
839 2911 1088 2979 ίηίίυιείῑν
1151 2922 1205 2968 ει
1259 2914 1314 2968 in
1371 2915 1692 2987 coniugium
1733 2913 1840 2967 Sibi
1944 2929 2164 2996 bantur,
2197 2945 2356 3000 aquo
2389 2938 2590 2984 sanctae
2648 2929 2743 2983 Dei
2781 2929 2902 2983 haec
2923 2927 3563 2998 placidenuntiarentur.

219 3003 519 3074 copulavit.
580 3004 774 3058 Postea
831 3005 1172 3076 aliquantum
1232 3007 1498 3078 temporis
1567 3007 1624 3060 in
1691 3006 1917 3110 italiaC
1942 3022 2121 3077 Αιιει-ει
2177 3037 2309 3077 νει-ο
2352 3023 2443 3076 die
2495 3029 2787 3094 postquam
2850 3021 3071 3075 missam
3123 3020 3392 3086 audierat,
3444 3035 3568 3074 cum

218 3099 722 3164 commorabantur,
783 3107 834 3153 et
893 3116 1002 3154 non
1063 3101 1234 3156 multo
1272 3110 1392 3172 post
1458 3102 1512 3154 in
1555 3101 1781 3172 regione

2006 3115 2220 3187 alogum
2253 3115 2557 3183 accepisset
2588 3114 2642 3167 in
2679 3130 2897 3168 manum
2933 3120 2987 3168 et
3013 3111 3258 3168 studiose
3301 3111 3572 3166 intendis-

220 3192 497 3246 Saxonum
559 3191 1050 3261 proficiscebantur
1080 3196 1190 3264 (an,
1232 3194 1519 3260 951-952).
1544 3194 1622 3247 llli
1657 3201 1839 3247 autem
1944 3216 2027 3262 sei
2054 3207 2370 3279 legendum,
2428 3207 2741 3261 Richburch
2773 3221 2872 3260 sua
2899 3205 3081 3260 ﬁdelis
3125 3205 3457 3276 pedissequa
3492 3205 3572 3259 in-

225 3301 323 3355 Per
351 3285 572 3356 longum
599 3292 812 3354 tempus
844 3287 995 3355 regni
1029 3286 1228 3339 501mm
1276 3286 1644 3356 pOSSidenleS)
1669 3285 1842 3359 gratia
1948 3297 2130 3360 travit,
2165 3303 2218 3349 et
2261 3295 2484 3349 nuntios
2510 3295 2580 3348 de
2625 3295 2854 3368 regione
2890 3295 3307 3362 Bajowariorum
3353 3295 3570 3347 venisse

229 3375 322 3429 Dei
344 3375 827 3442 fweundabantur,
857 3376 1046 3429 sobole
1069 3375 1259 3450 regali.
1290 3376 1470 3430 Primo
1485 3374 1850 3445 procreabant
1950 3386 2231 3440 indicavit,
2267 3387 2394 3449 Quae
2423 3386 2603 3440 statim
2634 3401 2872 3440 magi-ore
2917 3401 3208 3450 concussa,
3271 3385 3422 3456 quasi
3445 3385 3571 3438 man

234 3467 499 3536 puellam,
532 3466 1073 3536 inclytaﬁilahthildis
1096 3469 1298 3542 regina:
1329 3467 1598 3522 vocabulo
1625 3466 1850 3532 dictam,
1953 3475 2100 3547 quod
2133 3474 2405 3529 acciderat
2436 3474 2692 3543 praescia;
2727 3473 3062 3539 «Jubeillos,
3082 3473 3573 3545 inquit,accersiri,

235 3575 402 3630 quam
437 3574 531 3612 rex
581 3558 701 3612 Οῑῐο
755 3560 1039 3626 coniunx“
1084 3561 1136 3614 in
1168 3559 1610 3631 Quitilingoburc
1657 3566 1855 3612 οοηῑιι-
1955 3572 2015 3620 ut
2042 3564 2447 3633 comperiamus
2485 3562 2764 3634 quomodo
2805 3579 2866 3615 se
2917 3563 3120 3616 habeat
3157 3562 3447 3617 infirmitas
3477 3562 3573 3616 filii

236 3652 436 3707 bernio
458 3651 958 3706 sanctimonialium
999 3653 1156 3719 juxta
1188 3653 1375 3706 matris
1406 3659 1611 3706 votum.
1649 3649 1856 3704 Exinde
1960 3657 2150 3712 nostri.
2178 3676 2202 3706 »
2233 3655 2333 3719 Qui
2356 3671 2478 3710 cum
2497 3653 2727 3708 fuissent
2753 3654 2986 3725 ingressi
3018 3660 3271 3708 etcoram
3291 3655 3415 3708 data
3431 3664 3575 3709 esset

236 3745 545 3818 gignebant
581 3744 893 3814 puerulum,
949 3743 1114 3814 patris
1145 3744 1369 3799 nomine
1409 3749 1658 3797 vocatum
1685 3759 1698 3806 ;
1733 3740 1860 3794 huic
1961 3745 2121 3815 c0pia
2149 3744 2491 3816 fandi(Vtao.
2518 3747 2638 3800 En.
2671 3761 2707 3804 ι,
2732 3742 2874 3811 590),
2900 3742 3146 3817 reginam
3179 3742 3577 3807 salutaverunt,

239 3844 368 3905 post
397 3833 610 3888 obitum
638 3833 802 3901 patris
835 3833 1294 3889 Deiordinatione
1328 3833 1578 3902 provenit
1622 3832 1862 3906 dignitas
1965 3833 2218 3890 etadhuc
2248 3833 2325 3888 nil
2357 3834 2509 3888 triste
2539 3833 2817 3888 dixerunt.
2854 3831 2948 3886 illa
2996 3840 3179 3885 autem
3212 3832 3384 3885 multa
3415 3832 3582 3885 inter-

241 3923 448 3994 regalis
496 3922 608 3990 (an.
665 3921 811 3988 955).
863 3923 1365 3994 Quotienscumque
1421 3923 1738 3978 beatissima
1763 3922 1864 3976 do—
1966 3925 2177 3998 rogavit
2204 3941 2372 3995 super
2400 3922 2514 3978 ﬁlio
2535 3920 3032 3984 cordesollicito,si
3059 3937 3116 3974 se
3149 3919 3332 3973 lenius
3355 3920 3587 3974 haberet

242 4015 395 4067 mina
445 4012 706 4066 Mahthiid
757 4014 1112 4068 sutesobolis
1140 4021 1355 4084 partum
1392 4014 1684 4086 comperit,
1712 4013 1868 4068 Chri-
1969 4013 2277 4078 infirmitas,
2315 4013 2399 4067 vel
2422 4012 2699 4084 quomodo
2730 4011 2875 4081 apud
2903 4010 3082 4081 ipsum
3113 4020 3371 4083 ageretur
3401 4025 3584 4063 rerum

246 4114 331 4162 sto
372 4106 578 4178 gratias
633 4105 836 4168 retulit,
890 4107 1047 4174 cujus
1105 4107 1502 4163 misericordiae
1564 4107 1866 4178 deputavit,
1971 4105 2305 4176 prosperitas
2359 4105 2539 4178 Legati
2573 4119 2700 4159 vero
2748 4103 2816 4157 de
2845 4102 2928 4158 his
2952 4118 3126 4173 pauca
3156 4102 3584 4172 respondentes,

250 4195 520 4267 quicquid
544 4194 649 4248 sibi
674 4194 805 4249 boni
823 4202 876 4249 et
903 4197 1191 4250 hilaritatis
1209 4198 1458 4270 contigit.
1972 4196 2233 4266 epistolas
2270 4196 2679 4266 praesentabant
2727 4195 3030 4265 pertristes,
3064 4209 3186 4265 quae
3208 4209 3427 4248 causam
3455 4207 3589 4247 eon-

327 4289 496 4342 16.De
552 4290 874 4354 inﬁrmitate
920 4294 968 4342 et
1036 4290 1187 4343 obitu
1254 4292 1504 4344 Heiitrt'ci
1554 4291 1728 4350 ducis,
1768 4289 1873 4358 ﬁlii
1974 4290 2244 4352 tinebant,
2277 4305 2438 4360 quam
2501 4289 2606 4360 ipsi
2662 4289 2955 4344 iudicaturi
3009 4296 3292 4343 venerant.
3348 4286 3412 4340 Ut
3457 4302 3590 4360 ergo

252 4376 600 4432 Mahtht'ldis.
636 4376 803 4448 igitur
831 4377 1168 4432 venerabilis
1196 4379 1388 4449 regina
1414 4379 1645 4433 multum
1683 4378 1872 4432 hilaris
1894 4410 1950 4478 D
1975 4385 2230 4454 cognovit
2272 4381 2510 4455 gloriosa
2561 4381 2751 4454 regina
2783 4397 2849 4435 ex
2880 4380 3101 4446 litteris,
3124 4378 3384 4433 dilectum
3410 4377 3589 4431 filium

253 4467 470 4535 eﬂ'ecta,
506 4468 636 4539 quia
665 4467 760 4521 filii
827 4469 896 4523 de
937 4469 1137 4524 finibus
1166 4471 1332 4526 italia:
1362 4482 1628 4526 venerant
1658 4470 1872 4526 incolu-
1894 4467 1941 4478 ὐ
1975 4488 2135 4526 suum
2165 4487 2230 4525 ex
2255 4471 2355 4525 hac
2384 4471 2497 4526 vita
2526 4471 2817 4544 migrasse,
2853 4470 3030 4541 pallor
3059 4470 3112 4523 in
3147 4467 3285 4522 facie
3317 4467 3592 4538 apparuit,

256 4574 394 4624 mes,
447 4567 502 4612 et
535 4557 589 4611 in
635 4564 869 4629 utroque
910 4576 1043 4614 sexu
1073 4560 1218 4616 clara
1240 4577 1354 4616 suae
1372 4561 1579 4617 sobolis
1606 4559 1870 4630 multipli-
1976 4567 2030 4616 et
2065 4560 2282 4634 gelidus
2308 4566 2514 4614 tremor
2537 4575 2633 4629 per
2654 4560 2841 4613 omnia
2875 4558 3124 4613 membra
3149 4557 3412 4620 cucurrit,
3452 4565 3507 4609 et
3532 4554 3598 4608 li-

258 4651 486 4705 cabatur
542 4651 835 4722 progenies
899 4669 913 4717 ;
966 4653 1063 4706 sed
1121 4653 1396 4725 insperate
1454 4654 1613 4710 dolor
1678 4655 1876 4727 ingens
1977 4653 2096 4720 ber,
2129 4669 2293 4724 quem
2349 4653 2402 4706 in
2461 4651 2719 4706 manibus
2768 4651 3005 4717 tenebat,
3061 4649 3347 4704 cadentem
3388 4647 3595 4701 vultum

259 4739 481 4802 accidit,
519 4738 611 4808 qui
646 4739 750 4792 hoc
799 4739 1061 4812 gaudium
1123 4741 1179 4794 in
1233 4758 1471 4797 mterorc
1501 4741 1724 4812 penitus
1751 4756 1884 4795 con-
1985 4742 2246 4812 suscepit.
2276 4739 2405 4794 Cum
2435 4749 2617 4794 autem
2672 4739 2954 4811 paululum
2986 4736 3368 4806 refrigesceret
3398 4751 3598 4790 moero-

262 4827 519 4897 sumpsit,
562 4832 616 4880 et
646 4843 811 4896 quem
860 4827 1126 4883 oblivioni
1172 4845 1283 4884 non
1327 4829 1570 4896 tradidit,
1601 4828 1881 4902 .quamdiu
1986 4831 2060 4886 ris
2086 4831 2376 4902 asperitas,
2422 4829 2603 4883 statim
2635 4827 2884 4899 prorupit
2939 4827 2992 4880 in
3033 4825 3307 4891 lacrimas,
3341 4831 3393 4878 et
3426 4829 3599 4876 totum

267 4924 515 4977 mortalis
561 4923 686 4976 vita:
733 4923 986 4992 spiritum
1033 4923 1211 4978 traxit.
1269 4923 1578 4986 Heinricus,
1632 4922 1739 4975 dux
1784 4923 1885 4975 Ba-
1985 4920 2133 4974 diem
2161 4919 2345 4973 ﬂendo
2397 4916 2628 4989 peregit,
2673 4932 2775 4970 nec
2823 4931 2933 4985 prae
2975 4912 3183 4968 doloris
3236 4910 3604 4965 amaritudine

258 5012 614 5080 jowariorum
649 5015 967 5084 praeclarus,
1016 5015 1187 5070 nimia
1241 5014 1556 5069 infirmitate
1600 5021 1886 5083 correptus
1988 5010 2284 5081 quicquam
2341 5008 2450 5064 cibi
2494 5024 2562 5062 eo
2619 5007 2707 5062 die
2748 5006 3006 5080 gustavit.
3057 5002 3380 5057 Convocans
3421 5010 3606 5055 autem

269 5104 495 5169 est.Qui
527 5119 651 5159 cum
683 5104 930 5169 sentiret,
989 5103 1169 5158 morbi
1227 5101 1586 5177 gravedinem
1647 5117 1757 5156 non
1781 5102 1886 5155 mi¢
1990 5101 2439 5156 sanctimoniales
2467 5101 2536 5154 ad
2567 5099 2877 5166 ecclesiam,
2911 5098 3028 5152 illas
3084 5091 3482 5149 exhortabatur
3513 5107 3611 5162 pro

1634 5209 1854 5263 VARI/E
1895 5209 2170 5264 LECTION
2179 5210 2255 5263 ES
2271 5254 2280 5265 .

342 5321 388 5355 ⁵³
415 5325 499 5376 ita
514 5321 682 5376 eodem
713 5340 726 5386 ;
761 5321 862 5375 tria
885 5321 1060 5374 millia
1082 5324 1196 5375 Act.
1223 5321 1317 5375 SS.
1345 5322 1395 5372 et
1425 5317 1613 5370 Leib—n.
1641 5317 1685 5350 5‘
1715 5315 2044 5387 berngarius
2066 5315 2118 5369 1.
2145 5318 2189 5350 ⁵⁵
2219 5316 2417 5370 Ultima
2451 5333 2525 5371 m.
2552 5324 2588 5372 t.
2621 5333 2673 5371 v.
2704 5315 2778 5369 ﬁli
2812 5286 2858 5370 ci
2884 5315 2939 5368 2.

1851 5423 2058 5480 ΝΟΤιιΕ.

352 5530 456 5598 (36)
491 5529 567 5584 Cf.
595 5530 838 5600 diploma
863 5531 1113 5601 spurium
1143 5529 1286 5601 apud
1312 5525 1584 5582 Maderum
1617 5523 1838 5594 Antiqq.
1988 5524 2139 5590 dem,
2165 5525 2266 5601 sed
2298 5525 2804 5601 in_r_egno_rel_ictus
2835 5531 2941 5601 est,
2964 5528 3017 5576 et
3049 5535 3188 5575 cum
3220 5516 3424 5574 deinde
3456 5517 3624 5588 cape’

290 5594 517 5655 Brunsv.
550 5619 604 5672 p.
636 5594 753 5655 1'07.
796 5671 802 5672 γ
895 5594 907 5601 ’
1003 5671 1009 5672 ί
1179 5594 1189 5601 ’
1295 5668 1328 5672 __
1362 5665 1372 5672 _
1555 5664 1564 5672 _
1611 5670 1616 5672 Α
1791 5665 1800 5672 _
1990 5597 2298 5666 retur,jam
2330 5594 2544 5650 obierat
2569 5595 2877 5649 Heinricus.
2902 5594 3082 5647 Lemn.

359 5673 461 5740 (37)
513 5664 878 5743 Berengarius
933 5671 1107 5740 prima
1138 5665 1484 5740 expeditione
1516 5664 1828 5734 victusqui-

600 5797 899 5858 PATROL.
954 5791 1284 5855 CXXXV.
3261 5789 3343 5851 29
