  <div class='ocr_page' id='page_1' title='image "/cluster/home/n/w/nwhite01/storage/ocr_20150623/134-135/uva.x000829784/1041.png"; bbox 0 0 3978 6214; ppageno 0'>
   <div class='ocr_carea' id='block_1_1' title="bbox 445 312 3797 375">
    <p class='ocr_par' dir='ltr' id='par_1_1' title="bbox 445 312 3797 375">
     <span class='ocr_line' id='line_1_1' title="bbox 445 312 3797 375; baseline -0.004 0"><span class='ocrx_word' id='word_1_1' title='bbox 445 322 550 375; x_wconf 85' lang='lat'><strong>907</strong></span> <span class='ocrx_word' id='word_1_2' title='bbox 1552 312 1819 367; x_wconf 77' lang='lat' dir='ltr'><strong>SANCT/E</strong></span> <span class='ocrx_word' id='word_1_3' title='bbox 1859 314 2211 368; x_wconf 67' lang='lat' dir='ltr'><strong>MATHIIDIS</strong></span> <span class='ocrx_word' id='word_1_4' title='bbox 2254 314 2491 369; x_wconf 56' lang='lat' dir='ltr'><strong>REGNIE</strong></span> <span class='ocrx_word' id='word_1_5' title='bbox 2531 313 2701 369; x_wconf 81' lang='lat' dir='ltr'><strong>VITA.</strong></span> <span class='ocrx_word' id='word_1_6' title='bbox 3694 320 3797 375; x_wconf 81' lang='lat'><strong>903</strong></span> 
     </span>
    </p>
   </div>
   <div class='ocr_carea' id='block_1_2' title="bbox 443 438 3796 511">
    <p class='ocr_par' dir='ltr' id='par_1_2' title="bbox 443 438 3796 511">
     <span class='ocr_line' id='line_1_2' title="bbox 443 438 3796 511; baseline -0.001 -10"><span class='ocrx_word' id='word_1_7' title='bbox 443 446 708 502; x_wconf 92' lang='lat' dir='ltr'><strong>defuncto</strong></span> <span class='ocrx_word' id='word_1_8' title='bbox 752 442 1188 499; x_wconf 90' lang='lat' dir='ltr'><strong>misericordiam</strong></span> <span class='ocrx_word' id='word_1_9' title='bbox 1242 440 1458 496; x_wconf 87' lang='lat' dir='ltr'><strong>Domini</strong></span> <span class='ocrx_word' id='word_1_10' title='bbox 1492 438 1806 510; x_wconf 81' lang='lat' dir='ltr'><strong>implorare,</strong></span> <span class='ocrx_word' id='word_1_11' title='bbox 1847 447 1902 495; x_wconf 91' lang='lat' dir='ltr'><strong>et</strong></span> <span class='ocrx_word' id='word_1_12' title='bbox 1940 440 2059 511; x_wconf 90' lang='lat' dir='ltr'><strong>ipsa</strong></span> <span class='ocrx_word' id='word_1_13' title='bbox 2086 447 2128 510; x_wconf 70' lang='grc' dir='ltr'>Α</span> <span class='ocrx_word' id='word_1_14' title='bbox 2157 441 2320 507; x_wconf 92' lang='lat' dir='ltr'><strong>tibus,</strong></span> <span class='ocrx_word' id='word_1_15' title='bbox 2354 441 2441 495; x_wconf 90' lang='lat' dir='ltr'><strong>sin</strong></span> <span class='ocrx_word' id='word_1_16' title='bbox 2473 448 2657 496; x_wconf 85' lang='lat' dir='ltr'><strong>autem</strong></span> <span class='ocrx_word' id='word_1_17' title='bbox 2709 439 2886 496; x_wconf 88' lang='lat' dir='ltr'><strong>abfuit</strong></span> <span class='ocrx_word' id='word_1_18' title='bbox 2950 441 3369 509; x_wconf 78' lang='lat' dir='ltr'><strong>monasterium,</strong></span> <span class='ocrx_word' id='word_1_19' title='bbox 3401 443 3605 499; x_wconf 88' lang='lat' dir='ltr'><strong>ceteris</strong></span> <span class='ocrx_word' id='word_1_20' title='bbox 3645 444 3796 499; x_wconf 91' lang='lat' dir='ltr'><strong>indi-</strong></span> 
     </span>
    </p>
   </div>
   <div class='ocr_carea' id='block_1_3' title="bbox 445 533 3791 613">
    <p class='ocr_par' dir='ltr' id='par_1_3' title="bbox 445 533 3791 613">
     <span class='ocr_line' id='line_1_3' title="bbox 445 533 3791 613; baseline -0.002 -16"><span class='ocrx_word' id='word_1_21' title='bbox 445 543 679 613; x_wconf 91' lang='lat' dir='ltr'><strong>primum</strong></span> <span class='ocrx_word' id='word_1_22' title='bbox 712 541 943 595; x_wconf 85' lang='lat' dir='ltr'><strong>ﬂectens</strong></span> <span class='ocrx_word' id='word_1_23' title='bbox 971 554 1172 609; x_wconf 86' lang='lat' dir='ltr'><strong>genua,</strong></span> <span class='ocrx_word' id='word_1_24' title='bbox 1210 537 1355 591; x_wconf 87' lang='lat' dir='ltr'><strong>hanc</strong></span> <span class='ocrx_word' id='word_1_25' title='bbox 1384 536 1685 590; x_wconf 88' lang='lat' dir='ltr'><strong>orationem</strong></span> <span class='ocrx_word' id='word_1_26' title='bbox 1712 534 1904 590; x_wconf 75' lang='lat' dir='ltr'><strong>effudit</strong></span> <span class='ocrx_word' id='word_1_27' title='bbox 1966 552 2065 607; x_wconf 90' lang='lat' dir='ltr'><strong>pro</strong></span> <span class='ocrx_word' id='word_1_28' title='bbox 2166 534 2429 609; x_wconf 79' lang='lat' dir='ltr'><strong>gentibus</strong></span> <span class='ocrx_word' id='word_1_29' title='bbox 2469 535 2588 588; x_wconf 73' lang='lat' dir='ltr'><strong>haec</strong></span> <span class='ocrx_word' id='word_1_30' title='bbox 2614 533 2807 588; x_wconf 83' lang='lat' dir='ltr'><strong>eadem</strong></span> <span class='ocrx_word' id='word_1_31' title='bbox 2868 534 3109 604; x_wconf 90' lang='lat' dir='ltr'><strong>porrexit</strong></span> <span class='ocrx_word' id='word_1_32' title='bbox 3164 534 3305 599; x_wconf 85' lang='lat' dir='ltr'><strong>Quid</strong></span> <span class='ocrx_word' id='word_1_33' title='bbox 3345 543 3530 591; x_wconf 89' lang='lat' dir='ltr'><strong>autem</strong></span> <span class='ocrx_word' id='word_1_34' title='bbox 3564 537 3791 602; x_wconf 90' lang='lat' dir='ltr'><strong>mirum,</strong></span> 
     </span>
    </p>
   </div>
   <div class='ocr_carea' id='block_1_4' title="bbox 444 618 3789 703">
    <p class='ocr_par' dir='ltr' id='par_1_4' title="bbox 444 618 3789 703">
     <span class='ocr_line' id='line_1_4' title="bbox 444 618 3789 703; baseline 0.001 -21"><span class='ocrx_word' id='word_1_35' title='bbox 444 631 553 684; x_wconf 90' lang='lat' dir='ltr'><strong>cari</strong></span> <span class='ocrx_word' id='word_1_36' title='bbox 583 629 678 683; x_wconf 86' lang='lat' dir='ltr'><strong>filii</strong></span> <span class='ocrx_word' id='word_1_37' title='bbox 711 628 931 682; x_wconf 89' lang='lat' dir='ltr'><strong>anima:</strong></span> <span class='ocrx_word' id='word_1_38' title='bbox 963 648 983 674; x_wconf 78' lang='grc' dir='ltr'>ι</span> <span class='ocrx_word' id='word_1_39' title='bbox 1019 626 1057 679; x_wconf 92' lang='grc' dir='ltr'><strong>Ο</strong></span> <span class='ocrx_word' id='word_1_40' title='bbox 1090 625 1313 679; x_wconf 84' lang='lat' dir='ltr'><strong>domine</strong></span> <span class='ocrx_word' id='word_1_41' title='bbox 1366 625 1505 678; x_wconf 87' lang='lat' dir='ltr'><strong>Deus</strong></span> <span class='ocrx_word' id='word_1_42' title='bbox 1553 620 1926 690; x_wconf 59' lang='lat' dir='ltr'><strong>omnipotens,</strong></span> <span class='ocrx_word' id='word_1_43' title='bbox 1958 618 2065 672; x_wconf 82' lang='lat' dir='ltr'><strong>mi-</strong></span> <span class='ocrx_word' id='word_1_44' title='bbox 2166 628 2314 698; x_wconf 93' lang='lat' dir='ltr'><strong>quod</strong></span> <span class='ocrx_word' id='word_1_45' title='bbox 2342 625 2660 682; x_wconf 88' lang='lat' dir='ltr'><strong>hominibus</strong></span> <span class='ocrx_word' id='word_1_46' title='bbox 2712 625 2860 699; x_wconf 86' lang='lat' dir='ltr'><strong>larga</strong></span> <span class='ocrx_word' id='word_1_47' title='bbox 2918 624 3022 679; x_wconf 90' lang='lat' dir='ltr'><strong>fuit</strong></span> <span class='ocrx_word' id='word_1_48' title='bbox 3075 633 3130 681; x_wconf 92' lang='lat' dir='ltr'><strong>et</strong></span> <span class='ocrx_word' id='word_1_49' title='bbox 3172 626 3452 694; x_wconf 89' lang='lat' dir='ltr'><strong>benivola,</strong></span> <span class='ocrx_word' id='word_1_50' title='bbox 3486 644 3613 699; x_wconf 75' lang='lat' dir='ltr'><strong>quae</strong></span> <span class='ocrx_word' id='word_1_51' title='bbox 3641 630 3789 703; x_wconf 87' lang='lat' dir='ltr'><strong>gallo</strong></span> 
     </span>
    </p>
   </div>
   <div class='ocr_carea' id='block_1_5' title="bbox 441 706 2062 782">
    <p class='ocr_par' dir='ltr' id='par_1_5' title="bbox 441 706 2062 782">
     <span class='ocr_line' id='line_1_5' title="bbox 441 706 2062 782; baseline -0.007 -11"><span class='ocrx_word' id='word_1_52' title='bbox 441 732 626 773; x_wconf 85' lang='lat' dir='ltr'><strong>serere</strong></span> <span class='ocrx_word' id='word_1_53' title='bbox 678 712 877 771; x_wconf 71' lang='lat' dir='ltr'><strong>animae</strong></span> <span class='ocrx_word' id='word_1_54' title='bbox 923 712 1110 768; x_wconf 83' lang='lat' dir='ltr'><strong>famuli</strong></span> <span class='ocrx_word' id='word_1_55' title='bbox 1198 711 1301 777; x_wconf 92' lang='lat' dir='ltr'><strong>tui,</strong></span> <span class='ocrx_word' id='word_1_56' title='bbox 1354 726 1518 782; x_wconf 84' lang='lat' dir='ltr'><strong>quam</strong></span> <span class='ocrx_word' id='word_1_57' title='bbox 1578 709 1648 763; x_wconf 93' lang='lat' dir='ltr'><strong>de</strong></span> <span class='ocrx_word' id='word_1_58' title='bbox 1700 708 1821 781; x_wconf 89' lang='lat' dir='ltr'><strong>_hoc</strong></span> <span class='ocrx_word' id='word_1_59' title='bbox 1876 706 2062 760; x_wconf 90' lang='lat' dir='ltr'><strong>seculo</strong></span> 
     </span>
    </p>
   </div>
   <div class='ocr_carea' id='block_1_6' title="bbox 442 797 2062 881">
    <p class='ocr_par' dir='ltr' id='par_1_6' title="bbox 442 797 2062 881">
     <span class='ocr_line' id='line_1_6' title="bbox 442 797 2062 881; baseline -0.007 -19"><span class='ocrx_word' id='word_1_60' title='bbox 442 808 677 881; x_wconf 90' lang='lat' dir='ltr'><strong>migrare</strong></span> <span class='ocrx_word' id='word_1_61' title='bbox 698 805 911 875; x_wconf 89' lang='lat' dir='ltr'><strong>jussisti</strong></span> <span class='ocrx_word' id='word_1_62' title='bbox 945 821 957 858; x_wconf 91' lang='lat'>:</span> <span class='ocrx_word' id='word_1_63' title='bbox 992 811 1295 869; x_wconf 85' lang='lat' dir='ltr'><strong>memento,</strong></span> <span class='ocrx_word' id='word_1_64' title='bbox 1339 816 1675 873; x_wconf 64' lang='lat' dir='ltr'><strong>quaesumus,</strong></span> <span class='ocrx_word' id='word_1_65' title='bbox 1728 797 1875 870; x_wconf 91' lang='lat' dir='ltr'><strong>quod</strong></span> <span class='ocrx_word' id='word_1_66' title='bbox 1931 813 2062 868; x_wconf 89' lang='lat' dir='ltr'><strong>per-</strong></span> 
     </span>
    </p>
   </div>
   <div class='ocr_carea' id='block_1_7' title="bbox 442 889 2061 967">
    <p class='ocr_par' dir='ltr' id='par_1_7' title="bbox 442 889 2061 967">
     <span class='ocr_line' id='line_1_7' title="bbox 442 889 2061 967; baseline -0.005 -14"><span class='ocrx_word' id='word_1_67' title='bbox 442 915 565 954; x_wconf 84' lang='lat' dir='ltr'><strong>raro</strong></span> <span class='ocrx_word' id='word_1_68' title='bbox 611 898 855 967; x_wconf 89' lang='lat' dir='ltr'><strong>jocunde</strong></span> <span class='ocrx_word' id='word_1_69' title='bbox 901 896 1057 958; x_wconf 91' lang='lat' dir='ltr'><strong>vixit,</strong></span> <span class='ocrx_word' id='word_1_70' title='bbox 1090 904 1145 949; x_wconf 91' lang='lat' dir='ltr'><strong>et</strong></span> <span class='ocrx_word' id='word_1_71' title='bbox 1192 910 1357 949; x_wconf 91' lang='lat' dir='ltr'><strong>omne</strong></span> <span class='ocrx_word' id='word_1_72' title='bbox 1407 900 1623 964; x_wconf 91' lang='lat' dir='ltr'><strong>tempus</strong></span> <span class='ocrx_word' id='word_1_73' title='bbox 1656 890 1904 946; x_wconf 85' lang='lat' dir='ltr'><strong>mortalis</strong></span> <span class='ocrx_word' id='word_1_74' title='bbox 1936 889 2061 945; x_wconf 67' lang='lat' dir='ltr'><strong>vitae</strong></span> 
     </span>
    </p>
   </div>
   <div class='ocr_carea' id='block_1_8' title="bbox 444 981 2060 1062">
    <p class='ocr_par' dir='ltr' id='par_1_8' title="bbox 444 981 2060 1062">
     <span class='ocr_line' id='line_1_8' title="bbox 444 981 2060 1062; baseline -0.007 -17"><span class='ocrx_word' id='word_1_75' title='bbox 444 1006 587 1062; x_wconf 88' lang='lat' dir='ltr'><strong>pene</strong></span> <span class='ocrx_word' id='word_1_76' title='bbox 660 989 716 1044; x_wconf 91' lang='lat' dir='ltr'><strong>in</strong></span> <span class='ocrx_word' id='word_1_77' title='bbox 762 989 1017 1061; x_wconf 74' lang='lat' dir='ltr'><strong>angustia</strong></span> <span class='ocrx_word' id='word_1_78' title='bbox 1065 986 1297 1059; x_wconf 82' lang='lat' dir='ltr'><strong>peregit.</strong></span> <span class='ocrx_word' id='word_1_79' title='bbox 1336 1006 1361 1036; x_wconf 81' lang='lat'><strong><em>»</em></strong></span> <span class='ocrx_word' id='word_1_80' title='bbox 1392 986 1516 1040; x_wconf 87' lang='lat' dir='ltr'><strong>Post</strong></span> <span class='ocrx_word' id='word_1_81' title='bbox 1572 985 1689 1037; x_wconf 65' lang='lat' dir='ltr'><strong>haec</strong></span> <span class='ocrx_word' id='word_1_82' title='bbox 1725 982 1793 1036; x_wconf 89' lang='lat' dir='ltr'><strong>ab</strong></span> <span class='ocrx_word' id='word_1_83' title='bbox 1811 981 2060 1036; x_wconf 91' lang='lat' dir='ltr'><strong>oratione</strong></span> 
     </span>
    </p>
   </div>
   <div class='ocr_carea' id='block_1_9' title="bbox 441 1073 2055 1150">
    <p class='ocr_par' dir='ltr' id='par_1_9' title="bbox 441 1073 2055 1150">
     <span class='ocr_line' id='line_1_9' title="bbox 441 1073 2055 1150; baseline -0.008 -13"><span class='ocrx_word' id='word_1_84' title='bbox 441 1082 701 1147; x_wconf 85' lang='lat' dir='ltr'><strong>surrexit,</strong></span> <span class='ocrx_word' id='word_1_85' title='bbox 733 1088 787 1135; x_wconf 90' lang='lat' dir='ltr'><strong>et</strong></span> <span class='ocrx_word' id='word_1_86' title='bbox 847 1081 915 1134; x_wconf 90' lang='lat' dir='ltr'><strong>ad</strong></span> <span class='ocrx_word' id='word_1_87' title='bbox 953 1078 1309 1149; x_wconf 86' lang='lat' dir='ltr'><strong>sepulchrum</strong></span> <span class='ocrx_word' id='word_1_88' title='bbox 1362 1076 1508 1150; x_wconf 86' lang='lat' dir='ltr'><strong>regis</strong></span> <span class='ocrx_word' id='word_1_89' title='bbox 1542 1073 1778 1129; x_wconf 82' lang='lat' dir='ltr'><strong>Heinrici</strong></span> <span class='ocrx_word' id='word_1_90' title='bbox 1810 1088 2055 1144; x_wconf 79' lang='lat' dir='ltr'><strong>gressum</strong></span> 
     </span>
    </p>
   </div>
   <div class='ocr_carea' id='block_1_10' title="bbox 440 1162 2059 1240">
    <p class='ocr_par' dir='ltr' id='par_1_10' title="bbox 440 1162 2059 1240">
     <span class='ocr_line' id='line_1_10' title="bbox 440 1162 2059 1240; baseline -0.007 -13"><span class='ocrx_word' id='word_1_91' title='bbox 440 1172 798 1227; x_wconf 80' lang='lat' dir='ltr'><strong>mediocriter</strong></span> <span class='ocrx_word' id='word_1_92' title='bbox 821 1170 998 1225; x_wconf 88' lang='lat' dir='ltr'><strong>tendit</strong></span> <span class='ocrx_word' id='word_1_93' title='bbox 1025 1187 1039 1231; x_wconf 84' lang='lat'><strong>;</strong></span> <span class='ocrx_word' id='word_1_94' title='bbox 1072 1184 1241 1239; x_wconf 84' lang='lat' dir='ltr'><strong>super</strong></span> <span class='ocrx_word' id='word_1_95' title='bbox 1269 1167 1419 1240; x_wconf 92' lang='lat' dir='ltr'><strong>quod</strong></span> <span class='ocrx_word' id='word_1_96' title='bbox 1450 1174 1613 1237; x_wconf 90' lang='lat' dir='ltr'><strong>caput</strong></span> <span class='ocrx_word' id='word_1_97' title='bbox 1652 1164 1949 1227; x_wconf 88' lang='lat' dir='ltr'><strong>inclinans,</strong></span> <span class='ocrx_word' id='word_1_98' title='bbox 1979 1162 2059 1217; x_wconf 83' lang='lat' dir='ltr'><strong>sic</strong></span> 
     </span>
    </p>
   </div>
   <div class='ocr_carea' id='block_1_11' title="bbox 441 1253 2056 1328">
    <p class='ocr_par' dir='ltr' id='par_1_11' title="bbox 441 1253 2056 1328">
     <span class='ocr_line' id='line_1_11' title="bbox 441 1253 2056 1328; baseline -0.007 -10"><span class='ocrx_word' id='word_1_99' title='bbox 441 1263 774 1318; x_wconf 87' lang='lat' dir='ltr'><strong>illacrimans</strong></span> <span class='ocrx_word' id='word_1_100' title='bbox 802 1262 919 1317; x_wconf 88' lang='lat' dir='ltr'><strong>ait:</strong></span> <span class='ocrx_word' id='word_1_101' title='bbox 959 1283 977 1311; x_wconf 82' lang='grc' dir='ltr'>ι</span> <span class='ocrx_word' id='word_1_102' title='bbox 1006 1260 1045 1315; x_wconf 92' lang='grc' dir='ltr'>Ο</span> <span class='ocrx_word' id='word_1_103' title='bbox 1100 1267 1287 1316; x_wconf 91' lang='lat' dir='ltr'><strong>noster</strong></span> <span class='ocrx_word' id='word_1_104' title='bbox 1343 1259 1587 1323; x_wconf 88' lang='lat' dir='ltr'><strong>domine,</strong></span> <span class='ocrx_word' id='word_1_105' title='bbox 1628 1273 1791 1328; x_wconf 90' lang='lat' dir='ltr'><strong>quam</strong></span> <span class='ocrx_word' id='word_1_106' title='bbox 1845 1253 2056 1309; x_wconf 86' lang='lat' dir='ltr'><strong>felicior</strong></span> 
     </span>
    </p>
   </div>
   <div class='ocr_carea' id='block_1_12' title="bbox 442 1346 2053 1425">
    <p class='ocr_par' dir='ltr' id='par_1_12' title="bbox 442 1346 2053 1425">
     <span class='ocr_line' id='line_1_12' title="bbox 442 1346 2053 1425; baseline -0.007 -15"><span class='ocrx_word' id='word_1_107' title='bbox 442 1356 605 1411; x_wconf 91' lang='lat' dir='ltr'><strong>nobis</strong></span> <span class='ocrx_word' id='word_1_108' title='bbox 629 1354 878 1418; x_wconf 83' lang='lat' dir='ltr'><strong>extitisti,</strong></span> <span class='ocrx_word' id='word_1_109' title='bbox 905 1353 999 1425; x_wconf 88' lang='lat' dir='ltr'><strong>qui</strong></span> <span class='ocrx_word' id='word_1_110' title='bbox 1030 1352 1172 1407; x_wconf 91' lang='lat' dir='ltr'><strong>hanc</strong></span> <span class='ocrx_word' id='word_1_111' title='bbox 1224 1350 1647 1406; x_wconf 88' lang='lat' dir='ltr'><strong>amaritudinem</strong></span> <span class='ocrx_word' id='word_1_112' title='bbox 1708 1346 1917 1402; x_wconf 90' lang='lat' dir='ltr'><strong>doloris</strong></span> <span class='ocrx_word' id='word_1_113' title='bbox 1943 1361 2053 1399; x_wconf 89' lang='lat' dir='ltr'><strong>non</strong></span> 
     </span>
    </p>
   </div>
   <div class='ocr_carea' id='block_1_13' title="bbox 442 1438 2057 1517">
    <p class='ocr_par' dir='ltr' id='par_1_13' title="bbox 442 1438 2057 1517">
     <span class='ocr_line' id='line_1_13' title="bbox 442 1438 2057 1517; baseline -0.007 -17"><span class='ocrx_word' id='word_1_114' title='bbox 442 1445 738 1517; x_wconf 85' lang='lat' dir='ltr'><strong>expectasti</strong></span> <span class='ocrx_word' id='word_1_115' title='bbox 763 1444 818 1498; x_wconf 91' lang='lat' dir='ltr'><strong>in</strong></span> <span class='ocrx_word' id='word_1_116' title='bbox 848 1443 1024 1498; x_wconf 90' lang='lat' dir='ltr'><strong>stadio</strong></span> <span class='ocrx_word' id='word_1_117' title='bbox 1072 1442 1198 1496; x_wconf 72' lang='lat' dir='ltr'><strong>vita:</strong></span> <span class='ocrx_word' id='word_1_118' title='bbox 1254 1440 1501 1495; x_wconf 88' lang='lat' dir='ltr'><strong>mortalis</strong></span> <span class='ocrx_word' id='word_1_119' title='bbox 1534 1438 1546 1491; x_wconf 91' lang='lat'><strong>!</strong></span> <span class='ocrx_word' id='word_1_120' title='bbox 1582 1438 1754 1501; x_wconf 86' lang='lat' dir='ltr'><strong>Nunc,</strong></span> <span class='ocrx_word' id='word_1_121' title='bbox 1780 1446 1840 1491; x_wconf 92' lang='lat' dir='ltr'><strong>ut</strong></span> <span class='ocrx_word' id='word_1_122' title='bbox 1870 1450 2057 1505; x_wconf 88' lang='lat' dir='ltr'><strong>spera-</strong></span> 
     </span>
    </p>
   </div>
   <div class='ocr_carea' id='block_1_14' title="bbox 443 1522 2058 1608">
    <p class='ocr_par' dir='ltr' id='par_1_14' title="bbox 443 1522 2058 1608">
     <span class='ocr_line' id='line_1_14' title="bbox 443 1522 2058 1608; baseline -0.008 -19"><span class='ocrx_word' id='word_1_123' title='bbox 443 1551 567 1589; x_wconf 91' lang='lat' dir='ltr'><strong>mus</strong></span> <span class='ocrx_word' id='word_1_124' title='bbox 620 1534 830 1608; x_wconf 79' lang='lat' dir='ltr'><strong>gaudes</strong></span> <span class='ocrx_word' id='word_1_125' title='bbox 881 1532 935 1586; x_wconf 93' lang='lat' dir='ltr'><strong>in</strong></span> <span class='ocrx_word' id='word_1_126' title='bbox 992 1531 1207 1602; x_wconf 89' lang='lat' dir='ltr'><strong>requie,</strong></span> <span class='ocrx_word' id='word_1_127' title='bbox 1269 1545 1372 1584; x_wconf 92' lang='lat' dir='ltr'><strong>nec</strong></span> <span class='ocrx_word' id='word_1_128' title='bbox 1438 1528 1730 1600; x_wconf 82' lang='lat' dir='ltr'><strong>quicquam</strong></span> <span class='ocrx_word' id='word_1_129' title='bbox 1785 1540 1943 1580; x_wconf 90' lang='lat' dir='ltr'><strong>curas</strong></span> <span class='ocrx_word' id='word_1_130' title='bbox 1991 1522 2058 1576; x_wconf 91' lang='lat' dir='ltr'><strong>de</strong></span> 
     </span>
    </p>
   </div>
   <div class='ocr_carea' id='block_1_15' title="bbox 445 1616 2061 1695">
    <p class='ocr_par' dir='ltr' id='par_1_15' title="bbox 445 1616 2061 1695">
     <span class='ocr_line' id='line_1_15' title="bbox 445 1616 2061 1695; baseline -0.009 -14"><span class='ocrx_word' id='word_1_131' title='bbox 445 1633 626 1681; x_wconf 80' lang='lat' dir='ltr'><strong>nostra</strong></span> <span class='ocrx_word' id='word_1_132' title='bbox 656 1623 1093 1695; x_wconf 88' lang='lat' dir='ltr'><strong>perturbatione.</strong></span> <span class='ocrx_word' id='word_1_133' title='bbox 1156 1621 1421 1685; x_wconf 85' lang='lat' dir='ltr'><strong>Quotiens</strong></span> <span class='ocrx_word' id='word_1_134' title='bbox 1472 1619 1732 1674; x_wconf 89' lang='lat' dir='ltr'><strong>acerbum</strong></span> <span class='ocrx_word' id='word_1_135' title='bbox 1779 1616 1924 1671; x_wconf 91' lang='lat' dir='ltr'><strong>diem</strong></span> <span class='ocrx_word' id='word_1_136' title='bbox 1956 1622 2061 1669; x_wconf 69' lang='lat' dir='ltr'><strong>tuae</strong></span> 
     </span>
    </p>
   </div>
   <div class='ocr_carea' id='block_1_16' title="bbox 443 1706 2058 1777">
    <p class='ocr_par' dir='ltr' id='par_1_16' title="bbox 443 1706 2058 1777">
     <span class='ocr_line' id='line_1_16' title="bbox 443 1706 2058 1777; baseline -0.009 -7"><span class='ocrx_word' id='word_1_137' title='bbox 443 1715 633 1771; x_wconf 88' lang='lat' dir='ltr'><strong>mortis</strong></span> <span class='ocrx_word' id='word_1_138' title='bbox 685 1713 856 1767; x_wconf 92' lang='lat' dir='ltr'><strong>menti</strong></span> <span class='ocrx_word' id='word_1_139' title='bbox 906 1711 1241 1777; x_wconf 89' lang='lat' dir='ltr'><strong>induximus,</strong></span> <span class='ocrx_word' id='word_1_140' title='bbox 1289 1710 1391 1763; x_wconf 89' lang='lat' dir='ltr'><strong>hac</strong></span> <span class='ocrx_word' id='word_1_141' title='bbox 1420 1708 1536 1763; x_wconf 90' lang='lat' dir='ltr'><strong>sola</strong></span> <span class='ocrx_word' id='word_1_142' title='bbox 1566 1706 1951 1763; x_wconf 87' lang='lat' dir='ltr'><strong>consolatione</strong></span> <span class='ocrx_word' id='word_1_143' title='bbox 1978 1720 2058 1757; x_wconf 88' lang='lat' dir='ltr'><strong>re-</strong></span> 
     </span>
    </p>
   </div>
   <div class='ocr_carea' id='block_1_17' title="bbox 440 1772 2138 1878">
    <p class='ocr_par' dir='ltr' id='par_1_17' title="bbox 440 1772 2138 1878">
     <span class='ocr_line' id='line_1_17' title="bbox 440 1772 2138 1878; baseline -0.009 -17"><span class='ocrx_word' id='word_1_144' title='bbox 440 1806 789 1878; x_wconf 86' lang='lat' dir='ltr'><strong>spiravimus,</strong></span> <span class='ocrx_word' id='word_1_145' title='bbox 842 1803 988 1875; x_wconf 92' lang='lat' dir='ltr'><strong>quod</strong></span> <span class='ocrx_word' id='word_1_146' title='bbox 1038 1803 1084 1837; x_wconf 65' lang='lat'><strong>5°</strong></span> <span class='ocrx_word' id='word_1_147' title='bbox 1164 1772 1511 1855; x_wconf 81' lang='lat' dir='ltr'><strong>dilectissimi</strong></span> <span class='ocrx_word' id='word_1_148' title='bbox 1566 1797 1662 1852; x_wconf 88' lang='lat' dir='ltr'><strong>ﬁlii</strong></span> <span class='ocrx_word' id='word_1_149' title='bbox 1724 1795 1895 1851; x_wconf 89' lang='lat' dir='ltr'><strong>nostri</strong></span> <span class='ocrx_word' id='word_1_150' title='bbox 1949 1772 2138 1848; x_wconf 62' lang='lat' dir='ltr'><strong>vita“</strong></span> 
     </span>
    </p>
   </div>
   <div class='ocr_carea' id='block_1_18' title="bbox 439 1882 2058 1965">
    <p class='ocr_par' dir='ltr' id='par_1_18' title="bbox 439 1882 2058 1965">
     <span class='ocr_line' id='line_1_18' title="bbox 439 1882 2058 1965; baseline -0.01 -15"><span class='ocrx_word' id='word_1_151' title='bbox 439 1902 720 1965; x_wconf 83' lang='lat' dir='ltr'><strong>superstes</strong></span> <span class='ocrx_word' id='word_1_152' title='bbox 772 1898 906 1955; x_wconf 90' lang='lat' dir='ltr'><strong>erat,</strong></span> <span class='ocrx_word' id='word_1_153' title='bbox 963 1891 1056 1962; x_wconf 90' lang='lat' dir='ltr'><strong>qui</strong></span> <span class='ocrx_word' id='word_1_154' title='bbox 1118 1904 1215 1945; x_wconf 92' lang='lat' dir='ltr'><strong>ore</strong></span> <span class='ocrx_word' id='word_1_155' title='bbox 1272 1889 1338 1955; x_wconf 67' lang='lat'><strong>‘7,</strong></span> <span class='ocrx_word' id='word_1_156' title='bbox 1396 1886 1621 1943; x_wconf 90' lang='lat' dir='ltr'><strong>nomine</strong></span> <span class='ocrx_word' id='word_1_157' title='bbox 1672 1892 1728 1940; x_wconf 90' lang='lat' dir='ltr'><strong>et</strong></span> <span class='ocrx_word' id='word_1_158' title='bbox 1775 1882 1967 1938; x_wconf 91' lang='lat' dir='ltr'><strong>habitu</strong></span> <span class='ocrx_word' id='word_1_159' title='bbox 2008 1887 2058 1934; x_wconf 93' lang='lat' dir='ltr'><strong>te</strong></span> 
     </span>
    </p>
   </div>
   <div class='ocr_carea' id='block_1_19' title="bbox 442 1976 2062 2046">
    <p class='ocr_par' dir='ltr' id='par_1_19' title="bbox 442 1976 2062 2046">
     <span class='ocr_line' id='line_1_19' title="bbox 442 1976 2062 2046; baseline -0.009 -3"><span class='ocrx_word' id='word_1_160' title='bbox 442 1988 677 2043; x_wconf 84' lang='lat' dir='ltr'><strong>maxime</strong></span> <span class='ocrx_word' id='word_1_161' title='bbox 702 1985 1054 2041; x_wconf 71' lang='lat' dir='ltr'><strong>referebat&quot;.</strong></span> <span class='ocrx_word' id='word_1_162' title='bbox 1096 2007 1120 2031; x_wconf 78' lang='grc' dir='ltr'><strong><em>ιο</em></strong></span> <span class='ocrx_word' id='word_1_163' title='bbox 1154 1984 1209 2037; x_wconf 93' lang='lat' dir='ltr'><strong>ln</strong></span> <span class='ocrx_word' id='word_1_164' title='bbox 1243 1983 1344 2036; x_wconf 89' lang='lat' dir='ltr'><strong>hac</strong></span> <span class='ocrx_word' id='word_1_165' title='bbox 1366 1980 1531 2035; x_wconf 90' lang='lat' dir='ltr'><strong>etiam</strong></span> <span class='ocrx_word' id='word_1_166' title='bbox 1560 1980 1649 2034; x_wconf 91' lang='lat' dir='ltr'><strong>die</strong></span> <span class='ocrx_word' id='word_1_167' title='bbox 1666 1977 1863 2033; x_wconf 87' lang='lat' dir='ltr'><strong>herilia</strong></span> <span class='ocrx_word' id='word_1_168' title='bbox 1887 1976 2062 2046; x_wconf 89' lang='lat' dir='ltr'><strong>depo-</strong></span> 
     </span>
    </p>
   </div>
   <div class='ocr_carea' id='block_1_20' title="bbox 442 2073 2059 2147">
    <p class='ocr_par' dir='ltr' id='par_1_20' title="bbox 442 2073 2059 2147">
     <span class='ocr_line' id='line_1_20' title="bbox 442 2073 2059 2147; baseline -0.009 -12"><span class='ocrx_word' id='word_1_169' title='bbox 442 2080 550 2134; x_wconf 86' lang='lat' dir='ltr'><strong>suit</strong></span> <span class='ocrx_word' id='word_1_170' title='bbox 608 2078 960 2143; x_wconf 86' lang='lat' dir='ltr'><strong>vestimenta,</strong></span> <span class='ocrx_word' id='word_1_171' title='bbox 1004 2092 1127 2147; x_wconf 66' lang='lat' dir='ltr'><strong>quae</strong></span> <span class='ocrx_word' id='word_1_172' title='bbox 1182 2074 1237 2128; x_wconf 92' lang='lat' dir='ltr'><strong>in</strong></span> <span class='ocrx_word' id='word_1_173' title='bbox 1270 2073 1535 2128; x_wconf 86' lang='lat' dir='ltr'><strong>viduitate</strong></span> <span class='ocrx_word' id='word_1_174' title='bbox 1587 2086 1684 2142; x_wconf 92' lang='lat' dir='ltr'><strong>pro</strong></span> <span class='ocrx_word' id='word_1_175' title='bbox 1736 2074 2059 2125; x_wconf 91' lang='lat' dir='ltr'><strong>ornamento</strong></span> 
     </span>
    </p>
   </div>
   <div class='ocr_carea' id='block_1_21' title="bbox 443 2154 2058 2233">
    <p class='ocr_par' dir='ltr' id='par_1_21' title="bbox 443 2154 2058 2233">
     <span class='ocr_line' id='line_1_21' title="bbox 443 2154 2058 2233; baseline -0.008 -12"><span class='ocrx_word' id='word_1_176' title='bbox 443 2166 655 2222; x_wconf 86' lang='lat' dir='ltr'><strong>habuit.</strong></span> <span class='ocrx_word' id='word_1_177' title='bbox 686 2165 811 2219; x_wconf 83' lang='lat' dir='ltr'><strong>Post</strong></span> <span class='ocrx_word' id='word_1_178' title='bbox 839 2164 1050 2219; x_wconf 92' lang='lat' dir='ltr'><strong>obitum</strong></span> <span class='ocrx_word' id='word_1_179' title='bbox 1074 2162 1221 2217; x_wconf 91' lang='lat' dir='ltr'><strong>enim</strong></span> <span class='ocrx_word' id='word_1_180' title='bbox 1264 2159 1610 2215; x_wconf 89' lang='lat' dir='ltr'><strong>memorandi</strong></span> <span class='ocrx_word' id='word_1_181' title='bbox 1645 2158 1793 2233; x_wconf 86' lang='lat' dir='ltr'><strong>regis</strong></span> <span class='ocrx_word' id='word_1_182' title='bbox 1815 2154 2058 2211; x_wconf 76' lang='lat' dir='ltr'><strong>Heinrici</strong></span> 
     </span>
    </p>
   </div>
   <div class='ocr_carea' id='block_1_22' title="bbox 443 2249 2061 2323">
    <p class='ocr_par' dir='ltr' id='par_1_22' title="bbox 443 2249 2061 2323">
     <span class='ocr_line' id='line_1_22' title="bbox 443 2249 2061 2323; baseline -0.009 -9"><span class='ocrx_word' id='word_1_183' title='bbox 443 2258 662 2314; x_wconf 89' lang='lat' dir='ltr'><strong>assidue</strong></span> <span class='ocrx_word' id='word_1_184' title='bbox 691 2256 871 2312; x_wconf 90' lang='lat' dir='ltr'><strong>induit</strong></span> <span class='ocrx_word' id='word_1_185' title='bbox 898 2255 1183 2311; x_wconf 91' lang='lat' dir='ltr'><strong>coccinum</strong></span> <span class='ocrx_word' id='word_1_186' title='bbox 1200 2255 1316 2323; x_wconf 85' lang='lat'><strong>(38)</strong></span> <span class='ocrx_word' id='word_1_187' title='bbox 1334 2252 1497 2307; x_wconf 91' lang='lat' dir='ltr'><strong>unius</strong></span> <span class='ocrx_word' id='word_1_188' title='bbox 1514 2251 1734 2316; x_wconf 89' lang='lat' dir='ltr'><strong>coloris,</strong></span> <span class='ocrx_word' id='word_1_189' title='bbox 1759 2264 1870 2305; x_wconf 91' lang='lat' dir='ltr'><strong>non</strong></span> <span class='ocrx_word' id='word_1_190' title='bbox 1894 2249 1947 2302; x_wconf 91' lang='lat' dir='ltr'><strong>in</strong></span> <span class='ocrx_word' id='word_1_191' title='bbox 1966 2263 2061 2318; x_wconf 83' lang='lat' dir='ltr'><strong>pu-</strong></span> 
     </span>
    </p>
   </div>
   <div class='ocr_carea' id='block_1_23' title="bbox 445 2342 2060 2417">
    <p class='ocr_par' dir='ltr' id='par_1_23' title="bbox 445 2342 2060 2417">
     <span class='ocr_line' id='line_1_23' title="bbox 445 2342 2060 2417; baseline -0.009 -11"><span class='ocrx_word' id='word_1_192' title='bbox 445 2351 614 2417; x_wconf 92' lang='lat' dir='ltr'><strong>blico,</strong></span> <span class='ocrx_word' id='word_1_193' title='bbox 645 2350 741 2405; x_wconf 87' lang='lat' dir='ltr'><strong>sed</strong></span> <span class='ocrx_word' id='word_1_194' title='bbox 764 2349 865 2404; x_wconf 91' lang='lat' dir='ltr'><strong>sub</strong></span> <span class='ocrx_word' id='word_1_195' title='bbox 898 2348 1045 2405; x_wconf 91' lang='lat' dir='ltr'><strong>lineo</strong></span> <span class='ocrx_word' id='word_1_196' title='bbox 1072 2346 1423 2409; x_wconf 87' lang='lat' dir='ltr'><strong>vestimento,</strong></span> <span class='ocrx_word' id='word_1_197' title='bbox 1453 2351 1508 2400; x_wconf 92' lang='lat' dir='ltr'><strong>et</strong></span> <span class='ocrx_word' id='word_1_198' title='bbox 1540 2359 1638 2415; x_wconf 93' lang='lat' dir='ltr'><strong>pro</strong></span> <span class='ocrx_word' id='word_1_199' title='bbox 1668 2342 1867 2397; x_wconf 85' lang='lat' dir='ltr'><strong>decore</strong></span> <span class='ocrx_word' id='word_1_200' title='bbox 1895 2355 2060 2395; x_wconf 89' lang='lat' dir='ltr'><strong>orna-</strong></span> 
     </span>
    </p>
   </div>
   <div class='ocr_carea' id='block_1_24' title="bbox 445 2435 2061 2513">
    <p class='ocr_par' dir='ltr' id='par_1_24' title="bbox 445 2435 2061 2513">
     <span class='ocr_line' id='line_1_24' title="bbox 445 2435 2061 2513; baseline -0.007 -16"><span class='ocrx_word' id='word_1_201' title='bbox 445 2443 617 2498; x_wconf 88' lang='lat' dir='ltr'><strong>menti</strong></span> <span class='ocrx_word' id='word_1_202' title='bbox 647 2451 774 2496; x_wconf 88' lang='lat' dir='ltr'><strong>ante</strong></span> <span class='ocrx_word' id='word_1_203' title='bbox 823 2456 881 2495; x_wconf 92' lang='lat' dir='ltr'><strong>se</strong></span> <span class='ocrx_word' id='word_1_204' title='bbox 936 2440 1112 2513; x_wconf 86' lang='lat' dir='ltr'><strong>gessit</strong></span> <span class='ocrx_word' id='word_1_205' title='bbox 1171 2454 1363 2509; x_wconf 90' lang='lat' dir='ltr'><strong>parum</strong></span> <span class='ocrx_word' id='word_1_206' title='bbox 1421 2436 1563 2492; x_wconf 90' lang='lat' dir='ltr'><strong>auri.</strong></span> <span class='ocrx_word' id='word_1_207' title='bbox 1598 2435 1709 2490; x_wconf 79' lang='lat' dir='ltr'><strong>Hoc</strong></span> <span class='ocrx_word' id='word_1_208' title='bbox 1729 2440 1901 2489; x_wconf 92' lang='lat' dir='ltr'><strong>totum</strong></span> <span class='ocrx_word' id='word_1_209' title='bbox 1931 2439 2061 2485; x_wconf 88' lang='lat' dir='ltr'><strong>tunc</strong></span> 
     </span>
    </p>
   </div>
   <div class='ocr_carea' id='block_1_25' title="bbox 444 2522 2063 2603">
    <p class='ocr_par' dir='ltr' id='par_1_25' title="bbox 444 2522 2063 2603">
     <span class='ocr_line' id='line_1_25' title="bbox 444 2522 2063 2603; baseline -0.009 -16"><span class='ocrx_word' id='word_1_210' title='bbox 444 2532 724 2603; x_wconf 89' lang='lat' dir='ltr'><strong>deposuit,</strong></span> <span class='ocrx_word' id='word_1_211' title='bbox 758 2538 813 2585; x_wconf 89' lang='lat' dir='ltr'><strong>et</strong></span> <span class='ocrx_word' id='word_1_212' title='bbox 867 2529 1215 2601; x_wconf 91' lang='lat' dir='ltr'><strong>postmodum</strong></span> <span class='ocrx_word' id='word_1_213' title='bbox 1273 2526 1493 2601; x_wconf 89' lang='lat' dir='ltr'><strong>lugubri</strong></span> <span class='ocrx_word' id='word_1_214' title='bbox 1524 2532 1676 2580; x_wconf 82' lang='lat' dir='ltr'><strong>veste</strong></span> <span class='ocrx_word' id='word_1_215' title='bbox 1708 2522 1899 2577; x_wconf 89' lang='lat' dir='ltr'><strong>induta</strong></span> <span class='ocrx_word' id='word_1_216' title='bbox 1930 2534 2063 2591; x_wconf 88' lang='lat' dir='ltr'><strong>pro-</strong></span> 
     </span>
    </p>
   </div>
   <div class='ocr_carea' id='block_1_26' title="bbox 444 2612 2067 2680">
    <p class='ocr_par' dir='ltr' id='par_1_26' title="bbox 444 2612 2067 2680">
     <span class='ocr_line' id='line_1_26' title="bbox 444 2612 2067 2680; baseline -0.01 0"><span class='ocrx_word' id='word_1_217' title='bbox 444 2624 632 2680; x_wconf 88' lang='lat' dir='ltr'><strong>cessit.</strong></span> <span class='ocrx_word' id='word_1_218' title='bbox 676 2623 908 2679; x_wconf 83' lang='lat' dir='ltr'><strong>Posthac</strong></span> <span class='ocrx_word' id='word_1_219' title='bbox 961 2622 1245 2677; x_wconf 92' lang='lat' dir='ltr'><strong>neminem</strong></span> <span class='ocrx_word' id='word_1_220' title='bbox 1284 2619 1459 2674; x_wconf 92' lang='lat' dir='ltr'><strong>voluit</strong></span> <span class='ocrx_word' id='word_1_221' title='bbox 1490 2617 1683 2672; x_wconf 89' lang='lat' dir='ltr'><strong>audire</strong></span> <span class='ocrx_word' id='word_1_222' title='bbox 1723 2612 1968 2669; x_wconf 86' lang='lat' dir='ltr'><strong>carmina</strong></span> <span class='ocrx_word' id='word_1_223' title='bbox 1984 2626 2067 2665; x_wconf 87' lang='lat' dir='ltr'><strong>se-</strong></span> 
     </span>
    </p>
   </div>
   <div class='ocr_carea' id='block_1_27' title="bbox 446 2702 2063 2783">
    <p class='ocr_par' dir='ltr' id='par_1_27' title="bbox 446 2702 2063 2783">
     <span class='ocr_line' id='line_1_27' title="bbox 446 2702 2063 2783; baseline -0.011 -12"><span class='ocrx_word' id='word_1_224' title='bbox 446 2715 654 2771; x_wconf 89' lang='lat' dir='ltr'><strong>cularia</strong></span> <span class='ocrx_word' id='word_1_225' title='bbox 695 2721 1034 2780; x_wconf 88' lang='lat' dir='ltr'><strong>cantantem,</strong></span> <span class='ocrx_word' id='word_1_226' title='bbox 1089 2728 1193 2767; x_wconf 87' lang='lat' dir='ltr'><strong>nec</strong></span> <span class='ocrx_word' id='word_1_227' title='bbox 1234 2725 1569 2783; x_wconf 87' lang='lat' dir='ltr'><strong>quemquam</strong></span> <span class='ocrx_word' id='word_1_228' title='bbox 1618 2704 1808 2761; x_wconf 85' lang='lat' dir='ltr'><strong>videre</strong></span> <span class='ocrx_word' id='word_1_229' title='bbox 1877 2702 2063 2756; x_wconf 88' lang='lat' dir='ltr'><strong>ludum</strong></span> 
     </span>
    </p>
   </div>
   <div class='ocr_carea' id='block_1_28' title="bbox 446 2791 2066 2867">
    <p class='ocr_par' dir='ltr' id='par_1_28' title="bbox 446 2791 2066 2867">
     <span class='ocr_line' id='line_1_28' title="bbox 446 2791 2066 2867; baseline -0.01 -6"><span class='ocrx_word' id='word_1_230' title='bbox 446 2812 818 2867; x_wconf 88' lang='lat' dir='ltr'><strong>exercentem,</strong></span> <span class='ocrx_word' id='word_1_231' title='bbox 849 2802 945 2857; x_wconf 88' lang='lat' dir='ltr'><strong>sed</strong></span> <span class='ocrx_word' id='word_1_232' title='bbox 992 2808 1202 2856; x_wconf 88' lang='lat' dir='ltr'><strong>tantum</strong></span> <span class='ocrx_word' id='word_1_233' title='bbox 1251 2799 1461 2854; x_wconf 89' lang='lat' dir='ltr'><strong>audivit</strong></span> <span class='ocrx_word' id='word_1_234' title='bbox 1506 2802 1695 2852; x_wconf 89' lang='lat' dir='ltr'><strong>sancta</strong></span> <span class='ocrx_word' id='word_1_235' title='bbox 1750 2791 1994 2848; x_wconf 88' lang='lat' dir='ltr'><strong>carmina</strong></span> <span class='ocrx_word' id='word_1_236' title='bbox 2022 2791 2066 2825; x_wconf 75' lang='grc' dir='ltr'><strong>⁵ο</strong></span> 
     </span>
    </p>
   </div>
   <div class='ocr_carea' id='block_1_29' title="bbox 448 2882 2065 2965">
    <p class='ocr_par' dir='ltr' id='par_1_29' title="bbox 448 2882 2065 2965">
     <span class='ocr_line' id='line_1_29' title="bbox 448 2882 2065 2965; baseline -0.009 -17"><span class='ocrx_word' id='word_1_237' title='bbox 448 2894 518 2949; x_wconf 89' lang='lat' dir='ltr'><strong>de</strong></span> <span class='ocrx_word' id='word_1_238' title='bbox 573 2891 874 2965; x_wconf 83' lang='lat' dir='ltr'><strong>evangeliis</strong></span> <span class='ocrx_word' id='word_1_239' title='bbox 929 2889 1014 2944; x_wconf 86' lang='lat' dir='ltr'><strong>vel</strong></span> <span class='ocrx_word' id='word_1_240' title='bbox 1072 2889 1195 2943; x_wconf 91' lang='lat' dir='ltr'><strong>aliis</strong></span> <span class='ocrx_word' id='word_1_241' title='bbox 1263 2886 1551 2957; x_wconf 89' lang='lat' dir='ltr'><strong>scripturis</strong></span> <span class='ocrx_word' id='word_1_242' title='bbox 1602 2882 1776 2939; x_wconf 88' lang='lat' dir='ltr'><strong>sacris</strong></span> <span class='ocrx_word' id='word_1_243' title='bbox 1825 2889 2065 2951; x_wconf 89' lang='lat' dir='ltr'><strong>sumpta,</strong></span> 
     </span>
    </p>
   </div>
   <div class='ocr_carea' id='block_1_30' title="bbox 449 2970 2065 3042">
    <p class='ocr_par' dir='ltr' id='par_1_30' title="bbox 449 2970 2065 3042">
     <span class='ocr_line' id='line_1_30' title="bbox 449 2970 2065 3042; baseline -0.009 -4"><span class='ocrx_word' id='word_1_244' title='bbox 449 2997 666 3038; x_wconf 89' lang='lat' dir='ltr'><strong>necnon</strong></span> <span class='ocrx_word' id='word_1_245' title='bbox 707 2982 763 3035; x_wconf 93' lang='lat' dir='ltr'><strong>in</strong></span> <span class='ocrx_word' id='word_1_246' title='bbox 802 2981 905 3033; x_wconf 87' lang='lat' dir='ltr'><strong>hoc</strong></span> <span class='ocrx_word' id='word_1_247' title='bbox 931 2977 1127 3033; x_wconf 90' lang='lat' dir='ltr'><strong>sedulo</strong></span> <span class='ocrx_word' id='word_1_248' title='bbox 1156 2976 1555 3042; x_wconf 84' lang='lat' dir='ltr'><strong>delectabatur,</strong></span> <span class='ocrx_word' id='word_1_249' title='bbox 1614 2979 1675 3028; x_wconf 93' lang='lat' dir='ltr'><strong>ut</strong></span> <span class='ocrx_word' id='word_1_250' title='bbox 1721 2972 1789 3027; x_wconf 91' lang='lat' dir='ltr'><strong>de</strong></span> <span class='ocrx_word' id='word_1_251' title='bbox 1819 2973 1929 3027; x_wconf 86' lang='lat' dir='ltr'><strong>vita</strong></span> <span class='ocrx_word' id='word_1_252' title='bbox 1981 2970 2065 3025; x_wconf 88' lang='lat' dir='ltr'><strong>vel</strong></span> 
     </span>
    </p>
   </div>
   <div class='ocr_carea' id='block_1_31' title="bbox 448 3061 2064 3144">
    <p class='ocr_par' dir='ltr' id='par_1_31' title="bbox 448 3061 2064 3144">
     <span class='ocr_line' id='line_1_31' title="bbox 448 3061 2064 3144; baseline -0.007 -17"><span class='ocrx_word' id='word_1_253' title='bbox 448 3072 707 3144; x_wconf 88' lang='lat' dir='ltr'><strong>passione</strong></span> <span class='ocrx_word' id='word_1_254' title='bbox 738 3078 1054 3124; x_wconf 88' lang='lat' dir='ltr'><strong>sanctorum</strong></span> <span class='ocrx_word' id='word_1_255' title='bbox 1112 3067 1215 3121; x_wconf 88' lang='lat' dir='ltr'><strong>sibi</strong></span> <span class='ocrx_word' id='word_1_256' title='bbox 1271 3074 1603 3121; x_wconf 88' lang='lat' dir='ltr'><strong>cantaretur.</strong></span> <span class='ocrx_word' id='word_1_257' title='bbox 1656 3064 1845 3120; x_wconf 84' lang='lat' dir='ltr'><strong>Cetera</strong></span> <span class='ocrx_word' id='word_1_258' title='bbox 1876 3061 2064 3117; x_wconf 90' lang='lat' dir='ltr'><strong>mundi</strong></span> 
     </span>
    </p>
   </div>
   <div class='ocr_carea' id='block_1_32' title="bbox 2164 714 3790 784">
    <p class='ocr_par' dir='ltr' id='par_1_32' title="bbox 2164 714 3790 784">
     <span class='ocr_line' id='line_1_32' title="bbox 2164 714 3790 784; baseline 0.001 -14"><span class='ocrx_word' id='word_1_259' title='bbox 2164 715 2364 770; x_wconf 88' lang='lat' dir='ltr'><strong>cotidie</strong></span> <span class='ocrx_word' id='word_1_260' title='bbox 2412 714 2763 779; x_wconf 88' lang='lat' dir='ltr'><strong>ministravit,</strong></span> <span class='ocrx_word' id='word_1_261' title='bbox 2837 714 2932 784; x_wconf 92' lang='lat' dir='ltr'><strong>qui</strong></span> <span class='ocrx_word' id='word_1_262' title='bbox 3015 715 3191 769; x_wconf 90' lang='lat' dir='ltr'><strong>lucem</strong></span> <span class='ocrx_word' id='word_1_263' title='bbox 3261 715 3371 771; x_wconf 89' lang='lat' dir='ltr'><strong>diei</strong></span> <span class='ocrx_word' id='word_1_264' title='bbox 3431 716 3653 772; x_wconf 91' lang='lat' dir='ltr'><strong>nuntiat</strong></span> <span class='ocrx_word' id='word_1_265' title='bbox 3740 726 3790 771; x_wconf 83' lang='lat' dir='ltr'><strong>et</strong></span> 
     </span>
    </p>
   </div>
   <div class='ocr_carea' id='block_1_33' title="bbox 2163 802 3789 876">
    <p class='ocr_par' dir='ltr' id='par_1_33' title="bbox 2163 802 3789 876">
     <span class='ocr_line' id='line_1_33' title="bbox 2163 802 3789 876; baseline 0.001 -17"><span class='ocrx_word' id='word_1_266' title='bbox 2163 820 2413 876; x_wconf 89' lang='lat' dir='ltr'><strong>quosque</strong></span> <span class='ocrx_word' id='word_1_267' title='bbox 2462 804 2657 859; x_wconf 82' lang='lat' dir='ltr'><strong>fideles</strong></span> <span class='ocrx_word' id='word_1_268' title='bbox 2695 803 2763 858; x_wconf 91' lang='lat' dir='ltr'><strong>ad</strong></span> <span class='ocrx_word' id='word_1_269' title='bbox 2817 802 3015 858; x_wconf 89' lang='lat' dir='ltr'><strong>Christi</strong></span> <span class='ocrx_word' id='word_1_270' title='bbox 3070 803 3351 858; x_wconf 87' lang='lat' dir='ltr'><strong>servitium</strong></span> <span class='ocrx_word' id='word_1_271' title='bbox 3409 806 3636 861; x_wconf 84' lang='lat' dir='ltr'><strong>excitat.</strong></span> <span class='ocrx_word' id='word_1_272' title='bbox 3678 806 3789 861; x_wconf 82' lang='lat' dir='ltr'><strong>Nec</strong></span> 
     </span>
    </p>
   </div>
   <div class='ocr_carea' id='block_1_34' title="bbox 2160 898 3786 969">
    <p class='ocr_par' dir='ltr' id='par_1_34' title="bbox 2160 898 3786 969">
     <span class='ocr_line' id='line_1_34' title="bbox 2160 898 3786 969; baseline 0.001 -16"><span class='ocrx_word' id='word_1_273' title='bbox 2160 900 2325 954; x_wconf 87' lang='lat' dir='ltr'><strong>etiam</strong></span> <span class='ocrx_word' id='word_1_274' title='bbox 2354 899 2523 955; x_wconf 90' lang='lat' dir='ltr'><strong>oblita</strong></span> <span class='ocrx_word' id='word_1_275' title='bbox 2562 907 2646 953; x_wconf 90' lang='lat' dir='ltr'><strong>est</strong></span> <span class='ocrx_word' id='word_1_276' title='bbox 2686 899 2971 954; x_wconf 91' lang='lat' dir='ltr'><strong>volucrum</strong></span> <span class='ocrx_word' id='word_1_277' title='bbox 3001 898 3192 953; x_wconf 68' lang='lat' dir='ltr'><strong>aestivo</strong></span> <span class='ocrx_word' id='word_1_278' title='bbox 3234 906 3487 969; x_wconf 90' lang='lat' dir='ltr'><strong>tempore</strong></span> <span class='ocrx_word' id='word_1_279' title='bbox 3528 899 3585 953; x_wconf 93' lang='lat' dir='ltr'><strong>in</strong></span> <span class='ocrx_word' id='word_1_280' title='bbox 3617 900 3786 955; x_wconf 91' lang='lat' dir='ltr'><strong>arbo-</strong></span> 
     </span>
    </p>
   </div>
   <div class='ocr_carea' id='block_1_35' title="bbox 2161 987 3793 1059">
    <p class='ocr_par' dir='ltr' id='par_1_35' title="bbox 2161 987 3793 1059">
     <span class='ocr_line' id='line_1_35' title="bbox 2161 987 3793 1059; baseline 0.001 -17"><span class='ocrx_word' id='word_1_281' title='bbox 2161 988 2310 1043; x_wconf 91' lang='lat' dir='ltr'><strong>ribus</strong></span> <span class='ocrx_word' id='word_1_282' title='bbox 2336 989 2737 1054; x_wconf 81' lang='lat' dir='ltr'><strong>resonantium,</strong></span> <span class='ocrx_word' id='word_1_283' title='bbox 2794 987 3125 1059; x_wconf 70' lang='lat' dir='ltr'><strong>praecipiens</strong></span> <span class='ocrx_word' id='word_1_284' title='bbox 3165 987 3452 1055; x_wconf 88' lang='lat' dir='ltr'><strong>ministris,</strong></span> <span class='ocrx_word' id='word_1_285' title='bbox 3482 989 3588 1043; x_wconf 91' lang='lat' dir='ltr'><strong>sub</strong></span> <span class='ocrx_word' id='word_1_286' title='bbox 3622 989 3793 1044; x_wconf 83' lang='lat' dir='ltr'><strong>arbo-</strong></span> 
     </span>
    </p>
   </div>
   <div class='ocr_carea' id='block_1_36' title="bbox 2159 1078 3787 1150">
    <p class='ocr_par' dir='ltr' id='par_1_36' title="bbox 2159 1078 3787 1150">
     <span class='ocr_line' id='line_1_36' title="bbox 2159 1078 3787 1150; baseline 0.001 -17"><span class='ocrx_word' id='word_1_287' title='bbox 2159 1094 2247 1134; x_wconf 89' lang='lat' dir='ltr'><strong>res</strong></span> <span class='ocrx_word' id='word_1_288' title='bbox 2274 1080 2545 1150; x_wconf 88' lang='lat' dir='ltr'><strong>projicere</strong></span> <span class='ocrx_word' id='word_1_289' title='bbox 2592 1079 2764 1135; x_wconf 86' lang='lat' dir='ltr'><strong>micas</strong></span> <span class='ocrx_word' id='word_1_290' title='bbox 2815 1078 2992 1150; x_wconf 89' lang='lat' dir='ltr'><strong>panis,</strong></span> <span class='ocrx_word' id='word_1_291' title='bbox 3026 1086 3086 1133; x_wconf 91' lang='lat' dir='ltr'><strong>ut</strong></span> <span class='ocrx_word' id='word_1_292' title='bbox 3124 1078 3169 1132; x_wconf 88' lang='lat' dir='ltr'><strong>si</strong></span> <span class='ocrx_word' id='word_1_293' title='bbox 3210 1078 3337 1150; x_wconf 86' lang='lat' dir='ltr'><strong>quis</strong></span> <span class='ocrx_word' id='word_1_294' title='bbox 3364 1079 3434 1133; x_wconf 91' lang='lat' dir='ltr'><strong>de</strong></span> <span class='ocrx_word' id='word_1_295' title='bbox 3463 1078 3787 1135; x_wconf 91' lang='lat' dir='ltr'><strong>volucribus</strong></span> 
     </span>
    </p>
   </div>
   <div class='ocr_carea' id='block_1_37' title="bbox 2158 1173 3793 1247">
    <p class='ocr_par' dir='ltr' id='par_1_37' title="bbox 2158 1173 3793 1247">
     <span class='ocr_line' id='line_1_37' title="bbox 2158 1173 3793 1247; baseline 0 -18"><span class='ocrx_word' id='word_1_296' title='bbox 2158 1192 2325 1247; x_wconf 89' lang='lat' dir='ltr'><strong>supra</strong></span> <span class='ocrx_word' id='word_1_297' title='bbox 2377 1176 2631 1239; x_wconf 84' lang='lat' dir='ltr'><strong>sedisset,</strong></span> <span class='ocrx_word' id='word_1_298' title='bbox 2700 1175 2756 1229; x_wconf 93' lang='lat' dir='ltr'><strong>in</strong></span> <span class='ocrx_word' id='word_1_299' title='bbox 2810 1175 3035 1229; x_wconf 89' lang='lat' dir='ltr'><strong>nomine</strong></span> <span class='ocrx_word' id='word_1_300' title='bbox 3098 1173 3369 1229; x_wconf 87' lang='lat' dir='ltr'><strong>Creatoris</strong></span> <span class='ocrx_word' id='word_1_301' title='bbox 3420 1173 3538 1229; x_wconf 91' lang='lat' dir='ltr'><strong>illic</strong></span> <span class='ocrx_word' id='word_1_302' title='bbox 3595 1174 3793 1229; x_wconf 82' lang='lat' dir='ltr'><strong>alimo-</strong></span> 
     </span>
    </p>
   </div>
   <div class='ocr_carea' id='block_1_38' title="bbox 2158 1264 3794 1337">
    <p class='ocr_par' dir='ltr' id='par_1_38' title="bbox 2158 1264 3794 1337">
     <span class='ocr_line' id='line_1_38' title="bbox 2158 1264 3794 1337; baseline -0.001 -18"><span class='ocrx_word' id='word_1_303' title='bbox 2158 1266 2303 1319; x_wconf 90' lang='lat' dir='ltr'><strong>niam</strong></span> <span class='ocrx_word' id='word_1_304' title='bbox 2355 1265 2645 1321; x_wconf 85' lang='lat' dir='ltr'><strong>inveniret.</strong></span> <span class='ocrx_word' id='word_1_305' title='bbox 2696 1264 2861 1320; x_wconf 87' lang='lat' dir='ltr'><strong>Porro</strong></span> <span class='ocrx_word' id='word_1_306' title='bbox 2919 1264 3255 1336; x_wconf 88' lang='lat' dir='ltr'><strong>ubicumque</strong></span> <span class='ocrx_word' id='word_1_307' title='bbox 3314 1264 3417 1319; x_wconf 91' lang='lat' dir='ltr'><strong>iter</strong></span> <span class='ocrx_word' id='word_1_308' title='bbox 3476 1264 3611 1337; x_wconf 85' lang='lat' dir='ltr'><strong>egit,</strong></span> <span class='ocrx_word' id='word_1_309' title='bbox 3639 1264 3794 1333; x_wconf 81' lang='lat' dir='ltr'><strong>juxta</strong></span> 
     </span>
    </p>
   </div>
   <div class='ocr_carea' id='block_1_39' title="bbox 2157 1356 3791 1431">
    <p class='ocr_par' dir='ltr' id='par_1_39' title="bbox 2157 1356 3791 1431">
     <span class='ocr_line' id='line_1_39' title="bbox 2157 1356 3791 1431; baseline -0.001 -19"><span class='ocrx_word' id='word_1_310' title='bbox 2157 1374 2376 1412; x_wconf 89' lang='lat' dir='ltr'><strong>currum</strong></span> <span class='ocrx_word' id='word_1_311' title='bbox 2440 1358 2699 1412; x_wconf 88' lang='lat' dir='ltr'><strong>candelas</strong></span> <span class='ocrx_word' id='word_1_312' title='bbox 2791 1357 2995 1428; x_wconf 87' lang='lat' dir='ltr'><strong>portari</strong></span> <span class='ocrx_word' id='word_1_313' title='bbox 3074 1356 3259 1425; x_wconf 87' lang='lat' dir='ltr'><strong>jussit.</strong></span> <span class='ocrx_word' id='word_1_314' title='bbox 3342 1372 3482 1427; x_wconf 84' lang='lat' dir='ltr'><strong>quas</strong></span> <span class='ocrx_word' id='word_1_315' title='bbox 3548 1356 3791 1431; x_wconf 88' lang='lat' dir='ltr'><strong>singulis</strong></span> 
     </span>
    </p>
   </div>
   <div class='ocr_carea' id='block_1_40' title="bbox 2159 1450 3795 1523">
    <p class='ocr_par' dir='ltr' id='par_1_40' title="bbox 2159 1450 3795 1523">
     <span class='ocr_line' id='line_1_40' title="bbox 2159 1450 3795 1523; baseline 0 -18"><span class='ocrx_word' id='word_1_316' title='bbox 2159 1451 2433 1507; x_wconf 88' lang='lat' dir='ltr'><strong>divideret</strong></span> <span class='ocrx_word' id='word_1_317' title='bbox 2510 1452 2785 1518; x_wconf 90' lang='lat' dir='ltr'><strong>oratoriis,</strong></span> <span class='ocrx_word' id='word_1_318' title='bbox 2863 1460 2918 1507; x_wconf 91' lang='lat' dir='ltr'><strong>et</strong></span> <span class='ocrx_word' id='word_1_319' title='bbox 2983 1451 3146 1505; x_wconf 87' lang='lat' dir='ltr'><strong>simul</strong></span> <span class='ocrx_word' id='word_1_320' title='bbox 3213 1450 3392 1519; x_wconf 85' lang='lat' dir='ltr'><strong>cibos,</strong></span> <span class='ocrx_word' id='word_1_321' title='bbox 3459 1451 3666 1523; x_wconf 88' lang='lat' dir='ltr'><strong>quibus</strong></span> <span class='ocrx_word' id='word_1_322' title='bbox 3740 1451 3795 1506; x_wconf 91' lang='lat' dir='ltr'><strong>in</strong></span> 
     </span>
    </p>
   </div>
   <div class='ocr_carea' id='block_1_41' title="bbox 2160 1537 3796 1612">
    <p class='ocr_par' dir='ltr' id='par_1_41' title="bbox 2160 1537 3796 1612">
     <span class='ocr_line' id='line_1_41' title="bbox 2160 1537 3796 1612; baseline 0.001 -18"><span class='ocrx_word' id='word_1_323' title='bbox 2160 1539 2360 1594; x_wconf 87' lang='lat' dir='ltr'><strong>itinere</strong></span> <span class='ocrx_word' id='word_1_324' title='bbox 2453 1540 2742 1595; x_wconf 89' lang='lat' dir='ltr'><strong>obviantes</strong></span> <span class='ocrx_word' id='word_1_325' title='bbox 2845 1537 3096 1595; x_wconf 85' lang='lat' dir='ltr'><strong>reﬁceret</strong></span> <span class='ocrx_word' id='word_1_326' title='bbox 3177 1554 3405 1612; x_wconf 85' lang='lat' dir='ltr'><strong>egenos.</strong></span> <span class='ocrx_word' id='word_1_327' title='bbox 3489 1540 3583 1594; x_wconf 91' lang='lat' dir='ltr'><strong>Sin</strong></span> <span class='ocrx_word' id='word_1_328' title='bbox 3691 1557 3796 1595; x_wconf 83' lang='lat' dir='ltr'><strong>au-</strong></span> 
     </span>
    </p>
   </div>
   <div class='ocr_carea' id='block_1_42' title="bbox 2162 1628 3790 1700">
    <p class='ocr_par' dir='ltr' id='par_1_42' title="bbox 2162 1628 3790 1700">
     <span class='ocr_line' id='line_1_42' title="bbox 2162 1628 3790 1700; baseline -0.001 -16"><span class='ocrx_word' id='word_1_329' title='bbox 2162 1637 2269 1685; x_wconf 91' lang='lat' dir='ltr'><strong>tem</strong></span> <span class='ocrx_word' id='word_1_330' title='bbox 2316 1630 2631 1684; x_wconf 90' lang='lat' dir='ltr'><strong>intenderet</strong></span> <span class='ocrx_word' id='word_1_331' title='bbox 2689 1629 2914 1684; x_wconf 90' lang='lat' dir='ltr'><strong>lectioni</strong></span> <span class='ocrx_word' id='word_1_332' title='bbox 2972 1629 3056 1683; x_wconf 86' lang='lat' dir='ltr'><strong>vel</strong></span> <span class='ocrx_word' id='word_1_333' title='bbox 3113 1628 3449 1700; x_wconf 91' lang='lat' dir='ltr'><strong>psalmorum</strong></span> <span class='ocrx_word' id='word_1_334' title='bbox 3513 1629 3790 1685; x_wconf 89' lang='lat' dir='ltr'><strong>decanta-</strong></span> 
     </span>
    </p>
   </div>
   <div class='ocr_carea' id='block_1_43' title="bbox 2164 1717 3795 1789">
    <p class='ocr_par' dir='ltr' id='par_1_43' title="bbox 2164 1717 3795 1789">
     <span class='ocr_line' id='line_1_43' title="bbox 2164 1717 3795 1789; baseline 0.001 -18"><span class='ocrx_word' id='word_1_335' title='bbox 2164 1717 2319 1783; x_wconf 88' lang='lat' dir='ltr'><strong>tioni,</strong></span> <span class='ocrx_word' id='word_1_336' title='bbox 2371 1724 2428 1772; x_wconf 90' lang='lat' dir='ltr'><strong>ut</strong></span> <span class='ocrx_word' id='word_1_337' title='bbox 2482 1718 2601 1788; x_wconf 87' lang='lat' dir='ltr'><strong>ipsa</strong></span> <span class='ocrx_word' id='word_1_338' title='bbox 2660 1724 3059 1788; x_wconf 60' lang='lat' dir='ltr'><strong>praetereuntes</strong></span> <span class='ocrx_word' id='word_1_339' title='bbox 3114 1717 3304 1773; x_wconf 89' lang='lat' dir='ltr'><strong>videre</strong></span> <span class='ocrx_word' id='word_1_340' title='bbox 3393 1733 3502 1773; x_wconf 92' lang='lat' dir='ltr'><strong>non</strong></span> <span class='ocrx_word' id='word_1_341' title='bbox 3576 1727 3795 1789; x_wconf 87' lang='lat' dir='ltr'><strong>posset,</strong></span> 
     </span>
    </p>
   </div>
   <div class='ocr_carea' id='block_1_44' title="bbox 2161 1811 3800 1883">
    <p class='ocr_par' dir='ltr' id='par_1_44' title="bbox 2161 1811 3800 1883">
     <span class='ocr_line' id='line_1_44' title="bbox 2161 1811 3800 1883; baseline 0 -17"><span class='ocrx_word' id='word_1_342' title='bbox 2161 1820 2253 1867; x_wconf 91' lang='lat' dir='ltr'><strong>aut</strong></span> <span class='ocrx_word' id='word_1_343' title='bbox 2273 1811 2316 1866; x_wconf 91' lang='lat' dir='ltr'><strong>si</strong></span> <span class='ocrx_word' id='word_1_344' title='bbox 2350 1818 2515 1882; x_wconf 89' lang='lat' dir='ltr'><strong>caput</strong></span> <span class='ocrx_word' id='word_1_345' title='bbox 2544 1827 2738 1866; x_wconf 90' lang='lat' dir='ltr'><strong>somno</strong></span> <span class='ocrx_word' id='word_1_346' title='bbox 2784 1811 3162 1878; x_wconf 89' lang='lat' dir='ltr'><strong>inclinaverat,</strong></span> <span class='ocrx_word' id='word_1_347' title='bbox 3200 1812 3332 1883; x_wconf 90' lang='lat' dir='ltr'><strong>quia</strong></span> <span class='ocrx_word' id='word_1_348' title='bbox 3385 1812 3444 1866; x_wconf 92' lang='lat' dir='ltr'><strong>in</strong></span> <span class='ocrx_word' id='word_1_349' title='bbox 3471 1811 3637 1867; x_wconf 91' lang='lat' dir='ltr'><strong>bonis</strong></span> <span class='ocrx_word' id='word_1_350' title='bbox 3664 1813 3800 1868; x_wconf 91' lang='lat' dir='ltr'><strong>acti-</strong></span> 
     </span>
    </p>
   </div>
   <div class='ocr_carea' id='block_1_45' title="bbox 2160 1900 3789 1976">
    <p class='ocr_par' dir='ltr' id='par_1_45' title="bbox 2160 1900 3789 1976">
     <span class='ocr_line' id='line_1_45' title="bbox 2160 1900 3789 1976; baseline 0.001 -23"><span class='ocrx_word' id='word_1_351' title='bbox 2160 1900 2264 1954; x_wconf 91' lang='lat' dir='ltr'><strong>bus</strong></span> <span class='ocrx_word' id='word_1_352' title='bbox 2280 1907 2495 1955; x_wconf 90' lang='lat' dir='ltr'><strong>noctem</strong></span> <span class='ocrx_word' id='word_1_353' title='bbox 2519 1900 2850 1973; x_wconf 85' lang='lat' dir='ltr'><strong>pervigilem</strong></span> <span class='ocrx_word' id='word_1_354' title='bbox 2905 1900 3111 1955; x_wconf 88' lang='lat' dir='ltr'><strong>ducere</strong></span> <span class='ocrx_word' id='word_1_355' title='bbox 3139 1900 3376 1967; x_wconf 83' lang='lat' dir='ltr'><strong>solebat,</strong></span> <span class='ocrx_word' id='word_1_356' title='bbox 3411 1900 3789 1976; x_wconf 84' lang='lat' dir='ltr'><strong>Richburgam</strong></span> 
     </span>
    </p>
   </div>
   <div class='ocr_carea' id='block_1_46' title="bbox 2160 1991 3798 2065">
    <p class='ocr_par' dir='ltr' id='par_1_46' title="bbox 2160 1991 3798 2065">
     <span class='ocr_line' id='line_1_46' title="bbox 2160 1991 3798 2065; baseline 0.001 -20"><span class='ocrx_word' id='word_1_357' title='bbox 2160 1991 2265 2045; x_wconf 92' lang='lat' dir='ltr'><strong>sibi</strong></span> <span class='ocrx_word' id='word_1_358' title='bbox 2292 1992 2690 2046; x_wconf 90' lang='lat' dir='ltr'><strong>ministrantem</strong></span> <span class='ocrx_word' id='word_1_359' title='bbox 2707 1991 3182 2047; x_wconf 90' lang='lat' dir='ltr'><strong>sanctimonialem</strong></span> <span class='ocrx_word' id='word_1_360' title='bbox 3209 1991 3462 2062; x_wconf 61' lang='lat' dir='ltr'><strong>praecipit</strong></span> <span class='ocrx_word' id='word_1_361' title='bbox 3492 1991 3798 2065; x_wconf 91' lang='lat' dir='ltr'><strong>diligenter</strong></span> 
     </span>
    </p>
   </div>
   <div class='ocr_carea' id='block_1_47' title="bbox 2162 2079 3797 2151">
    <p class='ocr_par' dir='ltr' id='par_1_47' title="bbox 2162 2079 3797 2151">
     <span class='ocr_line' id='line_1_47' title="bbox 2162 2079 3797 2151; baseline 0 -16"><span class='ocrx_word' id='word_1_362' title='bbox 2162 2081 2476 2147; x_wconf 91' lang='lat' dir='ltr'><strong>observare,</strong></span> <span class='ocrx_word' id='word_1_363' title='bbox 2510 2087 2567 2135; x_wconf 93' lang='lat' dir='ltr'><strong>ut</strong></span> <span class='ocrx_word' id='word_1_364' title='bbox 2598 2080 2783 2134; x_wconf 90' lang='lat' dir='ltr'><strong>nullus</strong></span> <span class='ocrx_word' id='word_1_365' title='bbox 2814 2080 3093 2150; x_wconf 74' lang='lat' dir='ltr'><strong>praeterire</strong></span> <span class='ocrx_word' id='word_1_366' title='bbox 3124 2095 3429 2151; x_wconf 85' lang='lat' dir='ltr'><strong>pauperum</strong></span> <span class='ocrx_word' id='word_1_367' title='bbox 3458 2079 3797 2135; x_wconf 80' lang='lat' dir='ltr'><strong>insalutatus</strong></span> 
     </span>
    </p>
   </div>
   <div class='ocr_carea' id='block_1_48' title="bbox 2160 2171 3798 2246">
    <p class='ocr_par' dir='ltr' id='par_1_48' title="bbox 2160 2171 3798 2246">
     <span class='ocr_line' id='line_1_48' title="bbox 2160 2171 3798 2246; baseline 0.002 -20"><span class='ocrx_word' id='word_1_368' title='bbox 2160 2171 2333 2226; x_wconf 90' lang='lat' dir='ltr'><strong>velde</strong></span> <span class='ocrx_word' id='word_1_369' title='bbox 2358 2173 2471 2226; x_wconf 86' lang='lat' dir='ltr'><strong>suis</strong></span> <span class='ocrx_word' id='word_1_370' title='bbox 2498 2172 2885 2246; x_wconf 88' lang='lat' dir='ltr'><strong>largitionibus</strong></span> <span class='ocrx_word' id='word_1_371' title='bbox 2940 2188 3051 2227; x_wconf 92' lang='lat' dir='ltr'><strong>non</strong></span> <span class='ocrx_word' id='word_1_372' title='bbox 3105 2172 3147 2207; x_wconf 76' lang='grc'><strong>⁸⁷</strong></span> <span class='ocrx_word' id='word_1_373' title='bbox 3209 2179 3504 2227; x_wconf 90' lang='lat' dir='ltr'><strong>recreatus.</strong></span> <span class='ocrx_word' id='word_1_374' title='bbox 3559 2172 3619 2227; x_wconf 92' lang='lat' dir='ltr'><strong>Si</strong></span> <span class='ocrx_word' id='word_1_375' title='bbox 3662 2189 3798 2229; x_wconf 85' lang='lat' dir='ltr'><strong>vero</strong></span> 
     </span>
    </p>
   </div>
   <div class='ocr_carea' id='block_1_49' title="bbox 2162 2260 3794 2335">
    <p class='ocr_par' dir='ltr' id='par_1_49' title="bbox 2162 2260 3794 2335">
     <span class='ocr_line' id='line_1_49' title="bbox 2162 2260 3794 2335; baseline 0.001 -20"><span class='ocrx_word' id='word_1_376' title='bbox 2162 2262 2254 2316; x_wconf 93' lang='lat' dir='ltr'><strong>illa</strong></span> <span class='ocrx_word' id='word_1_377' title='bbox 2285 2262 2600 2335; x_wconf 87' lang='lat' dir='ltr'><strong>negligente</strong></span> <span class='ocrx_word' id='word_1_378' title='bbox 2626 2261 2827 2333; x_wconf 92' lang='lat' dir='ltr'><strong>aliquis</strong></span> <span class='ocrx_word' id='word_1_379' title='bbox 2849 2260 3171 2332; x_wconf 89' lang='lat' dir='ltr'><strong>pertransiit</strong></span> <span class='ocrx_word' id='word_1_380' title='bbox 3202 2260 3485 2334; x_wconf 89' lang='lat' dir='ltr'><strong>egentium</strong></span> <span class='ocrx_word' id='word_1_381' title='bbox 3519 2276 3631 2317; x_wconf 92' lang='lat' dir='ltr'><strong>non</strong></span> <span class='ocrx_word' id='word_1_382' title='bbox 3660 2278 3794 2334; x_wconf 82' lang='lat' dir='ltr'><strong>per-</strong></span> 
     </span>
    </p>
   </div>
   <div class='ocr_carea' id='block_1_50' title="bbox 2162 2350 3799 2422">
    <p class='ocr_par' dir='ltr' id='par_1_50' title="bbox 2162 2350 3799 2422">
     <span class='ocr_line' id='line_1_50' title="bbox 2162 2350 3799 2422; baseline 0.001 -17"><span class='ocrx_word' id='word_1_383' title='bbox 2162 2350 2376 2421; x_wconf 89' lang='lat' dir='ltr'><strong>cipiens</strong></span> <span class='ocrx_word' id='word_1_384' title='bbox 2397 2351 2741 2416; x_wconf 90' lang='lat' dir='ltr'><strong>alimentum,</strong></span> <span class='ocrx_word' id='word_1_385' title='bbox 2769 2350 2950 2405; x_wconf 88' lang='lat' dir='ltr'><strong>statim</strong></span> <span class='ocrx_word' id='word_1_386' title='bbox 3005 2356 3170 2422; x_wconf 87' lang='lat' dir='ltr'><strong>caput</strong></span> <span class='ocrx_word' id='word_1_387' title='bbox 3198 2350 3425 2406; x_wconf 91' lang='lat' dir='ltr'><strong>elevans</strong></span> <span class='ocrx_word' id='word_1_388' title='bbox 3470 2351 3541 2405; x_wconf 82' lang='lat' dir='ltr'><strong>de</strong></span> <span class='ocrx_word' id='word_1_389' title='bbox 3571 2367 3799 2419; x_wconf 89' lang='lat' dir='ltr'><strong>somno,</strong></span> 
     </span>
    </p>
   </div>
   <div class='ocr_carea' id='block_1_51' title="bbox 2163 2442 3796 2515">
    <p class='ocr_par' dir='ltr' id='par_1_51' title="bbox 2163 2442 3796 2515">
     <span class='ocr_line' id='line_1_51' title="bbox 2163 2442 3796 2515; baseline 0.001 -19"><span class='ocrx_word' id='word_1_390' title='bbox 2163 2442 2318 2513; x_wconf 90' lang='lat' dir='ltr'><strong>quasi</strong></span> <span class='ocrx_word' id='word_1_391' title='bbox 2387 2442 2581 2513; x_wconf 90' lang='lat' dir='ltr'><strong>spiritu</strong></span> <span class='ocrx_word' id='word_1_392' title='bbox 2647 2443 2950 2514; x_wconf 66' lang='lat' dir='ltr'><strong>pr0phetiaa</strong></span> <span class='ocrx_word' id='word_1_393' title='bbox 3003 2444 3188 2514; x_wconf 91' lang='lat' dir='ltr'><strong>plena,</strong></span> <span class='ocrx_word' id='word_1_394' title='bbox 3249 2444 3497 2515; x_wconf 64' lang='lat' dir='ltr'><strong>praecipit</strong></span> <span class='ocrx_word' id='word_1_395' title='bbox 3565 2460 3796 2499; x_wconf 89' lang='lat' dir='ltr'><strong>currum</strong></span> 
     </span>
    </p>
   </div>
   <div class='ocr_carea' id='block_1_52' title="bbox 2166 2531 3802 2605">
    <p class='ocr_par' dir='ltr' id='par_1_52' title="bbox 2166 2531 3802 2605">
     <span class='ocr_line' id='line_1_52' title="bbox 2166 2531 3802 2605; baseline 0.002 -20"><span class='ocrx_word' id='word_1_396' title='bbox 2166 2538 2308 2585; x_wconf 89' lang='lat' dir='ltr'><strong>stare</strong></span> <span class='ocrx_word' id='word_1_397' title='bbox 2341 2538 2395 2585; x_wconf 92' lang='lat' dir='ltr'><strong>et</strong></span> <span class='ocrx_word' id='word_1_398' title='bbox 2416 2547 2651 2605; x_wconf 86' lang='lat' dir='ltr'><strong>egenum</strong></span> <span class='ocrx_word' id='word_1_399' title='bbox 2701 2531 2794 2603; x_wconf 93' lang='lat' dir='ltr'><strong>qui</strong></span> <span class='ocrx_word' id='word_1_400' title='bbox 2836 2532 3131 2587; x_wconf 90' lang='lat' dir='ltr'><strong>transierat</strong></span> <span class='ocrx_word' id='word_1_401' title='bbox 3183 2547 3464 2598; x_wconf 80' lang='lat' dir='ltr'><strong>revocare,</strong></span> <span class='ocrx_word' id='word_1_402' title='bbox 3536 2533 3802 2603; x_wconf 67' lang='lat' dir='ltr'><strong>praebens</strong></span> 
     </span>
    </p>
   </div>
   <div class='ocr_carea' id='block_1_53' title="bbox 2168 2622 3803 2697">
    <p class='ocr_par' dir='ltr' id='par_1_53' title="bbox 2168 2622 3803 2697">
     <span class='ocr_line' id='line_1_53' title="bbox 2168 2622 3803 2697; baseline 0.002 -20"><span class='ocrx_word' id='word_1_403' title='bbox 2168 2622 2244 2677; x_wconf 91' lang='lat' dir='ltr'><strong>illi</strong></span> <span class='ocrx_word' id='word_1_404' title='bbox 2268 2623 2470 2678; x_wconf 92' lang='lat' dir='ltr'><strong>victum</strong></span> <span class='ocrx_word' id='word_1_405' title='bbox 2484 2640 2581 2678; x_wconf 90' lang='lat' dir='ltr'><strong>seu</strong></span> <span class='ocrx_word' id='word_1_406' title='bbox 2612 2622 2761 2678; x_wconf 89' lang='lat' dir='ltr'><strong>aliud</strong></span> <span class='ocrx_word' id='word_1_407' title='bbox 2781 2623 3153 2679; x_wconf 89' lang='lat' dir='ltr'><strong>necessarium</strong></span> <span class='ocrx_word' id='word_1_408' title='bbox 3202 2624 3329 2680; x_wconf 88' lang='lat' dir='ltr'><strong>Post</strong></span> <span class='ocrx_word' id='word_1_409' title='bbox 3352 2624 3470 2679; x_wconf 74' lang='lat' dir='ltr'><strong>haec</strong></span> <span class='ocrx_word' id='word_1_410' title='bbox 3487 2624 3803 2697; x_wconf 87' lang='lat' dir='ltr'><strong>paullisper</strong></span> 
     </span>
    </p>
   </div>
   <div class='ocr_carea' id='block_1_54' title="bbox 2168 2712 3802 2777">
    <p class='ocr_par' dir='ltr' id='par_1_54' title="bbox 2168 2712 3802 2777">
     <span class='ocr_line' id='line_1_54' title="bbox 2168 2712 3802 2777; baseline 0.001 -10"><span class='ocrx_word' id='word_1_411' title='bbox 2168 2720 2463 2777; x_wconf 90' lang='lat' dir='ltr'><strong>commota,</strong></span> <span class='ocrx_word' id='word_1_412' title='bbox 2494 2712 2972 2768; x_wconf 85' lang='lat' dir='ltr'><strong>sanctimonialem</strong></span> <span class='ocrx_word' id='word_1_413' title='bbox 3004 2713 3339 2768; x_wconf 84' lang='lat' dir='ltr'><strong>salutaribus</strong></span> <span class='ocrx_word' id='word_1_414' title='bbox 3379 2712 3569 2768; x_wconf 84' lang='lat' dir='ltr'><strong>verbis</strong></span> <span class='ocrx_word' id='word_1_415' title='bbox 3602 2715 3802 2770; x_wconf 84' lang='lat' dir='ltr'><strong>admo-</strong></span> 
     </span>
    </p>
   </div>
   <div class='ocr_carea' id='block_1_55' title="bbox 2168 2802 3799 2877">
    <p class='ocr_par' dir='ltr' id='par_1_55' title="bbox 2168 2802 3799 2877">
     <span class='ocr_line' id='line_1_55' title="bbox 2168 2802 3799 2877; baseline 0.001 -19"><span class='ocrx_word' id='word_1_416' title='bbox 2168 2804 2307 2870; x_wconf 88' lang='lat' dir='ltr'><strong>nuit,</strong></span> <span class='ocrx_word' id='word_1_417' title='bbox 2339 2814 2398 2859; x_wconf 92' lang='lat' dir='ltr'><strong>ut</strong></span> <span class='ocrx_word' id='word_1_418' title='bbox 2446 2804 2711 2874; x_wconf 87' lang='lat' dir='ltr'><strong>deinceps</strong></span> <span class='ocrx_word' id='word_1_419' title='bbox 2751 2802 3069 2877; x_wconf 86' lang='lat' dir='ltr'><strong>diligentius</strong></span> <span class='ocrx_word' id='word_1_420' title='bbox 3131 2805 3469 2872; x_wconf 79' lang='lat' dir='ltr'><strong>observaret,</strong></span> <span class='ocrx_word' id='word_1_421' title='bbox 3522 2805 3799 2877; x_wconf 91' lang='lat' dir='ltr'><strong>quidquid</strong></span> 
     </span>
    </p>
   </div>
   <div class='ocr_carea' id='block_1_56' title="bbox 2166 2890 3797 2967">
    <p class='ocr_par' dir='ltr' id='par_1_56' title="bbox 2166 2890 3797 2967">
     <span class='ocr_line' id='line_1_56' title="bbox 2166 2890 3797 2967; baseline 0.002 -23"><span class='ocrx_word' id='word_1_422' title='bbox 2166 2905 2278 2945; x_wconf 70' lang='lat' dir='ltr'><strong>sua:</strong></span> <span class='ocrx_word' id='word_1_423' title='bbox 2297 2890 2423 2946; x_wconf 87' lang='lat' dir='ltr'><strong>ﬁdei</strong></span> <span class='ocrx_word' id='word_1_424' title='bbox 2463 2892 2925 2947; x_wconf 87' lang='lat' dir='ltr'><strong>commendasset.</strong></span> <span class='ocrx_word' id='word_1_425' title='bbox 2959 2893 3071 2949; x_wconf 73' lang='lat' dir='ltr'><strong>Vox</strong></span> <span class='ocrx_word' id='word_1_426' title='bbox 3114 2893 3275 2967; x_wconf 84' lang='lat' dir='ltr'><strong>egeni</strong></span> <span class='ocrx_word' id='word_1_427' title='bbox 3312 2909 3613 2965; x_wconf 90' lang='lat' dir='ltr'><strong>numquam</strong></span> <span class='ocrx_word' id='word_1_428' title='bbox 3641 2895 3797 2966; x_wconf 88' lang='lat' dir='ltr'><strong>apud</strong></span> 
     </span>
    </p>
   </div>
   <div class='ocr_carea' id='block_1_57' title="bbox 2168 2978 3796 3055">
    <p class='ocr_par' dir='ltr' id='par_1_57' title="bbox 2168 2978 3796 3055">
     <span class='ocr_line' id='line_1_57' title="bbox 2168 2978 3796 3055; baseline 0.004 -23"><span class='ocrx_word' id='word_1_429' title='bbox 2168 2978 2317 3033; x_wconf 90' lang='lat' dir='ltr'><strong>illam</strong></span> <span class='ocrx_word' id='word_1_430' title='bbox 2348 2980 2591 3036; x_wconf 88' lang='lat' dir='ltr'><strong>inaniter</strong></span> <span class='ocrx_word' id='word_1_431' title='bbox 2632 2981 2841 3049; x_wconf 89' lang='lat' dir='ltr'><strong>sonuit,</strong></span> <span class='ocrx_word' id='word_1_432' title='bbox 2901 2997 3005 3037; x_wconf 91' lang='lat' dir='ltr'><strong>nec</strong></span> <span class='ocrx_word' id='word_1_433' title='bbox 3048 2982 3167 3053; x_wconf 86' lang='lat' dir='ltr'><strong>ipsa</strong></span> <span class='ocrx_word' id='word_1_434' title='bbox 3214 2982 3383 3038; x_wconf 90' lang='lat' dir='ltr'><strong>surda</strong></span> <span class='ocrx_word' id='word_1_435' title='bbox 3427 2983 3699 3055; x_wconf 64' lang='lat' dir='ltr'><strong>preteriit</strong></span> <span class='ocrx_word' id='word_1_436' title='bbox 3727 2984 3796 3039; x_wconf 72' lang='lat'><strong>“.</strong></span> 
     </span>
    </p>
   </div>
   <div class='ocr_carea' id='block_1_58' title="bbox 2167 3070 3799 3148">
    <p class='ocr_par' dir='ltr' id='par_1_58' title="bbox 2167 3070 3799 3148">
     <span class='ocr_line' id='line_1_58' title="bbox 2167 3070 3799 3148; baseline 0.004 -23"><span class='ocrx_word' id='word_1_437' title='bbox 2167 3070 2284 3127; x_wconf 87' lang='lat' dir='ltr'><strong>Non</strong></span> <span class='ocrx_word' id='word_1_438' title='bbox 2343 3072 2526 3128; x_wconf 89' lang='lat' dir='ltr'><strong>minor</strong></span> <span class='ocrx_word' id='word_1_439' title='bbox 2557 3080 2673 3128; x_wconf 89' lang='lat' dir='ltr'><strong>erat</strong></span> <span class='ocrx_word' id='word_1_440' title='bbox 2715 3074 3112 3130; x_wconf 71' lang='lat' dir='ltr'><strong>misericordia:</strong></span> <span class='ocrx_word' id='word_1_441' title='bbox 3143 3091 3298 3143; x_wconf 89' lang='lat' dir='ltr'><strong>usus,</strong></span> <span class='ocrx_word' id='word_1_442' title='bbox 3329 3091 3494 3147; x_wconf 86' lang='lat' dir='ltr'><strong>quam</strong></span> <span class='ocrx_word' id='word_1_443' title='bbox 3537 3076 3608 3130; x_wconf 91' lang='lat' dir='ltr'><strong>de</strong></span> <span class='ocrx_word' id='word_1_444' title='bbox 3633 3076 3799 3148; x_wconf 91' lang='lat' dir='ltr'><strong>plebe</strong></span> 
     </span>
    </p>
   </div>
   <div class='ocr_carea' id='block_1_59' title="bbox 449 3127 2062 3238">
    <p class='ocr_par' dir='ltr' id='par_1_59' title="bbox 449 3127 2062 3227">
     <span class='ocr_line' id='line_1_59' title="bbox 449 3127 2062 3227; baseline -0.007 -11"><span class='ocrx_word' id='word_1_445' title='bbox 449 3127 852 3216; x_wconf 71' lang='lat' dir='ltr'><strong>delectamenta</strong></span> <span class='ocrx_word' id='word_1_446' title='bbox 882 3158 927 3192; x_wconf 78' lang='grc' dir='ltr'><strong>δο</strong></span> <span class='ocrx_word' id='word_1_447' title='bbox 966 3156 1197 3227; x_wconf 87' lang='lat' dir='ltr'><strong>respuit,</strong></span> <span class='ocrx_word' id='word_1_448' title='bbox 1229 3162 1285 3210; x_wconf 92' lang='lat' dir='ltr'><strong>et</strong></span> <span class='ocrx_word' id='word_1_449' title='bbox 1314 3162 1427 3211; x_wconf 85' lang='lat' dir='ltr'><strong>tota</strong></span> <span class='ocrx_word' id='word_1_450' title='bbox 1453 3156 1493 3190; x_wconf 79' lang='grc'>⁶¹</span> <span class='ocrx_word' id='word_1_451' title='bbox 1546 3154 1856 3209; x_wconf 90' lang='lat' dir='ltr'><strong>intentione</strong></span> <span class='ocrx_word' id='word_1_452' title='bbox 1883 3152 2062 3207; x_wconf 85' lang='lat' dir='ltr'><strong>divino</strong></span> 
     </span>
    </p>
   </div>
   <div class='ocr_carea' id='block_1_60' title="bbox 2164 3127 3803 3238">
    <p class='ocr_par' dir='ltr' id='par_1_60' title="bbox 2169 3127 3803 3238">
     <span class='ocr_line' id='line_1_60' title="bbox 2661 3127 3796 3148; baseline 0.001 -17"><span class='ocrx_word' id='word_1_453' title='bbox 2661 3127 2664 3128; x_wconf 34' lang='grc' dir='ltr'><em>ν</em></span> <span class='ocrx_word' id='word_1_454' title='bbox 3336 3127 3493 3147; x_wconf 41' lang='lat'><strong>1------</strong></span> <span class='ocrx_word' id='word_1_455' title='bbox 3546 3127 3604 3130; x_wconf 39' lang='grc' dir='ltr'><strong>ρ-</strong></span> <span class='ocrx_word' id='word_1_456' title='bbox 3634 3127 3796 3148; x_wconf 44' lang='lat' dir='ltr'><strong>rm-</strong></span> 
     </span>
     <span class='ocr_line' id='line_1_61' title="bbox 2169 3165 3803 3238; baseline 0.002 -18"><span class='ocrx_word' id='word_1_457' title='bbox 2169 3180 2509 3229; x_wconf 87' lang='lat' dir='ltr'><strong>concursus;</strong></span> <span class='ocrx_word' id='word_1_458' title='bbox 2544 3181 2646 3219; x_wconf 91' lang='lat' dir='ltr'><strong>nec</strong></span> <span class='ocrx_word' id='word_1_459' title='bbox 2671 3165 2899 3221; x_wconf 89' lang='lat' dir='ltr'><strong>deerant</strong></span> <span class='ocrx_word' id='word_1_460' title='bbox 2929 3167 3333 3238; x_wconf 80' lang='lat' dir='ltr'><strong>quilpeterent,</strong></span> <span class='ocrx_word' id='word_1_461' title='bbox 3366 3183 3471 3223; x_wconf 90' lang='lat' dir='ltr'><strong>nec</strong></span> <span class='ocrx_word' id='word_1_462' title='bbox 3501 3165 3803 3224; x_wconf 88' lang='lat' dir='ltr'><strong>deﬁciebat</strong></span> 
     </span>
    </p>
   </div>
   <div class='ocr_carea' id='block_1_61' title="bbox 450 3244 2067 3313">
    <p class='ocr_par' dir='ltr' id='par_1_61' title="bbox 450 3244 2067 3313">
     <span class='ocr_line' id='line_1_62' title="bbox 450 3244 2067 3313; baseline -0.006 -5"><span class='ocrx_word' id='word_1_463' title='bbox 450 3252 737 3308; x_wconf 85' lang='lat' dir='ltr'><strong>famulatui</strong></span> <span class='ocrx_word' id='word_1_464' title='bbox 786 3257 1002 3305; x_wconf 87' lang='lat' dir='ltr'><strong>tantum</strong></span> <span class='ocrx_word' id='word_1_465' title='bbox 1061 3248 1297 3303; x_wconf 79' lang='lat' dir='ltr'><strong>intendit</strong></span> <span class='ocrx_word' id='word_1_466' title='bbox 1327 3248 1531 3313; x_wconf 89' lang='lat' dir='ltr'><strong>;Deum</strong></span> <span class='ocrx_word' id='word_1_467' title='bbox 1564 3249 1608 3282; x_wconf 82' lang='grc'><strong>⁶²</strong></span> <span class='ocrx_word' id='word_1_468' title='bbox 1639 3248 1695 3301; x_wconf 93' lang='lat' dir='ltr'><strong>in</strong></span> <span class='ocrx_word' id='word_1_469' title='bbox 1727 3246 1987 3302; x_wconf 90' lang='lat' dir='ltr'><strong>omnibus</strong></span> <span class='ocrx_word' id='word_1_470' title='bbox 2018 3244 2067 3300; x_wconf 87' lang='lat' dir='ltr'><strong>ei</strong></span> 
     </span>
    </p>
   </div>
   <div class='ocr_carea' id='block_1_62' title="bbox 448 3338 2067 3416">
    <p class='ocr_par' dir='ltr' id='par_1_62' title="bbox 448 3338 2067 3416">
     <span class='ocr_line' id='line_1_63' title="bbox 448 3338 2067 3416; baseline -0.006 -16"><span class='ocrx_word' id='word_1_471' title='bbox 448 3360 619 3416; x_wconf 87' lang='lat' dir='ltr'><strong>super</strong></span> <span class='ocrx_word' id='word_1_472' title='bbox 634 3342 821 3399; x_wconf 89' lang='lat' dir='ltr'><strong>omnia</strong></span> <span class='ocrx_word' id='word_1_473' title='bbox 850 3341 1113 3415; x_wconf 89' lang='lat' dir='ltr'><strong>diligens,</strong></span> <span class='ocrx_word' id='word_1_474' title='bbox 1160 3345 1215 3394; x_wconf 91' lang='lat' dir='ltr'><strong>et</strong></span> <span class='ocrx_word' id='word_1_475' title='bbox 1239 3339 1379 3393; x_wconf 92' lang='lat' dir='ltr'><strong>nihil</strong></span> <span class='ocrx_word' id='word_1_476' title='bbox 1407 3340 1451 3373; x_wconf 75' lang='grc'><strong>⁸³</strong></span> <span class='ocrx_word' id='word_1_477' title='bbox 1490 3340 1611 3407; x_wconf 89' lang='lat' dir='ltr'><strong>ejus</strong></span> <span class='ocrx_word' id='word_1_478' title='bbox 1638 3338 1811 3394; x_wconf 88' lang='lat' dir='ltr'><strong>amori</strong></span> <span class='ocrx_word' id='word_1_479' title='bbox 1846 3351 2067 3409; x_wconf 67' lang='lat' dir='ltr'><strong>praepo-</strong></span> 
     </span>
    </p>
   </div>
   <div class='ocr_carea' id='block_1_63' title="bbox 449 3428 2067 3502">
    <p class='ocr_par' dir='ltr' id='par_1_63' title="bbox 449 3428 2067 3502">
     <span class='ocr_line' id='line_1_64' title="bbox 449 3428 2067 3502; baseline -0.006 -13"><span class='ocrx_word' id='word_1_480' title='bbox 449 3449 591 3489; x_wconf 90' lang='lat' dir='ltr'><strong>nens</strong></span> <span class='ocrx_word' id='word_1_481' title='bbox 619 3433 683 3487; x_wconf 70' lang='grc'><strong>⁸⁸.</strong></span> <span class='ocrx_word' id='word_1_482' title='bbox 714 3429 1077 3502; x_wconf 79' lang='lat' dir='ltr'><strong>Resplenduit</strong></span> <span class='ocrx_word' id='word_1_483' title='bbox 1113 3429 1167 3484; x_wconf 92' lang='lat' dir='ltr'><strong>in</strong></span> <span class='ocrx_word' id='word_1_484' title='bbox 1221 3445 1288 3483; x_wconf 89' lang='lat' dir='ltr'><strong>ea</strong></span> <span class='ocrx_word' id='word_1_485' title='bbox 1344 3444 1536 3483; x_wconf 91' lang='lat' dir='ltr'><strong>aurum</strong></span> <span class='ocrx_word' id='word_1_486' title='bbox 1569 3428 1816 3497; x_wconf 73' lang='lat' dir='ltr'><strong>justitiae,</strong></span> <span class='ocrx_word' id='word_1_487' title='bbox 1847 3441 2067 3500; x_wconf 77' lang='lat' dir='ltr'><strong>gemma</strong></span> 
     </span>
    </p>
   </div>
   <div class='ocr_carea' id='block_1_64' title="bbox 449 3518 2069 3594">
    <p class='ocr_par' dir='ltr' id='par_1_64' title="bbox 449 3518 2069 3594">
     <span class='ocr_line' id='line_1_65' title="bbox 449 3518 2069 3594; baseline -0.004 -14"><span class='ocrx_word' id='word_1_488' title='bbox 449 3522 864 3588; x_wconf 68' lang='lat' dir='ltr'><strong>misericordiae,</strong></span> <span class='ocrx_word' id='word_1_489' title='bbox 895 3522 1130 3594; x_wconf 86' lang='lat' dir='ltr'><strong>gravitas</strong></span> <span class='ocrx_word' id='word_1_490' title='bbox 1148 3519 1422 3586; x_wconf 89' lang='lat' dir='ltr'><strong>amabilis,</strong></span> <span class='ocrx_word' id='word_1_491' title='bbox 1475 3520 1737 3576; x_wconf 86' lang='lat' dir='ltr'><strong>honestas</strong></span> <span class='ocrx_word' id='word_1_492' title='bbox 1765 3518 2069 3573; x_wconf 87' lang='lat' dir='ltr'><strong>admirabi-</strong></span> 
     </span>
    </p>
   </div>
   <div class='ocr_carea' id='block_1_65' title="bbox 449 3609 2066 3683">
    <p class='ocr_par' dir='ltr' id='par_1_65' title="bbox 449 3609 2066 3683">
     <span class='ocr_line' id='line_1_66' title="bbox 449 3609 2066 3683; baseline -0.003 -14"><span class='ocrx_word' id='word_1_493' title='bbox 449 3613 538 3682; x_wconf 92' lang='lat' dir='ltr'><strong>lis,</strong></span> <span class='ocrx_word' id='word_1_494' title='bbox 570 3627 750 3667; x_wconf 89' lang='lat' dir='ltr'><strong>sermo</strong></span> <span class='ocrx_word' id='word_1_495' title='bbox 780 3612 1065 3667; x_wconf 88' lang='lat' dir='ltr'><strong>modestus</strong></span> <span class='ocrx_word' id='word_1_496' title='bbox 1093 3617 1149 3665; x_wconf 91' lang='lat' dir='ltr'><strong>et</strong></span> <span class='ocrx_word' id='word_1_497' title='bbox 1175 3609 1233 3664; x_wconf 90' lang='lat' dir='ltr'><strong>in</strong></span> <span class='ocrx_word' id='word_1_498' title='bbox 1255 3625 1357 3666; x_wconf 90' lang='lat' dir='ltr'><strong>suo</strong></span> <span class='ocrx_word' id='word_1_499' title='bbox 1396 3619 1642 3680; x_wconf 89' lang='lat' dir='ltr'><strong>tempore</strong></span> <span class='ocrx_word' id='word_1_500' title='bbox 1663 3624 1908 3683; x_wconf 89' lang='lat' dir='ltr'><strong>congrue</strong></span> <span class='ocrx_word' id='word_1_501' title='bbox 1938 3623 2066 3680; x_wconf 90' lang='lat' dir='ltr'><strong>pro-</strong></span> 
     </span>
    </p>
   </div>
   <div class='ocr_carea' id='block_1_66' title="bbox 451 3705 2067 3779">
    <p class='ocr_par' dir='ltr' id='par_1_66' title="bbox 451 3705 2067 3779">
     <span class='ocr_line' id='line_1_67' title="bbox 451 3705 2067 3779; baseline -0.001 -15"><span class='ocrx_word' id='word_1_502' title='bbox 451 3710 733 3765; x_wconf 88' lang='lat' dir='ltr'><strong>ferendus.</strong></span> <span class='ocrx_word' id='word_1_503' title='bbox 758 3708 1061 3779; x_wconf 87' lang='lat' dir='ltr'><strong>Numquam</strong></span> <span class='ocrx_word' id='word_1_504' title='bbox 1088 3706 1309 3761; x_wconf 88' lang='lat' dir='ltr'><strong>reticuit</strong></span> <span class='ocrx_word' id='word_1_505' title='bbox 1339 3706 1605 3778; x_wconf 89' lang='lat' dir='ltr'><strong>quicquid</strong></span> <span class='ocrx_word' id='word_1_506' title='bbox 1633 3705 1784 3777; x_wconf 90' lang='lat' dir='ltr'><strong>loqui</strong></span> <span class='ocrx_word' id='word_1_507' title='bbox 1806 3706 2067 3763; x_wconf 90' lang='lat' dir='ltr'><strong>idoneum</strong></span> 
     </span>
    </p>
   </div>
   <div class='ocr_carea' id='block_1_67' title="bbox 450 3797 2077 3872">
    <p class='ocr_par' dir='ltr' id='par_1_67' title="bbox 450 3797 2077 3872">
     <span class='ocr_line' id='line_1_68' title="bbox 450 3797 2077 3872; baseline 0 -17"><span class='ocrx_word' id='word_1_508' title='bbox 450 3800 569 3855; x_wconf 87' lang='lat' dir='ltr'><strong>fuit.</strong></span> <span class='ocrx_word' id='word_1_509' title='bbox 622 3799 951 3872; x_wconf 91' lang='lat' dir='ltr'><strong>Peregrinis,</strong></span> <span class='ocrx_word' id='word_1_510' title='bbox 1004 3798 1185 3854; x_wconf 90' lang='lat' dir='ltr'><strong>viduis</strong></span> <span class='ocrx_word' id='word_1_511' title='bbox 1237 3804 1293 3852; x_wconf 90' lang='lat' dir='ltr'><strong>et</strong></span> <span class='ocrx_word' id='word_1_512' title='bbox 1355 3797 1562 3868; x_wconf 89' lang='lat' dir='ltr'><strong>pupilis</strong></span> <span class='ocrx_word' id='word_1_513' title='bbox 1615 3804 1869 3868; x_wconf 64' lang='lat' dir='ltr'><strong>praerat,</strong></span> <span class='ocrx_word' id='word_1_514' title='bbox 1933 3799 2077 3854; x_wconf 89' lang='lat' dir='ltr'><strong>sicut</strong></span> 
     </span>
    </p>
   </div>
   <div class='ocr_carea' id='block_1_68' title="bbox 449 3888 2076 3961">
    <p class='ocr_par' dir='ltr' id='par_1_68' title="bbox 449 3888 2076 3961">
     <span class='ocr_line' id='line_1_69' title="bbox 449 3888 2076 3961; baseline -0.001 -13"><span class='ocrx_word' id='word_1_515' title='bbox 449 3899 627 3948; x_wconf 90' lang='lat' dir='ltr'><strong>mater</strong></span> <span class='ocrx_word' id='word_1_516' title='bbox 651 3890 778 3947; x_wconf 85' lang='lat' dir='ltr'><strong>ﬁliis</strong></span> <span class='ocrx_word' id='word_1_517' title='bbox 854 3891 920 3945; x_wconf 94' lang='lat' dir='ltr'><strong>In</strong></span> <span class='ocrx_word' id='word_1_518' title='bbox 950 3891 1212 3946; x_wconf 89' lang='lat' dir='ltr'><strong>omnibus</strong></span> <span class='ocrx_word' id='word_1_519' title='bbox 1260 3905 1384 3961; x_wconf 68' lang='lat' dir='ltr'><strong>quae</strong></span> <span class='ocrx_word' id='word_1_520' title='bbox 1412 3888 1561 3956; x_wconf 86' lang='lat' dir='ltr'><strong>fecit,</strong></span> <span class='ocrx_word' id='word_1_521' title='bbox 1595 3889 1962 3960; x_wconf 89' lang='lat' dir='ltr'><strong>temperantia</strong></span> <span class='ocrx_word' id='word_1_522' title='bbox 1987 3891 2076 3960; x_wconf 89' lang='lat' dir='ltr'><strong>ju-</strong></span> 
     </span>
    </p>
   </div>
   <div class='ocr_carea' id='block_1_69' title="bbox 448 3985 1118 4043">
    <p class='ocr_par' dir='ltr' id='par_1_69' title="bbox 448 3985 1118 4043">
     <span class='ocr_line' id='line_1_70' title="bbox 448 3985 1118 4043; baseline -0.006 0"><span class='ocrx_word' id='word_1_523' title='bbox 448 3988 613 4043; x_wconf 72' lang='lat' dir='ltr'><strong>stitiaz</strong></span> <span class='ocrx_word' id='word_1_524' title='bbox 641 3988 746 4042; x_wconf 90' lang='lat' dir='ltr'><strong>sibi</strong></span> <span class='ocrx_word' id='word_1_525' title='bbox 778 4002 888 4042; x_wconf 92' lang='lat' dir='ltr'><strong>non</strong></span> <span class='ocrx_word' id='word_1_526' title='bbox 922 3985 1118 4040; x_wconf 87' lang='lat' dir='ltr'><strong>defuit.</strong></span> 
     </span>
    </p>
   </div>
   <div class='ocr_carea' id='block_1_70' title="bbox 520 4074 2059 4146">
    <p class='ocr_par' dir='ltr' id='par_1_70' title="bbox 520 4074 2059 4146">
     <span class='ocr_line' id='line_1_71' title="bbox 520 4074 2059 4146; baseline -0.002 -13"><span class='ocrx_word' id='word_1_527' title='bbox 520 4079 607 4133; x_wconf 85' lang='grc'><strong>17.</strong></span> <span class='ocrx_word' id='word_1_528' title='bbox 640 4079 856 4144; x_wconf 79' lang='lat' dir='ltr'><strong>Quanta</strong></span> <span class='ocrx_word' id='word_1_529' title='bbox 908 4091 1041 4131; x_wconf 83' lang='lat' dir='ltr'><strong>cura</strong></span> <span class='ocrx_word' id='word_1_530' title='bbox 1096 4075 1436 4129; x_wconf 82' lang='lat' dir='ltr'><strong>elemosinam</strong></span> <span class='ocrx_word' id='word_1_531' title='bbox 1485 4074 1827 4146; x_wconf 76' lang='lat' dir='ltr'><strong>impendebat</strong></span> <span class='ocrx_word' id='word_1_532' title='bbox 1861 4078 2059 4144; x_wconf 83' lang='lat' dir='ltr'><strong>egenis.</strong></span> 
     </span>
    </p>
   </div>
   <div class='ocr_carea' id='block_1_71' title="bbox 447 4164 2061 4238">
    <p class='ocr_par' dir='ltr' id='par_1_71' title="bbox 447 4164 2061 4238">
     <span class='ocr_line' id='line_1_72' title="bbox 447 4164 2061 4238; baseline -0.001 -16"><span class='ocrx_word' id='word_1_533' title='bbox 447 4166 683 4223; x_wconf 87' lang='lat' dir='ltr'><strong>Difﬁcile</strong></span> <span class='ocrx_word' id='word_1_534' title='bbox 721 4173 805 4222; x_wconf 88' lang='lat' dir='ltr'><strong>est</strong></span> <span class='ocrx_word' id='word_1_535' title='bbox 835 4166 1146 4221; x_wconf 90' lang='lat' dir='ltr'><strong>enumerari</strong></span> <span class='ocrx_word' id='word_1_536' title='bbox 1177 4171 1446 4238; x_wconf 90' lang='lat' dir='ltr'><strong>quantum</strong></span> <span class='ocrx_word' id='word_1_537' title='bbox 1476 4164 1802 4221; x_wconf 86' lang='lat' dir='ltr'><strong>intendebat</strong></span> <span class='ocrx_word' id='word_1_538' title='bbox 1830 4181 2061 4222; x_wconf 89' lang='lat' dir='ltr'><strong>venera-</strong></span> 
     </span>
    </p>
   </div>
   <div class='ocr_carea' id='block_1_72' title="bbox 2170 3258 3801 3332">
    <p class='ocr_par' dir='ltr' id='par_1_72' title="bbox 2170 3258 3801 3332">
     <span class='ocr_line' id='line_1_73' title="bbox 2170 3258 3801 3332; baseline 0.002 -21"><span class='ocrx_word' id='word_1_539' title='bbox 2170 3258 2321 3329; x_wconf 91' lang='lat' dir='ltr'><strong>quod</strong></span> <span class='ocrx_word' id='word_1_540' title='bbox 2351 3258 2600 3313; x_wconf 90' lang='lat' dir='ltr'><strong>donaret.</strong></span> <span class='ocrx_word' id='word_1_541' title='bbox 2655 3259 2712 3312; x_wconf 94' lang='lat' dir='ltr'><strong>ln</strong></span> <span class='ocrx_word' id='word_1_542' title='bbox 2766 3275 3115 3332; x_wconf 89' lang='lat' dir='ltr'><strong>quacumque</strong></span> <span class='ocrx_word' id='word_1_543' title='bbox 3146 3260 3368 3316; x_wconf 88' lang='lat' dir='ltr'><strong>civitate</strong></span> <span class='ocrx_word' id='word_1_544' title='bbox 3409 3260 3454 3295; x_wconf 76' lang='grc'><strong>⁶⁹</strong></span> <span class='ocrx_word' id='word_1_545' title='bbox 3485 3275 3801 3317; x_wconf 87' lang='lat' dir='ltr'><strong>commora-</strong></span> 
     </span>
    </p>
   </div>
   <div class='ocr_carea' id='block_1_73' title="bbox 2170 3348 3798 3425">
    <p class='ocr_par' dir='ltr' id='par_1_73' title="bbox 2170 3348 3798 3425">
     <span class='ocr_line' id='line_1_74' title="bbox 2170 3348 3798 3425; baseline 0.002 -21"><span class='ocrx_word' id='word_1_546' title='bbox 2170 3348 2331 3405; x_wconf 91' lang='lat' dir='ltr'><strong>batur</strong></span> <span class='ocrx_word' id='word_1_547' title='bbox 2388 3350 2591 3415; x_wconf 88' lang='lat' dir='ltr'><strong>hiemc,</strong></span> <span class='ocrx_word' id='word_1_548' title='bbox 2651 3367 2747 3421; x_wconf 87' lang='lat' dir='ltr'><strong>per</strong></span> <span class='ocrx_word' id='word_1_549' title='bbox 2800 3357 2967 3405; x_wconf 90' lang='lat' dir='ltr'><strong>totam</strong></span> <span class='ocrx_word' id='word_1_550' title='bbox 3030 3358 3248 3407; x_wconf 91' lang='lat' dir='ltr'><strong>noctem</strong></span> <span class='ocrx_word' id='word_1_551' title='bbox 3309 3351 3455 3425; x_wconf 91' lang='lat' dir='ltr'><strong>ignis</strong></span> <span class='ocrx_word' id='word_1_552' title='bbox 3491 3352 3798 3409; x_wconf 89' lang='lat' dir='ltr'><strong>ardebatin</strong></span> 
     </span>
    </p>
   </div>
   <div class='ocr_carea' id='block_1_74' title="bbox 2166 3442 3800 3516">
    <p class='ocr_par' dir='ltr' id='par_1_74' title="bbox 2166 3442 3800 3516">
     <span class='ocr_line' id='line_1_75' title="bbox 2166 3442 3800 3516; baseline 0.003 -19"><span class='ocrx_word' id='word_1_553' title='bbox 2166 3442 2400 3515; x_wconf 89' lang='lat' dir='ltr'><strong>singulis</strong></span> <span class='ocrx_word' id='word_1_554' title='bbox 2426 3443 2583 3499; x_wconf 85' lang='lat' dir='ltr'><strong>tectis</strong></span> <span class='ocrx_word' id='word_1_555' title='bbox 2612 3459 2734 3515; x_wconf 66' lang='lat' dir='ltr'><strong>qua}</strong></span> <span class='ocrx_word' id='word_1_556' title='bbox 2778 3443 2852 3497; x_wconf 89' lang='lat' dir='ltr'><strong>ibi</strong></span> <span class='ocrx_word' id='word_1_557' title='bbox 2885 3442 3120 3510; x_wconf 89' lang='lat' dir='ltr'><strong>fuerant,</strong></span> <span class='ocrx_word' id='word_1_558' title='bbox 3171 3450 3227 3499; x_wconf 90' lang='lat' dir='ltr'><strong>et</strong></span> <span class='ocrx_word' id='word_1_559' title='bbox 3274 3443 3506 3516; x_wconf 90' lang='lat' dir='ltr'><strong>insuper</strong></span> <span class='ocrx_word' id='word_1_560' title='bbox 3535 3445 3643 3500; x_wconf 90' lang='lat' dir='ltr'><strong>sub</strong></span> <span class='ocrx_word' id='word_1_561' title='bbox 3671 3462 3800 3503; x_wconf 90' lang='lat' dir='ltr'><strong>aere</strong></span> 
     </span>
    </p>
   </div>
   <div class='ocr_carea' id='block_1_75' title="bbox 2167 3535 3796 3608">
    <p class='ocr_par' dir='ltr' id='par_1_75' title="bbox 2167 3535 3796 3608">
     <span class='ocr_line' id='line_1_76' title="bbox 2167 3535 3796 3608; baseline 0.002 -18"><span class='ocrx_word' id='word_1_562' title='bbox 2167 3536 2398 3601; x_wconf 59' lang='lat' dir='ltr'><strong>nudo&quot;),</strong></span> <span class='ocrx_word' id='word_1_563' title='bbox 2435 3542 2493 3591; x_wconf 91' lang='lat' dir='ltr'><strong>ut</strong></span> <span class='ocrx_word' id='word_1_564' title='bbox 2518 3536 2769 3608; x_wconf 89' lang='lat' dir='ltr'><strong>quisquis</strong></span> <span class='ocrx_word' id='word_1_565' title='bbox 2819 3535 3116 3608; x_wconf 83' lang='lat' dir='ltr'><strong>indigeret,</strong></span> <span class='ocrx_word' id='word_1_566' title='bbox 3145 3536 3258 3593; x_wconf 92' lang='lat' dir='ltr'><strong>illic</strong></span> <span class='ocrx_word' id='word_1_567' title='bbox 3277 3553 3407 3592; x_wconf 88' lang='lat' dir='ltr'><strong>sese</strong></span> <span class='ocrx_word' id='word_1_568' title='bbox 3438 3538 3796 3601; x_wconf 81' lang='lat' dir='ltr'><strong>calefaceret.</strong></span> 
     </span>
    </p>
   </div>
   <div class='ocr_carea' id='block_1_76' title="bbox 2166 3626 3798 3701">
    <p class='ocr_par' dir='ltr' id='par_1_76' title="bbox 2166 3626 3798 3701">
     <span class='ocr_line' id='line_1_77' title="bbox 2166 3626 3798 3701; baseline 0.001 -20"><span class='ocrx_word' id='word_1_569' title='bbox 2166 3632 2259 3681; x_wconf 90' lang='lat' dir='ltr'><strong>aut</strong></span> <span class='ocrx_word' id='word_1_570' title='bbox 2286 3626 2542 3699; x_wconf 90' lang='lat' dir='ltr'><strong>quisquis</strong></span> <span class='ocrx_word' id='word_1_571' title='bbox 2588 3627 2643 3680; x_wconf 92' lang='lat' dir='ltr'><strong>in</strong></span> <span class='ocrx_word' id='word_1_572' title='bbox 2700 3626 2939 3701; x_wconf 88' lang='lat' dir='ltr'><strong>caligine</strong></span> <span class='ocrx_word' id='word_1_573' title='bbox 2966 3627 3144 3682; x_wconf 90' lang='lat' dir='ltr'><strong>noctis</strong></span> <span class='ocrx_word' id='word_1_574' title='bbox 3171 3634 3399 3692; x_wconf 90' lang='lat' dir='ltr'><strong>erraret,</strong></span> <span class='ocrx_word' id='word_1_575' title='bbox 3421 3627 3541 3684; x_wconf 88' lang='lat' dir='ltr'><strong>viso</strong></span> <span class='ocrx_word' id='word_1_576' title='bbox 3583 3628 3798 3684; x_wconf 87' lang='lat' dir='ltr'><strong>lumine</strong></span> 
     </span>
    </p>
   </div>
   <div class='ocr_carea' id='block_1_77' title="bbox 2174 3715 3803 3789">
    <p class='ocr_par' dir='ltr' id='par_1_77' title="bbox 2174 3715 3803 3789">
     <span class='ocr_line' id='line_1_78' title="bbox 2174 3715 3803 3789; baseline 0.001 -19"><span class='ocrx_word' id='word_1_577' title='bbox 2174 3731 2284 3771; x_wconf 92' lang='lat' dir='ltr'><strong>non</strong></span> <span class='ocrx_word' id='word_1_578' title='bbox 2317 3715 2639 3772; x_wconf 81' lang='lat' dir='ltr'><strong>offenderet.</strong></span> <span class='ocrx_word' id='word_1_579' title='bbox 2677 3717 2877 3771; x_wconf 67' lang='lat' dir='ltr'><strong>Praeter</strong></span> <span class='ocrx_word' id='word_1_580' title='bbox 2903 3715 3233 3771; x_wconf 85' lang='lat' dir='ltr'><strong>cotidianam</strong></span> <span class='ocrx_word' id='word_1_581' title='bbox 3259 3715 3567 3789; x_wconf 88' lang='lat' dir='ltr'><strong>largitatem</strong></span> <span class='ocrx_word' id='word_1_582' title='bbox 3585 3718 3803 3773; x_wconf 82' lang='lat' dir='ltr'><strong>elemo-</strong></span> 
     </span>
    </p>
   </div>
   <div class='ocr_carea' id='block_1_78' title="bbox 2173 3804 3803 3879">
    <p class='ocr_par' dir='ltr' id='par_1_78' title="bbox 2173 3804 3803 3879">
     <span class='ocr_line' id='line_1_79' title="bbox 2173 3804 3803 3879; baseline 0.002 -21"><span class='ocrx_word' id='word_1_583' title='bbox 2173 3805 2418 3861; x_wconf 91' lang='lat' dir='ltr'><strong>sinarum</strong></span> <span class='ocrx_word' id='word_1_584' title='bbox 2465 3804 2729 3879; x_wconf 83' lang='lat' dir='ltr'><strong>singulari</strong></span> <span class='ocrx_word' id='word_1_585' title='bbox 2780 3805 2989 3860; x_wconf 89' lang='lat' dir='ltr'><strong>honore</strong></span> <span class='ocrx_word' id='word_1_586' title='bbox 3044 3804 3344 3861; x_wconf 92' lang='lat' dir='ltr'><strong>celebravit</strong></span> <span class='ocrx_word' id='word_1_587' title='bbox 3394 3806 3713 3873; x_wconf 86' lang='lat' dir='ltr'><strong>sabbatum,</strong></span> <span class='ocrx_word' id='word_1_588' title='bbox 3769 3824 3803 3861; x_wconf 90' lang='lat' dir='ltr'><strong>a</strong></span> 
     </span>
    </p>
   </div>
   <div class='ocr_carea' id='block_1_79' title="bbox 2174 3894 3801 3967">
    <p class='ocr_par' dir='ltr' id='par_1_79' title="bbox 2174 3894 3801 3967">
     <span class='ocr_line' id='line_1_80' title="bbox 2174 3894 3801 3967; baseline 0.002 -19"><span class='ocrx_word' id='word_1_589' title='bbox 2174 3896 2351 3967; x_wconf 90' lang='lat' dir='ltr'><strong>prima</strong></span> <span class='ocrx_word' id='word_1_590' title='bbox 2398 3896 2605 3966; x_wconf 91' lang='lat' dir='ltr'><strong>quippe</strong></span> <span class='ocrx_word' id='word_1_591' title='bbox 2652 3896 2809 3961; x_wconf 89' lang='lat' dir='ltr'><strong>hora,</strong></span> <span class='ocrx_word' id='word_1_592' title='bbox 2860 3894 3027 3950; x_wconf 92' lang='lat' dir='ltr'><strong>immo</strong></span> <span class='ocrx_word' id='word_1_593' title='bbox 3062 3896 3131 3949; x_wconf 91' lang='lat' dir='ltr'><strong>ab</strong></span> <span class='ocrx_word' id='word_1_594' title='bbox 3187 3895 3308 3967; x_wconf 88' lang='lat' dir='ltr'><strong>ipsa</strong></span> <span class='ocrx_word' id='word_1_595' title='bbox 3393 3910 3594 3951; x_wconf 90' lang='lat' dir='ltr'><strong>aurora</strong></span> <span class='ocrx_word' id='word_1_596' title='bbox 3636 3896 3801 3962; x_wconf 88' lang='lat' dir='ltr'><strong>lucis,</strong></span> 
     </span>
    </p>
   </div>
   <div class='ocr_carea' id='block_1_80' title="bbox 2174 3982 3800 4055">
    <p class='ocr_par' dir='ltr' id='par_1_80' title="bbox 2174 3982 3800 4055">
     <span class='ocr_line' id='line_1_81' title="bbox 2174 3982 3800 4055; baseline 0.002 -18"><span class='ocrx_word' id='word_1_597' title='bbox 2174 3999 2475 4055; x_wconf 92' lang='lat' dir='ltr'><strong>numquam</strong></span> <span class='ocrx_word' id='word_1_598' title='bbox 2508 3984 2717 4038; x_wconf 82' lang='lat' dir='ltr'><strong>vacavit</strong></span> <span class='ocrx_word' id='word_1_599' title='bbox 2736 3982 2805 4037; x_wconf 89' lang='lat' dir='ltr'><strong>ab</strong></span> <span class='ocrx_word' id='word_1_600' title='bbox 2831 3984 3097 4055; x_wconf 84' lang='lat' dir='ltr'><strong>Operibus</strong></span> <span class='ocrx_word' id='word_1_601' title='bbox 3128 3984 3310 4040; x_wconf 93' lang='lat' dir='ltr'><strong>bonis.</strong></span> <span class='ocrx_word' id='word_1_602' title='bbox 3346 3984 3501 4040; x_wconf 71' lang='lat' dir='ltr'><strong>Mane</strong></span> <span class='ocrx_word' id='word_1_603' title='bbox 3532 3984 3800 4041; x_wconf 90' lang='lat' dir='ltr'><strong>balneum</strong></span> 
     </span>
    </p>
   </div>
   <div class='ocr_carea' id='block_1_81' title="bbox 2173 4073 3805 4149">
    <p class='ocr_par' dir='ltr' id='par_1_81' title="bbox 2173 4073 3805 4149">
     <span class='ocr_line' id='line_1_82' title="bbox 2173 4073 3805 4149; baseline 0 -20"><span class='ocrx_word' id='word_1_604' title='bbox 2173 4074 2465 4145; x_wconf 63' lang='lat' dir='ltr'><strong>preparari</strong></span> <span class='ocrx_word' id='word_1_605' title='bbox 2489 4073 2674 4142; x_wconf 92' lang='lat' dir='ltr'><strong>jussit,</strong></span> <span class='ocrx_word' id='word_1_606' title='bbox 2709 4080 2763 4128; x_wconf 91' lang='lat' dir='ltr'><strong>et</strong></span> <span class='ocrx_word' id='word_1_607' title='bbox 2819 4089 3099 4145; x_wconf 84' lang='lat' dir='ltr'><strong>pauperes</strong></span> <span class='ocrx_word' id='word_1_608' title='bbox 3154 4075 3597 4149; x_wconf 88' lang='lat' dir='ltr'><strong>peregrinosque</strong></span> <span class='ocrx_word' id='word_1_609' title='bbox 3628 4075 3805 4148; x_wconf 67' lang='lat' dir='ltr'><strong>lavari</strong></span> 
     </span>
    </p>
   </div>
   <div class='ocr_carea' id='block_1_82' title="bbox 2158 4164 3804 4238">
    <p class='ocr_par' dir='ltr' id='par_1_82' title="bbox 2158 4164 3804 4238">
     <span class='ocr_line' id='line_1_83' title="bbox 2158 4164 3804 4238; baseline 0.001 -18"><span class='ocrx_word' id='word_1_610' title='bbox 2158 4165 2338 4235; x_wconf 91' lang='lat' dir='ltr'><strong>jussit.</strong></span> <span class='ocrx_word' id='word_1_611' title='bbox 2368 4164 2677 4236; x_wconf 78' lang='lat' dir='ltr'><strong>Aliquando</strong></span> <span class='ocrx_word' id='word_1_612' title='bbox 2722 4180 2855 4220; x_wconf 85' lang='lat' dir='ltr'><strong>vero</strong></span> <span class='ocrx_word' id='word_1_613' title='bbox 2908 4181 3034 4220; x_wconf 92' lang='lat' dir='ltr'><strong>cum</strong></span> <span class='ocrx_word' id='word_1_614' title='bbox 3076 4180 3137 4221; x_wconf 91' lang='lat' dir='ltr'><strong>se</strong></span> <span class='ocrx_word' id='word_1_615' title='bbox 3187 4182 3219 4220; x_wconf 90' lang='lat' dir='ltr'><strong>a</strong></span> <span class='ocrx_word' id='word_1_616' title='bbox 3248 4165 3437 4237; x_wconf 91' lang='lat' dir='ltr'><strong>populi</strong></span> <span class='ocrx_word' id='word_1_617' title='bbox 3478 4164 3804 4238; x_wconf 85' lang='lat' dir='ltr'><strong>frequentia</strong></span> 
     </span>
    </p>
   </div>
   <div class='ocr_carea' id='block_1_83' title="bbox 446 4256 3806 4335">
    <p class='ocr_par' dir='ltr' id='par_1_83' title="bbox 446 4256 3806 4335">
     <span class='ocr_line' id='line_1_84' title="bbox 446 4256 3806 4335; baseline -0.002 -20"><span class='ocrx_word' id='word_1_618' title='bbox 446 4260 577 4316; x_wconf 89' lang='lat' dir='ltr'><strong>bilis</strong></span> <span class='ocrx_word' id='word_1_619' title='bbox 598 4260 788 4335; x_wconf 88' lang='lat' dir='ltr'><strong>regina</strong></span> <span class='ocrx_word' id='word_1_620' title='bbox 824 4258 1253 4315; x_wconf 89' lang='lat' dir='ltr'><strong>elemosinarum</strong></span> <span class='ocrx_word' id='word_1_621' title='bbox 1280 4258 1535 4335; x_wconf 86' lang='lat' dir='ltr'><strong>largitati.</strong></span> <span class='ocrx_word' id='word_1_622' title='bbox 1602 4259 1692 4313; x_wconf 89' lang='lat' dir='ltr'><strong>Bis</strong></span> <span class='ocrx_word' id='word_1_623' title='bbox 1722 4259 1779 4313; x_wconf 94' lang='lat' dir='ltr'><strong>in</strong></span> <span class='ocrx_word' id='word_1_624' title='bbox 1817 4258 1907 4314; x_wconf 89' lang='lat' dir='ltr'><strong>die</strong></span> <span class='ocrx_word' id='word_1_625' title='bbox 1938 4273 2060 4314; x_wconf 92' lang='lat' dir='ltr'><strong>om-</strong></span> <span class='ocrx_word' id='word_1_626' title='bbox 2160 4257 2415 4328; x_wconf 85' lang='lat' dir='ltr'><strong>abripere</strong></span> <span class='ocrx_word' id='word_1_627' title='bbox 2464 4256 2662 4328; x_wconf 90' lang='lat' dir='ltr'><strong>potuit,</strong></span> <span class='ocrx_word' id='word_1_628' title='bbox 2706 4256 2826 4327; x_wconf 90' lang='lat' dir='ltr'><strong>ipsa</strong></span> <span class='ocrx_word' id='word_1_629' title='bbox 2874 4256 3090 4313; x_wconf 92' lang='lat' dir='ltr'><strong>occulte</strong></span> <span class='ocrx_word' id='word_1_630' title='bbox 3124 4256 3470 4331; x_wconf 85' lang='lat' dir='ltr'><strong>ingrediens,</strong></span> <span class='ocrx_word' id='word_1_631' title='bbox 3539 4258 3806 4313; x_wconf 90' lang='lat' dir='ltr'><strong>manibus</strong></span> 
     </span>
    </p>
   </div>
   <div class='ocr_carea' id='block_1_84' title="bbox 446 4347 3804 4428">
    <p class='ocr_par' dir='ltr' id='par_1_84' title="bbox 446 4347 3804 4428">
     <span class='ocr_line' id='line_1_85' title="bbox 446 4347 3804 4428; baseline -0.001 -20"><span class='ocrx_word' id='word_1_632' title='bbox 446 4353 665 4428; x_wconf 89' lang='lat' dir='ltr'><strong>nigenis</strong></span> <span class='ocrx_word' id='word_1_633' title='bbox 693 4352 941 4409; x_wconf 91' lang='lat' dir='ltr'><strong>ciborum</strong></span> <span class='ocrx_word' id='word_1_634' title='bbox 1001 4351 1217 4407; x_wconf 89' lang='lat' dir='ltr'><strong>deliciis</strong></span> <span class='ocrx_word' id='word_1_635' title='bbox 1265 4352 1461 4424; x_wconf 85' lang='lat' dir='ltr'><strong>inepes</strong></span> <span class='ocrx_word' id='word_1_636' title='bbox 1498 4352 1767 4407; x_wconf 84' lang='lat' dir='ltr'><strong>recreavit</strong></span> <span class='ocrx_word' id='word_1_637' title='bbox 1796 4351 2064 4422; x_wconf 87' lang='lat' dir='ltr'><strong>;insuper</strong></span> <span class='ocrx_word' id='word_1_638' title='bbox 2162 4348 2400 4420; x_wconf 89' lang='lat' dir='ltr'><strong>propriis</strong></span> <span class='ocrx_word' id='word_1_639' title='bbox 2445 4347 2636 4403; x_wconf 91' lang='lat' dir='ltr'><strong>sordes</strong></span> <span class='ocrx_word' id='word_1_640' title='bbox 2674 4347 2923 4403; x_wconf 91' lang='lat' dir='ltr'><strong>diluebat</strong></span> <span class='ocrx_word' id='word_1_641' title='bbox 2992 4347 3257 4423; x_wconf 86' lang='lat' dir='ltr'><strong>singulis,</strong></span> <span class='ocrx_word' id='word_1_642' title='bbox 3301 4358 3357 4403; x_wconf 87' lang='lat' dir='ltr'><strong>et</strong></span> <span class='ocrx_word' id='word_1_643' title='bbox 3413 4364 3539 4420; x_wconf 67' lang='lat' dir='ltr'><strong>quae</strong></span> <span class='ocrx_word' id='word_1_644' title='bbox 3604 4350 3804 4405; x_wconf 90' lang='lat' dir='ltr'><strong>multis</strong></span> 
     </span>
    </p>
   </div>
   <div class='ocr_carea' id='block_1_85' title="bbox 444 4436 3801 4521">
    <p class='ocr_par' dir='ltr' id='par_1_85' title="bbox 444 4436 3801 4521">
     <span class='ocr_line' id='line_1_86' title="bbox 444 4436 3801 4521; baseline -0.001 -25"><span class='ocrx_word' id='word_1_645' title='bbox 444 4460 566 4501; x_wconf 87' lang='lat' dir='ltr'><strong>cum</strong></span> <span class='ocrx_word' id='word_1_646' title='bbox 591 4444 877 4501; x_wconf 80' lang='lat' dir='ltr'><strong>accederet</strong></span> <span class='ocrx_word' id='word_1_647' title='bbox 908 4444 953 4480; x_wconf 71' lang='grc'><strong>⁸³</strong></span> <span class='ocrx_word' id='word_1_648' title='bbox 980 4460 1185 4500; x_wconf 61' lang='lat' dir='ltr'><strong>mensae</strong></span> <span class='ocrx_word' id='word_1_649' title='bbox 1214 4444 1409 4521; x_wconf 73' lang='lat' dir='ltr'><strong>regali,</strong></span> <span class='ocrx_word' id='word_1_650' title='bbox 1440 4443 1701 4516; x_wconf 71' lang='lat' dir='ltr'><strong>pmcepit</strong></span> <span class='ocrx_word' id='word_1_651' title='bbox 1735 4444 2061 4518; x_wconf 77' lang='lat' dir='ltr'><strong>peregrinos</strong></span> <span class='ocrx_word' id='word_1_652' title='bbox 2082 4475 2138 4521; x_wconf 68' lang='grc' dir='ltr'><strong>η</strong></span> <span class='ocrx_word' id='word_1_653' title='bbox 2163 4436 2470 4508; x_wconf 89' lang='lat' dir='ltr'><strong>imperabat</strong></span> <span class='ocrx_word' id='word_1_654' title='bbox 2495 4436 2705 4511; x_wconf 84' lang='lat' dir='ltr'><strong>regina,</strong></span> <span class='ocrx_word' id='word_1_655' title='bbox 2738 4436 3361 4507; x_wconf 86' lang='lat' dir='ltr'><strong>pauperibusserviebat</strong></span> <span class='ocrx_word' id='word_1_656' title='bbox 3386 4436 3545 4507; x_wconf 90' lang='lat' dir='ltr'><strong>quasi</strong></span> <span class='ocrx_word' id='word_1_657' title='bbox 3571 4438 3801 4493; x_wconf 84' lang='lat' dir='ltr'><strong>ancilla.</strong></span> 
     </span>
    </p>
   </div>
   <div class='ocr_carea' id='block_1_86' title="bbox 445 4525 3805 4611">
    <p class='ocr_par' dir='ltr' id='par_1_86' title="bbox 445 4525 3805 4611">
     <span class='ocr_line' id='line_1_87' title="bbox 445 4525 3805 4611; baseline -0.002 -20"><span class='ocrx_word' id='word_1_658' title='bbox 445 4542 502 4593; x_wconf 90' lang='lat' dir='ltr'><strong>et</strong></span> <span class='ocrx_word' id='word_1_659' title='bbox 550 4535 866 4611; x_wconf 86' lang='lat' dir='ltr'><strong>indigentes</strong></span> <span class='ocrx_word' id='word_1_660' title='bbox 916 4534 1229 4602; x_wconf 88' lang='lat' dir='ltr'><strong>convocari,</strong></span> <span class='ocrx_word' id='word_1_661' title='bbox 1298 4534 1409 4589; x_wconf 92' lang='lat' dir='ltr'><strong>illis</strong></span> <span class='ocrx_word' id='word_1_662' title='bbox 1466 4533 1665 4589; x_wconf 89' lang='lat' dir='ltr'><strong>devote</strong></span> <span class='ocrx_word' id='word_1_663' title='bbox 1718 4532 2063 4587; x_wconf 78' lang='lat' dir='ltr'><strong>distribuens</strong></span> <span class='ocrx_word' id='word_1_664' title='bbox 2086 4525 2136 4545; x_wconf 78' lang='grc' dir='ltr'><em>ν</em></span> <span class='ocrx_word' id='word_1_665' title='bbox 2165 4529 2221 4584; x_wconf 91' lang='lat' dir='ltr'><strong>Si</strong></span> <span class='ocrx_word' id='word_1_666' title='bbox 2251 4542 2381 4582; x_wconf 90' lang='lat' dir='ltr'><strong>vero</strong></span> <span class='ocrx_word' id='word_1_667' title='bbox 2411 4527 2531 4598; x_wconf 89' lang='lat' dir='ltr'><strong>ipsa</strong></span> <span class='ocrx_word' id='word_1_668' title='bbox 2560 4527 2823 4599; x_wconf 90' lang='lat' dir='ltr'><strong>impedita</strong></span> <span class='ocrx_word' id='word_1_669' title='bbox 2876 4534 2961 4582; x_wconf 91' lang='lat' dir='ltr'><strong>est</strong></span> <span class='ocrx_word' id='word_1_670' title='bbox 2983 4526 3219 4597; x_wconf 77' lang='lat' dir='ltr'><strong>ingredi,</strong></span> <span class='ocrx_word' id='word_1_671' title='bbox 3243 4525 3577 4582; x_wconf 90' lang='lat' dir='ltr'><strong>circumfusa</strong></span> <span class='ocrx_word' id='word_1_672' title='bbox 3608 4529 3805 4584; x_wconf 89' lang='lat' dir='ltr'><strong>multi-</strong></span> 
     </span>
    </p>
   </div>
   <div class='ocr_carea' id='block_1_87' title="bbox 445 4615 3806 4701">
    <p class='ocr_par' dir='ltr' id='par_1_87' title="bbox 445 4615 3806 4701">
     <span class='ocr_line' id='line_1_88' title="bbox 445 4615 3806 4701; baseline -0.003 -16"><span class='ocrx_word' id='word_1_673' title='bbox 445 4629 724 4695; x_wconf 85' lang='lat' dir='ltr'><strong>alimenta,</strong></span> <span class='ocrx_word' id='word_1_674' title='bbox 773 4645 896 4701; x_wconf 64' lang='lat' dir='ltr'><strong>quae</strong></span> <span class='ocrx_word' id='word_1_675' title='bbox 953 4627 1061 4682; x_wconf 92' lang='lat' dir='ltr'><strong>sibi</strong></span> <span class='ocrx_word' id='word_1_676' title='bbox 1097 4627 1524 4698; x_wconf 91' lang='lat' dir='ltr'><strong>apponebantur</strong></span> <span class='ocrx_word' id='word_1_677' title='bbox 1570 4626 1902 4695; x_wconf 89' lang='lat' dir='ltr'><strong>lautissima,</strong></span> <span class='ocrx_word' id='word_1_678' title='bbox 1942 4641 2066 4680; x_wconf 87' lang='lat' dir='ltr'><strong>cre—</strong></span> <span class='ocrx_word' id='word_1_679' title='bbox 2170 4619 2359 4675; x_wconf 89' lang='lat' dir='ltr'><strong>tudine</strong></span> <span class='ocrx_word' id='word_1_680' title='bbox 2391 4618 2602 4690; x_wconf 92' lang='lat' dir='ltr'><strong>populi,</strong></span> <span class='ocrx_word' id='word_1_681' title='bbox 2634 4633 2764 4674; x_wconf 88' lang='lat' dir='ltr'><strong>suas</strong></span> <span class='ocrx_word' id='word_1_682' title='bbox 2810 4616 3108 4672; x_wconf 90' lang='lat' dir='ltr'><strong>intromisit</strong></span> <span class='ocrx_word' id='word_1_683' title='bbox 3157 4615 3543 4688; x_wconf 89' lang='lat' dir='ltr'><strong>pedissequas,</strong></span> <span class='ocrx_word' id='word_1_684' title='bbox 3585 4634 3727 4689; x_wconf 88' lang='lat' dir='ltr'><strong>quas</strong></span> <span class='ocrx_word' id='word_1_685' title='bbox 3745 4619 3806 4674; x_wconf 91' lang='lat' dir='ltr'><strong>in</strong></span> 
     </span>
    </p>
   </div>
   <div class='ocr_carea' id='block_1_88' title="bbox 446 4707 3809 4793">
    <p class='ocr_par' dir='ltr' id='par_1_88' title="bbox 446 4707 3809 4793">
     <span class='ocr_line' id='line_1_89' title="bbox 446 4707 3809 4793; baseline -0.004 -15"><span class='ocrx_word' id='word_1_686' title='bbox 446 4723 587 4778; x_wconf 90' lang='lat' dir='ltr'><strong>dens</strong></span> <span class='ocrx_word' id='word_1_687' title='bbox 616 4739 678 4777; x_wconf 92' lang='lat' dir='ltr'><strong>se</strong></span> <span class='ocrx_word' id='word_1_688' title='bbox 709 4736 931 4793; x_wconf 87' lang='lat' dir='ltr'><strong>pascere</strong></span> <span class='ocrx_word' id='word_1_689' title='bbox 985 4719 1252 4775; x_wconf 90' lang='lat' dir='ltr'><strong>Christum</strong></span> <span class='ocrx_word' id='word_1_690' title='bbox 1282 4718 1386 4773; x_wconf 88' lang='lat' dir='ltr'><strong>sub</strong></span> <span class='ocrx_word' id='word_1_691' title='bbox 1418 4719 1603 4789; x_wconf 89' lang='lat' dir='ltr'><strong>specie</strong></span> <span class='ocrx_word' id='word_1_692' title='bbox 1657 4734 1981 4790; x_wconf 87' lang='lat' dir='ltr'><strong>pauperum.</strong></span> <span class='ocrx_word' id='word_1_693' title='bbox 2016 4719 2070 4774; x_wconf 86' lang='lat' dir='ltr'><strong>Si</strong></span> <span class='ocrx_word' id='word_1_694' title='bbox 2172 4710 2281 4767; x_wconf 88' lang='lat' dir='ltr'><strong>ﬁde</strong></span> <span class='ocrx_word' id='word_1_695' title='bbox 2311 4710 2459 4781; x_wconf 92' lang='lat' dir='ltr'><strong>apud</strong></span> <span class='ocrx_word' id='word_1_696' title='bbox 2517 4726 2577 4764; x_wconf 91' lang='lat' dir='ltr'><strong>se</strong></span> <span class='ocrx_word' id='word_1_697' title='bbox 2610 4716 2840 4765; x_wconf 90' lang='lat' dir='ltr'><strong>noverat</strong></span> <span class='ocrx_word' id='word_1_698' title='bbox 2889 4707 3329 4780; x_wconf 80' lang='lat' dir='ltr'><strong>probatissimae,</strong></span> <span class='ocrx_word' id='word_1_699' title='bbox 3377 4714 3437 4763; x_wconf 90' lang='lat' dir='ltr'><strong>ut</strong></span> <span class='ocrx_word' id='word_1_700' title='bbox 3486 4711 3809 4765; x_wconf 84' lang='lat' dir='ltr'><strong>necessaria</strong></span> 
     </span>
    </p>
   </div>
   <div class='ocr_carea' id='block_1_89' title="bbox 447 4802 3810 4880">
    <p class='ocr_par' dir='ltr' id='par_1_89' title="bbox 447 4802 3810 4880">
     <span class='ocr_line' id='line_1_90' title="bbox 447 4802 3810 4880; baseline -0.002 -10"><span class='ocrx_word' id='word_1_701' title='bbox 447 4815 636 4870; x_wconf 88' lang='lat' dir='ltr'><strong>aderat</strong></span> <span class='ocrx_word' id='word_1_702' title='bbox 655 4811 1073 4877; x_wconf 88' lang='lat' dir='ltr'><strong>monasterium,</strong></span> <span class='ocrx_word' id='word_1_703' title='bbox 1130 4811 1233 4867; x_wconf 90' lang='lat' dir='ltr'><strong>tria</strong></span> <span class='ocrx_word' id='word_1_704' title='bbox 1259 4810 1304 4845; x_wconf 74' lang='grc'><strong>⁸⁵</strong></span> <span class='ocrx_word' id='word_1_705' title='bbox 1360 4808 1712 4880; x_wconf 89' lang='lat' dir='ltr'><strong>superposita</strong></span> <span class='ocrx_word' id='word_1_706' title='bbox 1738 4825 1943 4864; x_wconf 75' lang='lat' dir='ltr'><strong>mensae</strong></span> <span class='ocrx_word' id='word_1_707' title='bbox 1969 4810 2074 4865; x_wconf 89' lang='lat' dir='ltr'><strong>mi-</strong></span> <span class='ocrx_word' id='word_1_708' title='bbox 2175 4804 2369 4878; x_wconf 85' lang='lat' dir='ltr'><strong>egenis</strong></span> <span class='ocrx_word' id='word_1_709' title='bbox 2390 4803 2785 4868; x_wconf 86' lang='lat' dir='ltr'><strong>ministrarent,</strong></span> <span class='ocrx_word' id='word_1_710' title='bbox 2843 4803 2981 4858; x_wconf 89' lang='lat' dir='ltr'><strong>etin</strong></span> <span class='ocrx_word' id='word_1_711' title='bbox 3034 4804 3154 4859; x_wconf 91' lang='lat' dir='ltr'><strong>vice</strong></span> <span class='ocrx_word' id='word_1_712' title='bbox 3184 4804 3306 4873; x_wconf 89' lang='lat' dir='ltr'><strong>ejus</strong></span> <span class='ocrx_word' id='word_1_713' title='bbox 3346 4802 3483 4875; x_wconf 91' lang='lat' dir='ltr'><strong>ipsis</strong></span> <span class='ocrx_word' id='word_1_714' title='bbox 3515 4805 3810 4863; x_wconf 88' lang='lat' dir='ltr'><strong>humiliter</strong></span> 
     </span>
    </p>
   </div>
   <div class='ocr_carea' id='block_1_90' title="bbox 446 4895 3805 4970">
    <p class='ocr_par' dir='ltr' id='par_1_90' title="bbox 446 4895 3805 4970">
     <span class='ocr_line' id='line_1_91' title="bbox 446 4895 3805 4970; baseline -0.001 -12"><span class='ocrx_word' id='word_1_715' title='bbox 446 4903 519 4958; x_wconf 89' lang='lat' dir='ltr'><strong>sit</strong></span> <span class='ocrx_word' id='word_1_716' title='bbox 546 4902 759 4958; x_wconf 91' lang='lat' dir='ltr'><strong>Christo</strong></span> <span class='ocrx_word' id='word_1_717' title='bbox 791 4898 1183 4956; x_wconf 84' lang='lat' dir='ltr'><strong>famulantibus</strong></span> <span class='ocrx_word' id='word_1_718' title='bbox 1213 4905 1269 4954; x_wconf 91' lang='lat' dir='ltr'><strong>et</strong></span> <span class='ocrx_word' id='word_1_719' title='bbox 1299 4897 1357 4953; x_wconf 91' lang='lat' dir='ltr'><strong>in</strong></span> <span class='ocrx_word' id='word_1_720' title='bbox 1386 4897 1714 4970; x_wconf 72' lang='lat' dir='ltr'><strong>aegritudine</strong></span> <span class='ocrx_word' id='word_1_721' title='bbox 1740 4897 2076 4953; x_wconf 86' lang='lat' dir='ltr'><strong>decumben—</strong></span> <span class='ocrx_word' id='word_1_722' title='bbox 2177 4895 2538 4951; x_wconf 82' lang='lat' dir='ltr'><strong>deservirem.</strong></span> <span class='ocrx_word' id='word_1_723' title='bbox 2576 4896 3000 4970; x_wconf 86' lang='lat' dir='ltr'><strong>Egredientibus</strong></span> <span class='ocrx_word' id='word_1_724' title='bbox 3054 4902 3236 4951; x_wconf 91' lang='lat' dir='ltr'><strong>autem</strong></span> <span class='ocrx_word' id='word_1_725' title='bbox 3285 4896 3397 4952; x_wconf 91' lang='lat' dir='ltr'><strong>illis</strong></span> <span class='ocrx_word' id='word_1_726' title='bbox 3451 4897 3522 4954; x_wconf 91' lang='lat' dir='ltr'><strong>de</strong></span> <span class='ocrx_word' id='word_1_727' title='bbox 3574 4898 3805 4970; x_wconf 88' lang='lat' dir='ltr'><strong>balneo,</strong></span> 
     </span>
    </p>
   </div>
   <div class='ocr_carea' id='block_1_91' title="bbox 1801 5026 2423 5084">
    <p class='ocr_par' dir='ltr' id='par_1_91' title="bbox 1801 5026 2423 5084">
     <span class='ocr_line' id='line_1_92' title="bbox 1801 5026 2423 5084; baseline -0.002 -2"><span class='ocrx_word' id='word_1_728' title='bbox 1801 5028 2023 5083; x_wconf 72' lang='lat' dir='ltr'><strong>VARUE</strong></span> <span class='ocrx_word' id='word_1_729' title='bbox 2049 5026 2423 5084; x_wconf 85' lang='lat' dir='ltr'><strong>LECTIONES.</strong></span> 
     </span>
    </p>
   </div>
   <div class='ocr_carea' id='block_1_92' title="bbox 517 5126 3802 5233">
    <p class='ocr_par' dir='ltr' id='par_1_92' title="bbox 517 5126 3802 5233">
     <span class='ocr_line' id='line_1_93' title="bbox 517 5126 3802 5233; baseline -0 -46"><span class='ocrx_word' id='word_1_730' title='bbox 517 5134 562 5169; x_wconf 65' lang='grc'><strong>⁸⁵</strong></span> <span class='ocrx_word' id='word_1_731' title='bbox 592 5133 723 5206; x_wconf 90' lang='lat' dir='ltr'><strong>quid</strong></span> <span class='ocrx_word' id='word_1_732' title='bbox 750 5133 823 5233; x_wconf 77' lang='grc' dir='ltr'><strong>1,Ι</strong></span> <span class='ocrx_word' id='word_1_733' title='bbox 875 5131 917 5165; x_wconf 69' lang='grc' dir='ltr'><strong>δτ</strong></span> <span class='ocrx_word' id='word_1_734' title='bbox 941 5145 1089 5233; x_wconf 54' lang='lat' dir='ltr'><strong>vogg</strong></span> <span class='ocrx_word' id='word_1_735' title='bbox 1187 5201 1208 5233; x_wconf 41' lang='grc' dir='ltr'><strong><em>Α</em></strong></span> <span class='ocrx_word' id='word_1_736' title='bbox 1236 5128 1281 5164; x_wconf 78' lang='grc'><strong>⁵⁸</strong></span> <span class='ocrx_word' id='word_1_737' title='bbox 1309 5127 1755 5233; x_wconf 49' lang='lat' dir='ltr'><strong>(lpsomsubracto,</strong></span> <span class='ocrx_word' id='word_1_738' title='bbox 1782 5129 1892 5233; x_wconf 54' lang='lat' dir='ltr'><strong>jar:</strong></span> <span class='ocrx_word' id='word_1_739' title='bbox 1926 5144 2048 5233; x_wconf 51' lang='lat' dir='ltr'><strong>qam</strong></span> <span class='ocrx_word' id='word_1_740' title='bbox 2076 5129 2242 5233; x_wconf 70' lang='lat' dir='ltr'><strong>nobis</strong></span> <span class='ocrx_word' id='word_1_741' title='bbox 2278 5143 2408 5199; x_wconf 90' lang='lat' dir='ltr'><strong>spes</strong></span> <span class='ocrx_word' id='word_1_742' title='bbox 2447 5132 2503 5233; x_wconf 68' lang='lat' dir='ltr'><strong>et</strong></span> <span class='ocrx_word' id='word_1_743' title='bbox 2529 5126 2839 5233; x_wconf 46' lang='lat' dir='ltr'><strong>lcm‘isolsgti&#39;p</strong></span> <span class='ocrx_word' id='word_1_744' title='bbox 2880 5127 2991 5183; x_wconf 89' lang='lat' dir='ltr'><strong>nisi</strong></span> <span class='ocrx_word' id='word_1_745' title='bbox 3023 5127 3080 5183; x_wconf 92' lang='lat' dir='ltr'><strong>in</strong></span> <span class='ocrx_word' id='word_1_746' title='bbox 3092 5128 3218 5233; x_wconf 56' lang='lat' dir='ltr'><strong>Pco</strong></span> <span class='ocrx_word' id='word_1_747' title='bbox 3246 5129 3406 5184; x_wconf 80' lang='lat' dir='ltr'><strong>addit</strong></span> <span class='ocrx_word' id='word_1_748' title='bbox 3433 5129 3501 5233; x_wconf 49' lang='lat' dir='ltr'><strong>2L</strong></span> <span class='ocrx_word' id='word_1_749' title='bbox 3547 5131 3607 5233; x_wconf 60' lang='grc'><strong>1⁸9</strong></span> <span class='ocrx_word' id='word_1_750' title='bbox 3632 5147 3802 5233; x_wconf 64' lang='grc' dir='ltr'><strong>εθοὲ-</strong></span> 
     </span>
     <span class='ocr_line' id='line_1_94' title="bbox 517 5200 3702 5233; baseline 0 0"><span class='ocrx_word' id='word_1_751' title='bbox 517 5207 577 5233; x_wconf 81' lang='lat'><strong>.:..</strong></span> <span class='ocrx_word' id='word_1_752' title='bbox 610 5214 801 5233; x_wconf 57' lang='lat' dir='ltr'><strong>Anni-in</strong></span> <span class='ocrx_word' id='word_1_753' title='bbox 833 5219 916 5233; x_wconf 55' lang='grc' dir='ltr'><strong>,λη-ι</strong></span> <span class='ocrx_word' id='word_1_754' title='bbox 976 5218 1006 5233; x_wconf 79' lang='grc' dir='ltr'>η</span> <span class='ocrx_word' id='word_1_755' title='bbox 1091 5204 1112 5233; x_wconf 66' lang='grc' dir='ltr'><strong><em>ρέ</em></strong></span> <span class='ocrx_word' id='word_1_756' title='bbox 1394 5216 1425 5233; x_wconf 82' lang='lat' dir='ltr'><strong>n</strong></span> <span class='ocrx_word' id='word_1_757' title='bbox 1492 5217 1553 5233; x_wconf 71' lang='lat' dir='ltr'><strong>nn</strong></span> <span class='ocrx_word' id='word_1_758' title='bbox 1584 5210 1800 5233; x_wconf 74' lang='lat' dir='ltr'><strong>omnnlo</strong></span> <span class='ocrx_word' id='word_1_759' title='bbox 2061 5203 2085 5233; x_wconf 70' lang='grc' dir='ltr'><strong>ι’</strong></span> <span class='ocrx_word' id='word_1_760' title='bbox 2112 5217 2142 5233; x_wconf 80' lang='grc' dir='ltr'><em>η</em></span> <span class='ocrx_word' id='word_1_761' title='bbox 2175 5203 2383 5233; x_wconf 59' lang='lat' dir='ltr'><strong>naM/1n</strong></span> <span class='ocrx_word' id='word_1_762' title='bbox 2417 5216 2429 5229; x_wconf 75' lang='grc' dir='ltr'><strong>ο</strong></span> <span class='ocrx_word' id='word_1_763' title='bbox 2487 5215 2518 5233; x_wconf 79' lang='grc' dir='ltr'><strong>ιι</strong></span> <span class='ocrx_word' id='word_1_764' title='bbox 2552 5215 2576 5233; x_wconf 71' lang='grc' dir='ltr'><strong>ει</strong></span> <span class='ocrx_word' id='word_1_765' title='bbox 2652 5216 2663 5228; x_wconf 78' lang='grc' dir='ltr'><strong><em>ο</em></strong></span> <span class='ocrx_word' id='word_1_766' title='bbox 2893 5215 3024 5233; x_wconf 72' lang='grc' dir='ltr'><strong>υιηιη</strong></span> <span class='ocrx_word' id='word_1_767' title='bbox 3057 5215 3083 5233; x_wconf 70' lang='grc' dir='ltr'>α</span> <span class='ocrx_word' id='word_1_768' title='bbox 3158 5200 3291 5233; x_wconf 63' lang='lat' dir='ltr'><strong>inuia</strong></span> <span class='ocrx_word' id='word_1_769' title='bbox 3322 5216 3460 5233; x_wconf 64' lang='lat' dir='ltr'><strong>nsunt)</strong></span> <span class='ocrx_word' id='word_1_770' title='bbox 3507 5218 3540 5233; x_wconf 76' lang='grc' dir='ltr'>ιι</span> <span class='ocrx_word' id='word_1_771' title='bbox 3570 5201 3615 5233; x_wconf 67' lang='grc' dir='ltr'><strong>ἕο</strong></span> <span class='ocrx_word' id='word_1_772' title='bbox 3648 5204 3702 5233; x_wconf 66' lang='grc' dir='ltr'><strong>ἓν.</strong></span> 
     </span>
    </p>
   </div>
   <div class='ocr_carea' id='block_1_93' title="bbox 448 5198 3801 5270">
    <p class='ocr_par' dir='ltr' id='par_1_93' title="bbox 448 5198 3801 5270">
     <span class='ocr_line' id='line_1_95' title="bbox 448 5198 3801 5270; baseline -0.001 -10"><span class='ocrx_word' id='word_1_773' title='bbox 448 5206 582 5260; x_wconf 88' lang='lat' dir='ltr'><strong>laria</strong></span> <span class='ocrx_word' id='word_1_774' title='bbox 608 5198 917 5260; x_wconf 76' lang='lat' dir='ltr'><strong>cantantem</strong></span> <span class='ocrx_word' id='word_1_775' title='bbox 974 5201 1135 5255; x_wconf 80' lang='lat' dir='ltr'><strong>addit</strong></span> <span class='ocrx_word' id='word_1_776' title='bbox 1187 5201 1238 5254; x_wconf 76' lang='grc'><strong>1.</strong></span> <span class='ocrx_word' id='word_1_777' title='bbox 1309 5198 1354 5235; x_wconf 73' lang='grc' dir='ltr'><strong>δσ</strong></span> <span class='ocrx_word' id='word_1_778' title='bbox 1393 5198 1805 5254; x_wconf 88' lang='lat' dir='ltr'><strong>oblectamenta</strong></span> <span class='ocrx_word' id='word_1_779' title='bbox 1849 5201 1903 5253; x_wconf 93' lang='lat'><strong>2.</strong></span> <span class='ocrx_word' id='word_1_780' title='bbox 1944 5198 2003 5234; x_wconf 70' lang='grc' dir='ltr'><strong>’δι</strong></span> <span class='ocrx_word' id='word_1_781' title='bbox 2061 5203 2144 5254; x_wconf 74' lang='lat' dir='ltr'><strong>ita</strong></span> <span class='ocrx_word' id='word_1_782' title='bbox 2173 5198 2383 5266; x_wconf 72' lang='lat' dir='ltr'><strong>corrigo</strong></span> <span class='ocrx_word' id='word_1_783' title='bbox 2415 5216 2430 5264; x_wconf 89' lang='lat'><strong>;</strong></span> <span class='ocrx_word' id='word_1_784' title='bbox 2464 5205 2581 5253; x_wconf 90' lang='lat' dir='ltr'><strong>tuta</strong></span> <span class='ocrx_word' id='word_1_785' title='bbox 2611 5200 2663 5252; x_wconf 74' lang='grc'><strong>1⁸</strong></span> <span class='ocrx_word' id='word_1_786' title='bbox 2706 5199 2751 5232; x_wconf 72' lang='grc'><strong>⁸³</strong></span> <span class='ocrx_word' id='word_1_787' title='bbox 2788 5199 2848 5254; x_wconf 93' lang='lat' dir='ltr'><strong>D.</strong></span> <span class='ocrx_word' id='word_1_788' title='bbox 2893 5215 3024 5255; x_wconf 91' lang='lat' dir='ltr'><strong>vero</strong></span> <span class='ocrx_word' id='word_1_789' title='bbox 3056 5200 3124 5254; x_wconf 89' lang='lat' dir='ltr'><strong>ab</strong></span> <span class='ocrx_word' id='word_1_790' title='bbox 3158 5200 3294 5270; x_wconf 91' lang='lat' dir='ltr'><strong>ipsis</strong></span> <span class='ocrx_word' id='word_1_791' title='bbox 3322 5201 3618 5256; x_wconf 90' lang='lat' dir='ltr'><strong>cunabulis</strong></span> <span class='ocrx_word' id='word_1_792' title='bbox 3648 5204 3702 5257; x_wconf 90' lang='lat' dir='ltr'><strong>in</strong></span> <span class='ocrx_word' id='word_1_793' title='bbox 3740 5204 3801 5257; x_wconf 83' lang='lat'><strong>2.</strong></span> 
     </span>
    </p>
   </div>
   <div class='ocr_carea' id='block_1_94' title="bbox 449 5270 3806 5345">
    <p class='ocr_par' dir='ltr' id='par_1_94' title="bbox 449 5270 3806 5345">
     <span class='ocr_line' id='line_1_96' title="bbox 449 5270 3806 5345; baseline -0.001 -15"><span class='ocrx_word' id='word_1_794' title='bbox 449 5278 493 5312; x_wconf 77' lang='grc'>⁸³</span> <span class='ocrx_word' id='word_1_795' title='bbox 523 5277 599 5331; x_wconf 91' lang='lat' dir='ltr'><strong>nil</strong></span> <span class='ocrx_word' id='word_1_796' title='bbox 638 5279 688 5339; x_wconf 86' lang='lat'><strong>1,</strong></span> <span class='ocrx_word' id='word_1_797' title='bbox 722 5276 765 5309; x_wconf 66' lang='grc'><strong>⁸³⁵</strong></span> <span class='ocrx_word' id='word_1_798' title='bbox 799 5291 851 5344; x_wconf 89' lang='lat' dir='ltr'><strong>p.</strong></span> <span class='ocrx_word' id='word_1_799' title='bbox 876 5274 1025 5343; x_wconf 88' lang='lat' dir='ltr'><strong>quod</strong></span> <span class='ocrx_word' id='word_1_800' title='bbox 1058 5288 1129 5345; x_wconf 72' lang='lat' dir='ltr'><strong>ex</strong></span> <span class='ocrx_word' id='word_1_801' title='bbox 1166 5271 1538 5345; x_wconf 75' lang='lat' dir='ltr'><strong>prudentibus</strong></span> <span class='ocrx_word' id='word_1_802' title='bbox 1590 5272 1710 5339; x_wconf 89' lang='lat' dir='ltr'><strong>ejus</strong></span> <span class='ocrx_word' id='word_1_803' title='bbox 1740 5271 2003 5345; x_wconf 82' lang='lat' dir='ltr'><strong>virtutum</strong></span> <span class='ocrx_word' id='word_1_804' title='bbox 2071 5272 2367 5345; x_wconf 63' lang='lat' dir='ltr'><strong>praeconiis</strong></span> <span class='ocrx_word' id='word_1_805' title='bbox 2396 5270 2573 5345; x_wconf 81' lang='lat' dir='ltr'><strong>conici</strong></span> <span class='ocrx_word' id='word_1_806' title='bbox 2616 5270 2839 5340; x_wconf 91' lang='lat' dir='ltr'><strong>poterit.</strong></span> <span class='ocrx_word' id='word_1_807' title='bbox 2873 5270 3007 5345; x_wconf 84' lang='lat' dir='ltr'><strong>Nam</strong></span> <span class='ocrx_word' id='word_1_808' title='bbox 3039 5277 3099 5325; x_wconf 90' lang='lat' dir='ltr'><strong>ut</strong></span> <span class='ocrx_word' id='word_1_809' title='bbox 3128 5271 3321 5345; x_wconf 80' lang='lat' dir='ltr'><strong>beatus</strong></span> <span class='ocrx_word' id='word_1_810' title='bbox 3351 5271 3651 5345; x_wconf 85' lang='lat' dir='ltr'><strong>Gregorius</strong></span> <span class='ocrx_word' id='word_1_811' title='bbox 3681 5275 3759 5329; x_wconf 88' lang='lat' dir='ltr'><strong>ait</strong></span> <span class='ocrx_word' id='word_1_812' title='bbox 3793 5293 3806 5328; x_wconf 95' lang='lat'>:</span> 
     </span>
    </p>
   </div>
   <div class='ocr_carea' id='block_1_95' title="bbox 450 5341 3806 5424">
    <p class='ocr_par' dir='ltr' id='par_1_95' title="bbox 450 5341 3806 5424">
     <span class='ocr_line' id='line_1_97' title="bbox 450 5341 3806 5424; baseline -0.001 -23"><span class='ocrx_word' id='word_1_813' title='bbox 450 5348 754 5424; x_wconf 52' lang='lat' dir='ltr'><strong>liumquam</strong></span> <span class='ocrx_word' id='word_1_814' title='bbox 789 5341 875 5424; x_wconf 78' lang='lat' dir='ltr'><strong>es_t</strong></span> <span class='ocrx_word' id='word_1_815' title='bbox 898 5341 1209 5424; x_wconf 51' lang='lat' dir='ltr'><strong>amornDei</strong></span> <span class='ocrx_word' id='word_1_816' title='bbox 1268 5342 1483 5424; x_wconf 77' lang='lat' dir='ltr'><strong>otiosus</strong></span> <span class='ocrx_word' id='word_1_817' title='bbox 1516 5361 1531 5409; x_wconf 90' lang='lat'><strong>;</strong></span> <span class='ocrx_word' id='word_1_818' title='bbox 1560 5348 1820 5424; x_wconf 75' lang='lat' dir='ltr'><strong>o_peratur</strong></span> <span class='ocrx_word' id='word_1_819' title='bbox 1845 5342 1990 5395; x_wconf 90' lang='lat' dir='ltr'><strong>enim</strong></span> <span class='ocrx_word' id='word_1_820' title='bbox 2029 5341 2231 5424; x_wconf 81' lang='lat' dir='ltr'><strong>magna</strong></span> <span class='ocrx_word' id='word_1_821' title='bbox 2259 5341 2309 5395; x_wconf 93' lang='lat' dir='ltr'><strong>si</strong></span> <span class='ocrx_word' id='word_1_822' title='bbox 2337 5349 2423 5424; x_wconf 58' lang='lat' dir='ltr'><strong>est</strong></span> <span class='ocrx_word' id='word_1_823' title='bbox 2459 5358 2474 5406; x_wconf 88' lang='lat'><strong>;</strong></span> <span class='ocrx_word' id='word_1_824' title='bbox 2592 5355 2737 5424; x_wconf 40' lang='lat' dir='ltr'><strong>vero.</strong></span> <span class='ocrx_word' id='word_1_825' title='bbox 2762 5341 2981 5424; x_wconf 69' lang='lat' dir='ltr'><strong>operari</strong></span> <span class='ocrx_word' id='word_1_826' title='bbox 3015 5342 3259 5424; x_wconf 72' lang='lat' dir='ltr'><strong>rennuit,</strong></span> <span class='ocrx_word' id='word_1_827' title='bbox 3291 5341 3612 5400; x_wconf 52' lang='lat' dir='ltr'><strong>amor—non</strong></span> <span class='ocrx_word' id='word_1_828' title='bbox 3640 5347 3806 5424; x_wconf 89' lang='lat' dir='ltr'><strong>est</strong></span> 
     </span>
    </p>
   </div>
   <div class='ocr_carea' id='block_1_96' title="bbox 450 5411 3808 5485">
    <p class='ocr_par' dir='ltr' id='par_1_96' title="bbox 450 5411 3808 5485">
     <span class='ocr_line' id='line_1_98' title="bbox 450 5411 3808 5485; baseline -0 -12"><span class='ocrx_word' id='word_1_829' title='bbox 450 5419 494 5452; x_wconf 77' lang='grc'><strong>⁸⁵</strong></span> <span class='ocrx_word' id='word_1_830' title='bbox 523 5411 1032 5485; x_wconf 77' lang='lat' dir='ltr'><strong>accideretErath._</strong></span> <span class='ocrx_word' id='word_1_831' title='bbox 1067 5413 1113 5446; x_wconf 72' lang='grc'>⁸⁵</span> <span class='ocrx_word' id='word_1_832' title='bbox 1180 5429 1271 5466; x_wconf 84' lang='lat' dir='ltr'><strong>rex</strong></span> <span class='ocrx_word' id='word_1_833' title='bbox 1325 5416 1373 5466; x_wconf 87' lang='grc'><strong>1.</strong></span> <span class='ocrx_word' id='word_1_834' title='bbox 1431 5422 1513 5485; x_wconf 85' lang='lat' dir='ltr'><strong>ter</strong></span> <span class='ocrx_word' id='word_1_835' title='bbox 1569 5411 1629 5468; x_wconf 85' lang='lat' dir='ltr'><strong>L.</strong></span> <span class='ocrx_word' id='word_1_836' title='bbox 1695 5421 1805 5485; x_wconf 74' lang='lat' dir='ltr'><strong>tres</strong></span> <span class='ocrx_word' id='word_1_837' title='bbox 1856 5411 2336 5485; x_wconf 77' lang='lat' dir='ltr'><strong>superpositiones</strong></span> <span class='ocrx_word' id='word_1_838' title='bbox 2389 5412 2446 5479; x_wconf 85' lang='lat'><strong>2,</strong></span> <span class='ocrx_word' id='word_1_839' title='bbox 2513 5411 2555 5446; x_wconf 74' lang='grc'>⁵⁷</span> <span class='ocrx_word' id='word_1_840' title='bbox 2594 5413 2739 5467; x_wconf 83' lang='lat' dir='ltr'><strong>deest</strong></span> <span class='ocrx_word' id='word_1_841' title='bbox 2791 5411 2816 5466; x_wconf 80' lang='grc'><strong>1</strong></span> <span class='ocrx_word' id='word_1_842' title='bbox 2874 5412 2919 5446; x_wconf 70' lang='grc'>⁵⁸</span> <span class='ocrx_word' id='word_1_843' title='bbox 2986 5412 3085 5468; x_wconf 90' lang='lat' dir='ltr'><strong>sed</strong></span> <span class='ocrx_word' id='word_1_844' title='bbox 3139 5413 3191 5468; x_wconf 92' lang='lat' dir='ltr'><strong>ei</strong></span> <span class='ocrx_word' id='word_1_845' title='bbox 3222 5429 3460 5485; x_wconf 70' lang='lat' dir='ltr'><strong>quaeque</strong></span> <span class='ocrx_word' id='word_1_846' title='bbox 3490 5417 3808 5472; x_wconf 88' lang='lat' dir='ltr'><strong>necessaria</strong></span> 
     </span>
    </p>
   </div>
   <div class='ocr_carea' id='block_1_97' title="bbox 450 5482 2152 5554">
    <p class='ocr_par' dir='ltr' id='par_1_97' title="bbox 450 5482 2152 5554">
     <span class='ocr_line' id='line_1_99' title="bbox 450 5482 2152 5554; baseline -0.002 -12"><span class='ocrx_word' id='word_1_847' title='bbox 450 5488 637 5542; x_wconf 90' lang='lat' dir='ltr'><strong>tribuit</strong></span> <span class='ocrx_word' id='word_1_848' title='bbox 663 5487 822 5541; x_wconf 66' lang='lat' dir='ltr'><strong>addit</strong></span> <span class='ocrx_word' id='word_1_849' title='bbox 848 5486 905 5550; x_wconf 90' lang='lat'><strong>2,</strong></span> <span class='ocrx_word' id='word_1_850' title='bbox 937 5484 981 5518; x_wconf 82' lang='grc'><strong>⁶⁹</strong></span> <span class='ocrx_word' id='word_1_851' title='bbox 1016 5483 1076 5535; x_wconf 91' lang='lat' dir='ltr'><strong>ln</strong></span> <span class='ocrx_word' id='word_1_852' title='bbox 1103 5497 1457 5554; x_wconf 88' lang='lat' dir='ltr'><strong>quocumque</strong></span> <span class='ocrx_word' id='word_1_853' title='bbox 1486 5483 1607 5539; x_wconf 92' lang='lat' dir='ltr'><strong>loco</strong></span> <span class='ocrx_word' id='word_1_854' title='bbox 1636 5485 1690 5537; x_wconf 91' lang='lat'><strong>2.</strong></span> <span class='ocrx_word' id='word_1_855' title='bbox 1726 5482 1772 5515; x_wconf 81' lang='grc' dir='ltr'><strong>⁷ο</strong></span> <span class='ocrx_word' id='word_1_856' title='bbox 1799 5483 1902 5537; x_wconf 87' lang='lat' dir='ltr'><strong>sub</strong></span> <span class='ocrx_word' id='word_1_857' title='bbox 1930 5482 2071 5540; x_wconf 34' lang='lat' dir='ltr'><strong>’div‘o</strong></span> <span class='ocrx_word' id='word_1_858' title='bbox 2095 5485 2152 5538; x_wconf 85' lang='lat'><strong>2.</strong></span> 
     </span>
    </p>
   </div>
   <div class='ocr_carea' id='block_1_98' title="bbox 2016 5585 2222 5640">
    <p class='ocr_par' dir='ltr' id='par_1_98' title="bbox 2016 5585 2222 5640">
     <span class='ocr_line' id='line_1_100' title="bbox 2016 5585 2222 5640; baseline -0.005 0"><span class='ocrx_word' id='word_1_859' title='bbox 2016 5585 2222 5640; x_wconf 71' lang='grc' dir='ltr'><strong>ΝΟΤιιΕ.</strong></span> 
     </span>
    </p>
   </div>
   <div class='ocr_carea' id='block_1_99' title="bbox 522 5677 3813 5764">
    <p class='ocr_par' dir='ltr' id='par_1_99' title="bbox 522 5677 3813 5764">
     <span class='ocr_line' id='line_1_101' title="bbox 522 5677 3813 5764; baseline 0.003 -30"><span class='ocrx_word' id='word_1_860' title='bbox 522 5683 629 5762; x_wconf 66' lang='lat'><strong>(38)</strong></span> <span class='ocrx_word' id='word_1_861' title='bbox 670 5678 1207 5764; x_wconf 47' lang='lat' dir='ltr'><strong>Vestqn‘cpcﬁrgeam</strong></span> <span class='ocrx_word' id='word_1_862' title='bbox 1234 5677 1607 5764; x_wconf 52' lang='lat' dir='ltr'><strong>Ehhehardus</strong></span> <span class='ocrx_word' id='word_1_863' title='bbox 1631 5677 1862 5764; x_wconf 61' lang='lat' dir='ltr'><strong>scribit;</strong></span> <span class='ocrx_word' id='word_1_864' title='bbox 1895 5689 1950 5737; x_wconf 87' lang='lat' dir='ltr'><strong>et</strong></span> <span class='ocrx_word' id='word_1_865' title='bbox 1975 5681 2057 5764; x_wconf 73' lang='lat' dir='ltr'><strong>i_ta</strong></span> <span class='ocrx_word' id='word_1_866' title='bbox 2166 5681 2370 5762; x_wconf 74' lang='lat' dir='ltr'><strong>prodit,</strong></span> <span class='ocrx_word' id='word_1_867' title='bbox 2396 5682 2488 5735; x_wconf 90' lang='lat' dir='ltr'><strong>ubi</strong></span> <span class='ocrx_word' id='word_1_868' title='bbox 2532 5683 2689 5749; x_wconf 90' lang='lat' dir='ltr'><strong>dicit,</strong></span> <span class='ocrx_word' id='word_1_869' title='bbox 2743 5681 3099 5738; x_wconf 87' lang='lat' dir='ltr'><strong>Mahthildam</strong></span> <span class='ocrx_word' id='word_1_870' title='bbox 3141 5682 3276 5737; x_wconf 90' lang='lat' dir='ltr'><strong>nihil</strong></span> <span class='ocrx_word' id='word_1_871' title='bbox 3305 5684 3376 5739; x_wconf 90' lang='lat' dir='ltr'><strong>de</strong></span> <span class='ocrx_word' id='word_1_872' title='bbox 3408 5685 3621 5742; x_wconf 87' lang='lat' dir='ltr'><strong>honore</strong></span> <span class='ocrx_word' id='word_1_873' title='bbox 3652 5689 3813 5764; x_wconf 82' lang='lat' dir='ltr'><strong>regio</strong></span> 
     </span>
    </p>
   </div>
   <div class='ocr_carea' id='block_1_100' title="bbox 450 5743 2469 5817">
    <p class='ocr_par' dir='ltr' id='par_1_100' title="bbox 450 5743 2469 5817">
     <span class='ocr_line' id='line_1_102' title="bbox 450 5743 2469 5817; baseline 0 -16"><span class='ocrx_word' id='word_1_874' title='bbox 450 5743 735 5805; x_wconf 82' lang='lat' dir='ltr'><strong>coccinum</strong></span> <span class='ocrx_word' id='word_1_875' title='bbox 769 5743 1197 5814; x_wconf 87' lang='lat' dir='ltr'><strong>intelligendum</strong></span> <span class='ocrx_word' id='word_1_876' title='bbox 1229 5760 1371 5812; x_wconf 90' lang='lat' dir='ltr'><strong>esse,</strong></span> <span class='ocrx_word' id='word_1_877' title='bbox 1399 5765 1465 5804; x_wconf 88' lang='lat' dir='ltr'><strong>ex</strong></span> <span class='ocrx_word' id='word_1_878' title='bbox 1488 5747 1830 5806; x_wconf 85' lang='lat' dir='ltr'><strong>Widukindo</strong></span> <span class='ocrx_word' id='word_1_879' title='bbox 1852 5743 1943 5817; x_wconf 74' lang='grc' dir='ltr'><strong>ἰιι,</strong></span> <span class='ocrx_word' id='word_1_880' title='bbox 1975 5754 2065 5814; x_wconf 76' lang='grc'><strong>⁸74,</strong></span> <span class='ocrx_word' id='word_1_881' title='bbox 2166 5743 2469 5805; x_wconf 63' lang='grc' dir='ltr'><strong>ἰηίιιιιὶςεθ.</strong></span> 
     </span>
    </p>
   </div>
  </div>
