3978 6214
403 265 463 317 91
476 265 498 316 1

1489 249 1758 304 ΒΑΝΟΤΑΞ
1796 247 2151 303 MATHILDIS
2194 246 2433 300 REGN/E
2474 245 2643 300 VITA.

3631 240 3744 297 912

403 388 610 441 salvum
639 400 877 447 reserva,
910 380 1169 451 quamdiu
1213 377 1349 431 velis
1404 374 1619 429 mortali
1676 390 1777 427 nos
1834 373 2097 439 tenereA
2126 372 2349 426 virtutes
2414 370 2616 443 regina?
2678 366 3014 433 Mahthildis,
3055 366 3193 420 mira
3248 365 3515 436 opinione
3575 367 3760 422 laudis

406 479 459 532 in
476 477 605 540 vita,
631 482 689 528 ut
720 480 963 527 nostrum
997 468 1287 522 amabilem
1348 464 1521 520 ﬁlium
1576 466 1892 520 Hcinricum
1924 481 2020 535 per

407 582 606 620 nomen
649 563 839 617 saltem
875 560 1119 614 imitetur
1148 568 1201 612 et
1232 574 1444 612 vocem.
1479 578 1501 605 ι)
1537 556 1687 611 Tunc
1719 564 2018 610 etvenera—

405 657 532 709 bilis
564 654 752 726 regina
780 650 1033 705 Adelheit
1053 650 1131 703 sic
1163 649 1235 702 ait
1270 666 1283 701 :
1315 674 1336 694 «
1367 652 1534 711 Quam
1564 647 1898 717 exeptabilis
1938 653 2019 700 est

406 746 569 813 hujus
601 743 757 813 pueri
779 747 1055 811 aspectus,
1083 745 1136 792 et
1156 754 1317 809 quam
1338 738 1572 791 decorus
1588 737 1655 789 ad
1689 735 2018 790 intuendum

402 838 587 892 vultus
622 834 633 889 l
672 834 768 889 Ubi
797 849 929 905 ergo
962 832 1275 886 invenietur
1300 830 1475 902 virgo.
1508 844 1629 900 quae
1655 829 1704 883 ei
1728 828 2020 883 conveniat

405 927 577 983 forma
605 932 659 979 et
700 922 973 997 ingenio?
1028 922 1133 976 Nos
1177 930 1359 975 natam
1408 919 1676 974 habemus
1718 918 2014 988 parvulam,

408 1015 631 1070 nomine
656 1014 935 1067 Hemniam
964 1011 1075 1081 (40)
1110 1029 1123 1075 ;
1167 1008 1401 1064 hancilli
1435 1022 1800 1071 reservemus,
1833 1004 1878 1058 si
1907 1006 2017 1059 Deo

402 1109 584 1179 placet
613 1113 669 1160 et
697 1104 875 1167 vobis,
908 1110 966 1157 ut
989 1102 1148 1157 nobis
1177 1101 1468 1171 copuletur
1483 1099 1571 1153 hic
1589 1115 1763 1173 gener
1791 1104 2018 1168 exopta-

406 1200 550 1254 bilis.
599 1218 623 1248 ι)
670 1198 900 1251 Econtra
938 1194 1133 1249 Christi
1202 1192 1405 1247 famula
1456 1192 1695 1256 reticuit,
1749 1198 1803 1245 et
1842 1190 1936 1244 diu
1960 1190 2015 1243 in

408 1288 767 1360 responsione
807 1287 1096 1341 haesitavit.
1148 1285 1273 1340 Post
1321 1285 1441 1339 haec
1468 1283 1632 1355 longa
1673 1283 1895 1337 trahens
1923 1298 2019 1336 su-

406 1379 596 1450 spiria,
632 1379 749 1431 haec
803 1376 1043 1430 reddidit
1094 1375 1299 1430 verba:
1335 1395 1357 1422 ι
1406 1374 1576 1439 Absit,
1636 1379 1694 1427 ut
1730 1373 1804 1427 de
1835 1379 2019 1425 nostra

408 1479 559 1541 parte
593 1468 747 1523 vobis
776 1466 996 1521 eveniat
1022 1473 1230 1520 tantum
1255 1464 1406 1518 triste
1433 1483 1447 1527 ;
1475 1464 1699 1534 expedit
1725 1464 1872 1517 enim
1897 1462 2021 1517 ﬁlia}

406 1566 599 1613 vestra:
632 1555 864 1611 feliciori
896 1572 956 1609 se
995 1554 1111 1609 viro
1142 1554 1465 1625 adjungere.
1499 1554 1606 1608 Hoc
1662 1568 1864 1606 nomen
1894 1560 2023 1607 tunc

2125 470 2353 515 vocatus
2380 468 2461 514 est
2494 459 2641 513 ﬁlius
2692 459 2812 526 ejus
2852 473 2941 511 rex
2973 455 3095 513 Otto
3135 458 3197 511 in‘
3223 472 3457 531 regnum
3502 456 3695 512 Romae
3727 475 3760 513 a

2124 552 2355 621 prwsule
2387 551 2536 605 sedis
2575 549 2913 620 apostolicae,
2946 557 3007 601 ut
3048 546 3281 622 gloriam
3314 546 3629 618 imperialis
3660 563 3762 603 co-

2122 660 2269 698 ronae
2325 644 2653 712 perciperet,
2709 647 2763 694 et
2820 638 3096 694 Romanis
3146 647 3414 708 praeesset
3435 637 3551 708 (an.
3601 637 3756 706 961).

2120 739 2268 792 Tunc
2319 736 2720 792 commendans
2776 748 3008 805 regnum
3066 740 3120 786 et
3188 731 3464 797 Ottoncm,
3524 747 3757 803 parvum

2123 829 2295 884 ﬁlium
2318 844 2499 891 suum,
2532 827 2637 897 pize
2672 825 2831 879 matri
2863 832 2920 879 et
2951 823 3371 894 archiepiscopo
3430 822 3757 889 Wilhelmo,

2120 937 2306 976 secum
2340 920 2459 975 tulit
2486 917 2649 973 fortia
2679 918 2925 972 virorum
2978 923 3225 987 pectora,
3259 922 3313 969 et
3364 912 3583 969 Christo
3611 914 3758 969 duce

2122 1014 2347 1068 Romam
2370 1011 2723 1083 properabat,
2757 1010 2900 1063 sicut
2932 1024 3075 1079 papa
3132 1007 3510 1075 mandaverat,
3562 1020 3757 1061 secum

2118 1104 2414 1159 comitante
2447 1102 2640 1175 regina
2672 1100 2996 1155 Adellieida.
3031 1100 3163 1155 Cum
3192 1106 3375 1155 autem
3409 1099 3761 1170 pervenisset

2118 1194 2183 1247 ad
2214 1192 2526 1247 cathedram
2559 1191 2731 1246 sancti
2769 1191 2930 1251 Petri,
2994 1190 3154 1245 simul
3210 1205 3337 1243 cum
3368 1204 3540 1244 uxore
3573 1188 3763 1259 impe-

2120 1283 2308 1338 rialem
2340 1298 2601 1338 coronam
2634 1281 2848 1351 accepit
2871 1296 3100 1335 munere
3133 1280 3352 1348 Christi,
3382 1287 3438 1335 et
3467 1289 3625 1337 totus
3646 1295 3754 1351 po-

2122 1378 2284 1449 pulus
2316 1376 2679 1431 Romanorum
2714 1391 2772 1429 se
2794 1382 2995 1445 sponte
3025 1374 3342 1446 subjugavit
3367 1373 3548 1444 ipsius
3575 1371 3767 1427 domi-

2123 1466 2295 1531 natui,
2319 1473 2373 1520 et
2395 1464 2502 1517 sibi
2531 1462 2826 1519 solvebant
2862 1463 3087 1529 tributa,
3121 1470 3175 1518 et
3204 1471 3332 1535 post
3363 1463 3517 1518 illum
3552 1463 3763 1518 ceteris

2122 1555 2239 1608 suis
2267 1552 2502 1623 posteris
2541 1555 2649 1620 (an.
2682 1552 2808 1617 982,
2845 1552 2995 1605 Febr.
3047 1552 3122 1616 2).
3153 1552 3380 1607 Interim
3414 1552 3763 1607 venerabilis

406 1647 751 1704 solummodo
791 1646 961 1699 decus
991 1644 1204 1705 habuit.
1247 1643 1509 1713 quamdiu
1557 1642 1817 1696 dominus
1843 1650 2030 1697 noster
2061 1679 2107 1746 Β
2132 1646 2320 1718 regina
2348 1645 2492 1699 inter
2520 1659 2674 1714 spem
2705 1652 2759 1698 et
2781 1651 2988 1698 metum
3014 1644 3320 1717 angebatur
3344 1643 3535 1711 dubia,
3566 1651 3759 1699 utrum

406 1736 694 1790 lleinricus
722 1734 874 1787 vixit.
910 1733 1202 1803 Postquam
1235 1741 1418 1785 autem
1454 1732 1508 1784 in
1556 1741 1805 1801 posteros
1853 1732 2025 1799 venit,

405 1843 705 1898 numquam
740 1824 1044 1881 infortunio
1076 1824 1274 1879 caruit.
1310 1823 1446 1887 Quid
1476 1823 1712 1877 dicimus
1756 1824 1824 1878 de
1852 1840 2027 1898 angu-

403 1920 521 1973 stiis
542 1928 595 1973 et
626 1917 1074 1972 tribulationibus
1125 1932 1263 1987 quas
1317 1915 1576 1970 sustinuit
1623 1926 1775 1986 pater
1806 1918 1977 1987 ipsius
1998 1917 2025 1970 ?

406 2011 515 2067 Sed
536 2011 682 2065 enim
717 2010 899 2063 adhuc
929 2009 984 2062 in
1023 2008 1208 2062 divina
1238 2008 1601 2078 dispositione
1634 2016 1716 2062 est
1739 2009 1867 2078 quid
1899 2009 2024 2064 huic

406 2104 607 2157 debeat
633 2102 905 2156 accidere.
934 2102 1232 2172 Speramus
1261 2108 1463 2161 autem,
1518 2099 1622 2154 hoc
1668 2115 1868 2154 nomen
1910 2117 2021 2155 non

405 2195 660 2250 excidere
684 2195 751 2248 de
784 2208 987 2264 genere
1012 2201 1220 2258 nostro,
1254 2192 1571 2263 priusquam
1603 2192 1802 2264 aliquis
1831 2209 2023 2261 parvu-

411 2284 495 2339 lus
526 2300 701 2354 nepos
732 2284 943 2338 oriatur
990 2283 1059 2335 de
1090 2282 1337 2350 ejusdem
1397 2281 1607 2352 parvuli
1653 2282 1883 2347 semine,
1925 2283 2019 2355 qui

408 2373 736 2428 sublimetur
767 2372 935 2444 regali
969 2370 1258 2445 dignitate.
1288 2392 1312 2421 ι
1345 2371 1476 2436 Quis
1499 2372 1543 2404 ⁷⁵
1563 2380 1745 2425 autem
1782 2372 2017 2439 dubitet,

408 2464 596 2519 electae
615 2464 811 2517 (.hristi
834 2463 1049 2516 famula:
1083 2461 1428 2533 praphetiam
1462 2462 1517 2515 in
1563 2462 2021 2518 christianissimo

405 2570 531 2626 rege
566 2552 817 2607 Heinrico
848 2567 995 2605 nunc
1052 2567 1172 2605 esse
1226 2550 1503 2621 impletam
1540 2567 1554 2615 ;
1585 2550 1677 2621 qui
1712 2550 1833 2603 sine
1888 2550 1939 2604 vi
1967 2561 2023 2606 et

405 2650 573 2705 armis
602 2649 846 2718 suscepit
898 2647 1116 2702 culmen
1172 2646 1480 2721 regiminis.
1540 2653 1595 2701 et
1645 2646 2021 2717 tranquilitate

408 2741 557 2812 pacis
591 2755 738 2793 nunc
769 2745 918 2792 tenet
950 2738 1214 2793 honorem
1237 2737 1525 2811 dignitatis
1552 2736 1581 2790 Ῥ
1624 2736 1662 2791 Ο
1686 2754 1776 2790 rex
1811 2736 2023 2791 Heinri-

404 2849 488 2897 ce,
530 2832 726 2885 merito
745 2830 1038 2890 laudande,
1074 2828 1242 2884 induc
1269 2829 1432 2884 etiam
1464 2835 1629 2899 atque
1662 2827 1827 2882 etiam
1852 2830 2022 2884 menti

405 2931 511 2978 tua:
545 2921 890 2993 prephetiam
922 2921 1156 2992 insignis
1180 2921 1384 2994 reginae
1407 2928 1462 2975 et
1485 2927 1828 2993 cognoscete
1860 2927 2022 2975 tantae

2084 1711 2107 1745 ²
2133 1740 2245 1795 tilio
2278 1755 2379 1794 suo
2410 1739 2727 1793 evenissent
2760 1754 3023 1810 prospera
3049 1755 3117 1793 an
3150 1739 3399 1805 adversa,
3431 1748 3488 1794 et
3526 1756 3630 1810 pro
3657 1740 3757 1794 in-

2130 1829 2453 1884 columitate
2482 1827 2603 1896 ejus
2629 1828 2755 1882 vitm
2798 1828 2909 1882 Deo
2940 1844 3161 1898 semper
3187 1828 3388 1883 obtulit
3416 1826 3757 1883 sacriﬁcium

2124 1923 2539 1979 continuatione
2590 1938 2813 1993 precum
2860 1929 2915 1976 et
2981 1922 3234 1997 largitate
3294 1922 3732 1978 elemosinarum

2122 2015 2272 2070 Tunc
2310 2016 2472 2069 etiam
2505 2013 2811 2069 construxit
2833 2014 3227 2069 monasterium
3256 2014 3312 2068 in
3344 2013 3569 2069 civitate
3595 2014 3758 2069 Nort-

2125 2105 2426 2160 husunensi
2452 2105 2495 2137 “'7
2536 2119 2813 2159 consensu
2874 2104 2958 2158 sui
3018 2102 3230 2175 parvuli
3260 2103 3480 2175 nepotis
3510 2102 3755 2170 Ottonis,

2125 2214 2221 2271 pro
2246 2199 2428 2252 anima
2459 2198 2605 2270 regis
2659 2197 2901 2251 Heinriei
2963 2205 3016 2251 et
3066 2197 3151 2252 sui
3199 2196 3471 2252 carissimi
3507 2195 3629 2264 ﬁlii,
3659 2198 3752 2252 cui

2122 2288 2291 2359 patris
2313 2302 2514 2342 nomen
2546 2286 2902 2357 imposuerat,
2953 2293 3007 2340 et
3050 2301 3218 2357 quem
3250 2286 3307 2341 in
3342 2286 3573 2358 praefata
3611 2287 3757 2342 civi-

2123 2385 2231 2432 tate
2259 2384 2660 2448 procreaverat.
2719 2376 2834 2429 lllic
2891 2383 3320 2451 congregaverat
3376 2377 3757 2432 turmulam"

2122 2484 2371 2524 sororum
2404 2469 2513 2523 [leo
2543 2476 2597 2523 et
2642 2468 2818 2522 beata:
2851 2467 3029 2523 Mariae
3080 2468 3279 2542 virgini
3335 2468 3749 2524 famulantium.

2123 2561 2345 2617 Interea
2384 2562 2815 2634 pervulgabatur
2855 2561 3038 2617 Ottoni
3087 2562 3401 2633 imperatori
3457 2562 3514 2616 in
3549 2562 3753 2630 Roma,

2125 2673 2276 2711 suam
2318 2656 2583 2727 Optimam
2615 2664 2844 2711 matrem
2876 2656 3109 2711 nimium
3135 2656 3445 2712 contristari
3500 2655 3572 2713 de
3629 2658 3756 2726 ejus

2124 2747 2375 2803 absentia
2404 2766 2417 2813 ;
2449 2749 2543 2819 qui
2572 2747 2711 2803 miro
2738 2764 3007 2803 accensus
3035 2763 3224 2803 amore
3253 2747 3463 2804 Christo
3489 2748 3751 2804 dilectam

2122 2841 2332 2905 videre,
2371 2840 2553 2895 statim
2576 2840 2799 2911 reliquit
2830 2841 3054 2895 Romam
3084 2849 3139 2896 et
3162 2840 3417 2910 pervenit
3450 2842 3522 2896 'in
3548 2843 3751 2899 civita-

2125 2938 2233 2985 tem
2265 2930 2568 2997 Coloniam,
2635 2930 2731 2984 ubi
2765 2929 2935 2986 frater
2982 2932 3105 3002 ejus
3160 2932 3342 2989 Bruno
3393 2936 3751 2991 venerandus

405 3014 689 3088 dignitatis
728 3013 1042 3067 ascendisse
1072 3012 1268 3067 solium
1302 3029 1400 3083 per
1450 3012 1625 3083 ipsius
1653 3013 2020 3068 interventum
2055 3021 2605 3119 Carchipragsulalus
2667 3020 2891 3075 tenebar
2942 3021 3166 3076 infula";
3219 3024 3333 3089 (αη,
3398 3024 3524 3089 965,
3584 3027 3751 3079 Μαί.-

405 3121 460 3165 et
489 3109 768 3163 meritum.
804 3108 1067 3162 Dominus
1089 3108 1229 3161 Deus
1248 3107 1624 3177 omnipotens,
1654 3105 1747 3177 qui
1779 3114 1830 3160 te
1857 3105 2025 3177 elegit
2061 3105 2103 3119 ν
2125 3112 2298 3171 Jun.l.
2334 3111 2447 3165 Illic
2497 3118 2686 3165 sancta
2743 3111 3075 3166 venerabilis
3136 3112 3330 3187 regina
3384 3113 3496 3168 ﬁlio
3524 3113 3749 3169 obviam

405 3213 460 3257 ct
486 3201 610 3255 sine
660 3200 710 3253 vi
742 3200 958 3255 culmen
1029 3200 1256 3254 honoris
1311 3198 1605 3263 concessit,
1667 3197 1870 3252 tribuat
1925 3198 2025 3253 tibi

407 3297 621 3368 capiam
643 3295 1049 3350 benedictionis
1075 3311 1210 3360 suae,
1242 3301 1581 3363 coronetque
1625 3299 1677 3346 te
1716 3293 2028 3361 coronaju-

408 3384 568 3439 stitia:
602 3402 616 3449 ;
648 3382 807 3437 faciat
835 3390 886 3437 te
918 3383 1179 3436 blandum
1202 3382 1366 3451 justis
1397 3388 1451 3434 et
1483 3381 1786 3435 terribilem
1820 3380 2020 3451 impiis,

410 3470 957 3544 quatinusjustitiam
989 3476 1264 3524 sectantes
1295 3485 1390 3539 per
1421 3469 1663 3523 lenitatis
1705 3478 2027 3525 mansuetu-

410 3561 598 3615 dinem
629 3560 976 3625 corrobores,
1008 3566 1062 3612 et
1083 3568 1332 3613 errantes
1366 3575 1461 3629 per
1475 3559 1704 3627 justitize
1727 3559 2025 3615 districtio-

411 3668 535 3705 nem
560 3650 842 3704 terriﬁces.
888 3648 1127 3723 Angelus
1158 3648 1372 3702 Domini
1394 3655 1447 3702 te
1477 3664 1697 3719 semper
1726 3650 2023 3719 praecedat,

409 3742 699 3797 comitetur
735 3749 790 3795 et
820 3741 1211 3810 subsequatur,
1254 3738 1349 3810 qui
1388 3755 1583 3794 omnes
1610 3749 1765 3795 actus
1789 3748 1914 3795 tuos
1940 3739 2028 3793 di-

410 3832 571 3904 rigat,
604 3837 657 3884 et
685 3840 915 3885 cunctos
947 3828 1201 3883 inimicos
1224 3827 1327 3882 sub
1357 3828 1465 3882 tuis
1493 3829 1729 3899 pedibus
1752 3836 2024 3894 conterat,

410 3931 470 3978 ut
496 3922 563 3977 ad
596 3921 900 3993 profectum
923 3928 1127 3973 sanctae
1149 3919 1400 3973 ecclesia:
1430 3919 1693 3974 diuturno
1711 3920 1862 3974 vivas
1888 3926 2027 3974 tem-

409 4028 563 4084 pore,
597 4018 650 4067 et
690 4009 1039 4082 postmodum
1068 4007 1234 4061 vitam
1266 4006 1545 4079 percipias
1600 4008 1721 4061 sine
1753 4007 1883 4061 line.
1914 4008 2027 4061 Au-

411 4120 495 4163 tor
549 4107 713 4175 hujus
765 4106 1003 4160 dictatus
1053 4119 1165 4159 non
1218 4103 1515 4161 omitteret.
1574 4102 1709 4174 quin
1748 4102 1871 4168 tibi,
1932 4118 2022 4157 rex

408 4200 668 4276 gloriose,
701 4203 982 4269 perpetuas
1009 4195 1287 4251 felicitatis
1328 4203 1382 4250 et
1422 4194 1716 4249 mundana:
1738 4194 2024 4264 prosperi-

410 4292 539 4346 tatis
571 4289 695 4361 plus
725 4295 1029 4358 exoptaret,
1070 4288 1246 4342 sinon
1269 4287 1337 4341 ab
1394 4286 1595 4340 invidis
1623 4285 1799 4357 magis
1848 4286 2027 4357 depu-

408 4392 618 4441 taretur
667 4381 1054 4454 vituperationi
1094 4380 1447 4443 adulationis,
1480 4396 1642 4452 quam
1688 4380 1903 4436 caritati
1931 4396 2028 4436 ve-

410 4477 599 4532 ritatis.
627 4475 931 4545 Supersunt
963 4473 1195 4544 plurima
1226 4474 1293 4527 de
1317 4480 1367 4527 te
1389 4472 1745 4528 laudabiliter
1769 4473 2026 4538 dicenda;

410 4569 508 4624 sed
537 4569 656 4623 haec
687 4566 1158 4638 praatermittenda
1208 4571 1358 4631 sunt,
1393 4571 1451 4619 ut
1478 4579 1575 4620 ora
1602 4564 1913 4621 invidorum
1934 4565 2031 4621 ob-

411 4667 711 4715 struantur.

481 4753 573 4807 2l.
618 4755 692 4807 De
742 4752 990 4805 unctione
1047 4749 1254 4805 Ottonis
1290 4749 1453 4816 regis.
1511 4748 1917 4804 Revertendum
1948 4758 2030 4807 est

2125 3199 2277 3253 venit
2303 3215 2425 3253 cum
2445 3206 2648 3269 nepote
2667 3200 2912 3269 parvulo,
2937 3215 3101 3271 quem
3136 3200 3361 3256 Romam
3414 3210 3615 3272 petens
3643 3203 3748 3257 sibi

2126 3291 2628 3357 commendaverat,
2647 3306 2832 3347 secum
2865 3291 3030 3346 etiam
3054 3291 3354 3348 comitante
3383 3293 3544 3347 herili
3574 3309 3750 3365 puero

2128 3380 2404 3447 lleinrico,
2428 3396 2594 3451 quem
2626 3381 2681 3435 in
2734 3381 2856 3436 loco
2886 3380 2986 3435 ﬁlii
3015 3381 3228 3447 dilexit,
3262 3390 3556 3455 postquam
3602 3386 3749 3440 idem
3784 3409 3789 3413 η

2125 3474 2233 3527 dux
2260 3473 2597 3543 Bajowarize,
2626 3472 2772 3528 ﬁlius
2800 3473 3014 3529 scilicet
3044 3474 3187 3543 ejus,
3208 3490 3294 3543 _ex
3347 3476 3449 3531 hac
3485 3477 3599 3531 vita
3644 3478 3752 3532 dis-

2126 3566 2313 3620 cessit.
2346 3564 2506 3619 Venit
2536 3572 2590 3619 et
2618 3566 2810 3640 regina
2840 3565 3087 3631 Gerbirc,
3116 3573 3322 3621 sancta:
3343 3567 3437 3622 Dei
3472 3567 3606 3623 ﬁlia.
3634 3570 3754 3625 Illic

2125 3654 2325 3725 regalis
2355 3662 2660 3709 conventus
2717 3661 3026 3724 postremos
3067 3655 3393 3711 alterutrum
3451 3658 3611 3713 dedit
3633 3675 3753 3713 am-

2128 3747 2414 3818 plexus,et
2466 3746 2576 3801 illic
2632 3746 2810 3801 sortiti
2868 3754 2995 3802 sunt
3066 3753 3312 3803 extrema
3361 3749 3754 3806 collocutionis

2127 3836 2317 3901 verba,
2349 3834 2405 3888 id
2462 3834 2537 3889 ita
2587 3834 2920 3904 disponente
2977 3835 3164 3891 divina
3202 3836 3517 3891 clementia.
3553 3838 3751 3894 Postea

2128 3925 2277 3980 enim
2330 3941 2388 3979 se
2446 3940 2557 3979 non
2612 3925 2868 3980 viderunt
2919 3925 2975 3979 in
3034 3927 3139 3981 hoc
3204 3928 3425 3982 mortali
3491 3943 3750 4000 corpore,

2126 4018 2224 4072 sed
2252 4025 2311 4072 ut
2330 4032 2616 4086 speramus
2646 4017 2703 4071 in
2738 4024 2944 4072 aeterna
2975 4033 3123 4073 nunc
3152 4020 3506 4093 congaudent
3532 4023 3748 4093 requie.

2198 4112 2285 4168 92.
2320 4114 2589 4179 Quomodo
2645 4115 2879 4181 vestigia
2920 4114 3029 4182 ﬁlii
3088 4114 3298 4171 Ottonis
3336 4116 3747 4174 deosculaven‘t.

2130 4202 2267 4277 Ergo
2299 4202 2487 4256 inclita
2538 4200 2730 4274 regina
2782 4202 3022 4272 primum
3068 4219 3098 4258 a
3127 4218 3334 4259 caesare
3392 4213 3447 4260 et
3477 4206 3600 4263 ﬁlio
3646 4223 3751 4264 suo

2132 4292 2552 4363 archiepiscopo
2587 4292 2842 4347 Brunone
2899 4292 3212 4364 ceterisque
3268 4292 3380 4347 illic
3418 4294 3753 4352 conﬂuenti-

2135 4386 2237 4442 bus
2267 4386 2572 4442 honoriﬁce
2616 4394 2891 4457 suscepta,
2933 4402 3061 4442 suos
3089 4388 3279 4461 gavisa
3310 4395 3393 4443 est
3430 4404 3491 4443 se
3546 4390 3750 4446 vidisse

2130 4474 2274 4530 ﬁlios
2290 4481 2345 4529 et
2374 4482 2629 4545 nepotes,
2671 4490 2888 4530 necnon
2927 4473 3142 4531 Christo
3170 4476 3447 4531 referebat
3476 4477 3668 4533 laudes
3695 4486 3751 4534 et

2129 4567 2332 4639 gratias
2362 4582 2462 4638 pro
2489 4567 2866 4623 incolumitate
2906 4567 3175 4623 omnium.
3209 4567 3402 4623 Postea
3421 4584 3556 4624 vero
3587 4586 3749 4641 quam

2130 4677 2191 4717 se
2216 4668 2407 4717 mutuo
2428 4662 2754 4727 salutarunt,
2787 4660 3021 4736 ingressi
3063 4667 3191 4716 sunt
3232 4660 3578 4729 cubiculum,
3610 4663 3753 4719 inter

2133 4767 2192 4807 se
2222 4751 2594 4822 producentes
2619 4750 2891 4805 familiare
2907 4752 3225 4822 coloquium
3286 4752 3512 4807 [nterim
3540 4753 3754 4809 introiit

411 4855 496 4904 est
524 4848 592 4903 ad
634 4846 837 4917 priora,
857 4851 917 4900 ut
946 4844 1014 4899 ad
1037 4842 1203 4898 ﬁnem
1227 4842 1601 4915 perducantur
1620 4844 1863 4916 incepta.
1901 4844 2032 4901 Cum
2134 4844 2431 4915 episcopus
2457 4843 2778 4899 Baldericus
2800 4842 2932 4915 (41),
2967 4843 3061 4916 qui
3109 4844 3214 4899 fuit
3243 4844 3507 4918 magister
3540 4846 3753 4902 Bruno-

412 4940 577 5016 igitur
642 4937 808 5010 longe
860 4936 1079 5008 lateque
1131 4934 1545 5007 divulgarentur
1599 4935 2034 4992 innumerabiles
2134 4936 2222 4991 nis
2252 4935 2655 5007 archiepiscopi
2686 4935 3030 5007 temporibus
3046 4935 3192 5007 regis
3208 4935 3471 5004 Heinrici,
3495 4946 3554 4993 et
3573 4938 3752 4994 omni-

1769 5061 1989 5116 VARIA‘I
2029 5059 2406 5117 LECTIONES.

484 5160 694 5243 “Quis
722 5159 968 5243 dubitet,
1002 5162 1143 5243 hanc
1176 5160 1525 5243 prophetiam
1558 5161 1630 5243 in
1655 5160 1925 5243 Heinricq
1939 5160 2405 5243 llabenbergense
2476 5160 2652 5243 ipsius
2680 5158 2839 5232 pueri
2881 5158 3215 5243 posteaDﬁlio
3244 5159 3627 5243 adimp‘letam,
3657 5165 3752 5235 qui

429 5241 555 5306 post
576 5234 832 5306 ducatum
866 5233 1113 5306 Bajoarie
1138 5232 1343 5306 optime
1376 5232 1842 5306 administratum,
1891 5233 2089 5306 Ottone
2130 5232 2301 5306 tercio
2357 5233 2685 5306 imperatore
2728 5232 3045 5306 reverenda:
3076 5232 3249 5306 ipsius
3265 5232 3599 5306 _Mah.thildis
3622 5232 3752 5305 pro-

414 5301 622 5375 nepote
653 5301 935 5375 defuncto,
955 5304 1075 5375 ipse
1109 5301 1500 5360 nichilominus
1527 5319 1809 5375 pronepos
1832 5304 2051 5375 imperii
2081 5304 2329 5374 suscepit
2356 5301 2617 5359 coronam
2662 5302 2691 5356 ‘P
2728 5302 2986 5359 Preterea
3015 5301 3210 5358 eadem
3262 5303 3360 5358 Dei
3387 5301 3748 5372 famula,'etc.

413 5375 470 5441 2,
496 5371 548 5406 ‘77
582 5371 1008 5428 northusanensi
1039 5374 1094 5428 1.
1128 5379 1454 5431 constanter.
1483 5371 1555 5415 -ἒ
1580 5376 1636 5430 in
1667 5371 1845 5431 castro
1866 5371 2188 5431 Northusun
2220 5371 2265 5429 2'
2302 5375 2347 5410 ⁷⁸
2375 5378 2457 5430 ita
2492 5380 2542 5430 et
2569 5375 2624 5430 2.

1978 5476 2188 5532 ΝΟΤᾹΞ.

484 5536 600 5606 (4οκ
623 5533 818 5617 Nupsit
848 5556 896 5593 a.
927 5542 1033 5597 966
1064 5542 1317 5600 Lothario
1348 5543 1464 5617 regi
1487 5544 1785 5602 Gallorum.

485 5570 604 5671 (41$
628 5603 993 5671 Trajectensis
1020 5630 1037 5671 ;
1071 5626 1183 5665 non
1210 5622 1270 5667 ut
1299 5616 1654 5671 Ekkehardus
1683 5617 1785 5670 vult

628 5603 993 5671 Trajectensis
1019 5630 1037 5678 ς
1071 5626 1183 5665 non
1210 5622 1270 5667 ut
1299 5603 1654 5671 Ekkehardus
1683 5617 1817 5683 vult,
1851 5615 2225 5673 Leodicensis.
