3978 6214
211 343 323 398 913

1300 329 1567 386 ΞΑΝΟΤᾹΞ
1605 329 1956 385 MATHILDIS
2002 326 2266 383 ΒΕΗΝᾹΞ
2307 323 2471 377 VITA.

3452 317 3561 370 9H

215 471 318 524 bus
346 473 512 539 caput
544 465 842 527 inclinans,
894 461 1132 530 regalem
1177 469 1505 514 conventum
1535 459 1836 513 benedixit.
1871 464 1916 528 Α
1945 457 2075 511 dulo
2107 453 2350 509 inducite
2390 457 2584 506 vestra:
2614 448 2894 504 memoriae
2921 446 3106 502 omnia
3146 461 3269 517 qua:
3301 445 3354 499 in
3388 444 3432 478 ⁸³
3463 445 3569 499 hoc

218 560 343 613 Post
373 558 490 612 haec
529 555 598 609 ad
631 559 877 607 sanetam
923 550 1201 605 dominam
1235 548 1588 603 Mahthildam
1621 547 1840 617 specia—

214 652 340 705 liter
411 647 558 702 inﬁt:
605 671 629 692 «ι
676 645 900 709 Laetare,
970 641 1302 696 venerabilis
1360 641 1572 714 regina,
1641 637 1843 693 talibus

215 738 545 794 muneribus
598 752 628 789 a
656 736 764 789 Deo
821 734 1121 795 honorata;
1177 745 1324 784 nunc
1355 729 1509 782 vides
1541 727 1681 782 ﬁlios
1722 733 1845 780 tuos

215 841 269 886 et
311 833 528 886 illorum
572 824 744 882 filios!
805 825 943 878 Vere
992 823 1324 893 adimpletus
1377 831 1458 876 est
1515 822 1570 875 in
1628 830 1678 874 te
1723 835 1847 872 ver-

214 924 422 980 siculus
452 920 773 992 psalmistze,
821 916 916 988 qui
956 916 1064 970 ait:
1120 918 1188 970 Et
1218 916 1401 968 rideas
1438 916 1576 982 ﬁlios
1603 915 1844 982 ﬁliorum

215 1025 430 1073 tuorum
470 1016 631 1084 (Psal.
669 1030 862 1076 cxxvu,
895 1013 962 1080 6,1
1015 1036 1039 1056 -
1086 1010 1316 1065 Econtra
1365 1009 1554 1081 regina
1585 1010 1695 1062 Deo
1717 1023 1844 1080 gra-

218 1111 323 1164 tias
368 1107 501 1179 egit,
535 1107 676 1160 sicut
707 1119 928 1175 semper
976 1101 1137 1156 solita
1170 1101 1271 1155 fuit
1299 1101 1360 1152 7°.
1407 1101 1556 1154 Tunc
1592 1099 1849 1152 disseruit

219 1204 350 1258 ﬁliis
377 1210 430 1256 et
472 1200 768 1270 nepotibus
798 1197 915 1251 suis
945 1196 1013 1249 de
1062 1194 1471 1249 constructione
1528 1193 1848 1247 monasterii

219 1287 712 1353 Northusunensis,
745 1294 799 1340 et
831 1285 978 1356 quali
1011 1285 1056 1317 ⁸ο
1095 1290 1388 1355 angeretur
1436 1284 1651 1348 timore,
1682 1290 1739 1336 ut
1771 1283 1851 1335 in'

218 1389 441 1450 ceptum
495 1394 637 1448 opus
667 1392 775 1431 non
809 1384 999 1446 posset
1045 1373 1312 1443 perficere
1344 1390 1358 1436 ;
1409 1372 1628 1425 tandem
1663 1371 1740 1424 sic
1769 1370 1845 1423 ait

218 1469 461 1523 lacrimis
481 1467 736 1537 perfusa:
783 1489 808 1511 α
853 1463 1000 1517 lstud
1031 1461 1425 1515 monasterium
1451 1470 1649 1515 nostrae
1675 1461 1841 1515 rediti-

217 1557 456 1613 cationis
509 1566 812 1610 extremum
853 1560 936 1606 est
990 1568 1148 1620 opus,
1206 1558 1262 1604 ut
1303 1550 1652 1602 mstimamus.
1701 1549 1845 1603 :Etas

219 1657 405 1703 nostra
451 1648 518 1702 ad
576 1645 937 1701 laborandum
990 1655 1071 1697 est
1103 1642 1334 1716 fragilis,
1365 1643 1593 1712 insuper
1642 1643 1845 1696 ceteris

1945 553 2066 607 loco
2085 548 2592 606 commendavimus
2624 544 2751 599 ﬁdei
2779 550 2993 598 vestrae.
3026 542 3182 612 Stepe
3210 541 3300 594 hic
3319 540 3568 608 jucunde

1945 644 2199 709 viximus,
2233 642 2374 696 etde
2398 638 2798 711 periclitatione
2822 642 3008 706 partus
3039 649 3137 688 nos
3169 632 3370 702 eripuit
3403 632 3563 685 Deus.

1949 738 2009 791 In
2045 737 2144 788 hac
2173 734 2391 788 civitate
2423 731 2642 785 fratrem
2681 734 2923 783 vestrum
2957 725 3267 779 Heinricum
3310 738 3563 793 procrea-

1947 825 2147 889 vimus,
2181 838 2345 894 quem
2377 827 2601 891 propter
2651 825 2938 888 paternum
2972 831 3172 869 nomen
3205 813 3434 867 nimium
3469 812 3560 866 di-

1948 917 2197 976 leximus,
2236 929 2451 968 necnon
2493 919 2546 965 et
2599 910 2688 964 hic
2741 916 2865 962 nata
2916 915 2994 961 est
3027 921 3181 960 soror
3213 913 3390 958 vestra
3421 903 3558 958 Ger-

1948 1008 2083 1081 birg.
2147 1005 2285 1079 Ergo
2329 1002 2458 1073 quia
2504 1016 2603 1070 per
2643 997 3092 1052 intercessionem
3130 1002 3332 1048 sanctae
3384 994 3562 1048 Maria:

1950 1101 2176 1176 virginis
2209 1101 2265 1153 in
2297 1100 2400 1152 hoc
2429 1098 2548 1152 loco
2579 1095 2665 1148 bis
2691 1092 3101 1164 enavigavimus
3129 1089 3410 1164 angustias
3439 1106 3565 1158 par-

1953 1203 2058 1257 tus,
2095 1192 2255 1257 hujus
2285 1186 2600 1244 monasterii
2636 1185 2710 1256 [in
2739 1185 2860 1252 ejus
2893 1184 3100 1237 honore
3131 1180 3193 1250 ςνο]
3247 1179 3569 1233 fundamen-

1953 1296 2064 1341 tum
2099 1283 2404 1355 posuimus,
2437 1288 2488 1334 et
2509 1279 2742 1333 maxime
2771 1292 2868 1347 pro
2900 1274 3082 1328 anima
3108 1273 3275 1327 vestri
3305 1271 3568 1344 genitoris

1954 1384 2006 1431 et
2059 1374 2238 1428 fratris
2291 1380 2343 1426 et
2398 1386 2495 1442 pro
2552 1367 2926 1423 incolumitate
2958 1371 3158 1429 vestra,
3207 1363 3349 1416 sicut
3405 1377 3572 1432 supra

1947 1468 2370 1524 memoravimus
2423 1468 2762 1535 Quapropter
2796 1460 3052 1516 convenit
3088 1465 3166 1524 ut,
3192 1459 3447 1529 quotiens
3479 1458 3572 1511 ho-

1947 1580 2062 1617 rum
2103 1563 2144 1596 ⁹¹
2179 1559 2562 1623 memineritis,
2605 1563 2824 1628 prepter
2868 1569 2967 1607 nos
3000 1553 3262 1619 majorem
3313 1565 3570 1619 compas-

1943 1657 2155 1710 sionem
2207 1653 2261 1707 in
2297 1655 2401 1707 hoc
2440 1651 2561 1705 loco
2610 1646 3080 1703 commorantibus
3127 1643 3453 1698 exhibeatis.
3489 1642 3565 1694 Ad

218 1739 607 1796 distribuimus
667 1735 1017 1792 monasteriis
1049 1733 1436 1803 possessiones
1466 1739 1519 1786 et
1551 1748 1732 1785 rerum
1766 1731 1837 1785 fa-

1947 1747 2080 1809 hzec,
2115 1752 2170 1798 ut
2201 1744 2510 1814 Opinamur,
2560 1747 2802 1794 extrema
2841 1734 3223 1790 collocutionis
3259 1732 3427 1786 verba
3476 1731 3567 1784 hic

219 1835 488 1894 cultates;
531 1838 866 1901 quaprOpter
893 1826 1346 1882 commendamus
1378 1825 1532 1878 vobis
1561 1823 1840 1886 omnibus,

221 1935 279 1981 ut
310 1926 589 1994 inceptum
624 1937 763 1992 Opus
795 1919 1120 1991 perﬁciatis,
1167 1917 1296 1988 quia
1339 1916 1713 1969 inchoavimus
1746 1930 1843 1985 pro

221 2015 403 2069 anima
445 2012 612 2067 nostri
648 2009 859 2064 domini
902 2016 954 2062 et
985 2007 1251 2061 carissimi
1287 2005 1381 2059 ﬁlii
1432 2005 1691 2071 lleinrici,
1741 2021 1841 2058 nec

223 2123 334 2162 non
365 2122 463 2176 pro
498 2104 653 2177 regni
687 2101 1009 2162 stabilitate,
1043 2109 1097 2153 et
1127 2106 1364 2152 vestrum
1396 2098 1434 2130 ⁸¹
1478 2096 1726 2151 omnium
1755 2096 1839 2149 in-

218 2194 533 2252 columitate
598 2214 620 2242 ι)
669 2192 744 2246 Ad
790 2192 902 2244 haec
952 2190 1250 2258 imperator
1279 2188 1400 2242 Otto
1427 2203 1608 2240 coram
1656 2185 1838 2240 omni—

220 2287 320 2340 bus
353 2284 673 2355 respondit:
723 2303 744 2332 a
790 2283 931 2336 Deus
957 2281 1225 2334 secundet
1249 2287 1430 2333 vestra
1465 2278 1710 2348 incepta;
1747 2293 1840 2332 no-

217 2387 324 2432 stra
377 2393 484 2430 non
533 2377 769 2430 deerunt
813 2374 1038 2437 auxilia,
1097 2373 1230 2443 quin
1289 2372 1453 2424 etiim
1487 2372 1838 2425 cohortamur

216 2465 388 2520 ﬁlium
409 2475 657 2520 nostrum
691 2464 942 2518 Ottonem
977 2470 1030 2516 et
1061 2470 1289 2515 caeteros
1331 2469 1551 2515 nostros
1583 2468 1835 2530 nepotes,

213 2561 269 2608 ut
291 2554 404 2608 illis
423 2553 733 2606 subsidium
751 2552 1049 2621 praebeant,
1071 2550 1332 2621 quamdiu
1352 2550 1552 2604 vivant.
1586 2575 1605 2594 η
1644 2549 1832 2603 Postea

213 2643 421 2714 pariter
453 2648 808 2713 perrexerunt
830 2640 885 2693 in
905 2640 1180 2694 civitatem
1211 2639 1746 2704 Northusunensem,
1765 2639 1830 2692 ad

211 2736 513 2789 videndum
560 2735 731 2804 ipsam
773 2733 1281 2808 congregationem.
1313 2733 1463 2786 Tunc
1492 2733 1601 2787 Deo
1633 2734 1835 2788 dilecta

212 2825 404 2897 regina
431 2823 879 2878 sanctimoniales
904 2822 1227 2877 convocavit
1257 2822 1322 2885 ⁸³,
1357 2829 1410 2875 et
1435 2837 1628 2876 omnes
1661 2821 1834 2890 impe-

209 2917 374 2972 ratori
400 2917 826 2971 commendavit.
865 2918 955 2971 llle
989 2926 1168 2970 autem
1184 2932 1376 2970 omnes
1398 2916 1614 2985 placido
1648 2917 1832 2970 animo

210 3014 262 3060 et
294 3005 454 3060 hilari
477 3008 628 3060 vultu
659 3005 989 3076 suscipiens,
1015 3006 1123 3060 Deo
1155 3006 1579 3070 commendavit,
1601 3007 1830 3062 dicens:

214 3121 236 3148 (ι
281 3100 479 3152 Sancta
519 3098 610 3151 Dei
657 3098 891 3171 genitrix
939 3098 1089 3172 virgo
1130 3097 1318 3164 Maria,
1369 3098 1610 3153 cwlestis
1652 3099 1696 3130 ⁸³
1737 3115 1828 3152 re-

207 3191 358 3261 gina,
393 3190 512 3243 illas
539 3190 583 3222 3‘
624 3190 926 3244 clementer
964 3189 1226 3260 suscipiat
1256 3197 1308 3244 et
1341 3206 1436 3259 per
1467 3206 1706 3246 amorem
1737 3189 1831 3245 ﬁlii

213 3283 297 3337 sui
331 3283 375 3315 ⁸⁵
407 3298 626 3352 semper
663 3282 959 3348 custodiat,
1011 3290 1070 3336 ut
1099 3283 1264 3336 Deum
1300 3283 1474 3335 solum
1505 3300 1613 3352 prae
1645 3284 1831 3338 omni-

211 3371 316 3424 bus
346 3370 601 3443 diligant,
633 3377 688 3424 et
735 3370 811 3422 illi
842 3378 952 3424 tota
985 3381 1166 3424 mente
1208 3371 1541 3434 deserviant,
1595 3389 1701 3425 non
1737 3389 1834 3442 pro

210 3462 458 3534 appetitu
494 3463 743 3516 humanae
795 3462 992 3527 laudis,
1026 3463 1120 3516 sed
1153 3462 1271 3517 solo
1311 3463 1588 3518 desiderio
1617 3474 1834 3518 aeterna:

212 3553 677 3609 remunerationis
720 3555 783 3608 ⁸⁵.
842 3555 917 3608 Ad
953 3556 1064 3609 haec
1097 3571 1404 3626 precamur,
1438 3565 1495 3610 ut
1528 3557 1622 3610 lilii
1667 3565 1837 3624 nostri

209 3664 271 3702 ac
304 3656 534 3716 nepotes
564 3647 656 3700 tali
688 3647 1066 3702 misericordia
1101 3658 1552 3704 commoveantur
1578 3667 1707 3726 erga
1741 3653 1838 3708 has

209 3735 688 3802 sanctimoniales,
737 3745 794 3790 ut
834 3737 1098 3807 quamdiu
1150 3747 1431 3792 remaneat
1477 3756 1584 3793 una
1621 3740 1832 3793 scintil-

212 3831 322 3886 lula
354 3836 555 3884 nostra:
595 3827 824 3894 sobolis,
857 3829 965 3882 illis
1023 3846 1302 3900 nunquam
1345 3831 1488 3884 desit
1520 3832 1832 3886 adminicu-

211 3923 322 3975 lum
354 3918 753 3974 consolationis
810 3941 827 3966 ι
866 3918 1077 3972 Tunc"
1103 3935 1200 3989 pro
1216 3935 1272 3973 se
1304 3937 1640 3993 suorumque
1661 3924 1836 3982 salute

213 4015 505 4080 parentum
528 4008 612 4062 vel
639 4014 903 4076 nepotum
930 4008 1045 4061 haec
1067 4009 1252 4062 omnia
1276 4009 1528 4066 iterando
1559 4011 1833 4081 ﬁrmabat,

212 4119 333 4172 quae
362 4106 552 4154 sancta
580 4099 675 4152 Dei
715 4115 991 4154 consensu
1029 4102 1245 4171 nepotis
1277 4103 1360 4155 sui
1395 4114 1552 4157 antea
1585 4106 1831 4173 dederat,

212 4191 441 4261 insuper
471 4197 523 4243 et
555 4189 646 4243 illa
663 4189 874 4244 addidit
901 4209 1025 4262 qua:
1056 4200 1228 4247 mater
1254 4194 1604 4250 desideravit.
1639 4198 1831 4253 Postea

212 4286 424 4349 septem
461 4277 581 4332 dies
611 4278 654 4311 ⁸⁸
685 4279 739 4331 in
765 4280 956 4333 eadem
999 4281 1214 4334 civitate
1246 4287 1748 4354 commorabantur,
1782 4296 1834 4342 et

210 4373 398 4421 sancta
417 4366 609 4440 regina
639 4366 750 4422 ﬁlio
772 4369 1176 4423 commendavit
1219 4375 1645 4442 quamplurima,
1681 4377 1834 4448 quasi

211 4457 265 4512 in
309 4458 411 4512 hoc
454 4457 670 4512 mortali
705 4475 933 4530 corpore
982 4461 1210 4516 ulterius
1242 4480 1365 4517 eum
1410 4452 1519 4520 non
1561 4427 1712 4522 essef
1758 4427 1911 4522 vi-D

209 4567 354 4604 sura.
405 4550 467 4603 L't
506 4557 688 4605 autem
719 4552 838 4606 dies
871 4554 1044 4608 illuxit
1093 4571 1201 4626 quo
1246 4572 1333 4610 rex
1383 4557 1535 4612 abire
1569 4560 1835 4616 decreve-

211 4647 312 4706 rat,
335 4656 500 4694 mane
527 4649 817 4713 surgentes
840 4642 892 4696 in
915 4644 1138 4717 longum
1169 4647 1478 4716 produxere
1495 4665 1834 4718 sermonem,

210 4729 443 4782 multum
499 4727 866 4785 lacrimantes.
902 4731 1027 4787 Post
1065 4735 1185 4788 ha'c
1225 4735 1454 4808 ingressi
1501 4747 1626 4792 sunt
1659 4741 1838 4796 eccle-

206 4817 368 4881 siam,
404 4817 610 4888 pariter
639 4820 878 4874 audituri
913 4823 1156 4890 missam,
1185 4832 1240 4879 et
1284 4829 1616 4884 venerabilis
1647 4833 1836 4905 regina

213 4910 544 4964 hilaritatem
584 4911 734 4966 vultu
784 4914 1096 4982 simulabat,
1141 4920 1239 4972 sed
1283 4938 1537 4994 magnum
1590 4927 1836 4982 dolorem

216 5001 381 5056 corde
419 5003 706 5072 premebat
757 5005 932 5062 Finita
962 5017 1141 5063 autem
1194 5013 1381 5081 missa,
1437 5015 1606 5071 ﬁlium
1640 5020 1840 5075 talibus

220 5091 403 5147 verbis
435 5093 633 5149 iterum
663 5103 748 5150 est
777 5112 1070 5172 aggressa:
1114 5124 1143 5152 α
1186 5103 1283 5158 Fili
1314 5107 1386 5160 mi
1417 5108 1720 5177 carissime,
1753 5129 1840 5168 se-

1948 1836 2090 1886 inter
2120 1849 2220 1886 nos
2251 1832 2528 1885 sortimur.
2566 1827 2705 1891 Quid
2752 1824 2948 1896 plura?
2982 1824 3103 1877 Haec
3147 1822 3334 1875 ultima
3371 1827 3562 1873 vestra:

1945 1928 2133 1982 matris
2160 1927 2296 1981 visio
2320 1926 2481 1993 hujus
2501 1921 2821 1977 monasterii
2849 1920 2919 1973 sit
2948 1920 2992 1952 9’
3019 1916 3386 1972 admonitio.»
3412 1915 3564 1968 Tunc

1944 2023 2240 2092 imperator
2269 2023 2632 2089 compunctus
2658 2015 2845 2079 corde,
2874 2013 3124 2084 promisit
3153 2027 3209 2063 se
3242 2010 3426 2064 omnia
3458 2009 3560 2061 im-

1943 2114 2212 2182 pleturum
2258 2124 2379 2180 qua:
2421 2106 2806 2177 postulaverat.
2851 2101 3058 2156 Deinde
3098 2101 3302 2171 pariter
3351 2098 3558 2173 egressi

1941 2200 2254 2262 ecclesiam,
2271 2196 2672 2251 substituerunt
2693 2201 2817 2246 ante
2835 2193 3078 2260 ianuam,
3097 2197 3149 2244 et
3165 2189 3562 2259 amplectentes

1940 2306 1997 2344 se
2039 2289 2296 2352 invicem,
2340 2287 2500 2338 fletus
2549 2290 2909 2352 utrorumque
2961 2279 3287 2334 humectavit
3343 2277 3556 2332 faciem.

1940 2381 2230 2450 Postquam
2261 2384 2442 2431 autem
2471 2374 2658 2430 oscula
2698 2381 2888 2428 mutuo
2915 2372 3210 2436 dederunt,
3239 2385 3434 2424 omnes
3464 2367 3557 2440 qui

1939 2472 2165 2525 aderant
2222 2469 2472 2522 lacrimas
2521 2465 2848 2520 fundebant.
2895 2464 3102 2534 Regina
3153 2478 3282 2516 vero
3336 2464 3390 2516 in
3425 2463 3561 2533 ipsis

1936 2561 2141 2616 foribus
2170 2560 2372 2612 sistens
2402 2557 2656 2630 gradum,
2689 2562 2911 2609 euntem
2945 2553 3115 2607 tilium
3147 2554 3457 2608 deducebat
3485 2555 3554 2608 ad

1935 2667 2138 2722 equum
2161 2652 2307 2703 claro
2341 2647 2539 2700 intuitu
2570 2646 2876 2700 oculorum.
2911 2643 3117 2696 Exinde
3147 2643 3433 2697 ecclesiam
3468 2644 3556 2697 in-

1936 2759 2146 2817 gressa,
2182 2755 2418 2812 prepere
2449 2738 2515 2792 ad
2552 2740 2729 2792 locum
2761 2737 3068 2801 contendit,
3095 2736 3149 2789 in
3179 2751 3286 2806 quo
3320 2737 3559 2807 impera-

1938 2840 2040 2894 tor,
2077 2833 2205 2885 dum
2240 2829 2404 2883 missa
2450 2827 2792 2891 cantabatur,
2824 2832 3068 2891 steterat,
3122 2832 3176 2878 et
3206 2825 3433 2879 flectens
3462 2842 3558 2897 ge-

1938 2937 2067 2986 nua,
2099 2918 2356 2974 abeuntis
2385 2915 2481 2970 filii
2509 2914 2846 2969 lacrimando
2875 2913 3292 2968 deosculabatur
3309 2913 3549 2984 vestigia.

1938 3013 2061 3067 Hec
2093 3021 2150 3066 ut
2181 3011 2318 3064 vidit
2351 3009 2551 3080 \Vitigo
2575 3023 2761 3062 comes
2790 3012 2845 3058 et
2874 3006 3066 3069 ceteri,
3099 3005 3192 3075 qui
3217 3005 3396 3058 adhuc
3425 3005 3559 3058 sub-

1935 3108 2205 3169 stiterant,
2238 3102 2466 3167 milites,
2498 3101 2705 3175 gemitu
2744 3098 2984 3170 perculsi
3016 3097 3284 3163 exierunt,
3341 3106 3394 3151 et
3448 3097 3564 3151 haec

1939 3199 2256 3272 imperatori
2299 3197 2576 3250 dixerunt.
2611 3195 2708 3259 Qui
2758 3195 2941 3248 statim
2981 3193 3049 3247 ab
3083 3209 3228 3264 equo
3274 3193 3562 3258 desiliens,

1936 3293 2004 3347 ad
2034 3290 2324 3345 ecclesiam
2359 3285 2736 3340 revertebatur
2767 3286 3159 3358 ingemiscens,
3193 3292 3248 3338 et
3275 3285 3564 3353 ingressus

1938 3383 2145 3438 invenit
2171 3381 2316 3434 illam
2350 3379 2532 3432 adhuc
2577 3377 2630 3429 in
2673 3377 2870 3430 eodem
2910 3377 3026 3431 loco
3054 3383 3300 3430 orantem
3334 3385 3386 3428 et
3418 3377 3564 3430 mul-

1940 3483 2052 3528 tum
2077 3471 2475 3533 lacrimantem,
2523 3467 2816 3537 statimque
2872 3481 3079 3536 pronus
3128 3465 3184 3517 in
3215 3472 3414 3519 terram
3464 3481 3561 3520 ca-

1940 3567 2098 3626 dens,
2132 3563 2204 3616 ita
2236 3563 2450 3616 locutus
2477 3565 2587 3612 est:
2634 3583 2658 3604 ι-
2702 3557 2738 3612 Ο
2772 3557 3102 3612 venerabilis
3133 3557 3378 3622 domina,
3410 3559 3561 3628 quali

1938 3657 2197 3712 servitute
2224 3656 2323 3708 has
2349 3651 2599 3706 lacrimas
2628 3650 2787 3704 vobis
2818 3665 3114 3720 possumus
3139 3651 3446 3719 rependere
3469 3649 3496 3702 ?
3533 3674 3553 3698 ι

1937 3751 2250 3819 iterumque
2297 3743 2560 3818 aggressi,
2609 3757 2885 3812 perpauca
2917 3741 3174 3794 dixerunt
3228 3755 3360 3794 voce
3393 3740 3556 3794 lacri-

1936 3840 2147 3896 mabili.
2183 3840 2462 3893 Postremo
2510 3833 2845 3888 venerabilis
2874 3833 3065 3905 regina
3093 3832 3172 3886 sic
3201 3832 3305 3886 ait:
3350 3859 3371 3878 ι·
3418 3833 3558 3896 Quid

1939 3930 2102 3984 nobis
2151 3927 2375 3999 prodest
2426 3924 2635 3979 diutius
2691 3921 2931 3977 morari?
2994 3920 3248 3984 Quamvis
3281 3919 3558 3986 nolentes,

1936 4022 2187 4092 cogimur
2206 4028 2388 4074 tamen
2420 4017 2488 4072 ab
2514 4016 2744 4070 invicem
2766 4014 2988 4078 divelli;
3012 4021 3065 4067 et
3091 4030 3190 4067 nos
3213 4015 3259 4046 93
3291 4014 3558 4068 intuendo

1935 4111 2185 4165 dolorem
2215 4125 2322 4163 non
2350 4107 2683 4169 minuemus,
2719 4102 2815 4157 sed
2847 4103 3031 4172 potius
3053 4100 3555 4173 augmeulabimus.

1936 4205 2010 4258 lte
2033 4205 2146 4272 jam
2193 4203 2248 4256 in
2291 4217 2423 4272 pace
2464 4199 2700 4262 Christi;
2748 4204 2991 4251 nostram
3027 4196 3220 4250 faciem
3274 4195 3412 4248 ultra
3444 4211 3558 4251 non

1935 4295 2194 4353 videbitis
2226 4295 2280 4348 in
2306 4308 2468 4348 carne
2492 4290 2731 4346 mortali.
2766 4289 2828 4342 Ut
2853 4290 3210 4354 aestimamus,
3241 4288 3313 4341 nil
3339 4295 3561 4357 praeter-

1938 4385 2206 4446 misimus,
2257 4383 2355 4436 sed
2396 4388 2588 4435 vestrae
2640 4379 2767 4433 fidei
2805 4377 3315 4433 commendavimus
3369 4377 3558 4432 omnia

1939 4493 2060 4549 quae
2092 4482 2274 4529 mente
2313 4474 2660 4547 gerebamus.
2705 4471 2933 4525 Tantum
2973 4469 3170 4523 anima:
3210 4475 3409 4524 nostra:
3441 4469 3561 4524 htec

1939 4585 2170 4624 munera
2201 4566 2478 4628 remittite,
2534 4572 2593 4619 ut
2626 4565 2770 4618 hunc
2827 4563 3009 4616 locum
3037 4561 3230 4615 sedulo
3282 4560 3560 4615 inducatis

1938 4669 2131 4716 vestrae
2163 4658 2456 4713 memoria).
2503 4676 2527 4706 n
2575 4657 2874 4726 Imperator
2929 4669 3057 4707 vero
3111 4653 3238 4706 inde
3294 4668 3555 4725 pergens,

1940 4751 2247 4828 peragravit
2278 4751 2412 4804 alias
2443 4749 2609 4803 urbes
2640 4747 2948 4820 Thuringia:
2980 4745 3226 4818 regionis
3265 4750 3379 4810 (an.
3403 4746 3554 4811 966),

1940 4853 2131 4916 postea
2161 4845 2356 4897 iterum
2390 4842 2614 4896 Romam
2667 4839 2923 4911 perrexit,
2959 4836 3071 4892 ﬁlio
3101 4851 3201 4891 suo
3249 4853 3436 4891 secum
3464 4852 3560 4892 co-

1942 4935 2171 4989 mitante
2205 4933 2315 5002 (an.
2349 4931 2496 5000 967).

2010 5028 2202 5093 22,23.
2225 5021 3002 5094 DeazgrotationeMahthildis.
3018 5021 3247 5088 Jamjam
3261 5021 3560 5090 appropin-

1942 5119 2130 5190 quavit
2181 5119 2316 5173 hora
2373 5116 2557 5172 multis
2593 5115 2860 5180 luctuosa,
2893 5111 2948 5165 in
2989 5127 3096 5182 qua
3123 5112 3265 5165 Deus
3320 5110 3560 5164 animam

1579 5303 1796 5358 νΑΒιίΕ
1841 5307 2221 5363 LECTIONES.

304 5443 349 5474 79
377 5443 525 5522 quod
559 5443 964 5525 sibiRDominus
1002 5468 1066 5505 ex
1095 5453 1240 5525 Syon
1275 5457 1327 5509 in
1361 5464 1570 5513 tantum
1615 5461 1892 5519 benedixit
1921 5466 2081 5518 addit
2110 5465 2162 5517 2.
2249 5466 2294 5499 ⁸ο

228 5514 528 5586 conuocari
559 5517 606 5569 1.
681 5518 725 5550 ⁸³
749 5520 874 5573 caeli
901 5521 953 5576 2.
1033 5525 1078 5558 ⁸⁸
1110 5514 1208 5581 ιῖειε
1249 5527 1480 5582 famulas
1530 5548 1657 5585 suas

230 5583 275 5669 ξπ
307 5584 420 5637 Mox
469 5603 642 5669 manu
664 5592 1080 5669 suameonfirmat
1109 5614 1232 5669 quae
1261 5601 1313 5652 2.

235 5603 272 5616 υ·
307 5603 420 5637 mox
469 5603 632 5668 manu
664 5604 761 5643 sua
790 5603 1080 5651 confirmat
1109 5614 1232 5669 quae
1261 5603 1313 5652 2.
1401 5603 1446 5633 ⁸⁸
1478 5619 1697 5656 menses
1725 5605 1779 5659 2.

235 5653 502 5706 frequens
527 5673 577 5706 a.
609 5659 666 5706 2-
746 5662 791 5694 93
822 5678 923 5706 nm
955 5667 976 5706 4

261 5671 502 5725 requens
527 5673 577 5710 a.
609 5659 666 5712 2.
746 5662 791 5694 93
822 5678 923 5718 uos
955 5667 1004 5720 1.

1823 5536 1867 5569 ⁸⁸
1898 5552 1941 5589 s.
2000 5536 2211 5590 domini
2267 5537 2436 5590 nostri
2491 5537 2622 5590 Jesu
2664 5536 2862 5590 Christi
2892 5537 2944 5588 2.

1850 5607 1894 5640 ⁸³
1924 5607 1994 5660 de
2020 5608 2072 5660 2.
2160 5609 2205 5641 9°
2237 5606 2272 5659 i.
2325 5624 2377 5660 e.
2404 5608 2456 5660 h.
2491 5608 2682 5660 desunt
2723 5607 2773 5660 1.
2855 5608 2896 5640 9'
2931 5623 2944 5660 ι

1965 5623 2072 5660 ΘΖ.

2649 5466 2688 5498 ⁸¹
2715 5464 2954 5519 virorum
2987 5464 3035 5516 1.
3131 5461 3176 5494 δ’
3206 5463 3283 5514 ita
3312 5463 3522 5528 corrigo
3547 5478 3561 5525 ;

3025 5535 3069 5567 3°
3100 5532 3481 5637 retribt‘ltionoiis

3025 5621 3250 5637 nilnil-nm
3494 5609 3557 5637 cui

3494 5609 3561 5655 sit

2324 5465 2480 5536 quasi
2514 5467 2565 5521 1.

2160 5609 2205 5641 9°
2237 5606 2272 5659 i.
2325 5624 2377 5661 e.
2404 5608 2456 5662 h.
2491 5608 2682 5660 desunt
2723 5607 2773 5660 1.
2855 5608 2896 5640 9'
2931 5615 2991 5660 ut
3020 5621 3252 5676 quorum
3286 5605 3334 5658 1.
