3978 6214
382 330 488 384 915
1470 323 1737 379 SANGT/E
1777 323 2133 379 MATHILDIS
2179 322 2420 378 REGINA
2462 324 2629 379 VITA.

3622 326 3746 381 916

386 466 585 520 inclita:
616 464 822 539 reginae
854 464 921 517 de
961 463 1140 517 carnis
1169 462 1445 535 ergastulo
1475 461 1645 516 voluit
1675 460 1921 527 dissolvi,
1945 468 2001 515 ut
2026 469 2075 532 Α
2104 469 2289 515 vester
2316 460 2555 526 animus,
2612 466 2667 514 et
2706 459 2971 514 inferetur
3017 458 3174 514 vobis
3202 459 3479 515 calumnia
3508 459 3555 494 ’9
3608 459 3753 519 des-

387 558 693 629 perciperet
722 556 1002 626 praemium
1051 554 1253 608 laboris
1290 560 1343 607 et
1382 553 1609 627 gloriam
1663 561 1880 607 reternaa
1912 569 2001 607 re-
2104 552 2397 621 pectionis,
2454 551 2496 605 si
2542 559 2816 606 mortuum
2870 567 3070 621 corpus
3114 550 3275 606 vobis
3318 551 3604 608 auferetur
3650 556 3746 611 in-

387 645 803 700 munerationis.
839 644 940 697 Per
980 644 1025 677 9‘
1064 642 1327 697 circulum
1360 643 1525 697 totius
1555 644 1684 697 anni
1716 644 2003 698 laborabat
2105 644 2232 698 vitis
2310 644 2399 698 Hae
2432 643 2595 717 igitur
2624 659 2805 699 causae
2859 644 3159 698 admonent
3188 659 3290 698 nos
3343 644 3477 700 hinc
3504 646 3610 701 iter
3637 665 3746 703 ac—

383 732 741 803 a-grotatione
771 732 943 805 gravi,
978 732 1076 787 sed
1126 742 1307 787 tamen
1340 732 1604 787 circuibat
1650 734 1768 789 loca
1800 736 2004 808 regalia
2105 734 2365 788 celerare.
2420 732 2557 796 Quid
2600 730 2810 802 plura?
2858 732 3029 786 Deum
3081 747 3303 803 semper
3349 731 3584 804 diligite,
3626 746 3747 786 nec

383 825 633 895 quamvis
665 825 965 880 deficerent
998 827 1247 898 corporis
1275 827 1441 881 vires.
1474 826 1605 881 Cum
1639 834 1820 881 autem
1852 844 2005 897 pera-

384 924 596 991 grasset
646 917 895 971 civitates
950 917 1199 971 Saxonize
1241 918 1500 991 regionis,
1537 924 1589 972 et
1646 934 1879 989 qumque
1912 934 2011 972 ne-

387 1009 627 1065 cessaria
682 1007 919 1079 singulis
959 1007 1322 1078 impendisset
1366 1008 1735 1072 monasteriis,
1790 1010 2010 1068 iterum.

390 1101 899 1155 Northusunensam
968 1097 1245 1151 civitatem
1298 1096 1473 1161 adiit,
1551 1113 1712 1168 quam
1782 1098 2010 1153 nimium

391 1192 605 1257 dilexit,
639 1196 698 1244 ut
725 1189 936 1243 videret
966 1188 1332 1261 Richburgam
1364 1189 1430 1253 95,
1459 1205 1619 1259 quam
1654 1205 1832 1259 nuper
1868 1207 2008 1245 con-

392 1281 646 1335 stituerat
684 1279 1035 1333 abbatissam.
1098 1277 1287 1331 Statim
1314 1285 1495 1332 autem
1545 1288 1605 1331 ut
1651 1279 1824 1343 venit,
1873 1280 2012 1334 hanc

390 1373 458 1426 ad
490 1388 549 1426 se
588 1371 769 1426 vocari
827 1370 1103 1440 prmcepit,
1163 1370 1332 1424 multa
1389 1370 1733 1442 interrogans
1763 1371 1830 1423 de
1877 1387 2012 1426 con-

392 1468 713 1542 gregatione
751 1467 855 1521 sibi
888 1466 1199 1521 commissa.
1249 1465 1374 1521 Post
1414 1467 1529 1519 hiec
1582 1466 1699 1535 ipsa
1741 1474 2015 1520 monaste-

398 1562 535 1614 rium
568 1569 649 1613 est
682 1558 952 1630 ingressa,
991 1557 1291 1629 diligenter
1338 1557 1683 1627 investigavit
1712 1556 1858 1627 quali
1902 1565 2017 1615 stu-

396 1650 487 1703 dio
525 1648 834 1718 disciplina:
887 1662 1232 1717 unaquzequc
1290 1645 1485 1701 fuisset
1523 1647 1815 1701 exercitata
1883 1649 2013 1703 Nam

396 1757 457 1794 ex
489 1755 600 1811 quo
631 1740 864 1809 primum
898 1737 1290 1793 monasterium
1329 1738 1653 1803 construxit,
1696 1740 1837 1793 hanc
1876 1756 2015 1795 con-

2109 827 2280 881 alium
2322 834 2521 896 praeter
2546 842 2671 880 eum
2710 833 3010 880 amatorem
3043 825 3340 891 admittite,
3371 826 3467 879 sed
3511 841 3750 895 semper

2113 915 2233 983 ejus
2283 914 2560 967 famulatui
2596 914 2887 969 intendite.
2938 914 3119 970 Estote
3160 914 3214 968 in
3248 915 3497 971 oratione
3551 914 3751 985 pervi-

2116 1006 2271 1077 giles,
2305 1012 2359 1059 et
2391 1006 2444 1059 in
2477 1013 2666 1060 sancto
2710 1006 2990 1077 preposito
3023 1015 3431 1076 permanentes.
3464 1006 3751 1061 Memores

2119 1104 2293 1151 estote
2326 1095 2653 1162 animarum,
2689 1111 2787 1166 pro
2817 1095 3021 1167 quibus
3071 1097 3178 1151 hoc
3223 1095 3513 1167 posuimus
3542 1111 3755 1151 mona-

2112 1192 2360 1255 sterium,
2396 1192 2622 1260 insuper
2652 1197 2706 1245 et
2736 1198 2998 1261 nepotum
3033 1200 3345 1245 nostrorum
3378 1191 3564 1245 adhuc
3590 1206 3756 1245 mor-

2114 1282 2205 1336 tali
2259 1283 2312 1335 in
2362 1282 2467 1336 vita
2499 1282 2842 1354 degentium,
2878 1299 3093 1337 necnon
3155 1283 3498 1338 mentionem
3558 1283 3741 1338 nostri

2113 1374 2306 1439 facite;
2349 1390 2471 1427 nam
2507 1374 2573 1407 ¹⁰⁰
2601 1373 2878 1427 neminem
2910 1374 3049 1428 ultra
3077 1372 3337 1428 videbitis
3368 1374 3529 1429 vobis
3554 1373 3754 1445 placa-

2119 1466 2387 1520 biliorem.
2410 1465 2871 1520 Commendamus
2898 1481 2995 1519 vos
3028 1466 3134 1520 Deo
3167 1466 3565 1537 orphanorum,
3599 1465 3751 1536 patri

2117 1567 2167 1611 et
2200 1566 2400 1612 sanetae
2434 1558 2612 1611 Mariae
2652 1559 2872 1632 virgini.
2927 1566 2980 1612 et
3022 1566 3337 1613 sanctorum
3389 1558 3758 1612 intercessio-

2120 1649 2302 1712 nibus,
2340 1664 2572 1719 quorum
2604 1649 2864 1721 reliquias
2897 1649 2985 1703 hic
3010 1649 3402 1703 collocavimus
3431 1666 3446 1711 ;
3488 1664 3601 1703 non
3632 1656 3759 1704 tur—

2120 1741 2277 1794 betur
2303 1756 2399 1795 eor
2426 1750 2683 1795 vestrum'
2717 1742 2814 1795 sed
2837 1758 2933 1811 .spe
2965 1741 3175 1795 tendite
3208 1741 3263 1794 in
3298 1740 3466 1795 Deum
3499 1757 3514 1804 ;
3546 1756 3756 1811 quam-

397 1828 748 1883 suetudiuem
780 1844 1001 1898 semper
1032 1827 1238 1890 habuit,
1287 1833 1343 1879 ut
1376 1826 1492 1897 ipsa
1522 1828 1723 1881 scolam
1768 1828 2016 1895 intraret,
2050 1828 2205 1915 Bvis
2252 1829 2400 1882 enim
2456 1844 2689 1899 corpore
2748 1830 2922 1883 simus
2984 1829 3261 1891 absentes,
3311 1844 3498 1884 amore
3562 1836 3754 1883 tamen

399 1932 454 1978 et
482 1922 820 1997 singularum
873 1922 919 1956 9⁸
958 1922 1140 1976 studia
1199 1922 1409 1976 intente
1456 1932 1847 1991 pernosceret;
1898 1925 2025 1995 quia

401 2020 508 2075 sibi
543 2019 721 2073 fuerat
768 2018 872 2073 hoc
902 2034 1102 2071 munus
1141 2018 1541 2090 gratissimum,
1594 2018 1782 2072 videre
1822 2019 1906 2073 vel
1936 2029 2035 2075 au‘

406 2111 525 2164 dire
574 2110 846 2179 cujusque
902 2106 1142 2163 hominis
1198 2106 1525 2178 profectum.
1564 2107 1697 2161 Tum
1726 2124 2027 2164 commora—

406 2201 568 2255 batur
598 2200 652 2253 in
680 2199 873 2253 eadem
904 2199 1124 2252 civitate
1155 2214 1186 2251 a
1217 2205 1466 2269 tempore
1499 2198 1745 2252 autumni
1777 2199 1819 2232 97
1853 2215 2026 2270 usque

406 2290 473 2342 ad
517 2288 869 2343 festivitatem
921 2287 1220 2341 nativitatis
1250 2287 1469 2342 Christi.
1533 2288 1659 2343 Post
1703 2288 2028 2359 sollempni-

407 2387 572 2434 tatem
614 2394 742 2432 vero
780 2379 953 2433 sancti
993 2377 1225 2448 apostoli
1267 2378 1488 2431 Thoma:
1538 2379 1675 2435 (Dec.
1704 2379 1795 2447 21)
1836 2378 2030 2434 iterum

407 2468 742 2523 abbatissam
775 2468 842 2521 ad
883 2483 942 2520 se
999 2466 1231 2533 vocavit,
1264 2471 1319 2520 et
1358 2466 1504 2519 hunc
1556 2481 1869 2521 sermonem
1910 2485 2032 2523 cum

410 2562 526 2631 ipsa
594 2560 818 2614 habuit:
868 2581 890 2609 α
931 2559 969 2613 0
1019 2559 1180 2614 nobis
1230 2575 1450 2629 semper
1488 2557 1596 2612 fida
1634 2567 1688 2612 et
1720 2566 2031 2614 nostrorum

412 2653 658 2706 laborum
713 2651 949 2705 maxime
1029 2648 1277 2704 conscia!
1329 2650 1441 2718 jam
1493 2650 1882 2723 cognoscimus
1932 2648 2034 2703 fre-

410 2746 637 2818 quentia
665 2744 1021 2806 inﬁrmitatis,
1057 2750 1256 2797 nostra:
1286 2741 1669 2796 dissolutionis
1695 2741 1838 2795 diem
1874 2741 2034 2797 nobis

410 2836 880 2907 apprOpinquare,
920 2840 973 2887 et
1020 2832 1226 2887 ideirco
1281 2831 1502 2900 expedit
1555 2832 1715 2885 nobis
1767 2831 1892 2885 hinc
1933 2831 2036 2885 iter

410 2926 739 2990 accelerare,
774 2939 843 2977 ne
872 2923 959 2977 hic
1005 2921 1303 2992 przeveniat
1344 2936 1444 2975 nos
1472 2919 1695 2974 ultimus
1726 2918 1845 2975 dies
1888 2937 2031 2991 prte—

414 3017 587 3071 sentis
613 3017 756 3071 vitae.
808 3040 829 3058 οι
876 3015 1103 3070 Bcontra
1134 3012 1409 3068 abbatissa
1461 3028 1570 3083 pra:
1603 3014 1846 3087 singultu
1878 3024 1931 3068 et
1955 3015 2035 3067 la-

413 3103 600 3159 crimis
657 3103 835 3173 primo
888 3102 1127 3167 reticuit,
1171 3111 1225 3155 et
1282 3101 1465 3171 paullo
1522 3109 1644 3171 post
1668 3104 1749 3156 sic
1780 3104 1877 3157 ait:
1930 3125 1948 3152 α
1997 3104 2035 3159 Ο

414 3200 673 3254 amabilis
708 3198 953 3264 domina,
1010 3198 1143 3270 quid
1193 3197 1295 3251 sibi
1345 3200 1458 3252 vult
1520 3199 1635 3253 haec
1694 3200 2038 3270 prophetia?

414 3295 519 3348 Cur
550 3293 708 3348 nobis
744 3292 959 3346 miseris
1001 3298 1107 3345 tam
1152 3290 1304 3345 triste
1357 3291 1557 3345 malum
1591 3291 1911 3361 praedicitis,
1945 3300 2037 3347 aut

414 3383 503 3438 cui
545 3397 644 3437 nos
681 3382 953 3436 desolatas
1003 3380 1318 3452 relinquitis
1346 3379 1373 3432 τ
1429 3381 1723 3451 Speramus
1762 3382 1931 3444 enim,
1980 3392 2037 3436 ut

416 3474 525 3527 Deo
558 3471 917 3541 Ipropitiante
956 3470 1205 3524 nondum
1252 3469 1359 3523 tale
1388 3469 1521 3541 quid
1565 3469 1800 3524 eveniat.
1840 3470 2035 3524 Verum

421 3564 554 3634 quia
609 3569 856 3616 versatur
905 3562 960 3615 in
1007 3561 1197 3625 dubio,
1249 3577 1513 3632 quorsum
1570 3569 1812 3615 vertatur
1856 3563 1899 3595 93
1932 3563 2049 3617 haec

415 3667 597 3716 vestra
626 3658 920 3733 aegritudo,
972 3657 1249 3712 humiliter
1280 3673 1379 3712 vos
1419 3656 1679 3728 petimus,
1709 3665 1769 3713 ut
1808 3658 1895 3712 hic
1935 3674 2047 3713 ma-

417 3751 594 3806 neatis
619 3766 731 3820 'per
758 3749 968 3821 aliquot
996 3755 1235 3818 tempus,
1275 3764 1450 3819 usque
1490 3749 1619 3803 dum
1656 3748 1963 3815 videamus,
1993 3749 2038 3803 si

417 3840 529 3893 Deo
578 3838 819 3892 donante
871 3836 1108 3890 leniatur
1155 3842 1336 3890 vester
1374 3836 1622 3901 morbus,
1669 3845 1748 3901 ut,
1782 3837 1828 3891 si
1873 3854 2037 3911 grave

417 3925 777 3981 infortunium
807 3923 1047 3991 eveniat,
1080 3924 1226 3995 quod
1258 3939 1406 3978 mors
1437 3934 1636 3979 nostra:
1658 3926 1820 3980 saluti
1853 3926 2037 3981 invida

419 4036 519 4075 nos
560 4028 742 4074 vestra
789 4017 897 4071 vita
944 4016 1223 4081 destituat,
1272 4016 1462 4070 saltem
1520 4018 1619 4072 hac
1657 4020 2034 4076 consolatione

416 4110 777 4181 respiremus,
808 4115 869 4163 ut
897 4107 951 4161 in
984 4107 1085 4162 hoc
1128 4107 1247 4162 loco
1275 4106 1564 4163 nobiscum
1602 4108 1912 4180 requiescat
1937 4126 2035 4165 ve-

416 4209 593 4256 strum
638 4199 876 4256 amabile
929 4214 1151 4270 corpus.
1202 4223 1225 4245 ιο
1266 4197 1399 4253 Tum
1450 4199 1559 4255 Deo
1591 4200 1788 4254 dilecta
1842 4202 2034 4276 regina

418 4294 538 4349 haec
559 4308 823 4364 responsa
848 4291 1029 4347 dedit:
1080 4312 1105 4342 α
1144 4290 1393 4358 Haacjam
1424 4290 1637 4362 pridem
1670 4308 1702 4345 a
1730 4293 1895 4347 nobis
1922 4294 2035 4349 lue.

419 4396 539 4444 rant
569 4385 960 4459 praecogitata:
988 4384 1038 4439 ei
1090 4391 1353 4455 quantum
1388 4383 1550 4438 nobis
1586 4383 1901 4453 placuisset,
1932 4400 2032 4441 no-

2133 1935 2354 1989 semper
2382 1920 2540 1975 vobis
2570 1930 2869 1991 przesentes
2896 1922 3117 1977 erimus.
3167 1946 3187 1973 ι

2202 2008 2292 2061 21.
2336 2011 2409 2062 De
2438 2013 2683 2063 unctione
2719 2013 2936 2075 reginae.
2982 2011 3150 2084 Igitur
3189 2012 3446 2066 discessit
3494 2012 3605 2065 Deo
3666 2010 3755 2064 di-

2128 2097 2265 2151 lecta
2319 2097 2510 2169 regina
2541 2099 2610 2151 de
2665 2098 2884 2153 civitate
2942 2101 3395 2155 Northusunense
3439 2100 3493 2154 in
3524 2101 3583 2154 11
3649 2100 3756 2154 Ka-

2131 2187 2417 2241 lendarum
2446 2189 2691 2242 Januarii
2726 2192 2863 2253 (1)9".
2898 2189 3007 2261 22),
3038 2199 3096 2245 et
3126 2190 3420 2245 maximum
3455 2205 3754 2245 maerorem

2129 2279 2240 2332 illic
2274 2280 2743 2335 commorantibus
2785 2282 3005 2352 reliquit
3043 2281 3586 2347 sanctimonialibus,
3619 2297 3762 2353 quas

2135 2388 2356 2442 semper
2408 2381 2657 2428 materno
2690 2374 2879 2428 dilexit
2926 2391 3150 2440 amore;
3202 2376 3331 2447 quia
3361 2376 3509 2429 illam
3565 2375 3620 2429 in
3655 2375 3766 2429 hoc

2138 2468 2348 2524 mortali
2382 2486 2636 2540 corpore,
2681 2486 2779 2540 pro
2810 2468 3002 2524 dolor!
3059 2470 3293 2525 ulterius
3327 2486 3433 2525 non
3484 2479 3646 2525 erant
3676 2470 3759 2524 vi-

2136 2577 2299 2627 sura},
2336 2578 2459 2632 qua:
2493 2561 2704 2616 illarum
2742 2561 2841 2615 l'uit
2873 2562 3069 2628 honor,
3114 2562 3322 2624 laetitia,
3355 2564 3523 2616 decus
3550 2569 3608 2616 et
3647 2562 3769 2636 glo-

2136 2655 2235 2709 ria.
2282 2656 2433 2709 Tunc
2476 2656 2529 2709 in
2574 2656 3015 2730 Quitilingoburc
3065 2657 3414 2728 preperabat,
3468 2657 3567 2711 ubi
3622 2659 3771 2712 Deus

2134 2754 2378 2801 sanctam
2412 2748 2649 2802 animam
2682 2749 2750 2802 de
2772 2749 2953 2803 carnis
2979 2749 3253 2823 ergastulo
3286 2749 3515 2803 dissolvi
3550 2766 3769 2820 praeor-

2135 2839 2450 2903 dinaverat;
2500 2840 2686 2912 ibique
2718 2840 2887 2895 nimia
2918 2841 3244 2915 mgritudine
3273 2848 3547 2912 correpta,
3580 2858 3762 2913 usque

2134 2930 2200 2984 ad
2255 2931 2438 2985 obitus
2474 2931 2619 2985 diem
2673 2931 3053 2987 inﬁrmabatur
3101 2933 3210 2987 (an.
3251 2932 3398 3002 968).
3449 2934 3763 3004 Appropin-

2136 3027 2339 3090 quante
2360 3028 2540 3074 autem
2567 3021 2948 3077 dissolutionis
2970 3021 3081 3089 die,
3105 3022 3173 3076 ad
3197 3038 3257 3076 se
3278 3022 3458 3077 vocari
3492 3023 3764 3094 praecepit

2086 3152 2107 3173 η
2138 3130 2304 3182 supra
2326 3123 2681 3169 memoratam
2699 3115 3031 3169 abbatissam
3057 3115 3447 3186 Richburgam,
3469 3115 3559 3170 cui
3575 3116 3768 3171 omnia

2138 3207 2258 3274 ejus
2274 3214 2486 3261 secreta
2520 3213 2648 3262 tunc
2664 3206 2879 3262 fuerant
2901 3208 3208 3275 notissima,
3227 3217 3285 3263 ut
3302 3208 3448 3262 diem
3469 3209 3660 3263 obitus
3680 3209 3769 3264 sui

2141 3299 2251 3353 illic
2281 3305 2642 3369 exspectaret,
2700 3308 2755 3355 et
2786 3300 2840 3354 in
2873 3300 3152 3367 extremis,
3205 3301 3345 3356 sicut
3373 3307 3559 3366 antea,
3617 3299 3771 3355 fide-

2139 3390 2265 3444 liter
2332 3391 2687 3448 ministraret.
2743 3392 2997 3447 Sentiens
3054 3398 3237 3447 autem
3293 3398 3483 3447 sancta
3540 3392 3774 3447 domina

2149 3478 2293 3532 diem
2318 3479 2571 3533 ultimum
2603 3480 2711 3535 sibi
2740 3480 3022 3545 advenire,
3055 3480 3332 3551 episc0pis
3357 3489 3411 3535 et
3441 3480 3775 3551 presbiteris

2147 3590 2366 3629 omnem
2421 3592 2645 3631 censum
2674 3575 2957 3649 erogabat,
3001 3592 3162 3647 quem
3198 3576 3416 3631 utilitati
3459 3592 3774 3647 pauperum

2145 3666 2391 3721 nondum
2438 3669 2966 3731 accommodaverat,
3001 3676 3055 3722 et
3110 3667 3370 3722 munifica
3401 3683 3565 3721 manu
3622 3667 3775 3723 inter

2144 3760 2471 3814 monasteria
2502 3760 2786 3816 dividebat
2817 3762 2922 3830 (42)
2955 3779 2969 3827 ;
3032 3760 3163 3814 illud
3190 3759 3499 3815 recondens
3552 3759 3609 3813 in
3653 3776 3776 3815 me-

2140 3851 2331 3918 moria,
2356 3851 2502 3923 quod
2527 3852 2847 3925 evangelica
2876 3852 3123 3923 praecipit
3146 3852 3448 3922 scriptura:
3497 3871 3518 3900 ι
3569 3851 3767 3906 Vende

2138 3942 2321 3997 omnia
2344 3959 2467 4014 quae
2493 3942 2666 3997 habes
2691 3950 2745 3997 et
2761 3942 2830 3996 da
2853 3941 3190 4013 pauperibus
3211 3942 3425 4005 (Matth.
3451 3956 3563 4008 xix,
3584 3940 3694 4007 2η.
3736 3965 3763 3987 ι.

2138 4032 2267 4089 Cum
2324 4032 2491 4106 igitur
2540 4031 2830 4087 innumera
2875 4030 3182 4087 conflueret
3220 4029 3539 4095 multitudo,
3580 4045 3765 4105 aegro-

2136 4132 2338 4181 tantem
2373 4125 2617 4199 reginam
2660 4124 2903 4190 visitare,
2953 4123 3104 4179 venit
3148 4130 3203 4177 et
3252 4122 3638 4178 Willehelmus
3668 4122 3759 4177 ¹⁰¹.

2136 4214 2468 4286 Moguntina:
2510 4213 2659 4268 sedis
2712 4212 3181 4284 archiepiscopus,
3232 4220 3289 4267 et
3339 4210 3591 4283 quamvis
3646 4210 3763 4266 Deo

2127 4306 2357 4375 jubente
2386 4306 2535 4376 prior
2562 4312 2794 4361 mortem
2824 4310 2970 4359 esset
2992 4303 3293 4371 subiturus,
3346 4309 3530 4359 tamen
3559 4319 3765 4378 aggre-

2133 4402 2283 4457 ditur
2324 4409 2569 4457 sanctam
2626 4401 2744 4467 Dei,
2794 4401 2963 4455 verba
3011 4394 3404 4456 consolationis
3479 4398 3770 4454 ministra-

415 4486 586 4533 strum
617 4492 819 4548 corpus
849 4476 903 4530 in
932 4474 1037 4530 hoc
1066 4472 1291 4544 sepeliri
1322 4472 1465 4540 loco,
1504 4473 1550 4527 si
1580 4473 2028 4545 praedestinatum

424 4578 565 4593 -.._-.
600 4586 623 4593 _
678 4570 787 4593 nn-
870 4574 925 4593 ..ι
978 4564 1073 4593 an:
1106 4566 1276 4593 κλει-ε
1309 4565 1516 4593 Πιιηηῖη
1567 4573 1613 4593 Α.
1667 4565 1895 4593 ,ΗΛ-...κ
1929 4584 1997 4593 ..Α

2134 4501 2322 4548 turus:
2376 4493 2627 4548 obiturus
2671 4491 2911 4546 visitavit
2941 4490 3241 4556 abituram,
3301 4494 3356 4543 et
3385 4502 3500 4543 sua:
3563 4489 3765 4543 mortis

420 4578 570 4626 esset
598 4586 629 4624 a
678 4570 810 4632 Deo,
870 4574 930 4621 ut
978 4564 1075 4619 filii
1106 4566 1279 4622 nostri
1309 4565 1519 4621 Ottonis
1565 4573 1619 4621 et
1666 4565 1897 4621 aliorum
1929 4584 2032 4623 no-

418 4672 653 4721 strorum
687 4669 950 4733 nepotum
998 4677 1127 4734 erga
1171 4677 1269 4715 vos
1309 4661 1486 4729 major
1511 4669 1657 4716 esset
1688 4662 2033 4732 procuratio!

421 4760 529 4814 Sed
563 4760 665 4814 hoc
697 4758 828 4812 baut
857 4755 1159 4812 consentiri
1191 4755 1654 4826 pertimescimus,
1695 4756 1825 4827 quia
1855 4758 2038 4812 domi-

421 4867 526 4906 nus
573 4859 760 4906 noster
789 4849 1078 4904 Heinricus
1121 4848 1176 4901 in
1233 4847 1681 4921 Quitilingoburc
1727 4850 2037 4921 requiescit,

416 4947 569 5016 juxta
630 4962 793 5018 quem
827 4953 1042 5018 oportet
1073 4962 1173 5001 nos
1220 4944 1599 5001 commendari
1631 4946 1949 5016 sepulturae.
1990 4955 2044 5002 et

423 5042 569 5096 diem
624 5042 877 5096 ultimum
927 5047 1264 5112 exspectare.
1328 5041 1482 5096 Nunc
1525 5049 1704 5096 autem
1756 5041 1799 5097 si
1853 5042 1907 5096 in
1938 5043 2045 5098 hoc

424 5132 545 5187 loco
580 5131 830 5187 evenerit
876 5131 1063 5188 obitus
1102 5137 1305 5194 noster,
1345 5131 1566 5206 gravius
1595 5133 2045 5206 coangustabitur

2140 4582 2380 4643 nescius.
2441 4579 2832 4636 consolabatur
2878 4579 3155 4634 modicum
3196 4583 3319 4648 post
3362 4593 3425 4631 se
3466 4576 3762 4631 victuram-

2142 4673 2305 4726 Beata
2356 4686 2487 4726 vero
2527 4670 2718 4743 regina
2747 4668 3065 4740 episcopum
3115 4675 3176 4723 ut
3226 4666 3381 4733 vidit,
3413 4665 3579 4721 hilari
3606 4666 3766 4723 vultu

2142 4767 2196 4816 et
2226 4777 2389 4833 quam
2416 4759 2670 4815 familiari
2701 4757 2945 4829 suscepit
2975 4756 3166 4812 affatu:
3205 4777 3225 4806 ι
3270 4756 3388 4811 Non
3421 4755 3763 4822 dubitamus,

2144 4855 2342 4926 inquit,
2374 4855 2652 4910 voluntate
2702 4852 2796 4907 Dei
2827 4867 2925 4907 vos
2955 4867 3103 4907 nunc
3129 4850 3197 4905 ad
3254 4865 3356 4905 nos
3384 4848 3582 4923 dirigi;
3637 4865 3764 4903 nam

2143 4961 2308 5001 nemo
2348 4945 2510 5001 nobis
2546 4944 2868 4999 familiarior
2896 4950 2951 4997 et
2989 4943 3057 4997 ad
3091 4943 3196 4998 hoc
3224 4957 3364 5012 Opus
3394 4950 3542 4996 esset
3574 4941 3642 4976 ¹⁰²
3669 4957 3767 4995 ac-

2142 5038 2400 5110 eeptior;
2455 5036 2906 5110 quandoquidem
2971 5034 3133 5090 nobis
3189 5036 3304 5090 haec
3375 5033 3630 5090 absumta
3682 5043 3768 5089 est

2142 5147 2292 5203 spes,
2334 5140 2395 5188 ut
2424 5131 2659 5186 dilectus
2684 5128 2829 5183 filius
2861 5136 3049 5184 noster
3079 5128 3262 5183 Bruno
3294 5133 3546 5182 maneret
3568 5141 3766 5198 super-

1765 5263 1985 5319 VARUE
2029 5262 2418 5319 LECTIONES.

494 5363 539 5397 οι
572 5364 738 5417 Beata
767 5362 938 5435 igitur
975 5362 1042 5416 Μ.
1072 5363 1185 5431 jam
1239 5364 1396 5419 senio
1434 5363 1601 5431 fessa,
1635 5380 1746 5420 non
1780 5364 1964 5419 minus
2017 5365 2165 5419 enim

423 5440 617 5503 nupta,
664 5434 803 5487 anno
846 5434 973 5489 968.
1026 5434 1101 5486 ad
1154 5437 1445 5490 minimum
1493 5437 1562 5489 75
1616 5451 1785 5490 annos
1834 5436 2083 5490 habebat.

422 5504 466 5536 ⁹⁸
498 5511 749 5559 versatur
788 5506 838 5558 1.
915 5505 960 5536 99
990 5503 1304 5572 calumpnia
1330 5507 1378 5559 1.

421 5575 731 5628 animarum
766 5582 1074 5628 nostrarum
1107 5574 1247 5627 ultra
1276 5578 1525 5644 poteritis
1554 5577 1826 5632 invenire.

2221 5380 2384 5436 quam
2418 5368 2844 5436 septuagenaria
2869 5365 3007 5436 erat,
3039 5366 3144 5414 etc.
3174 5359 3227 5436 ξ.
3286 5359 3435 5436 (ξείνια
3465 5375 3611 5415 anno
3640 5359 3768 5436 909,

2170 5429 2562 5516 9_5_'rigburgam
2786 5429 3221 5516 singulorum}.
3315 5430 3360 5463 97
3388 5432 3680 5516 autumpni
3712 5435 3768 5487 1.

1452 5506 1517 5539 ¹⁰⁰
1544 5508 1652 5561 haec
1693 5508 1745 5559 2.
1798 5508 1879 5559 ita
1904 5507 2085 5574 effert:
2118 5501 2326 5560 nullam
2378 5501 2525 5558 enim
2556 5501 2987 5574 sollicitudinem
3037 5501 3326 5557 meliorem
3354 5501 3502 5557 circa
3532 5501 3769 5559 salutem

1916 5576 1978 5610 ¹⁰¹
2016 5576 2342 5631 Wilbelmus
2370 5576 2419 5628 1.
2455 5579 2504 5629 et
2543 5576 2713 5640 infra.

2806 5573 2874 5607 ¹⁰²
2901 5587 3025 5627 esse
3056 5573 3109 5627 1.

1988 5675 2178 5730 ΝΟΤᾸΞ

486 5739 592 5808 (42)
644 5737 722 5789 Ita
749 5747 803 5793 et
830 5739 1203 5796 Widukindus
1236 5742 1338 5796 Ill.
1369 5745 1457 5800 74.
