3978 6214
199 295 308 350 917

1303 293 1574 346 SANCT/E
1615 295 1968 350 MATHILDIS
2009 295 2243 351 REGNAS
2283 295 2448 349 νιΤΑ.

3447 295 3552 348 918

195 423 328 476 stes,
359 429 536 485 usque
566 415 696 468 dum
747 421 932 468 nostra
985 421 1226 468 extrema
1256 414 1484 479 videret,
1527 423 1580 470 et
1620 433 1823 488 corpus
1853 423 1898 490 Α
1929 435 2062 489 pace
2117 418 2334 484 Christi,
2409 433 2758 489 quocumque
2817 416 3070 471 voluntas
3129 417 3302 487 ipsius
3355 415 3549 472 decre-

202 517 361 560 terrze
402 505 835 559 commendaret.
898 505 1050 559 Nunc
1106 512 1286 559 autem
1348 505 1582 575 primum
1639 508 1823 563 audite

200 610 442 656 nostram
476 600 906 665 confessionem,
941 608 993 654 et
1037 602 1160 654 date
1212 601 1373 655 nobis
1422 601 1823 669 remissionem,

201 711 300 763 per
332 700 658 763 potestatem
692 709 812 762 quae
846 691 1216 745 vobistradita
1239 701 1321 746 est
1343 709 1372 745 a
1399 693 1508 747 Deo
1554 700 1606 746 et
1637 703 1826 747 sancto

200 783 363 837 Petro
397 781 645 852 principe
699 780 1092 850 apostolorum,
1150 789 1203 834 et
1254 788 1383 835 tunc
1414 781 1608 835 intrate
1643 782 1824 836 eccle-

198 876 359 934 siam,
387 882 440 928 et
475 880 689 927 cantate
721 873 942 925 missam
976 887 1072 942 pro
1105 873 1344 942 peccatis
1373 880 1425 926 et
1473 873 1827 945 negligentiis

201 967 428 1031 nostris,
491 966 712 1034 insuper
766 981 863 1034 pro
944 965 1124 1018 anima
1182 965 1389 1018 domini
1445 966 1616 1018 nostri
1679 966 1826 1039 regis

203 1053 467 1116 lleinrici,
499 1062 552 1107 et
577 1068 672 1123 pro
705 1052 964 1106 omnibus
998 1051 1192 1107 Christi
1253 1054 1317 1085 ¹⁰³
1349 1053 1626 1117 fidelibus,
1684 1054 1824 1107 vivis

197 1159 250 1204 et
285 1148 576 1204 defunctis.
607 1167 632 1196 υ
667 1147 944 1216 Completa
991 1157 1171 1201 autem
1209 1148 1580 1212 confessione,
1614 1148 1825 1217 episco-

202 1257 306 1308 pus
340 1239 558 1293 intravit
585 1239 898 1304 ecclesiam,
957 1239 1142 1292 omnia
1195 1239 1430 1308 implcns
1480 1255 1602 1309 qure
1635 1239 1824 1310 regina

199 1330 631 1385 desideraverat.
690 1329 863 1383 Finita
905 1329 1090 1395 missa,
1150 1346 1365 1383 rursum
1398 1329 1617 1383 intravit
1667 1329 1825 1384 cubi-

199 1424 408 1490 culum,
438 1433 492 1477 et
519 1423 768 1478 iterando
798 1423 951 1478 dedit
1001 1424 1078 1477 illi
1137 1425 1519 1479 remissionem
1570 1434 1825 1496 peccato-

202 1529 342 1567 rum.
409 1512 762 1567 Postmodum
819 1513 1071 1582 perunxit
1129 1530 1249 1566 eam
1304 1522 1515 1568 sacrato
1585 1515 1728 1579 oleo,
1771 1524 1825 1569 et

203 1600 472 1653 recreavit
502 1606 852 1653 sacrosancto
907 1601 1152 1669 corporis
1199 1609 1256 1653 ct
1313 1601 1600 1672 sanguinis
1629 1601 1822 1655 Christi

203 1691 486 1762 mysterio.
531 1692 680 1744 Tunc
740 1691 873 1744 inibi
903 1693 1349 1746 commorabatur
1408 1710 1504 1762 per
1557 1693 1822 1760 triduum,

200 1783 332 1854 quia
362 1781 620 1837 credebat
643 1783 868 1850 jamjam
895 1783 1180 1837 imminere
1213 1785 1333 1852 ejus
1364 1785 1594 1840 obitum.
1622 1785 1823 1849 Quarto

201 1884 386 1928 autem
420 1874 507 1926 die
547 1889 669 1927 cum
704 1872 1059 1945 intelligeret,
1101 1875 1248 1929 diem
1273 1876 1652 1930 dissolutionis
1682 1892 1824 1930 non-

195 1964 328 2016 dum
355 1963 580 2026 instare,
624 1961 691 2014 ad
735 1971 1093 2031 aegrotantem
1158 1963 1403 2036 reginam
1455 1965 1707 2027 accessit,
1768 1971 1823 2018 et

192 2058 363 2112 eundi
398 2057 674 2111 licentiam
727 2058 1041 2126 postulavit,
1087 2058 1354 2130 plangens
1403 2059 1533 2113 fletu
1566 2059 1823 2113 inconso-

192 2149 366 2205 labili.
437 2149 567 2220 quia
625 2148 918 2212 sentiebat,
981 2149 1101 2217 ejus
1158 2149 1529 2204 infirmitatem
1591 2150 1819 2203 minime

191 2242 349 2295 leniri
379 2259 393 2305 ;
428 2241 526 2295 sed
555 2242 601 2295 si
637 2241 884 2296 mceroris
915 2241 1179 2311 asperitas
1209 2242 1392 2295 animo
1451 2242 1590 2295 ullas
1633 2243 1822 2297 remit-

190 2338 330 2384 teret
385 2330 654 2394 inducias,
714 2346 821 2384 non
895 2329 1105 2396 dolere,
1157 2330 1289 2401 quin
1351 2331 1534 2400 potius
1589 2331 1820 2386 deberet

189 2422 471 2493 gaudere;
502 2422 632 2492 quia
699 2430 900 2476 sanctae
947 2422 1040 2475 Dei
1073 2422 1255 2476 anima
1283 2437 1564 2476 recessura
1593 2423 1660 2476 de
1685 2438 1814 2478 cor-

191 2530 346 2584 pore,
403 2512 471 2568 de
530 2513 721 2568 labore
767 2513 836 2568 ad
889 2514 1138 2585 requiem
1205 2515 1450 2568 creditur
1501 2517 1810 2585 pervenire.

191 2609 389 2662 Sancta
422 2616 604 2662 autem
637 2608 864 2662 domina
907 2618 960 2663 et
1009 2609 1310 2680 episcopus
1355 2610 1816 2682 colloquebantur

189 2696 332 2749 inter
360 2711 417 2749 se
461 2696 718 2766 plurima,
778 2713 902 2768 quae
963 2712 1288 2751 enumerare
1348 2708 1476 2752 sunt
1527 2699 1811 2771 perlonga.

187 2788 406 2841 Interim
445 2787 632 2861 regina
662 2788 728 2842 ad
775 2805 834 2843 se
884 2789 1098 2843 vocavit
1153 2789 1487 2844 abbatissam
1545 2790 1814 2844 Richbur-

183 2894 328 2946 gam,
388 2877 738 2951 interregans
806 2876 851 2930 si
911 2878 1043 2948 quid
1101 2878 1205 2931 sibi
1265 2889 1602 2950 superesset,
1662 2881 1811 2952 quod

183 2969 449 3040 episcopo
481 2969 610 3023 dare
660 2975 860 3038 posset.
931 2969 1026 3023 llla
1083 2986 1211 3025 vero
1271 2972 1614 3041 respondens
1678 2971 1802 3027 ait:

187 3077 210 3108 ι
239 3056 599 3124 Quid-.vobis,
651 3058 761 3112 Deo
819 3056 1196 3125 dilectissima,
1241 3067 1419 3130 potest
1456 3076 1746 3130 superesse
1778 3062 1805 3115 ?

185 3148 377 3202 Omnia
407 3156 583 3203 vestra
614 3148 669 3202 in
722 3148 1080 3203 necessitates
1112 3167 1416 3221 pauperum
1464 3160 1593 3207 sunt
1625 3154 1810 3207 distri-

187 3240 336 3294 buta.
398 3260 427 3288 ν
485 3240 546 3294 At
586 3239 724 3293 illa:
771 3261 793 3290 τι
849 3240 947 3294 Ubi
998 3250 1146 3306 sunt,
1199 3242 1398 3314 inquit,
1443 3243 1627 3314 pallia,
1690 3260 1810 3316 quae

185 3336 384 3382 nostrae
414 3329 711 3397 sepulturae
751 3329 1018 3396 jussimus
1065 3329 1459 3386 abscondenda
1485 3332 1512 3385 τ
1541 3333 1633 3386 llla
1655 3334 1813 3388 nobis

189 3428 608 3492 praesententur,
656 3429 713 3476 ut
771 3430 958 3478 nostro
1014 3424 1200 3494 nepoti
1244 3425 1299 3478 in
1357 3426 1554 3498 pignus
1610 3429 1814 3482 amoris

187 3513 465 3567 donentur
498 3528 511 3575 ;
545 3529 668 3565 nam
711 3513 829 3582 ipse
863 3514 1014 3583 prior
1047 3515 1205 3568 nobis
1234 3515 1315 3569 his
1358 3516 1589 3588 indiget,
1620 3527 1677 3572 ut
1709 3535 1812 3590 pu-

187 3611 383 3668 tamus,
420 3602 549 3674 quia
583 3603 686 3658 iter
715 3604 1105 3660 difficillimum
1135 3616 1216 3661 est
1276 3608 1620 3679 ineepturus.
1657 3610 1814 3664 Sem-

189 3713 284 3766 per
316 3696 468 3749 enim
501 3703 750 3750 versatur
775 3696 831 3749 in
855 3697 1047 3762 dubio,
1097 3715 1207 3770 quo
1248 3716 1306 3754 se
1338 3710 1511 3756 vertat
1543 3702 1814 3758 instabilis

190 3785 423 3839 fortunae
455 3783 721 3849 conditio,
757 3785 842 3839 vel
875 3786 941 3839 ad
1000 3803 1140 3858 quos
1170 3789 1388 3843 labores
1427 3791 1658 3847 miseros
1689 3810 1811 3864 per-

189 3880 360 3932 lrahat
391 3878 666 3932 homines.
692 3878 824 3932 Cum
865 3888 1047 3935 autem
1092 3891 1279 3937 noster
1329 3885 1512 3939 obitus
1543 3888 1810 3954 evenerit,

193 3971 296 4024 hoc
329 3969 686 4040 proverbium
717 3970 768 4023 in
800 3971 961 4025 nobis
992 3981 1171 4042 potest
1198 3974 1510 4046 adimpleri,
1545 3979 1690 4048 quod
1721 3995 1813 4035 ore

193 4058 335 4131 vulgi
369 4059 477 4112 dici
508 4057 648 4112 solet
677 4075 690 4111 :
731 4080 750 4106 ς
786 4057 1092 4131 PrOpinqui
1115 4079 1262 4132 szepe
1283 4063 1569 4120 invenient
1600 4069 1816 4138 nuptia-

203 4167 224 4197 α
257 4148 362 4200 lem
378 4154 584 4201 vestem
618 4154 671 4201 et
696 4147 1006 4222 lugubrem.
1029 4151 1312 4212 ,ulnterim
1327 4153 1456 4206 dum
1485 4156 1599 4209 haec
1631 4156 1816 4228 loque-

199 4247 346 4293 retur
375 4237 589 4311 regina,
624 4239 774 4293 venit
804 4239 1083 4294 abbatissa
1138 4241 1374 4298 afferens
1405 4246 1606 4316 pallia;
1642 4256 1692 4302 at
1725 4249 1815 4304 illa

199 4331 310 4384 haec
341 4329 644 4399 accipiens,
697 4330 850 4385 dedit
905 4332 1190 4405 episcopo,
1233 4344 1285 4390 et
1314 4337 1430 4391 ait:
1467 4359 1491 4388 (ι
1530 4340 1651 4395 llaec
1691 4358 1815 4396 mu-

197 4437 325 4475 nera
366 4426 552 4475 nostra
581 4420 694 4475 sint
730 4422 1171 4478 monimenta‘ot.
1208 4445 1232 4475 ››
1263 4426 1321 4480 Et
1352 4444 1476 4482 cum
1509 4431 1625 4485 hzec
1655 4448 1812 4486 acce-

198 4511 370 4582 pisset
402 4509 720 4580 episcopus,
761 4512 965 4585 gratias
1013 4514 1146 4587 egit,
1197 4522 1250 4569 et
1290 4533 1409 4570 eam
1478 4519 1816 4576 benedicens

201 4604 444 4660 recessit.
488 4604 791 4660 Conversus
846 4615 1029 4661 autem
1080 4608 1148 4662 ad
1197 4609 1632 4681 circumstantes,
1695 4631 1819 4671 cum

195 4697 418 4752 silentio
457 4696 536 4750 sic
566 4697 781 4751 locutus
808 4705 928 4752 est:
967 4719 991 4749 α
1035 4699 1171 4755 Hinc
1224 4702 1276 4755 in
1307 4703 1672 4761 Radulveroth
1699 4714 1822 4762 ten-

199 4789 405 4853 dimus,
429 4795 483 4843 et
514 4805 684 4842 unum
726 4805 792 4844 ex
822 4790 1036 4845 clericis
1098 4793 1301 4848 nostris
1343 4795 1429 4850 hic
1460 4797 1523 4830 ¹⁰⁵
1557 4799 1825 4872 relinqui-

200 4895 342 4943 mus,
373 4878 506 4932 utsi
541 4878 776 4933 dominae
838 4887 1037 4935 nostra:
1089 4881 1273 4938 obitus
1321 4885 1558 4952 eveniat,
1619 4889 1728 4944 cito
1759 4891 1825 4945 ad

201 4983 302 5022 nos
333 4967 541 5032 redeat,
585 4974 640 5020 et
667 4966 829 5022 nobis
859 4971 1172 5036 annuntiet,
1208 4980 1266 5027 ut
1299 4974 1496 5029 iterum
1522 4978 1827 5045 veniamus,

204 5065 257 5111 et
287 5058 505 5112 decenti
548 5059 759 5113 honore
817 5075 1020 5132 corpus
1069 5070 1227 5118 terra!
1289 5069 1763 5128 commendemus.
1800 5094 1825 5124 η

211 5153 416 5226 Regina
441 5168 570 5206 vero
592 5159 756 5222 caput
809 5155 1047 5226 erigens,
1082 5158 1239 5228 quasi
1289 5161 1584 5231 episcopus
1616 5165 1732 5220 haec
1762 5167 1829 5220 ad

211 5259 268 5297 se
299 5243 529 5297 dixisset
563 5261 575 5296 :
609 5270 629 5287 «
655 5244 771 5298 Non
806 5251 889 5299 est
914 5261 1074 5316 opus,
1112 5248 1313 5320 inquit,
1348 5260 1407 5306 ut
1439 5253 1528 5308 hic
1558 5256 1836 5328 relinqua-

213 5339 318 5394 tur,
381 5331 480 5385 sed
536 5331 816 5387 vobiscum
871 5335 1052 5404 potius
1107 5337 1486 5407 proficiscatur
1543 5360 1557 5406 ;
1618 5360 1713 5398 vos
1744 5345 1836 5400 illo

217 5425 339 5494 plus
394 5424 656 5498 indigetis
704 5428 758 5481 in
827 5431 1088 5487 comitatu
1140 5434 1308 5490 vestri
1362 5436 1590 5494 itineris.
1653 5441 1727 5494 [te
1785 5442 1838 5494 in

1837 3103 1886 3166 C

1930 524 2086 568 verit.
2134 539 2156 558 ι»

1998 606 2087 659 25.
2119 609 2191 660 De
2217 605 2364 659 obitu
2416 606 2666 673 episcopi.
2723 602 3025 674 EpiSCOpus
3080 610 3261 657 autem
3315 603 3446 657 inde
3495 604 3550 657 in

1931 700 2294 755 Radulveroth
2327 714 2584 772 pergens,
2629 697 2817 768 ibique
2848 695 3234 750 medicinalem
3268 696 3551 766 accipiens

1932 791 2233 862 potionem,
2278 789 2572 844 subitanea
2633 797 2806 844 morte
2857 787 3181 861 defungitur
3239 789 3420 855 (Mart.
3468 788 3546 843 2r.

1928 883 2130 937 Euntes
2151 890 2332 936 autem
2384 881 2566 936 nuntii
2600 881 2716 935 haec
2757 880 2813 934 in
2859 878 3296 953 Quitilingoburc
3337 878 3548 936 indica-

1927 969 2077 1024 bant.
2109 969 2241 1024 Cum
2291 977 2473 1024 autem
2517 984 2710 1025 omnes
2765 968 3082 1022 dubitarent
3138 966 3374 1038 qualiter
3430 968 3549 1021 haec

1927 1062 2129 1134 reginae
2183 1061 2580 1126 indicarentur,
2622 1075 2691 1114 ne
2738 1058 3072 1114 infirmitatis
3129 1059 3250 1126 ejus
3278 1058 3548 1129 asperitas

1925 1151 2312 1221 adaugeretur,
2361 1149 2692 1205 venerabilis
2754 1148 2950 1203 Christi
2982 1147 3205 1213 famula,
3237 1147 3392 1219 quasi
3427 1146 3548 1218 spi-

1928 1242 2034 1300 ritu
2090 1241 2398 1313 pr0phetiae
2452 1241 2739 1306 illustrata,
2800 1239 3217 1294 lacrimabiliter
3255 1238 3551 1293 subridens

1926 1336 2002 1391 ait
2037 1353 2092 1389 εκ
2128 1334 2266 1398 Quid
2313 1333 2456 1387 intra
2511 1348 2609 1388 vos
2662 1331 3014 1386 murmuratis
3063 1330 3092 1384 ?
3137 1330 3207 1384 Et
3245 1346 3343 1384 cur
3399 1331 3554 1384 triste

1934 1425 2135 1480 malum
2195 1439 2295 1479 nos
2348 1423 2526 1479 celare
2586 1422 2914 1476 desideratis
2967 1420 2996 1474 ?
3049 1420 3310 1476 Novimus
3379 1419 3550 1485 enim,

1925 1513 2327 1567 Willehelmum
2355 1511 2677 1582 episcOpum
2705 1511 2771 1564 de
2805 1511 2907 1564 hoc
2937 1510 3143 1564 mundo
3176 1509 3464 1581 migrasse,
3496 1518 3552 1564 et

1929 1607 2028 1661 hoc
2056 1614 2137 1659 est
2166 1621 2398 1679 magnus
2427 1604 2683 1658 cumulus
2708 1601 3054 1673 jinfirmitatis
3100 1611 3318 1657 nostra).
3348 1601 3548 1656 Praeci-

1928 1699 2039 1770 pite
2060 1699 2218 1771 signa
2248 1697 2496 1751 ecclesiae
2522 1695 2748 1766 pulsari,
2781 1703 2836 1749 et
2893 1709 3165 1764 pauperes
3192 1693 3544 1766 congregari,

1926 1799 1982 1842 ut
2012 1788 2343 1842 elemosinas
2398 1786 2687 1857 accipiant,
2751 1801 2874 1856 qua:
2921 1800 3015 1854 pro
3066 1784 3246 1838 anima
3299 1783 3420 1851 ejus
3478 1782 3546 1837 ad

1924 1878 2094 1932 Deum
2127 1876 2484 1932 intercedant.
2524 1895 2548 1924 »
2594 1875 2719 1929 Post
2748 1874 2866 1928 haec
2908 1873 3198 1928 duodecim
3233 1873 3351 1927 dies
3399 1887 3548 1926 mor-

1923 1969 2046 2022 talis
2062 1970 2186 2023 vitze
2203 1967 2454 2037 spiritum
2487 1965 2660 2019 duxit.

1992 2062 2080 2116 26.
2109 2061 2355 2128 Qualiter
2374 2074 2495 2113 suos
2512 2058 2862 2112 consolatasit
2883 2098 2894 2110 .
2914 2057 3112 2110 Sancto
3139 2061 3318 2110 autem
3344 2054 3544 2109 sabba-

1924 2154 2016 2208 tho
2060 2155 2242 2222 (Mart.
2283 2153 2390 2220 14),
2421 2151 2475 2204 in
2503 2166 2614 2221 quo
2657 2148 2852 2203 Christi
2888 2147 3090 2202 famula
3122 2163 3402 2202 recessura
3430 2154 3545 2200 erat

1922 2261 1950 2297 a
1979 2243 2191 2309 seculo,
2221 2250 2280 2296 ut
2311 2242 2548 2312 primum
2594 2239 2868 2311 persensit
2922 2238 3223 2304 lucescere,
3264 2253 3458 2292 omnes
3488 2236 3543 2290 in

1921 2332 2175 2387 cubiculo
2191 2348 2378 2385 secum
2392 2339 2798 2385 commorantes
2817 2327 3103 2382 admonuit
3117 2327 3185 2380 de
3210 2342 3406 2382 somno
3424 2342 3543 2380 sur-

1919 2438 2073 2496 gere,
2098 2429 2155 2474 ut
2187 2419 2522 2490 presbiteros
2545 2426 2597 2471 et
2613 2415 3060 2472 sanctimonialcs
3076 2423 3464 2479 convocarent,
3489 2420 3545 2468 et

1919 2533 2041 2587 qua:
2073 2515 2287 2586 agenda
2318 2522 2504 2567 essent
2567 2517 2811 2585 agerent.
2874 2509 3006 2563 Cum
3060 2524 3192 2581 ergo
3249 2509 3542 2561 innumera

1919 2606 2201 2676 utriusque
2223 2621 2387 2659 sexus
2401 2603 2695 2657 multitudo
2711 2600 3052 2665 conveniret,
3076 2598 3326 2670 praecipit
3351 2604 3542 2652 sancta

1919 2699 2012 2753 Dei
2042 2699 2177 2753 nulli
2216 2697 2498 2751 introitum
2555 2693 2853 2766 prohiberi.
2888 2693 3057 2764 Igitur
3080 2691 3337 2746 omnibus
3368 2689 3540 2744 intro-

1916 2791 2142 2866 gressis,
2172 2787 2505 2843 salutaribus
2545 2785 2771 2842 monitis
2804 2783 2926 2838 illos
2959 2783 3232 2847 instruxit,
3287 2782 3481 2834 dicens
3524 2798 3537 2834 :

1920 2910 1940 2929 α
1987 2884 2193 2938 Servite
2216 2880 2446 2936 Domino
2488 2879 2543 2934 in
2597 2879 2815 2939 timore,
2844 2883 2897 2930 et
2929 2875 3166 2929 exultate
3197 2875 3248 2928 ei
3278 2891 3401 2928 cum
3427 2880 3542 2928 tre-

1916 2991 2070 3030 more
2105 2992 2118 3039 ;
2149 2970 2553 3044 apprehendite
2583 2968 2952 3038 disciplinam,
2986 2982 3054 3020 ne
3085 2965 3306 3037 quando
3338 2965 3541 3018 irasca-

1913 3074 1997 3120 tur
2025 3063 2314 3126 Dominus,
2347 3069 2401 3115 et
2463 3059 2702 3131 pereatis
2756 3057 2823 3111 de
2853 3056 2941 3111 via
2976 3056 3127 3124 justa
3165 3055 3330 3121 (Psal.
3368 3070 3424 3118 ιι,
3450 3054 3537 3107 11.

1911 3155 2019 3224 21).
2049 3153 2330 3207 Declinate
2359 3167 2389 3204 a
2419 3149 2562 3204 malo
2593 3158 2648 3202 et
2668 3147 2827 3202 facite
2860 3145 3091 3211 bonum,
3124 3153 3183 3198 ut
3212 3144 3266 3197 in
3300 3151 3544 3197 extrema

1914 3247 2045 3300 hora
2075 3251 2266 3299 vestrae
2299 3242 2496 3296 animze
2517 3241 2585 3294 ab
2620 3239 2835 3294 insidiis
2883 3237 3089 3292 diaboli
3124 3235 3456 3306 eripiantur,
3487 3244 3543 3288 et

1914 3345 2121 3391 aeterna
2154 3333 2312 3389 vobis
2361 3331 2586 3402 praemia
2612 3348 2641 3385 a
2675 3333 2783 3385 Deo
2843 3330 3140 3385 donentur.
3205 3351 3224 3378 ι
3263 3327 3387 3381 Post
3421 3326 3542 3379 haec

1913 3424 2198 3496 praecepit,
2228 3433 2286 3476 ut
2314 3437 2508 3476 omnes
2547 3419 2761 3474 exirent
2791 3420 2846 3473 in
2881 3435 3015 3491 pace
3045 3417 3263 3481 Christi,
3287 3416 3390 3470 nisi
3441 3413 3537 3486 qui

1914 3515 2223 3572 necessaria
2253 3514 2355 3568 sibi
2390 3520 2578 3568 essent
2627 3513 3013 3567 ministraturi.
3058 3511 3209 3566 Tunc
3258 3511 3326 3564 ad
3354 3525 3410 3563 se
3433 3525 3538 3563 vo-

1913 3609 2055 3665 cavit
2093 3624 2247 3662 suam
2278 3605 2557 3676 neptulam
2586 3603 2919 3658 abbatissam
2969 3603 3343 3665 lllalithildam,
3370 3600 3537 3655 ﬁliam

1915 3698 2124 3754 Ottonis
2155 3695 2525 3767 imperatoris,
2585 3693 2844 3748 salutaria
2904 3693 2983 3747 illi
3035 3694 3174 3746 dans
3213 3693 3444 3758 monita,
3481 3698 3541 3746 ut

1913 3798 2056 3847 esset
2089 3790 2177 3860 pia
2206 3796 2259 3842 et
2297 3787 2542 3852 humilis,
2586 3786 2834 3856 prudens
2865 3793 2920 3839 et
2940 3793 3120 3851 cauta,
3153 3801 3217 3838 ac
3243 3785 3349 3838 sibi
3383 3800 3538 3840 com-

1917 3881 2140 3934 missum
2173 3893 2396 3953 gregem
2452 3873 2775 3941 custodiret,
2807 3881 2862 3929 et
2893 3882 2953 3928 ut
2996 3874 3390 3928 monasterium
3414 3888 3537 3927 raro

1917 3969 2296 4045 egrederetur,
2329 3983 2401 4020 ne
2429 3964 2768 4020 secularibus
2792 3963 2979 4019 dedita
3017 3980 3047 4018 a
3086 3961 3283 4018 Christi
3311 3962 3539 4016 servitio

1917 4064 2297 4135 impediretur.
2365 4060 2522 4115 Dedit
2577 4059 2739 4114 etiam
2798 4059 2849 4113 ei
2924 4059 2978 4113 in
3037 4074 3260 4112 manum
3315 4072 3542 4126 compu-

1915 4154 2217 4221 tarium,in
2245 4169 2354 4224 quo
2411 4151 2634 4206 nomina
2684 4150 3070 4206 defunctorum
3121 4149 3325 4219 scripta
3379 4155 3539 4202 erant

1917 4260 2242 4317 procerum;
2276 4241 2683 4298 commendavit
2723 4241 2801 4295 illi
2841 4239 3052 4295 domini
3085 4239 3170 4293 sui
3196 4237 3342 4312 regis
3376 4237 3538 4290 llein-

1917 4340 2014 4395 rici
2073 4339 2333 4402 animam,
2389 4336 2796 4393 commendavit
2839 4345 2892 4391 et
2941 4350 3123 4400 suam,
3181 4339 3235 4387 et
3290 4331 3538 4386 omnium

1918 4429 2185 4493 fidelium,
2216 4442 2448 4498 quorum
2503 4426 2825 4480 memoriam
2879 4423 3177 4478 recolebat.
3231 4418 3539 4475 Novissime

1920 4528 2099 4575 autem
2133 4518 2407 4573 Richburc
2439 4517 2718 4572 abbatissa
2749 4524 2944 4570 mwsta
2990 4513 3281 4586 processit,
3308 4519 3362 4566 et
3391 4527 3539 4583 genu

1923 4614 2064 4666 flexo
2095 4611 2149 4665 in
2190 4619 2411 4675 terram,
2442 4609 2610 4680 pedes
2638 4607 2844 4681 reginae
2877 4605 3214 4662 lacrimando
3247 4601 3542 4674 amplecti-

1925 4714 2033 4769 tur,
2062 4704 2136 4758 ita
2157 4702 2415 4775 inquiens
2449 4719 2460 4754 :
2495 4725 2517 4748 ει
2543 4700 2772 4756 Domina
2795 4700 2868 4754 mi
2901 4699 3234 4764 carrissima,
3267 4697 3354 4751 cui
3378 4694 3542 4750 relin-

1927 4800 2096 4873 quitis
2120 4799 2600 4874 congregationem
2661 4795 2980 4856 desolatam,
3043 4810 3212 4863 super
3265 4808 3427 4864 quam
3453 4806 3541 4844 me

1932 4890 2218 4965 indignam
2270 4886 2634 4944 constituistis
2690 4884 3021 4939 abbatissam
3063 4883 3091 4936 ?
3136 4882 3368 4936 Difficile
3409 4880 3544 4935 mihi

1931 4995 2014 5040 est
2033 5000 2251 5040 servare
2283 4996 2506 5054 gregem
2536 4977 2910 5042 commissum,
2944 4976 3072 5046 quia
3103 4982 3344 5028 vestrum
3369 4972 3548 5028 aberit

1931 5077 2259 5131 subsidium.
2290 5099 2312 5119 ιι
2344 5074 2540 5126 Sancta
2562 5085 2690 5123 vero
2723 5068 3106 5140 reginalsuper
3136 5067 3252 5120 haec
3276 5064 3444 5118 verba
3468 5073 3553 5118 to-

1938 5172 2006 5226 tis
2024 5170 2328 5225 visceribus
2347 5163 2790 5228 commota,dixit
2817 5180 2828 5215 :
2858 5183 2882 5211 κ
2912 5162 3135 5216 Summo
3149 5176 3244 5216 vos
3263 5175 3552 5214 commen-

1939 5264 2133 5317 damus
2165 5259 2440 5315 defensori
2477 5276 2490 5322 ;
2528 5272 2638 5311 non
2697 5253 3057 5325 relinquimus
3082 5269 3177 5308 vos
3206 5252 3427 5320 alienis,
3459 5251 3558 5306 sed

1939 5352 2052 5405 filio
2084 5358 2272 5404 nostro
2321 5347 2504 5402 Ottoni
2550 5345 2787 5415 aliisque
2844 5342 3138 5413 nepotibus
3179 5341 3400 5396 nostris.
3441 5361 3459 5387 ι
3497 5340 3558 5392 At

1940 5440 2032 5494 illa
2060 5440 2135 5494 ait
2167 5456 2232 5492 ε..
2280 5437 2539 5492 Versatur
2587 5435 2770 5503 nobis,
2814 5434 3062 5502 domina,
3117 5434 3172 5488 in
3224 5431 3416 5498 dubio,
3451 5444 3558 5503 quo

1576 5567 1794 5622 VARUE
1828 5565 2207 5622 LECTIONES.

299 5657 364 5691 ¹⁰³
392 5673 499 5713 vox
529 5658 671 5716 deest
698 5661 748 5716 1.
779 5662 841 5697 ¹⁰⁸
873 5669 1006 5720 sunt
1033 5667 1375 5727 munimenta
1411 5673 1462 5727 1.
1494 5673 1641 5728 Istud
1668 5673 1914 5730 caritatis
1940 5674 2148 5730 donum
2179 5672 2288 5728 mei
2315 5669 2459 5742 apud
2473 5678 2526 5725 te
2546 5670 2618 5724 sit
2643 5670 3136 5726 commonitorium
3159 5667 3211 5724 2.
3248 5667 3314 5703 ¹⁰⁵
3343 5668 3476 5724 hinc
3505 5667 3554 5723 1.
