3978 6214
423 280 529 332 919
1574 272 1904 326 GL'MPOIJH
1949 273 2237 327 EPISCOPI
2284 272 2621 327 MANTUAM.
3670 277 3789 332 920

424 421 483 459 se
508 411 681 459 vertat
702 402 918 457 animus
950 401 1190 453 illorum.
1233 418 1255 448 ι
1281 398 1408 452 Cum
1442 414 1573 473 ergo
1624 399 1863 454 abatissa
1890 416 2034 455 ama-
2062 405 2112 471 Α
2138 399 2477 472 dragesimae.
2503 399 2631 453 Cum
2664 407 2846 454 autem
2875 415 3078 471 corpus
3108 401 3371 457 lavissent
3402 408 3458 457 et
3479 402 3550 457 ad
3584 403 3785 459 eccle-

427 514 483 550 re
524 497 679 549 fleret
730 502 783 546 et
837 491 1230 545 consolationis
1277 490 1445 544 verba
1493 500 1793 561 expeteret,
1843 494 2035 568 regina
2136 488 2273 542 siam
2304 487 2650 553 detulissent,
2682 496 2952 543 venerunt
2986 489 3166 544 nuntii
3201 490 3407 565 reginae
3438 490 3779 567 Gerburgis,

424 598 714 640 mcerorem
736 582 855 649 ejus
892 580 1065 633 lenire
1096 579 1328 649 cupiens
1357 580 1431 634 ait
1455 598 1466 632 :
1505 602 1527 627 ιι
1552 582 1664 645 Quo
1690 597 1820 651 spes
1850 593 2035 639 nostra
2136 575 2263 631 filiae
2277 576 2607 631 venerabilis
2632 576 2848 631 domnae
2867 577 3203 644 Mahthildis,
3222 579 3516 635 afferentes
3534 581 3772 652 pallium

426 670 723 735 tendenda,
780 684 889 739 quo
947 668 1164 722 animus
1203 677 1387 722 noster
1440 668 1784 741 dirigendus,
1832 672 1935 726 nisi
1968 674 2035 727 ad
2137 668 2665 735 aurointertextum,
2733 675 2921 740 aptum
2978 671 3265 741 coeperire
3311 672 3572 727 loculum.
3608 674 3775 729 Tunc

427 762 643 820 Deum?
693 760 932 815 Primum
973 760 1200 830 quaerite
1245 775 1472 832 regnum
1524 760 1618 813 Dei
1678 768 1731 814 et
1766 761 2035 828 justitiam
2139 758 2327 813 electae
2382 757 2575 811 Christi
2624 757 2839 813 famulae
2898 760 3194 830 pr0phetia
3244 759 3300 814 in
3369 761 3635 816 omnibus
3661 761 3773 817 fuit

427 857 570 925 ejus,
593 860 646 908 et
676 854 792 907 haec
808 850 994 906 omnia
1030 850 1362 919 adjicicntur
1410 850 1567 905 vobis
1618 854 1761 921 (Luc.
1796 870 1891 920 xu,
1924 856 2037 925 3i).

426 948 733 1011 Credimus,
759 943 932 998 filium
966 950 1210 997 nostrum
1248 941 1522 1006 Ottonem,
1565 943 1763 1014 prioris
1794 946 2047 1016 promissi

429 1040 573 1095 haud
602 1039 1005 1099 immemorem,
1049 1034 1205 1088 vobis
1230 1035 1553 1104 impendere
1592 1037 1861 1092 solamen.
1905 1040 2041 1103 Qui-

426 1146 665 1204 cumque
690 1136 869 1184 autem
905 1127 1309 1198 possessionem
1332 1126 1758 1182 ecclesiasticam
1775 1144 1839 1183 ex
1862 1136 2046 1184 nostra

431 1236 581 1299 parte
624 1235 817 1281 vestrae
860 1223 1175 1277 necessitati
1208 1222 1460 1276 traditam
1520 1222 1722 1291 injusta
1766 1224 2048 1296 dCSpolia-

431 1321 578 1376 tionc
635 1316 838 1373 scindit
882 1315 966 1369 vel
1012 1314 1356 1377 comminuit,
1414 1315 1717 1385 provideat,
1772 1317 1903 1388 quid
1938 1318 2047 1372 Deo

433 1408 787 1479 respondeat,
810 1412 999 1461 contra
1030 1420 1156 1460 vero
1190 1404 1444 1476 quisquis
1477 1406 1689 1460 muniat
1714 1406 1797 1460 vel
1823 1418 2046 1479 augeat,

434 1520 465 1557 a
524 1503 673 1565 Deo,
738 1498 886 1553 ﬁdeli
952 1504 1401 1562 remuneratore,
1455 1496 1679 1571 dignam
1738 1500 2048 1554 mercedem

438 1590 683 1661 recipiat.
713 1610 738 1635 ιο

505 1683 595 1735 2⁸7.
649 1679 891 1747 Qualiter
939 1676 1156 1731 obterit.
1221 1676 1344 1730 Post
1408 1676 1527 1731 hinc
1575 1674 1739 1729 verba
1787 1677 2052 1747 praecepit

437 1774 776 1847 presbiteros
821 1778 875 1826 et
922 1769 1375 1824 sanctimoniales
1430 1768 1656 1839 propius
1687 1768 2057 1833 accedere,ut

438 1867 556 1935 ejus
604 1862 1014 1919 confessionem
1066 1860 1317 1913 audirent
1378 1859 1485 1913 sibi
1537 1876 1567 1913 a
1616 1860 1726 1914 Deo
1778 1860 2057 1914 remissio-

440 1974 564 2011 nem
607 1954 967 2027 postularent.
998 1951 1111 2015 Quo
1167 1949 1329 2013 facto,
1357 1948 1757 2017 jussitmissam
1788 1949 2059 2013 celebrari

440 2060 494 2109 et
526 2064 728 2119 corpus
772 2043 971 2099 Christi
1022 2042 1128 2096 sibi
1161 2040 1365 2106 afferri,
1408 2050 1466 2095 ut
1503 2056 1600 2111 per
1635 2041 1773 2095 sacri
1814 2036 2059 2111 mysterii

442 2136 888 2197 communionem
922 2131 1171 2187 securius
1192 2129 1449 2183 evaderet
1473 2128 1657 2183 callidi
1680 2129 1851 2183 hOstis
1879 2130 2060 2185 laesio-

443 2249 589 2287 nem.
626 2228 717 2282 His
746 2224 1005 2281 omnibus
1036 2223 1137 2276 rite
1161 2222 1413 2292 peractis,
1456 2220 1562 2274 sibi
1586 2227 1825 2274 astantes
1863 2221 2058 2276 admo-

446 2322 585 2387 nuit,
616 2327 676 2375 ut
714 2318 954 2389 psalmos
998 2314 1290 2387 vigilanter
1334 2314 1694 2367 decantarent
1736 2320 1790 2367 et
1821 2329 2059 2385 evange-

445 2416 577 2471 lium
608 2413 876 2485 legerent,
899 2424 1073 2479 usque
1088 2407 1217 2461 dum
1231 2405 1587 2476 animajussu
1622 2404 1713 2459 Dei
1736 2405 1806 2459 de
1830 2421 2060 2475 corpore

446 2508 777 2564 discederet.
809 2504 935 2557 Post
966 2503 1083 2556 haec
1149 2501 1358 2554 nullum
1418 2499 1645 2554 verbum
1688 2500 1931 2569 protulit,
1964 2499 2061 2553 sed

446 2598 621 2655 oculis
642 2594 898 2666 expansis
928 2600 981 2647 et
1001 2590 1255 2645 manibus
1313 2588 1751 2655 elevatis,animo
1786 2596 1838 2643 et
1870 2589 2063 2660 spiritu

448 2694 501 2747 in
555 2690 755 2745 coelum
812 2683 1066 2740 intendit.
1149 2683 1637 2753 ApprOpinquante
1690 2688 1872 2736 autem
1931 2683 2063 2736 hora

448 2780 789 2850 nona,jussit
810 2779 1050 2833 cilicium
1077 2774 1228 2831 humi
1259 2776 1413 2846 poni,
1444 2790 1645 2845 corpus
1670 2774 2058 2830 moribundum

447 2891 614 2946 supra
645 2870 923 2936 collocari,
982 2868 1219 2940 propriis
1274 2867 1530 2921 manibus
1575 2866 1817 2921 cinerem
1874 2867 2059 2937 impo-

451 2980 590 3019 nens
629 2961 794 3031 capiti
820 2977 831 3012 :
871 2980 894 3008 ‹‹
922 2958 1039 3013 Non
1069 2957 1247 3021 decet,
1280 2956 1476 3027 inquit,
1506 2955 1925 3011 christinianum
1955 2956 2060 3010 nisi

2147 847 2464 917 adimpleta,
2538 854 2593 901 et
2647 846 2716 902 de
2801 848 3281 923 transmigratione
3355 851 3780 924 archiepiscopi

2150 937 2483 992 Willehelmi
2506 946 2561 993 et
2592 946 2742 993 veste
2773 939 3013 1014 lugubri.

2218 1030 2289 1083 28
2324 1033 2396 1084 De
2434 1032 2713 1099 sepultura
2742 1032 2881 1100 ejus.
2918 1031 3088 1103 Igitur
3110 1032 3454 1104 sepelierunt
3489 1047 3696 1104 corpus
3721 1034 3783 1087 in

2146 1116 2374 1171 basilica
2402 1118 2574 1172 sancti
2607 1118 2859 1184 Scrvatii,
2894 1119 3047 1187 juxta
3093 1121 3410 1192 sepulcrum
3429 1120 3576 1196 regis
3602 1122 3784 1177 Hein-

2148 1211 2392 1283 rici(43),
2426 1228 2549 1266 cum
2602 1228 2801 1286 magno
2857 1214 3088 1282 honore,
3146 1216 3241 1270 ubi
3303 1216 3424 1287 ipsa
3452 1217 3787 1272 decreverat

2149 1304 2494 1375 requiescere
2526 1310 2580 1358 et
2609 1305 2753 1359 diem
2779 1305 2974 1373 judicii
3003 1315 3317 1378 expectare.
3348 1309 3489 1384 Ergo
3513 1309 3786 1363 discessit

2149 1396 2219 1449 de
2249 1411 2501 1467 corpore,
2536 1398 2739 1452 nobilis
2756 1416 2984 1472 genere,
3011 1400 3249 1457 nobilior
3276 1402 3522 1457 moribus
3551 1410 3607 1457 et
3636 1418 3780 1457 san-

2150 1488 2541 1553 ctitate,sencx
2576 1492 2809 1561 etplena
2839 1492 3074 1558 dierum,
3106 1494 3367 1548 omnibus
3388 1496 3502 1549 suis
3535 1494 3786 1565 p0steris

2153 1580 2361 1634 bonum
2381 1580 2700 1652 relinquens
2732 1583 3064 1654 exemplum.
3089 1586 3441 1641 Cumhonore
3467 1586 3617 1640 enim
3639 1601 3783 1656 pras-

2156 1678 2367 1725 sentem
2400 1672 2565 1726 vitam
2626 1673 2875 1741 duxerat,
2909 1681 2962 1728 et
3007 1692 3130 1729 cum
3187 1677 3399 1733 honore
3451 1676 3523 1731 de
3569 1675 3789 1730 mundo

2160 1761 2429 1833 migrabat
2461 1780 2474 1827 ;
2506 1770 2559 1816 et
2581 1762 2851 1834 quidquid
2877 1764 3255 1834 temporaliter
3272 1766 3497 1829 vixerat,
3524 1766 3581 1820 in
3612 1764 3788 1820 bonis

2159 1854 2421 1924 Operibus
2450 1857 2887 1911 consummabat.
2910 1858 3025 1912 Non
3054 1859 3297 1912 esteuim
3314 1866 3528 1913 mortua
3544 1858 3793 1913 creden-

2161 1944 2250 2011 da,
2283 1946 2390 2012 cui,
2434 1957 2493 2001 ut
2546 1957 2817 2018 speratur,
2874 1950 3088 2004 reddita
3128 1958 3213 2005 est
3257 1950 3486 2019 justitize
3525 1966 3736 2005 corona
3775 1967 3792 2013 ;

2161 2038 2287 2110 quia
2319 2039 2695 2109 temporaliter
2749 2040 2960 2106 vivens,
3008 2056 3202 2096 omnes
3241 2039 3576 2095 desideravit
3602 2039 3794 2095 salvos

2160 2146 2283 2184 esse
2310 2139 2364 2185 et
2397 2131 2677 2185 neminem
2704 2134 2770 2187 de
2797 2149 2963 2206 grege
2993 2132 3188 2187 Christi
3204 2133 3387 2204 perire
3417 2133 3499 2199 ;in
3535 2133 3793 2204 profectu

2161 2218 2427 2290 cujusque
2484 2219 2689 2277 hilaris.
2727 2220 2781 2274 in
2839 2222 3166 2277 adversitate
3224 2229 3406 2276 autem
3438 2221 3792 2292 pertristris;

2161 2327 2290 2383 erga
2331 2327 2526 2366 omnes
2586 2314 2675 2382 pia
2733 2319 2788 2367 et
2842 2314 3269 2385 compassibilis,
3339 2314 3586 2383 exceptis
3614 2312 3792 2380 vitiis,

2163 2404 2367 2474 quibus
2395 2419 2503 2459 non
2536 2405 2844 2476 compassio
2898 2407 2995 2460 sed
3038 2406 3309 2461 rectitudo
3350 2406 3601 2460 debetur.
3639 2404 3792 2460 Mul-

2164 2504 2341 2550 torum
2376 2496 2698 2551 festivitates
2728 2507 3040 2552 sanctorum
3074 2499 3130 2553 in
3162 2499 3394 2554 ecclesia
3433 2498 3798 2553 celebrantur

2163 2602 2396 2658 quorum
2439 2587 2647 2641 meritis
2688 2603 2798 2641 non
2835 2587 3011 2658 impar
3044 2598 3150 2653 est,
3198 2595 3255 2643 ut
3312 2603 3619 2658 speramus,
3658 2594 3716 2641 et
3766 2603 3800 2641 a

2164 2692 2399 2747 quorum
2449 2676 2712 2730 societate
2747 2692 2853 2731 non
2896 2676 3242 2746 separabitur
3273 2676 3328 2729 in
3381 2682 3591 2729 aeterna
3618 2675 3802 2729 beati-

2169 2765 2381 2820 tudine.
2416 2765 2552 2819 Vere
2582 2765 2755 2819 luerat
2782 2765 3012 2838 dignum
3044 2765 3328 2835 templum,
3374 2763 3429 2817 in
3461 2778 3567 2835 quo
3599 2762 3795 2818 Domi-

2162 2879 2266 2917 nus
2337 2862 2694 2927 habitaverat,
2762 2862 2969 2931 jejunis
3030 2861 3376 2935 castigatum,
3436 2858 3785 2915 orationibus

2164 2951 2429 3005 refectum
2463 2951 2550 3015 “’7,
2582 2950 2816 3021 puritate
2875 2950 3197 3004 mundatum
3280 2948 3388 3002 Sed
3403 2948 3535 3019 quid
3564 2947 3635 3001 de
3661 2947 3788 3015 ejus

452 3054 507 3106 in
530 3050 708 3105 cilicio
764 3057 817 3103 et
860 3048 1046 3101 cinere
1104 3046 1261 3101 mori.
1302 3067 1325 3095 ο
1379 3046 1511 3100 Dein
1563 3054 1764 3101 sanctus
1796 3047 1974 3101 crucis
2002 3064 2060 3101 se
2092 3106 2134 3126 Α
2169 3043 2328 3096 laude
2366 3043 2531 3114 digne
2586 3050 2768 3113 potest
2818 3040 2975 3097 dici?
3009 3042 3271 3097 Dominus
3297 3041 3352 3094 in
3389 3040 3480 3093 illa
3509 3038 3789 3104 laudetur,

452 3142 707 3197 muniens
729 3138 1036 3213 signaculo,
1087 3154 1209 3193 cum
1262 3154 1396 3210 pace
1426 3145 1481 3192 et
1511 3139 1699 3211 requie
1732 3139 2065 3194 obdormivit
2089 3108 2136 3172 C
2168 3142 2221 3188 et
2248 3135 2364 3205 ipsa
2406 3136 2461 3188 in
2505 3134 2731 3189 Domino
2766 3151 2779 3198 ;
2814 3133 2929 3204 ipsc
2971 3133 3117 3188 enim
3149 3139 3235 3187 est
3265 3133 3383 3186 laus
3413 3130 3608 3202 ipsius,
3634 3129 3792 3198 cujus

454 3233 507 3286 in
539 3231 768 3286 Domino
793 3230 828 3283 2
855 3228 1013 3299 Eldus
1041 3228 1235 3283 Martii.
1296 3228 1359 3283 Ut
1411 3228 1718 3283 rectissime
1771 3229 1948 3300 potuit
1981 3230 2066 3282 in-

2169 3225 2289 3279 laus
2337 3226 2403 3279 ab
2445 3226 2565 3293 ejus
2604 3241 2698 3281 ore
2740 3241 3037 3297 numquam
3073 3224 3321 3291 recessit,
3354 3222 3443 3278 cui
3491 3228 3578 3276 est
3614 3221 3794 3275 honor

452 3320 731 3396 vestigari,
756 3320 941 3375 anima
967 3328 1168 3374 sancta:
1197 3319 1291 3373 Dei
1343 3335 1564 3394 egressa
1603 3327 1685 3374 est
1718 3320 1785 3374 de
1843 3336 2075 3391 corpore
2175 3326 2227 3372 et
2252 3318 2445 3389 gloria,
2470 3318 2639 3373 decus
2668 3324 2721 3373 et
2778 3318 3071 3389 imperium
3130 3316 3185 3371 in
3215 3315 3403 3371 secula
3450 3314 3790 3378 seculorum,

454 3415 507 3469 in
542 3412 661 3483 ipsa
693 3410 759 3445 ¹⁰δ
789 3411 923 3465 hora
941 3408 1072 3477 diei,
1107 3424 1213 3480 qua
1234 3425 1457 3479 semper
1481 3408 1945 3464 consuetudinem
1977 3410 2077 3463 ha-
2176 3412 2366 3465 Amen.

456 3505 574 3561 buit
596 3518 867 3575 pauperes
899 3516 1150 3556 recreare
1166 3500 1221 3554 in
1240 3500 1465 3556 nomine
1485 3500 1701 3556 Domini
1730 3500 1932 3555 diebus
1945 3516 2076 3572 qua-

1319 3596 1615 3651 EXPLICIT
1648 3596 1799 3650 VlTA
1831 3594 2173 3650 GLORIOS/E
2213 3593 2479 3649 REGINXE
2518 3592 2934 3647 MAHTHILDIS.

1810 3696 2029 3750 VARUE
2059 3695 2437 3751 LECTIONES.

529 3800 594 3833 ὀδ
620 3797 673 3852 id
698 3806 784 3854 est
812 3814 958 3854 nona
986 3799 1147 3852 addit
1176 3796 1209 3852 3
1242 3796 1304 3829 ¹⁰⁷
1337 3801 1392 3850 et
1422 3793 1769 3860 mundatum,
1802 3792 2038 3864 puritate
2068 3791 2387 3844 decoratum
2413 3787 2467 3841 2.

2009 3888 2216 3945 NOTAE.

525 3969 636 4039 (43)
673 3968 769 4023 Ubi
796 3969 979 4024 adhuc
1005 3965 1364 4036 conspicitur,

1282 4175 1518 4219 lNTI’tA
1563 4173 1834 4217 AXNUM
1880 4166 2952 4214 DCC()CLXVII-DCCCULXXXV.

1423 4305 2823 4480 GUMPOLDUS

1125 4553 1996 4655 EPISCOPUS
2113 4554 3120 4656 MANTUANUS.

1674 4734 2567 4947 GUﬁFﬁLDI

896 4999 1215 5087 VITA
1314 4997 2117 5089 VENCEZLAVI
2211 4999 2587 5089 DUCIS
2679 4997 3340 5088 BOHEMUE.

1067 5148 1266 5215 (Pertz,
1295 5150 1641 5205 Monumenta
1671 5150 1976 5206 Germanias
2006 5149 2284 5213 historica,
2319 5147 2517 5220 Script.
2551 5153 2683 5204 tom.
2719 5147 2805 5216 IV,
2836 5163 2963 5223 pag.
2991 5146 3140 5216 2M).

1428 5337 2268 5420 UBSERVATIONES

2354 5333 2813 5417 PR/EVI/E.

511 5464 649 5520 ΑΞνο
699 5469 822 5528 post
849 5467 1056 5524 caedem
1120 5470 1443 5525 Venceslavi
1473 5470 1629 5525 ducis
1661 5480 1907 5542 peracto,
1938 5489 2061 5527 cum
2164 5470 2296 5524 miae
2328 5468 2468 5523 fines
2497 5468 3079 5543 transgredereturjl),
3111 5471 3167 5521 et
3191 5466 3302 5534 jam
3316 5465 3547 5536 jamque
3577 5466 3790 5522 decon-

440 5549 839 5611 miraculorum
869 5555 1063 5615 virtute
1082 5562 1205 5630 ejus
1229 5566 1670 5627 perpetratorum
1710 5559 1853 5616 fama
1887 5543 2138 5617 Bohe-D
2163 5564 2349 5619 dendo
2378 5563 2638 5638 Pragensi
2670 5561 2958 5635 episcOpio
2997 5567 3053 5617 et
3104 5559 3369 5615 Bohemia
3420 5559 3789 5632 Ratisponen—

513 5722 588 5789 (1)
634 5711 962 5788 Widukind,
994 5728 1034 5780 Ι.
1074 5730 1163 5783 35,

2005 5666 2219 5733 nom,
