3978 6214
461 275 567 330 923

460 404 706 470 Domino,
731 413 859 475 etc.,
892 426 1067 481 usque
1088 419 1406 474 saeculorum
1435 437 1611 485 amen.
1647 434 1709 481 ut
1737 427 1901 485 lectio
1920 432 2068 486 anti-

456 509 565 563 qua
593 495 645 549 in
670 513 828 553 usum
860 500 1128 559 Breviarii
1174 508 1279 579 (17)
1335 510 1549 569 Codicis
1578 515 1738 573 istius
1758 518 1869 577 fata
1899 522 2064 595 igno-

456 590 660 639 rantur.

527 675 818 733 Gumboldi
885 687 1052 742 textui
1107 689 1355 760 quaedam
1410 710 1476 749 ex
1529 696 1764 770 legenda
1811 702 1940 759 inde
1964 708 2066 761 sub

458 761 627 818 finem
660 770 844 824 saeculi
874 770 913 824 X
945 774 1210 844 derivata,
1265 798 1427 851 quam
1485 801 1550 839 ex
1595 789 1787 844 codice
1819 792 1885 857 Ml
1912 796 2063 866 regio

459 851 769 911 Monacensi
793 859 935 915 inter
962 864 1504 928 Benedictohuranos
1534 876 1655 933 Nro.
1690 880 1811 935 105.
1847 851 2064 953 signato

456 941 513 997 V.
543 942 597 996 Cl
652 946 935 1023 I‘Oringer,
964 954 1275 1013 biliothecae
1320 964 1485 1035 regia:
1515 976 1718 1036 custos,
1751 941 2063 1045 exscripsit,

454 1035 730 1104 subjicere
764 1041 998 1109 juvabit.
1050 1050 1177 1114 Quae
1211 1052 1337 1108 licet
1370 1057 1515 1112 haud
1557 1064 1741 1136 magni
1774 1035 2061 1135 momenti,

455 1134 635 1184 tamen
665 1136 902 1204 qualiter
924 1156 1128 1208 paucos
1157 1145 1299 1202 intra
1328 1166 1504 1208 annos
1545 1157 1736 1211 eadem
1786 1177 1873 1215 res
1893 1161 2065 1219 altera

454 1216 571 1271 vice
600 1232 817 1278 narrata
839 1227 909 1281 sit
930 1233 1191 1288 ostendit.

1595 298 1928 357 GUMI’OLDI
1972 305 2265 364 EPISCOPI
2306 310 2666 369 MANTUANI.

3686 334 3789 389 924

2092 440 2144 505 Α
2243 435 2465 493 Librum
2518 438 2792 499 Laurentii
2870 446 3182 506 Casinensis
3245 456 3526 523 monachi,
3582 458 3786 516 ultimis

2168 529 2353 583 seculi
2384 546 2435 585 XI
2468 533 2629 587 annis
2656 550 2719 589 ex
2753 538 3116 596 relationibus
3159 543 3387 601 Bohemi
3420 549 3708 617 cujusdam
3732 562 3788 607 et

2174 641 2199 671 α
2232 622 2442 678 domini
2466 625 2746 683 Benedicti
2773 629 3020 699 Saxonis,
3072 638 3324 692 monachi
3371 638 3710 710 Casinensis,
3756 663 3780 694 ι)

2168 710 2412 767 adhibita
2469 715 2586 769 Vita
2624 716 2677 770 S.
2730 718 3027 786 Adalbcrti,
3083 723 3378 781 conﬂatum
3411 736 3467 784 et
3503 732 3786 790 erroribus

2167 808 2491 867 scatentem,
2521 805 2624 860 hoc
2652 806 2773 863 Ioco
2818 810 2996 865 omitti
3039 813 3265 883 placuit,
3306 835 3476 890 quum
3502 839 3785 893 quaecum-

2166 906 2273 961 que
2294 893 2533 963 alicujus
2553 900 2816 954 momenti
2838 918 2963 957 esse
2987 909 3381 974 poterantinde
3401 912 3781 987 decerptajam

2165 984 2442 1039 sexdecim
2488 996 2615 1044 ante
2670 1006 2847 1047 annos
2900 996 3205 1052 Annalibus
3263 1002 3465 1058 nostris
3518 1005 3780 1062 inserue-

2170 1071 2269 1126 rim
2297 1075 2423 1143 (18).

1210 1353 1451 1412 INCIPIT
1492 1360 1834 1420 PROLOGUS
1875 1370 2209 1429 GUMPOLDI
2250 1376 2595 1441 MANTUANI
2638 1386 2928 1446 EPISCOPI
2972 1394 3011 1446 ¹.

445 2124 687 2195 deratus,
715 2145 899 2203 spreto
929 2142 1261 2202 caducorum
1309 2152 1539 2222 ludicro,
1596 2177 1835 2234 superna
1863 2169 2048 2225 inten-

444 2214 544 2279 dit,
577 2217 669 2272 ille
694 2230 967 2283 extructos
996 2231 1051 2285 in
1109 2236 1276 2293 altum
1337 2242 1575 2303 honores
1628 2214 1842 2311 alrdenti
1868 2276 2046 2317 rerum

443 2305 717 2381 fugacium
749 2316 837 2371 siti
888 2332 1199 2384 exaestuans
1254 2332 1560 2405 desiderat;
1589 2344 1733 2401 hunc
1782 2359 1915 2405 {etas
1957 2354 2052 2421 ju-

443 2402 663 2421 ..η-.-υι-
814 2415 822 2421 ·
922 2411 942 2421 ⁸
1088 2418 1096 2421 ⁸

443 2402 674 2457 vencula
701 2415 890 2464 contra
917 2411 999 2467 fas
1045 2418 1373 2495 plerumque
1424 2429 1597 2499 illicit,
1652 2436 1804 2492 illum
1836 2440 2050 2516 frigidae

442 2494 740 2547 senectutis
774 2507 985 2556 matura
1015 2505 1336 2582 longaevitas
1383 2517 1439 2571 in
1493 2536 1674 2577 mores
1725 2494 1951 2586 severo:
1988 2551 2052 2589 ac

433 2580 682 2638 salubres
708 2600 925 2660 coaptat
966 2614 981 2661 ;
1011 2580 1139 2654 huic
1160 2605 1289 2658 artis
1306 2606 1519 2665 bellicae
1546 2616 1725 2671 audax
1750 2623 2051 2689 prudencia

438 2676 799 2785 appetibilem
830 2684 1005 2741 laudis
1040 2692 1270 2764 gloriam
1305 2714 1669 2772 promeretur,
1713 2676 1789 2765 illi
1822 2676 2051 2785 operum

1047 2762 1065 2764 _
1305 2762 1318 2768 _
1657 2762 1668 2772 ,
1827 2762 2049 2785 ,πη-η.

440 2762 782 2825 diversorum
814 2774 969 2832 labor
995 2783 1327 2843 artiliciosus
1348 2792 1615 2851 desidiam
1650 2801 1860 2872 eximit,
1884 2824 2049 2864 men-

442 2854 618 2926 tisque
675 2868 978 2923 naturalem
1028 2874 1392 2936 subtilitatem
1449 2893 1757 2961 extorquet.
1820 2854 2047 2961 duidam

439 2958 567 2999 vero
637 2948 890 3009 litteralis
930 2962 1317 3029 speculacione
1357 2972 1377 3004 ‘
1426 2948 1820 3044 profunditatis
1872 2987 2049 3058 infixi,

440 3051 656 3093 necnon
712 3041 924 3102 liberali
977 3052 1098 3108 ocio
1140 3073 1238 3126 per
1288 3063 1456 3121 miras
1488 3069 1835 3142 eloquiorum
1877 3097 2050 3139 venu-

435 3132 603 3183 states
648 3137 1009 3206 perspicatius
1065 3146 1258 3218 dediti,
1320 3132 1767 3229 frequentissima
1824 3132 2049 3244 reputa-

437 3214 640 3244 “:MA,
700 3240 796 3244 ____
842 3242 855 3244 _
917 3228 949 3244 ..
1108 3234 1157 3244 ..

435 3214 596 3271 cione
619 3221 659 3285 ⁵,
693 3240 803 3294 quo
833 3228 1027 3285 ordine
1075 3234 1314 3294 siderum
1361 3254 1541 3303 motus
1596 3257 1677 3321 ac;
1705 3214 1919 3316 ﬁxion;
1938 3279 2050 3320 non

435 3309 683 3366 motabili
723 3315 1107 3391 disponantur,
1140 3345 1263 3400 quae
1310 3344 1402 3391 aut
1427 3341 1605 3410 qualis
1645 3309 1903 3407 mensura
1940 3360 2049 3410 ter-

437 3413 583 3454 rente
616 3402 637 3436 ⁸
674 3409 1073 3480 magnitudinis
1107 3423 1370 3481 ambitum
1414 3430 1454 3497 ⁷,
1495 3436 1733 3505 quadam
1783 3445 1942 3513 quasi
1968 3447 2050 3502 la-

1440 3494 1448 3497 _
1513 3494 1528 3505 _
1792 3494 1942 3513 r---
1968 3494 2019 3502 ,κ

436 3494 571 3547 tenti
598 3498 837 3567 racione,
872 3521 969 3574 per
994 3508 1258 3572 formulas
1300 3529 1723 3593 geometricales
1748 3536 1817 3591 ad
1840 3548 2045 3597 certam

437 3583 699 3640 metiendi
767 3598 1320 3664 comprehensionem
1398 3618 1692 3694 asstringat
1755 3624 1797 3692 ⁸,
1865 3644 2045 3699 quove

437 3674 583 3699 ᾹΣΑΑ--
617 3680 637 3699 ο
672 3687 742 3699 n--

1599 3674 1633 3694 υ
1678 3674 1688 3676 ~
1782 3674 1797 3692 ν
1867 3674 2045 3699 -ι-ννυ

434 3674 584 3730 diem
617 3680 637 3712 9
672 3687 782 3738 ίοιδ
813 3703 911 3755 Per
941 3707 1229 3755 numerum
1282 3704 1537 3766 decurrat
1566 3730 1778 3774 summa
1822 3727 2045 3794 quanti-

439 3765 564 3794 .n':s
594 3770 881 3794 n-I:-I:A-.,-,
1030 3783 1070 3794 ,Α

439 3765 565 3819 tatis
593 3770 999 3850 soliditatisque
1030 3783 1091 3850 ιο,
1120 3796 1212 3844 aut
1249 3808 1350 3861 per
1388 3814 1527 3868 quas
1555 3765 2041 3874 consonanﬁtiarum

1824 3907 2042 3981 velqua

2022 1534 2433 1612 i-Bvestigare
2482 1545 2758 1605 desudant
2807 1552 2868 1606 ¹¹.
2927 1553 3029 1608 Alii
3082 1566 3263 1611 autem
3306 1559 3507 1615 studiis
3562 1563 3774 1622 incitati

1948 1710 2061 1765 ina-
2162 1724 2340 1776 rum‘3
2359 1730 2707 1800 garrulitates
2735 1736 2843 1790 alta
2875 1738 2917 1771 ¹⁴
2966 1738 3245 1795 divertunt
3273 1742 3515 1816 ingenia.
3550 1746 3770 1804 Famam

2394 1820 2641 1876 veritatis
2693 1840 2824 1898 erga
2888 1828 2981 1881 Dei
3038 1838 3354 1888 sanctorum
3409 1842 3772 1895 memoranda

1977 1892 2055 1947 in-
2152 1913 2326 1977 gesta,
2372 1909 2584 1965 caelesti
2639 1892 2981 1987 benignitate
3013 1921 3324 1976 mortalium
3364 1924 3656 1983 obtutibus
3687 1937 3772 1986 to-

2030 2016 2051 2026 ·
2154 2000 2258 2054 ties
2285 2001 2649 2077 designatam,
2702 2009 2927 2067 incuriae
2986 2031 3149 2086 quam
3196 2017 3405 2073 exitiali
3468 2022 3511 2056 ¹⁵
3570 2025 3767 2098 negle-

2150 2094 2358 2165 gentia,
2392 2094 2591 2153 fabulis
2622 2100 2665 2134 ¹⁶
2692 2101 2968 2167 delectati,
3010 2123 3120 2162 non
3170 2117 3371 2179 pavent
3399 2094 3762 2173 subcludere.

2150 2181 2260 2236 Nec
2290 2183 2505 2255 mirum,
2531 2188 2575 2241 si
2605 2192 2835 2263 grandia
2865 2209 2929 2248 ac
2985 2196 3397 2269 philosophicas
3427 2205 3768 2273 quaestiones

2150 2274 2424 2329 moventia
2469 2277 2781 2345 hujusmodi
2837 2284 3116 2354 sapientes
3146 2305 3178 2342 a
3204 2290 3441 2361 simplici
3481 2298 3760 2367 composi-

2154 2361 2375 2417 cionum
2427 2366 2571 2421 serie
2616 2372 3021 2430 transduxerint
3060 2376 3123 2445 ν’,
3155 2394 3277 2433 cum
3335 2381 3519 2451 plures
3549 2400 3766 2455 eorum,

2155 2452 2430 2507 arcentius
2479 2455 2801 2516 inhaerendo
2854 2465 3141 2534 gentilium
3191 2469 3429 2541 scriptis,
3490 2490 3600 2530 non
3644 2452 3769 2532 tan;

2155 2550 2266 2603 tum
2301 2546 2342 2579 ¹⁸
2360 2549 2492 2618 quid
2518 2550 2573 2604 in
2589 2553 2757 2607 sacris
2779 2556 2948 2629 gestis
2978 2557 3125 2613 laudi
3155 2560 3353 2618 divinae
3375 2565 3772 2636 proferendum

2155 2648 2218 2687 ac
2238 2633 2541 2693 litterarum
2576 2640 2794 2697 indiciis
2820 2644 2873 2699 in
2913 2657 3165 2716 posteros
3192 2633 3586 2728 divulgandum
3616 2667 3778 2730 post-

2157 2729 2448 2795 posuerint
2482 2731 2545 2798 ιθ,
2578 2749 2766 2788 verum
2800 2737 3066 2809 quicquid
3096 2742 3344 2800 divinum
3376 2763 3439 2802 ac
3466 2751 3638 2805 menti
3673 2753 3775 2808 de-

2153 2824 2293 2871 votae
2320 2817 2696 2877 mittissimum
2757 2826 2801 2859 ²⁰
2830 2827 3155 2899 simpliciter
3183 2851 3247 2889 ac
3277 2835 3399 2891 sine
3429 2838 3775 2899 difﬁcultatis

2155 2906 2515 2976 perplexione
2547 2912 2783 2981 videtur,
2814 2918 3037 2987 penitus
3058 2921 3111 2975 id
3139 2925 3543 2994 quasiutilitate
3572 2945 3797 2989 carens.

2152 2993 2456 3062 abjecerint
2483 2999 2546 3052 ²¹.
2575 3000 2683 3057 Ilac
2704 3003 2946 3077 denique
2991 3006 3230 3078 fortuna,
3255 3013 3332 3067 uti
3363 3016 3550 3085 plures
3578 3020 3773 3076 existi-

2154 3095 2324 3154 mant,
2360 3106 2446 3146 res
2464 3092 2749 3151 hominum
2778 3100 3030 3157 volvente
3079 3120 3143 3160 ac
3197 3107 3519 3166 sublimium
3548 3115 3772 3187 sagaci-

2153 3182 2259 3231 tate
2298 3180 2578 3238 rethorum
2611 3185 2657 3218 ²²
2689 3189 2864 3261 magis
2903 3191 3095 3247 altiora
3139 3205 3447 3267 spectante,
3479 3180 3645 3257 nobis
3672 3206 3719 3240 ³³
3740 3222 3773 3261 a

2155 3271 2303 3319 tanta
2344 3269 2656 3339 sapientum
2715 3274 2759 3308 ²⁴
2786 3292 2850 3331 ac
2903 3279 3064 3335 docta
3094 3282 3424 3355 loquacitate
3463 3290 3768 3348 admodum

2151 3357 2437 3428 sejunctis,
2493 3362 2678 3419 brevis
2744 3374 2928 3424 tamen
2981 3373 3181 3429 seriols
3221 3376 3267 3410 ’³
3323 3378 3769 3451 subnotacionis,

2151 3450 2402 3518 quamvis
2420 3462 2679 3526 corrupte
2728 3458 2774 3491 ³⁸
2802 3460 3031 3529 prolata,
3057 3464 3490 3524 victoriosissimi
3520 3471 3770 3543 impera-

2149 3540 2283 3595 toris
2313 3545 2530 3614 augusti
2569 3546 2779 3603 Ottonis
2808 3554 3038 3608 secundi
3102 3571 3256 3613 sacro
3279 3559 3440 3627 jussu
3472 3565 3768 3622 rusticitati

2147 3634 2638 3707 nostraeimposita,
2663 3643 3041 3700 memorabilis
3071 3647 3169 3704 viri
3210 3665 3413 3707 nomen
3441 3663 3766 3728 gestorum-

2145 3736 2254 3791 que
2282 3721 2528 3797 insignes
2556 3728 2870 3785 mentiones
2900 3734 3064 3803 paulo
3094 3743 3218 3807 post
3246 3721 3613 3811 declaratum,
3670 3762 3765 3802 se-

2145 3816 2368 3884 quentis
2394 3820 2671 3888 praecedat
2724 3830 2902 3879 textus
2968 3827 3245 3883 raritatem
3300 3830 3391 3898 ’7;
3433 3850 3599 3905 quem
3631 3853 3766 3894 vero

2145 3920 2411 3983 quantum
2459 3924 2708 3972 attenuat
2751 3919 2914 3990 culpa
2955 3921 3163 3978 viciose
3195 3924 3512 3996 scribentis,
3545 3935 3764 3987 tantum

2021 4032 2043 4041 -
2143 4011 2370 4059 exornat
2427 4007 2601 4062 sancti
2654 4011 2872 4065 excelsa
2911 4011 3174 4087 dignitas,
3234 4016 3480 4073 materie
3533 4035 3766 4077 causam

2142 4109 2374 4166 operum
2400 4113 2554 4154 sacra
2582 4102 2905 4158 auctoritate
2923 4103 3269 4179 designantis
3296 4108 3363 4163 ”.

1689 4314 1991 4376 EXPLICIT
2036 4322 2381 4381 PROLOGUS
2423 4327 2485 4382 ”.

601 4439 1043 4536 INCIPIT
1093 4456 1496 4552 PASSIO
1547 4469 1967 4568 SANCTI
2016 4482 2757 4578 VENCEZLAVI
2807 4494 3425 4587 MARTYltIS
3469 4497 3543 4586 ⁸⁰.

479 4650 558 4747 ,1,
577 4652 793 4753 ,Ανυξδδ
820 4658 989 4735 igitur
1017 4668 1089 4724 ob
1118 4670 1439 4735 insecabilis
1487 4698 1890 4749 sacramentum
1914 4696 2038 4753 Tri—

436 4740 620 4796 nitatis
645 4745 827 4815 prisco
853 4753 1245 4817 catholicorum
1277 4764 1592 4845 idoneoque
1986 4740 2041 4824 ’θ’

428 5063 629 5165 Sergi.
685 5052 1041 5165 inhambit'u‘m
1074 5052 1130 5165 .
1162 5052 1481 5165 gastrirlig:
1488 5052 1662 5157 “121:”:

425 5131 479 5183 2.
520 5133 562 5166 ¹²
588 5134 908 5227 institentes
966 5149 987 5202 1
1033 5131 1036 5132 ν
1076 5131 1120 5187 ίδ
1174 5131 1575 5222 aHB'éiiiﬁiﬁni'
1601 5131 1680 5227 It).
1705 5176 1748 5209 ¹⁴

426 5206 853 5303 ﬂansguf’erint‘
873 5218 937 5303 Δ1.
998 5206 1435 5303 tradux—crint"
1451 5206 1539 5273 ’Ἥ
1585 5206 1649 5297 εἴ.
1664 5254 1793 5303 nota

2143 4700 2421 4771 pestiferae
2452 4704 2727 4761 haereseos
2745 4714 2966 4764 sentosa
2982 4709 3347 4781 pululatione,
3372 4714 3557 4770 vitalis
3570 4718 3762 4788 splen-

2141 4794 2244 4850 dor
2273 4795 2548 4871 dogmatis
2579 4802 2859 4858 irradianti
2901 4803 3198 4862 diﬂ’usione
3224 4809 3413 4863 orbem
3435 4817 3553 4866 atra
3595 4829 3763 4871 erro-

2088 5053 2330 5129 mentem
2362 5049 2413 5104 1.
2474 5050 2495 5084 ⁴
2549 5054 2941 5129 speculacioni
2975 5057 3428 5129 l{disputatione
3488 5063 3542 5119 2.
3602 5065 3626 5099 ⁶
3657 5073 3754 5122 te-

1673 5144 1680 5151 .
1739 5105 1759 5139 9
1794 5106 1940 5164 dicto
1996 5114 2048 5167 2.
2119 5116 2162 5149 ¹⁰
2214 5118 2381 5175 decer

2432 5124 2754 5197 quantitatis
2806 5127 3077 5193 solidatis,
3127 5124 3221 5186 aut
3273 5135 3323 5197 1,
3353 5133 3392 5168 ¹¹
3426 5133 3759 5194 desiderant

1804 5178 1911 5265 alia
1960 5184 2034 5265 l._
2071 5186 2352 5265 '5__exitali
2400 5178 2466 5247 1.⁵
2506 5193 2549 5228 ¹⁶
2602 5178 2975 5264 fabulosis—VI,
3027 5178 3077 5234 ¹“¹’
3119 5178 3549 5260 transduxerunt
3600 5224 3754 5265 corr.

1797 5250 1978 5346 udum
2013 5258 2160 5346 In.”
2217 5269 2650 5346 postposuerunt
2696 5250 2778 5346 2,.“
2800 5250 2864 5303 7’75
2890 5250 3023 5346 jn’.‘
3046 5250 3756 5346 méhii'i’SEITf'ébj'ééél

1050 5275 1338 5288 πηνα...
1382 5275 1434 5291 ...
1585 5275 1630 5297 ο.
1665 5275 1965 5307 υυιιιιιυιιηι
2013 5275 2067 5326 ι,
2118 5275 2160 5293 ι’
2217 5275 2650 5334 postposuerunt
2696 5275 2749 5334 2,
2815 5275 2860 5303 ³ο
2916 5286 2988 5324 m.
3046 5275 3217 5328 menti
3258 5275 3312 5329 d.
3340 5276 3395 5338 2,
3450 5276 3490 5311 ²¹
3524 5277 3751 5346 abjecc-

424 5279 552 5327 runt
579 5275 704 5355 2,”
739 5281 1016 5344 rhetorum
1047 5294 1101 5349 2.
1143 5300 1190 5334 ³³
1246 5305 1520 5380 nobisque
1546 5311 1596 5367 3.
1662 5333 1799 5375 corr.
1852 5324 2012 5381 nobis
2079 5328 2152 5384 ita
2194 5348 2262 5386 ue
2317 5334 2372 5387 2.
2432 5334 2478 5369 ιι
2525 5338 2856 5408 sapientium
2885 5341 2939 5395 2.
2997 5343 3049 5397 3_
3095 5343 3140 5379 π
3171 5345 3316 5401 dem
3353 5347 3406 5402 2.
3448 5348 3567 5413 (ubi
3602 5352 3751 5407 ευδ-

424 5349 730 5457 ῗοῗίῗὲίσᾷιζ
747 5365 1449 5457 ρίῗξῗζξὶέξδέοἱὶϋριθ
1481 5382 1548 5457 ,1ο
1602 5384 1646 5419 ³⁷
1703 5391 1924 5448 raritem
1979 5398 2030 5455 1.
2079 5401 2124 5435 ³⁸
2153 5348 2512 5457 gesienanles
2547 5408 2600 5457 1.
2658 5410 2702 5444 ²⁹
2756 5411 2812 5457 Ε-
2864 5428 2918 5457 ιι,
2965 5413 3159 5457 desunt
3205 5418 3227 5457 4
3318 5418 3632 5457 Ωοηηηοιῆισ·
3688 5426 3751 5457 ε..

1387 5454 1631 5523 cezlavi;
1670 5463 1784 5516 tum
1828 5454 2027 5540 Incipit
2092 5454 2461 5544 pagi—aid.

2193 5404 2613 5499 esignaptesml;
2658 5410 2702 5444 ²⁹
2864 5413 3159 5499 p..desunt
3288 5404 3755 5499 ,βςριὶωιιαϊξη

2515 5477 2560 5512 ³ο
2600 5480 2711 5549 inc,
2741 5477 2876 5537 vita’
2899 5482 3150 5552 ejusdem
3199 5477 3254 5541 2.
3286 5488 3328 5523 ⁸¹
3366 5477 3657 5563 idoneque
3685 5477 3750 5551 I.

1970 5609 2179 5670 ΝΟΤᾸΞ.

486 5649 600 5717 (17)
620 5650 959 5729 Dobrowsky
986 5666 1027 5722 Ι.
1062 5684 1110 5724 c.
1143 5675 1183 5730 I.
1217 5681 1269 5734 7.
1293 5683 1350 5739 8.

2204 5714 2385 5785 (18H.
2408 5717 2468 5783 ν,
2492 5716 2743 5776 136-143.
