3996 6232
370 376 487 443 I79

1397 376 1729 440 ATTONlS
1774 372 2355 438 VERCELLENSIS
2398 372 2753 437 EPISCOPI

3672 368 3702 428 Ι
3715 367 3804 435 80

373 513 518 567 tiam
536 511 594 567 in
616 526 801 568 omnes
821 511 1069 567 homines
1096 512 1153 566 in
1177 512 1629 583 justi/irationem
1652 513 1801 568 vine.
1827 511 1888 564 In
1922 508 2013 562 his
2043 509 2096 575 Α
2126 524 2225 577 per
2246 508 2693 571 inobedientiam,
2712 512 2768 563 et
2788 505 3034 578 reliqua.
3050 504 3274 569 Quibus
3295 501 3496 559 verbis
3521 501 3799 575 gratiam

370 601 589 668 verbis.
638 600 688 657 si
738 600 1124 656 imitationem
1173 600 1569 665 attendamus,
1612 605 1676 655 ut
1722 597 2015 669 Pelagiani

2126 612 2242 667 qua
2263 596 2467 652 salvati
2492 613 2720 663 sumus,
2744 612 2876 650 cum
2901 611 3115 666 magna
3135 593 3440 649 devotione
3460 592 3789 648 ostendero

374 694 667 757 asserunt,
689 689 865 745 unius
885 688 1159 745 delictum
1185 687 1404 743 nullius
1427 688 1669 743 alterius
1689 688 1816 755 erit,
1838 700 2016 757 quam
2123 684 2326 741 voluit.

375 777 613 837 diaboli.
629 778 760 846 Sed,
787 779 925 849 quia
946 782 1076 848 apte
1098 776 1412 848 Apostolus
1434 778 1504 832 de
1526 778 1711 830 Adam
1735 775 2018 846 loquitur,

2200 776 2309 829 Sed
2345 775 2485 845 quid
2517 779 2605 830 est
2635 775 2788 846 quod
2816 775 2887 830 de
2918 772 3322 844 peccatoribus
3353 771 3631 844 loquens,
3656 772 3748 826 ait
3777 788 3794 824 :

375 866 543 925 nulla
570 865 666 922 hic
697 865 948 921 imitatio
979 864 1355 936 intelligenda
1383 871 1509 931 est;
1545 866 1646 919 sed
1680 862 2017 935 propagatio
2126 866 2406 920 constituti
2450 868 2578 918 sunt
2608 882 2627 918 :
2674 864 2744 918 de
2783 862 2963 934 justis
3006 879 3138 917 vero
3174 878 3187 916 :
3236 863 3689 917 constituentur?
3722 860 3796 916 Si

375 954 622 1028 peccati.
652 955 745 1010 Ait
788 970 923 1027 ergo
955 971 968 1009 :
1021 955 1156 1009 sicut
1184 971 1284 1026 per
1311 955 1478 1009 unius
1508 954 1763 1007 delictum
1794 952 2019 1021 (subin-

378 1044 683 1116 telligitur,
720 1060 877 1099 mors
908 1044 1191 1115 regnavit)
1224 1045 1279 1097 in
1312 1043 1840 1111 condemnationem,
1864 1040 1944 1095 ita
1973 1042 2023 1095 et

372 1148 477 1206 per
492 1131 1453 1203 uniusjustitiam(subintelligitur,
1469 1131 1653 1203 gratia
1673 1129 1949 1201 regnavit)
1966 1131 2025 1183 in

370 1221 827 1294 justiﬂcationem
852 1224 1000 1276 vita.
1030 1221 1335 1276 Justitiam
1366 1221 1540 1275 unius
1565 1220 1839 1283 hominis,
1858 1217 2028 1289 justi—

377 1310 522 1367 tiam
552 1310 693 1366 dicit
711 1310 853 1365 Jesu
878 1310 1114 1379 Christi,
1139 1327 1255 1380 qua
1278 1310 1563 1379 justiﬁcat
1593 1309 1825 1378 impios,
1852 1323 2027 1378 quam

380 1398 527 1456 nulli
556 1398 909 1455 imitandam
937 1398 1263 1470 preposuit,
1288 1399 1387 1453 sed
1421 1398 1546 1470 ipse
1574 1396 1736 1452 solus
1759 1395 1907 1451 hanc
1929 1400 2051 1466 po-'

379 1491 517 1559 test,
550 1487 653 1559 qui
702 1491 792 1543 est
836 1489 985 1542 inter
1032 1494 1272 1542 mortuos
1302 1486 1444 1542 liber
1474 1487 1645 1556 (Psat.
1679 1502 1919 1550 LXXXVII,
1952 1485 2029 1554 6).

382 1577 543 1634 Hanc
559 1576 1032 1640 nonPetrus,non
1044 1574 1255 1629 Paulus
1274 1574 1508 1642 habuit;
1529 1574 1668 1646 quia
1685 1574 2034 1644 impiumju-

383 1664 637 1725 stiﬁcare
660 1679 776 1718 non
799 1662 1083 1735 potuit.Si
1105 1678 1240 1733 ergo
1265 1663 1389 1717 sola
1411 1662 1659 1716 imitatio
1683 1662 1820 1716 facit
1840 1676 2037 1731 pecca-

381 1755 541 1808 tores
590 1768 692 1823 per
719 1751 929 1818 Adam,
963 1767 1068 1806 cur
1096 1768 1211 1805 non
1244 1750 1367 1804 sola
1398 1750 1645 1805 imitatio
1677 1750 1814 1804 facit
1834 1750 2031 1819 justos

382 1856 489 1913 per
509 1840 804 1896 Christum
823 1839 850 1894 ‘2
876 1840 1011 1909 Sed,
1036 1839 1207 1894 absit.
1233 1839 1498 1894 Christus
1519 1839 1675 1893 enim
1704 1837 1916 1892 idcirco
1945 1853 2031 1892 re-

384 1933 478 1987 cte
506 1916 659 1985 unus
680 1928 929 1996 dicitur;
966 1927 1104 1999 quia
1128 1942 1240 1983 non
1266 1928 1390 1983 sola
1415 1927 1544 1998 ejus
1574 1926 2036 1996 imitatiojustos

383 2017 556 2085 facit;
587 2016 690 2072 sed
722 2015 910 2089 gratia
932 2031 1282 2087 regenerans
1309 2031 1413 2088 per
1430 2014 1711 2086 Spiritum
1737 2019 2031 2070 sanctum.

385 2104 667 2161 Similiter
694 2108 750 2160 et
768 2105 951 2161 Adam
977 2121 1132 2160 unus
1153 2104 1369 2160 dicitur
1394 2123 1408 2173 ;
1441 2104 1582 2176 quia
1611 2120 1725 2158 non
1752 2103 1875 2159 sola
1904 2103 2034 2173 ejus

382 2193 633 2251 imitatio
657 2198 986 2266 peccatores
1011 2193 1170 2259 facit,
1195 2195 1295 2249 sed
1328 2200 1385 2249 et
1415 2210 1584 2265 poena
1606 2192 1825 2265 peccati
1857 2207 2031 2263 gene-

379 2298 519 2340 rans
549 2300 653 2356 per
682 2287 954 2339 mortem.
989 2283 1241 2353 Ideoque
1273 2289 1425 2337 recte
1458 2282 1576 2337 illic
1606 2282 1688 2337 ait
1713 2299 1725 2336 :
1757 2283 1819 2337 In
1848 2298 2033 2336 omnes

379 2370 628 2429 homines
658 2373 721 2427 in
743 2372 1291 2431 condemnationem;
1322 2371 1413 2424 hic
1442 2376 1636 2424 autem
1671 2371 1727 2423 in
1759 2386 1940 2424 omnes
1972 2370 2033 2423 in

379 2460 845 2530 iustiﬁcationem,
880 2474 1070 2529 neque
1100 2459 1256 2512 enim
1289 2475 1513 2525 omnes,
1551 2458 1645 2528 qui
1680 2463 2033 2528 generantur

377 2562 481 2619 per
493 2548 704 2617 Adam,
720 2547 897 2602 iidem
918 2546 1027 2617 ipsi
1047 2552 1466 2618 regenerantur
1483 2562 1582 2617 per
1594 2546 1885 2601 Christum
1898 2547 2029 2601 .Sed

377 2634 618 2705 idcirco,
643 2639 701 2689 et
730 2634 849 2690 illic
878 2651 1063 2691 omnes
1094 2634 1256 2699 dicit,
1279 2635 1436 2705 quia,
1470 2635 1620 2689 sicut
1649 2634 1871 2689 nullius
1903 2651 2029 2689 car-

378 2723 533 2779 nalis
552 2724 850 2796 generatio
871 2728 981 2791 est,
1008 2724 1122 2778 nisi
1155 2741 1256 2794 per
1277 2724 1480 2789 Adam,
1508 2724 1588 2778 ita
1615 2723 1838 2778 nullius
1861 2723 2029 2795 spiri-

377 2811 535 2880 talis,
553 2812 667 2869 nisi
694 2811 1126 2885 perChristum.
1143 2812 1359 2867 Omnes
1382 2812 1575 2883 itaque
1598 2812 1655 2866 in
1679 2813 2030 2868 condemna-

378 2901 600 2957 tionem
628 2901 772 2956 dicit
791 2917 910 2966 eos,
934 2901 1034 2972 qui
1059 2906 1380 2956 nascuntur
1405 2917 1508 2972 per
1524 2902 1709 2955 Adam
1735 2901 2029 2973 pertinen-

381 2992 472 3045 tes
493 2989 565 3044 ad
587 2987 878 3045 carnalem
904 2988 1336 3061 generationem
1359 3008 1372 3054 ;
1401 3006 1603 3044 omnes
1630 2996 1826 3044 autem
1858 2990 1915 3043 in
1934 2990 2028 3059 ju-

378 3077 813 3142 stiﬁcationem,
838 3093 960 3143 eos,
982 3079 1080 3150 qui
1104 3083 1427 3144 nascuntur
1446 3094 1550 3149 per
1573 3077 1871 3133 Christum
1895 3094 2027 3150 per-

378 3166 635 3222 tinentes
666 3166 734 3221 ad
779 3166 1102 3237 spiritalem
1133 3166 1587 3238 generationem.
1621 3168 1691 3221 Et
1721 3173 1859 3221 nota
1889 3166 2029 3237 quia

2130 951 2287 1006 enim
2316 953 2573 1006 nondum
2590 951 2738 1022 justi
2763 950 3061 1006 constituti
3086 951 3399 1022 sunt,quid
3422 950 3492 1005 de
3506 949 3798 1005 Patribus

2128 1038 2713 1096 Veteris'l‘estamenti
2727 1038 2929 1094 dicend
2941 1056 3037 1093 um
3052 1040 3177 1094 est?
3190 1039 3247 1094 Si
3262 1038 3540 1096 enimDeo
3556 1037 3812 1109 placue-

2133 1135 2294 1195 runt,
2321 1130 2469 1199 justi
2517 1130 2716 1201 utique
2758 1130 3010 1195 fuerunt,
3043 1129 3245 1183 eadem
3278 1128 3496 1200 quippe
3529 1127 3641 1199 ipsi
3680 1128 3810 1183 ﬁde

2138 1219 2341 1273 salvati
2366 1223 2504 1273 sunt
2526 1236 2641 1289 qua
2670 1223 2727 1272 et
2756 1234 2881 1272 nos.
2906 1218 3074 1285 Nam,
3098 1218 3254 1288 quod
3283 1234 3389 1273 nos
3412 1218 3542 1288 jam
3569 1216 3808 1271 factum

2140 1306 2453 1373 credimus,
2485 1307 2567 1361 illi
2616 1308 2928 1362 credebant
2958 1307 3241 1361 futurum.
3280 1306 3441 1362 Unde
3471 1305 3808 1378 Apostolus

2142 1395 2277 1451 alibi
2304 1413 2317 1450 :
2343 1397 2605 1450 Habentes
2633 1396 2880 1450 eumdem
2900 1398 3159 1466 spiritum
3177 1395 3311 1467 ﬁdei
3328 1397 3399 1464 (Il
3420 1394 3547 1453 Cor.
3580 1412 3658 1461 IV,
3682 1396 3804 1466 13).

2143 1486 2304 1551 Quod
2336 1484 2695 1540 enucleatius
2726 1484 2981 1540 ostendit
3012 1484 3218 1540 beatus
3249 1485 3455 1540 Petrus
3485 1485 3810 1557 apostolus

2144 1572 2344 1628 dicens
2371 1590 2383 1627 :
2419 1574 2527 1627 Sed
2554 1590 2655 1642 per
2680 1575 2921 1643 gratiam
2942 1574 3039 1628 Dei
3063 1572 3337 1628 credimus
3355 1573 3587 1639 salvari,
3611 1589 3812 1645 quem-

2144 1662 2448 1717 admodum
2468 1666 2520 1716 et
2548 1663 2657 1732 ipsi
2685 1663 2823 1732 (Act.
2857 1678 2948 1725 xv,
2975 1662 3081 1733 12).
3109 1660 3170 1716 Si
3198 1677 3335 1732 ergo
3357 1662 3510 1732 justi
3531 1661 3804 1729 fuerunt,

2146 1766 2325 1821 quare
2346 1749 2657 1821 Apostolus
2686 1751 2860 1805 verbo
2883 1749 3061 1804 futuri
3089 1751 3370 1822 temporis
3399 1766 3548 1806 usus
3576 1754 3688 1817 est,
3715 1750 3808 1806 di-

2145 1853 2303 1902 cens,
2334 1840 2774 1893 constituentur?
2802 1837 3051 1908 Scilicet,
3094 1838 3233 1910 quia
3281 1838 3549 1910 praevidit
3595 1839 3808 1911 plures

2147 1926 2469 1983 credituros
2490 1928 2552 1981 in
2575 1928 2729 1983 Novo
2750 1928 3121 1983 Testamento
3142 1944 3319 1999 quam
3343 1927 3635 1998 inVeteri,
3651 1929 3803 1997 sive,

2144 2014 2303 2086 quia,
2325 2015 2462 2071 licet
2494 2016 2569 2071 sit
2591 2015 2648 2070 in
2684 2016 2950 2087 prassenti
2971 2015 3090 2072 vita
3109 2016 3447 2072 constitutio
3465 2017 3805 2089 justorum,

2145 2104 2453 2175 perfectior
2483 2108 2678 2159 tamen
2710 2103 2819 2158 erit
2847 2104 2906 2159 in
2952 2105 3168 2160 tutura.
3202 2104 3443 2177 Propter
3471 2106 3807 2177 perfectam

2144 2210 2280 2265 ergo
2300 2195 2594 2264 justorum
2620 2192 3094 2248 constitutionem
3114 2193 3297 2248 futuri
3316 2194 3621 2267 temporis,
3649 2212 3808 2254 usus

2142 2286 2234 2336 est
2262 2282 2433 2335 verbo
2465 2280 2672 2352 [futuri
2704 2280 3008 2353 temporis]
3041 2282 3209 2353 (205).

2216 2370 2300 2439 Et,
2334 2386 2405 2424 ne
2434 2368 2621 2424 Judaei
2650 2386 2753 2440 pro
2785 2368 2909 2440 lege
2940 2369 3352 2441 gloriarentur,
3385 2370 3601 2440 adjecit
3632 2388 3648 2427 :
3682 2373 3803 2429 Lex

2139 2464 2325 2513 autem
2349 2458 2701 2523 subintravit,
2724 2466 2783 2512 ut
2810 2459 3116 2514 abundaret
3140 2459 3417 2515 delictum.
3443 2459 3801 2518 Subintrare

2140 2552 2225 2601 est
2240 2547 2481 2602 alterius
2499 2547 2623 2602 loco
2642 2547 3097 2613 succedere,sive
3109 2547 3350 2604 alterius
3367 2547 3561 2605 locum
3582 2566 3801 2621 praeoc-

2138 2652 2371 2707 cupare.
2396 2635 2757 2690 Subintravit
2777 2652 2912 2707 ergo
2941 2635 3032 2690 lex
3059 2637 3296 2708 scripta,
3321 2636 3463 2708 quia
3491 2636 3620 2693 loco
3643 2639 3797 2712 legis

2139 2730 2276 2778 natu
2288 2742 2358 2778 rae
2372 2724 2651 2779 successit
2667 2743 2680 2791 ;
2696 2723 3433 2799 ostenditenimApostolus
3452 2726 3582 2782 suis
3596 2728 3796 2786 verbis

2138 2812 2505 2868 annullatam
2546 2815 2671 2884 jam
2702 2829 2829 2869 esse
2860 2812 3047 2885 legem
3079 2820 3322 2885 naturae,
3356 2816 3459 2871 sed
3492 2816 3636 2872 data
3665 2816 3797 2890 lege

2139 2901 2357 2972 scripta
2380 2901 2623 2972 cmpisse
2645 2902 2855 2974 vigere.
2872 2901 3157 2957 Delictum
3180 2920 3335 2970 vero,
3358 2920 3474 2960 non
3502 2905 3799 2977 originale

2137 2990 2298 3060 dicit,
2324 2992 2424 3044 scd
2448 2991 2602 3061 quod
2628 2990 2892 3047 homines
2914 2990 3346 3065 postoriginale
3366 2995 3799 3066 superaddide-

2138 3082 2295 3132 runt.
2312 3079 2610 3143 Quomodo
2628 3096 2783 3151 ergo,
2800 3080 3171 3135 subintrante
3193 3080 3340 3153 lege,
3354 3082 3686 3139 abundavit
3702 3084 3797 3140 de-

2136 3164 2337 3221 lictum
2358 3167 2385 3221 ?
2416 3168 2580 3236 Quia,
2604 3166 2739 3221 data
2772 3167 2895 3238 lege
2926 3169 3165 3238 scripta,
3188 3167 3339 3224 facta
3368 3174 3459 3225 est
3480 3170 3797 3242 originalis

379 3271 529 3329 quos
552 3254 648 3310 hic
674 3271 859 3310 omnes
882 3255 1043 3323 dicit,
1066 3256 1298 3311 eosdem
1328 3254 1501 3328 paulo
1528 3255 1776 3310 inferius
1806 3256 2023 3310 multos.
2055 3239 2099 3305 C
2138 3255 2356 3326 peccati
2405 3255 2682 3326 cognitio,
2716 3260 2772 3310 et
2817 3260 3193 3327 augmentata
3223 3274 3394 3328 pmna
3423 3239 3647 3315 delicti.
3682 3264 3800 3316 Lex

379 3343 497 3401 Nec
527 3343 742 3399 mirum
776 3362 791 3399 :
827 3361 960 3400 nam
994 3344 1160 3399 multi
1194 3344 1309 3399 dici
1340 3348 1592 3416 possunt
1623 3344 1683 3399 in
1714 3343 1913 3415 aliqua
1944 3361 2024 3415 re,

374 3432 547 3489 etiam
575 3448 711 3488 cum
731 3431 901 3505 pauci
923 3433 1061 3488 sint.
1076 3433 1247 3488 Verbi
1270 3432 1478 3505 gratia,
1502 3433 1550 3488 si
1574 3433 1877 3488 dicamus:
1908 3450 2026 3489 una

372 3526 461 3578 est
480 3522 762 3577 obstetrix
784 3522 843 3576 in
870 3522 1123 3589 civitate,
1148 3539 1272 3594 qua:
1303 3538 1505 3578 omnes
1527 3522 1758 3593 excipit,
1788 3526 1845 3576 et
1871 3538 2025 3578 unus

370 3609 702 3679 litterarum
725 3610 1027 3682 magister,
1050 3610 1150 3681 qui
1172 3627 1376 3666 omnes
1400 3612 1587 3665 docet.
1615 3614 1741 3665 Non
1763 3610 1920 3665 enim
1944 3610 2026 3665 in-

371 3696 633 3769 telligere
651 3714 969 3769 possumus
983 3700 1137 3769 quod
1157 3716 1363 3754 omnes
1380 3698 1739 3754 habitatores
1751 3698 2022 3768 civitatis,

371 3785 464 3842 vel
486 3785 588 3841 illa
607 3786 877 3859 excipiat,
899 3787 987 3842 vel
1015 3789 1122 3843 iste
1144 3788 1363 3843 doceat.
1392 3788 1501 3842 Sed
1534 3788 1661 3841 ideo
1693 3786 1794 3841 illa
1822 3803 2025 3843 omnes

374 3873 593 3929 dicitur
611 3874 894 3946 excipere,
917 3875 1057 3947 quia
1079 3875 1280 3932 nullus
1304 3880 1512 3947 praeter
1531 3875 1659 3944 ejus
1686 3890 1895 3930 manus
1920 3892 2021 3930 na-

374 3962 598 4031 scitur;
631 3967 688 4017 et
716 3963 825 4018 iste
846 3979 1051 4045 pmnes
1080 3964 1310 4029 docere,
1336 3962 1475 4034 quia
1506 3967 1712 4033 prater
1739 3962 1867 4031 ejus
1902 3979 2023 4018 ma-

374 4050 682 4123 gisterium
706 4068 877 4108 nemo
899 4052 1094 4107 discit.
1118 4052 1303 4107 Habet
1324 4051 1522 4119 itaque
1544 4049 1762 4104 multos
1785 4049 1884 4103 illa
1904 4067 2024 4106 car-

371 4138 524 4197 nalis
544 4141 863 4212 generatio,
885 4140 1064 4195 habet
1085 4145 1142 4195 et
1164 4137 1446 4210 spiritalis
1468 4161 1482 4203 ;
1506 4137 1605 4192 sed
1630 4136 1829 4208 plures
1853 4138 2027 4194 habet

371 4227 622 4284 carnalis
670 4245 847 4300 quam
892 4227 1198 4299 spiritalis.
1236 4230 1472 4291 Verum,
1507 4224 1661 4279 sicut
1707 4222 1807 4278 illa
1852 4224 2025 4282 habet

369 4333 573 4373 omnes
598 4316 889 4385 homines,
918 4316 1003 4371 ita
1034 4320 1091 4370 et
1121 4315 1244 4370 haec
1276 4328 1482 4369 omnes
1498 4313 1704 4381 justos
1733 4312 2021 4384 homines,

368 4410 427 4475 et
455 4406 610 4463 sicut
639 4412 848 4479 praeter
875 4404 1042 4458 illam
1073 4402 1274 4457 nullus
1305 4401 1480 4454 homo
1503 4402 1672 4470 (204).
1701 4400 1863 4456 Unde
1892 4419 2025 4459 mox

370 4495 645 4550 subditur
669 4511 681 4550 :
718 4495 870 4550 Sicut
900 4493 1053 4548 enim
1078 4506 1178 4560 per
1206 4487 1637 4542 inobedientzam
1660 4491 1827 4542 unius
1856 4490 2025 4546 homi-

2136 3360 2272 3415 ergo
2302 3342 2673 3410 subintravit,
2699 3348 2762 3398 ut
2791 3343 3118 3399 abundaret
3148 3343 3452 3411 delictum,
3480 3346 3543 3401 id
3574 3352 3669 3403 est
3696 3366 3794 3405 co-

2134 3431 2316 3503 gnitio
2346 3437 2403 3487 et
2432 3449 2599 3504 pcena
2629 3431 2847 3500 delicti,
2876 3437 3109 3503 propter
3138 3432 3249 3489 hoc
3275 3435 3437 3490 enim
3467 3435 3671 3492 solum
3701 3437 3798 3494 lex

2134 3521 2353 3591 scripta
2374 3520 2511 3575 data
2532 3524 2639 3587 est,
2666 3522 2728 3574 ut
2754 3519 3054 3591 originalis
3077 3521 3295 3592 peccati
3317 3523 3579 3595 cognitio
3600 3526 3795 3583 ﬁeret.

2209 3610 2307 3666 Ubi
2333 3617 2517 3664 autem
2546 3608 2843 3664 abundavit
2868 3612 3151 3679 peccatum
3180 3610 3327 3680 (206)
3359 3610 3442 3682 (id
3473 3618 3566 3668 est
3592 3616 3795 3687 cognio

2132 3697 2213 3752 tio
2261 3703 2318 3752 et
2367 3714 2536 3769 pmna
2586 3697 2828 3769 peccati)
2875 3697 3337 3767 superabundavit
3378 3702 3588 3770 gratia.
3622 3703 3791 3768 Quia,

2134 3802 2282 3857 quos
2310 3785 2400 3841 lex
2433 3790 2897 3856 transgressores
2926 3790 3158 3841 tantum
3187 3787 3535 3845 ostendebat
3565 3795 3623 3846 et
3655 3808 3793 3848 con-

2134 3874 2468 3941 demnabat,
2483 3873 2591 3928 hos
2609 3873 2801 3927 divina
2821 3874 3009 3946 gratia
3020 3875 3043 3946 j
3054 3875 3365 3930 ustiticavit
3379 3882 3439 3933 et
3453 3878 3792 3950 vivificavit,

2134 3962 2382 4033 ideoque
2408 3960 2625 4016 dicitur
2647 3963 3178 4034 superabundasse.
3194 3963 3307 4020 Lex
3329 3964 3488 4021 enim
3519 3967 3791 4025 minaba-

2132 4055 2249 4117 tur,
2282 4051 2380 4105 sed
2415 4067 2528 4104 non
2562 4049 2959 4121 cpitulabatur
2980 4069 2994 4120 ;
3019 4052 3286 4121 jubebat,
3320 4055 3421 4110 sed
3456 4073 3582 4112 non
3614 4075 3793 4115 sana-

2134 4139 2269 4205 bat;
2303 4138 2649 4193 ostendebat
2669 4136 3031 4209 languorem,
3056 4142 3156 4196 sed
3186 4158 3299 4197 non
3322 4143 3659 4205 auferebat.
3689 4152 3794 4203 Lex

2132 4242 2269 4297 ergo
2297 4227 2432 4280 data
2452 4230 2559 4291 est,
2585 4229 2649 4279 ut
2667 4228 2854 4297 gratia
2878 4235 3233 4298 quaereretur
3256 4248 3270 4298 ;
3302 4232 3497 4302 gratia
3516 4234 3665 4292 data
3684 4241 3793 4305 est,

2134 4318 2199 4369 ut
2230 4314 2318 4368 lex
2352 4313 2711 4385 impleretur.

2208 4404 2287 4471 Ut,
2310 4403 2454 4456 sicut
2475 4405 2729 4470 regnavit
2755 4412 3039 4473 peccatum
3059 4406 3118 4459 in
3143 4408 3390 4462 mortem.
3414 4406 3572 4464 Illud
3596 4411 3792 4468 scien-

2132 4493 2275 4544 dum
2298 4492 2435 4561 quia
2460 4495 2599 4545 sunt
2620 4491 2887 4561 quaedam
2911 4497 3145 4563 peccata
3167 4499 3373 4565 printer
3389 4496 3608 4553 Adam.
3628 4499 3795 4556 Unde

368 4583 459 4639 nis
484 4587 795 4654 peccatores
825 4578 1120 4636 constituti
1147 4578 1277 4629 sunt
1307 4574 1491 4663 multi,
1526 4575 1607 4663 ita
1630 4577 1705 4663 et
1727 4591 1829 4642 per
1857 4579 2025 4632 unius
2057 4600 2104 4663 D
2134 4578 2449 4649 Apostolus
2480 4578 2590 4634 hoc
2623 4578 2747 4633 loco
2779 4597 2891 4635 non
2922 4580 3164 4649 addidit,
3198 4598 3303 4654 per
3330 4600 3521 4641 unum
3555 4594 3666 4645 aut
3694 4605 3795 4660 per

370 4670 739 4727 obeditionem
761 4669 911 4741 justi
940 4665 1346 4720 constituentur
1372 4661 1561 4714 mutii.
1591 4660 1804 4716 Multos
1836 4669 2028 4721 autem

372 4774 488 4816 non
509 4758 765 4831 exceptis
784 4753 1148 4828 quibusdam
1168 4748 1330 4811 dicit,
1346 4749 1444 4801 sed
1463 4748 2030 4809 omnes.0bedientia

373 4851 483 4914 est,
509 4852 630 4902 tam
656 4848 714 4902 in
736 4840 1090 4900 hominibus
1113 4851 1291 4907 quam
1315 4835 1374 4888 in
1400 4838 1556 4889 omni
1584 4837 1847 4893 rationali
1868 4856 2027 4897 crea-

371 4939 525 5002 tura,
549 4929 997 5003 totiusjustitiae
1021 4925 1183 4995 origo
1207 4928 1380 4993 atque
1402 4924 1689 4993 perfectio.
1708 4925 1866 4983 Unde
1880 4931 2028 5002 Apo-

372 5024 581 5093 stolus,
604 5022 809 5079 volens
836 5014 1149 5071 ostendere
1172 5012 1419 5066 duorum
1444 5010 1742 5069 hominum
1766 5017 2027 5073 differen-

368 5112 535 5179 tiam,
554 5112 609 5164 id
633 5114 742 5173 est,
760 5103 941 5178 primi
965 5101 1123 5169 Ades,
1142 5098 1241 5169 qui
1267 5103 1354 5154 est
1374 5106 1544 5172 caput
1567 5109 1773 5159 nostris
1797 5108 2021 5176 mortis,

368 5202 428 5254 et
457 5195 727 5259 secundi,
764 5191 868 5261 qui
900 5192 991 5242 est
1021 5190 1197 5257 caput
1228 5194 1434 5245 nostra
1466 5189 1695 5258 salutis,
1728 5193 1808 5247 ait
1840 5210 1851 5248 :
1884 5196 2025 5249 sicut

442 5387 593 5458 (204)
624 5386 753 5458 Haec
786 5382 987 5450 verba,
1004 5379 1096 5458 vel
1128 5380 1675 5458 similiadesiderari
1709 5385 2017 5443 videntur:

370 5452 457 5515 ita
484 5452 689 5526 priter
719 5456 884 5508 istam
916 5452 1106 5506 nullus
1132 5454 1300 5526 justus
1330 5454 1504 5519 homo,
1538 5460 1603 5510 ut
1631 5472 1843 5509 sensus
1872 5459 2023 5513 vide-

372 5530 508 5583 licet
543 5528 954 5595 perr'ectionem
986 5525 1267 5595 acquirat.

450 5594 595 5667 (:05)
630 5597 812 5652 Verba
830 5594 1110 5668 [ιλιανὶηᾷ
1138 5598 1412 5667 temporis,
1433 5596 1662 5668 aliquas
1684 5600 1813 5666 post
1834 5594 2018 5655 lineas

374 5669 672 5739 leguntur,
703 5675 759 5726 et
803 5667 974 5739 signo
1004 5667 1431 5739 expunctionis,
1468 5667 1526 5722 id
1558 5672 1663 5736 est,
1698 5667 1853 5726 linea
1880 5671 2018 5726 sub-

2140 4667 2434 4721 hominem
2461 4667 2618 4737 quia,
2636 4672 2698 4721 ut
2719 4668 2939 4723 dictum
2961 4675 3050 4725 est
3070 4670 3243 4742 paulo
3265 4676 3569 4743 superius,
3585 4693 3706 4733 non
3725 4678 3794 4733 de

2137 4755 2406 4826 originali
2436 4754 2724 4825 loquitur;
2749 4758 3008 4827 regnavit
3035 4759 3193 4812 enim
3214 4768 3525 4829 peccatum
3550 4764 3615 4820 in
3640 4782 3792 4822 mor-

2136 4850 2278 4909 tem,
2312 4843 2452 4914 quia
2481 4842 2624 4897 illud
2658 4850 2979 4914 peccatum,
3015 4847 3168 4916 quod
3209 4845 3483 4905 homines
3515 4854 3793 4928 originali

2136 4931 2688 5002 superaddiderunt,
2724 4934 2884 4987 auxit
2932 4939 3197 4989 mortem.
3248 4936 3386 5003 Sed,
3429 4940 3578 5010 quia
3633 4942 3796 5002 nulla

2136 5025 2330 5090 potest
2356 5019 2861 5089 rssejustificatio,
2883 5020 2996 5076 nisi
3019 5037 3119 5093 per
3133 5022 3470 5096 Christum;
3499 5028 3636 5089 ideo
3661 5049 3795 5088 cum

2135 5107 2380 5162 dixisset
2414 5125 2426 5160 :
2477 5109 2559 5162 Ila
2590 5112 2640 5162 et
2669 5110 2849 5178 gratia
2880 5114 3062 5179 regnet
3093 5127 3193 5178 per
3212 5112 3503 5182 justitiam
3532 5121 3594 5173 in
3628 5123 3797 5176 vitam

2132 5199 2416 5261 aeternam,
2441 5194 2652 5265 adjecit
2676 5212 2687 5250 :
2719 5212 2823 5266 per
2850 5202 3042 5254 Jesum
3064 5198 3344 5255 Christum
3366 5204 3675 5265 Dominum
3701 5226 3799 5267 no-

2132 5389 2331 5462 ducta,
2357 5404 2655 5462 perperam
2680 5390 2895 5462 scripta
2918 5391 3097 5446 fuisse
3128 5393 3416 5451 innuitur.
3443 5398 3570 5457 Nos
3596 5409 3792 5462 autem

2132 5460 2379 5528 propria:
2413 5459 2532 5512 sedi
2565 5459 2924 5515 restituenda
2951 5464 3308 5519 censuimus.

2205 5529 2351 5597 (206)
2384 5530 2553 5600 Vulg.
2586 5531 2857 5603 delictum.
2896 5533 3195 5588 Nonnullae
3239 5546 3442 5595 autem
3496 5544 3791 5603 editiones

2131 5615 2266 5653 cum
2300 5603 2496 5670 autog.
2527 5602 2917 5656 consentiunt.
