3978 6214
179 330 298 382 925

1269 321 1413 374 VITA
1456 319 1848 372 VENtLEZLAVI
1894 318 2082 372 DUCIS
2124 315 2455 371 BOHEMIIE.

3418 311 3522 363 926

179 472 307 510 rum
349 453 395 488 ³³
432 452 666 523 caligine
698 449 1042 504 obfuscatum
1076 448 1336 502 divinitas
1369 444 1664 500 serenavit.
1700 444 1805 498 Sed
1833 450 1885 516 Α
1910 453 2023 498 tum
2063 442 2423 498 Vencezlaum
2463 439 2529 504 ⁵³,
2570 438 2922 508 superstitem
2971 436 3077 491 sibi
3109 452 3170 490 ac
3209 434 3382 490 multo
3413 451 3526 490 co:-

180 548 319 619 quia
348 546 475 600 fidei
518 542 752 598 salubris
794 543 1157 607 incrementa,
1190 557 1299 612 quo
1332 540 1563 610 primum
1599 536 1812 591 roboris

183 640 559 711 sumpsissent
611 636 899 690 exordium
968 632 1343 688 a>cclesiastici
1395 631 1460 694 ³⁸,
1519 629 1702 700 priore
1767 627 1812 662 ³⁵

185 729 571 798 theologorum
633 724 876 778 sollertia
936 723 1256 776 salutarium
1309 719 1504 774 studiis
1566 727 1810 771 textuum

185 817 355 871 latius
402 820 749 877 coruscantc,
783 811 942 865 libris
989 810 1312 879 inscriptum
1345 825 1407 862 ac
1437 805 1675 861 credulae
1705 819 1809 874 po-

182 908 426 962 steritati
458 907 668 960 certius
694 904 1086 977 pra‘signatum
1112 902 1244 954 satis
1274 910 1525 955 constare
1555 896 1808 968 pernovi-

184 1017 355 1055 mus:
412 999 669 1070 gentibus
703 1006 883 1050 tamen
936 995 1262 1064 quibusdam
1298 993 1460 1064 longo
1501 1000 1623 1061 post
1663 1005 1813 1041 erra—

188 1089 382 1142 bundo
403 1088 746 1141 anfractuum
779 1087 825 1117 ³⁶
845 1083 1166 1137 diverticulo
1194 1083 1260 1136 ad
1294 1079 1552 1136 normalis
1583 1077 1809 1132 rectitu-

187 1179 380 1231 dinem
416 1159 646 1230 tramitis
685 1190 838 1228 sacra
883 1171 1244 1226 illustratione
1286 1170 1542 1234 redactis,
1567 1167 1811 1222 nondum

186 1269 608 1338 cunctzejmundi
637 1267 909 1333 nationes,
933 1264 1183 1336 quamvis
1208 1263 1627 1334 praedestinatze,
1650 1260 1813 1327 hujus

185 1362 382 1432 gratia:
412 1363 622 1414 donum
648 1359 811 1411 simul
844 1365 971 1411 sunt
997 1357 1230 1421 sortitae;
1263 1355 1358 1408 sed
1381 1353 1673 1408 ordinante
1701 1368 1812 1405 co:-

185 1455 318 1510 lesti
359 1455 663 1522 majestate,
707 1451 862 1522 quasi
904 1449 1164 1520 paulatim
1216 1446 1569 1521 surgentibus
1608 1444 1812 1498 diaboli

187 1546 568 1610 detrimentis,
625 1543 841 1597 felicius
902 1543 955 1596 in
1013 1549 1194 1612 partes
1252 1539 1540 1610 processit.
1577 1537 1813 1600 Quarum

188 1643 416 1715 quidem
471 1638 704 1709 partium
762 1653 922 1689 unam
973 1635 1082 1689 stili
1135 1633 1484 1703 simplicitate
1529 1631 1816 1701 praesentis

1913 534 2129 589 lestium
2162 531 2528 588 ardentiorem
2568 529 2806 600 reliquit.

1982 629 2033 680 4.
2079 627 2176 690 Qui
2210 640 2339 680 vero
2366 623 2517 676 mirw
2549 621 2812 676 claritatis
2842 635 2905 674 ac
2944 619 3192 673 amandas
3221 617 3425 672 indolis
3455 619 3520 682 5",

1915 718 2043 770 dum
2095 715 2342 769 floridam
2370 711 2674 782 juventutis
2701 715 2917 764 aetatem
2962 707 3197 778 primum
3229 706 3520 778 attigisset,

1917 815 2066 877 patre
2099 807 2278 860 adhuc
2309 806 2455 870 vivo,
2496 803 2563 856 ad
2597 803 2894 856 litterarum
2929 799 3145 869 disponi
3185 797 3448 852 exercitia
3477 798 3521 830 ⁵⁵

1914 902 2253 966 desiderans,
2308 907 2709 970 paternumque
2747 894 2941 949 crebro
2973 892 3308 966 flagitamine
3350 890 3524 944 deﬂe-

1913 1007 2067 1054 ctens
2091 998 2356 1061 animum,
2381 995 2500 1065 ejus
2521 991 2840 1047 transmissu
2864 991 2908 1024 ⁵⁶
2926 990 2979 1043 in
3003 989 3221 1043 civitate
3248 988 3457 1040 Bunsza
3479 986 3521 1018 ⁵⁷

1915 1089 2110 1144 litteris
2135 1084 2488 1141 addiscendis
2508 1092 2591 1138 est
2621 1082 2833 1154 positus
2889 1080 3051 1147 Cujus
3083 1080 3265 1150 itaque
3296 1076 3522 1150 ingenio

1915 1179 2080 1234 celeri
2133 1177 2433 1246 capacitate
2473 1173 2739 1227 divinitus
2787 1172 3076 1235 instructo,
3134 1167 3284 1221 brevi
3338 1165 3521 1220 studio

1915 1274 2114 1327 librum
2145 1268 2564 1340 spalmodialem
2611 1266 2654 1299 ⁵⁸
2687 1276 2977 1333 ceteraque
3011 1261 3322 1314 divinorum
3371 1274 3523 1312 com-

1918 1364 2092 1433 pluria
2144 1360 2439 1432 perdidicit
2487 1359 2529 1391 59
2579 1365 2632 1410 et
2661 1355 2893 1411 solidius
2946 1352 3191 1407 interiori
3250 1348 3526 1404 memoriae

1916 1451 2192 1507 conexuit.
2244 1450 2402 1503 Patre
2455 1446 2697 1510 interim,
2755 1453 2814 1498 ut
2849 1445 2960 1511 jam
3005 1442 3213 1496 dictum
3269 1445 3370 1501 est,
3404 1437 3530 1490 uni-

1917 1562 2090 1600 versae
2120 1543 2303 1598 carnis
2344 1541 2486 1596 viam
2519 1539 2768 1610 ingresso
2811 1536 2872 1600 δθ,
2916 1534 3136 1601 juvenis
3189 1533 3305 1600 ipse
3334 1544 3525 1583 senum

1916 1635 2166 1705 exempla
2223 1631 2440 1686 actibus
2487 1630 2796 1688 declarans,
2847 1624 2950 1678 sub
2991 1624 3135 1694 regis
3191 1615 3528 1674 serenissimi

186 1708 632 1803 eXprimendam,
696 1727 892 1782 incolis
953 1726 1308 1779 inhabitatam
1361 1723 1695 1777 Sclavanicis
1747 1723 1810 1788 37,
1844 1755 1890 1820 Β
1917 1723 2126 1778 Ottonis
2157 1723 2262 1791 (23)
2296 1720 2539 1793 fulgente
2585 1716 2850 1787 potentia,
2883 1712 3164 1768 favorabili
3199 1708 3525 1781 pepulorum

189 1827 546 1901 aggredimur
575 1824 640 1876 ³⁸.
678 1822 839 1896 Plaga
871 1821 1202 1892 aquilonalis
1224 1821 1288 1882 39,
1325 1820 1524 1874 ceteris
1556 1818 1818 1872 immitior

191 1935 254 1971 ac
311 1916 418 1969 fide
473 1915 708 1978 tardior,
775 1919 973 1966 nostra‘
1035 1917 1335 1980 prostratur
1391 1909 1435 1942 ‘0
1489 1905 1814 1968 intentioni;

195 2025 362 2079 quam
389 2008 506 2077 ipsa
531 2005 668 2059 sacri
696 2003 1008 2074 pneumatis
1038 2004 1076 2035 ⁸³
1109 2001 1371 2055 charistia
1398 2001 1464 2053 ad
1495 1998 1813 2052 christiana:

195 2097 404 2150 cultum
429 2093 809 2164 professionis,
835 2089 1084 2161 quamvis
1115 2105 1258 2153 sera,
1289 2098 1472 2141 tamen
1505 2085 1665 2139 beata
1691 2099 1818 2138 con-

199 2184 454 2239 versione
483 2183 706 2255 dignata
735 2187 819 2234 est
852 2179 1157 2232 instituere.

268 2278 322 2331 2.
369 2275 635 2339 Quoniam
665 2273 888 2343 quidem
922 2269 990 2323 ab
1026 2269 1158 2339 ipsis
1191 2276 1348 2320 terra:
1382 2265 1578 2319 incolis
1600 2264 1822 2318 Boemia

196 2368 414 2440 regioni
454 2365 778 2420 vocabulum
813 2364 856 2396 ¹ο²
897 2369 1054 2416 sonat
1087 2358 1429 2428 impositum:
1487 2355 1571 2408 cui
1608 2355 1719 2421 jam
1780 2353 1824 2386 ‘3

197 2467 469 2531 regnante
512 2455 686 2510 felicis
717 2453 997 2508 memoria:
1037 2448 1455 2521 praaclarissimo
1498 2461 1623 2516 rege
1658 2445 1820 2498 llein-

198 2552 338 2616 rico,
389 2547 614 2619 quidam
664 2544 844 2619 gentis
897 2542 1044 2596 illius
1078 2539 1343 2613 progenie
1389 2536 1585 2590 clarior
1624 2552 1686 2589 ac
1720 2551 1822 2606 po-

199 2644 374 2699 tentia
422 2642 474 2695 in
534 2642 684 2694 cives
717 2636 1071 2701 eminentior,
1120 2633 1454 2706 Zpuytignev
1487 2633 1529 2664 “
1567 2633 1669 2700 r19)
1723 2646 1822 2684 no-

198 2733 376 2797 mine,
423 2731 769 2802 princrpatus
811 2726 1058 2799 regimen
1098 2724 1200 2777 sub
1231 2722 1375 2795 regis
1403 2720 1689 2775 dominatu
1720 2720 1824 2772 im-

203 2826 477 2896 pendens,
538 2820 706 2874 divini
757 2821 936 2873 cultus
993 2817 1138 2870 dulci
1192 2822 1318 2869 voto
1371 2821 1627 2877 attactus,
1683 2811 1824 2866 sacri

203 2917 372 2972 fontis
418 2916 677 2986 mysterio
730 2912 1040 2986 regenerari
1102 2926 1211 2965 non
1272 2925 1462 2979 parum
1524 2908 1827 2972 anhelans,

205 3007 485 3076 baptismo
520 3005 838 3068 mundatur,
880 3010 933 3056 et
974 3017 1114 3056 novo
1154 2999 1337 3054 studio
1368 2998 1604 3058 fervens,
1639 2997 1832 3049 domos

1918 1832 2144 1871 assensu
2171 1815 2226 1868 in
2251 1812 2461 1883 paterni
2495 1812 2724 1864 ducatus
2754 1809 3184 1868 successionem,
3207 1820 3266 1856 se
3297 1801 3524 1854 nimium

1919 1911 2209 1968 retutante,
2243 1904 2510 1966 delectus,
2545 1907 2596 1954 et
2653 1899 2708 1952 in
2757 1894 3080 1968 principalis
3122 1895 3311 1947 sedem
3344 1889 3525 1964 digni-

1921 2000 2046 2054 tatis
2068 2007 2150 2051 cst
2181 1998 2424 2050 elevatus

1990 2091 2040 2140 5.
2085 2087 2253 2150 Quam
2295 2084 2556 2158 gravibus
2600 2082 2638 2114 ⁶¹
2693 2087 2823 2134 tunc
2853 2075 3220 2148 perturbantis
3267 2071 3531 2128 molestiae

1923 2174 2336 2230 diversitatibus
2386 2171 2650 2241 principis
2692 2168 2890 2223 novelli
2939 2164 3273 2238 benignitas,
3318 2168 3534 2214 terreno

1918 2269 2039 2336 jure
2090 2272 2366 2335 suscepto,
2402 2262 2696 2316 intrisecus
2743 2267 3056 2331 augeretur,
3091 2270 3198 2308 non
3249 2259 3330 2306 est
3368 2249 3539 2303 admi-

1926 2362 2178 2426 randum,
2221 2358 2480 2430 quoniam
2539 2353 2804 2418 coelestia,
2843 2367 2954 2422 pra:
3012 2347 3214 2403 ceteris
3269 2342 3536 2398 intuendo

1923 2466 2106 2510 mente
2135 2455 2330 2508 devota
2370 2453 2412 2486 ⁶²
2442 2449 2751 2522 preposuit,
2785 2455 2842 2500 ut
2871 2443 3120 2516 quamvis
3168 2439 3403 2510 publica
3429 2435 3536 2490 uti-

1923 2549 2058 2602 litati
2107 2545 2461 2617 providenda:
2515 2542 2734 2596 debitor
2780 2541 2824 2571 ⁸³
2878 2536 3165 2594 extitisset,
3222 2532 3314 2585 Dei
3350 2537 3534 2583 tamen

1924 2636 2186 2709 praedulci
2231 2633 2496 2704 obsequio
2529 2634 2571 2665 6⁵
2604 2630 2681 2685 uti
2714 2628 2904 2700 primis
2934 2643 2992 2680 se
3025 2623 3184 2677 annis
3211 2618 3534 2690 implicavit,

1928 2730 2110 2802 potius
2139 2729 2404 2798 despecto
2435 2727 2478 2759 6⁵
2517 2722 2748 2778 seculari
2781 2719 3020 2792 fastigio,
3065 2733 3176 2771 non
3204 2712 3534 2784 repudiavit.

1931 2820 2114 2875 Plebis
2141 2827 2324 2872 autem
2357 2816 2661 2872 commissze
2692 2813 2898 2868 crimen
2941 2811 3201 2863 luendum
3233 2805 3460 2868 veritus,
3493 2803 3538 2857 si

1932 2914 2154 2986 dignam
2196 2911 2373 2966 civilis
2400 2907 2756 2963 districtionis
2786 2906 2965 2976 legem
2998 2918 3108 2955 non
3135 2897 3493 2968 impendisset
3523 2912 3538 2959 ;

1935 3002 2031 3055 sed
2065 3002 2170 3055 hoc
2211 2999 2527 3072 ambiguum
2571 3013 2681 3051 non
2712 2996 2805 3049 diu
2835 2991 3220 3046 mediastinum
3263 2993 3542 3051 tractatus,

205 3101 301 3153 Dei
332 3099 399 3151 ad
440 3098 484 3131 ⁸⁵
517 3096 847 3150 beatissima!
885 3095 1007 3160 ejus
1040 3091 1323 3166 genitricis
1354 3089 1532 3143 Mariae
1572 3089 1678 3156 (20)
1707 3104 1836 3142 san-
1859 3111 1907 3177 Ο
1935 3107 2097 3162 quam
2127 3089 2396 3161 sagaciter
2423 3087 2693 3157 arripiens
2720 3084 2934 3148 callem,
2967 3091 3025 3135 ut
3053 3094 3232 3150 neque
3264 3077 3366 3130 hoc
3391 3090 3547 3129 secu-

203 3193 386 3262 ctique
443 3189 815 3260 apostolorum
861 3186 1126 3257 principis
1161 3183 1692 3254 (21‘)memorandam
1733 3198 1826 3236 ve-

205 3281 562 3336 neracionem
596 3277 924 3339 construxit,
959 3276 1012 3329 in
1044 3275 1243 3346 quibus
1283 3271 1634 3343 postmodum
1664 3270 1825 3323 innu-

207 3388 358 3426 mera
389 3371 674 3425 annuatim
729 3367 989 3423 miracula
1039 3367 1084 3401 ⁴⁶
1113 3381 1219 3436 Ope
1261 3364 1448 3420 divina
1495 3367 1828 3432 cooperante

209 3465 497 3519 fulserunt.

283 3560 333 3612 3.
381 3557 549 3627 Hujus
580 3555 797 3610 interim
832 3552 1126 3607 laudabilis
1166 3551 1286 3606 vitae
1313 3551 1530 3615 diebus,
1563 3550 1825 3604 honesto-

211 3665 329 3702 rum
371 3656 594 3701 actuum
635 3644 909 3715 exemplo,
954 3659 1051 3712 per
1082 3651 1287 3695 natura:
1328 3640 1514 3713 legem
1561 3637 1824 3701 obclusis,

209 3738 377 3792 frater
403 3736 524 3804 ejus
557 3741 714 3789 aetate
746 3734 786 3767 ⁸⁷
817 3733 996 3786 minor
1039 3730 1327 3786 Wratizlav
1377 3730 1420 3762 ⁵⁸
1460 3729 1513 3781 in
1549 3728 1826 3800 principa-

213 3839 348 3895 tum,
382 3845 442 3881 se
484 3827 707 3898 publico
736 3841 967 3879 assensu
1012 3824 1271 3894 eligente,
1315 3821 1603 3885 successit,
1638 3818 1828 3873 frater-

213 3936 451 3991 namque
485 3919 600 3988 ipse
645 3919 688 3950 ⁴⁹
728 3923 1012 3970 assecutus
1060 3915 1104 3948 ⁵ο
1135 3913 1482 3985 religionem,
1533 3911 1828 3966 victorioso

213 4010 309 4097 Ι)οοὶ
341 4010 383 4043 ⁵³
415 4007 634 4061 athletae
686 4005 847 4059 beato
887 4004 1094 4058 martiri
1131 4002 1362 4073 Georgio
1391 4002 1672 4056 basilicam
1722 4001 1827 4072 (ἳὲ)

214 4093 325 4157 0⁷60
354 4101 668 4164 dicandam,
697 4098 1007 4152 christiana)
1047 4095 1304 4150 credulus
1347 4094 1586 4158 veritati,
1637 4093 1829 4147 erexit.

215 4193 328 4256 Quo
353 4190 517 4246 etiam
563 4195 687 4258 post
715 4187 898 4242 tardos
937 4193 1250 4256 temporum
1278 4192 1482 4240 tractus
1515 4183 1835 4238 naturaliter

216 4284 494 4338 hominem
538 4287 774 4335 exeunte
805 4282 869 4345 5‘,
916 4278 1164 4333 sobolem
1203 4278 1309 4332 alta
1364 4275 1757 4331 ammiracione
1788 4275 1833 4309 δ’

218 4372 544 4428 mortalibus
575 4387 673 4440 per
703 4369 893 4424 laudes
943 4367 1426 4438 frequentandam,
1458 4364 1692 4419 filiorum
1725 4363 1832 4418 sci-

1930 3179 2117 3232 lariter
2154 3177 2428 3250 agendum
2491 3176 2792 3237 omisisset,
2853 3172 2938 3225 vel
2987 3169 3130 3223 istud
3185 3166 3255 3221 ob
3302 3163 3546 3221 coelestia

1929 3273 2267 3328 tendendum
2312 3288 2343 3324 a
2377 3287 2437 3324 se
2469 3269 2687 3343 neglegi
2722 3269 2775 3321 in
2810 3267 3050 3320 futurum
3077 3279 3187 3318 non
3208 3260 3545 3331 expavisset;

1929 3366 2200 3420 moderari
2234 3364 2288 3418 in
2316 3363 2516 3418 civium
2567 3378 2630 3416 ac
2683 3359 2902 3414 miliciae
2950 3369 3272 3412 communes
3301 3353 3346 3386 ⁵⁸
3392 3348 3546 3404 utili-

1929 3467 2066 3515 tates
2125 3460 2308 3532 legum
2363 3458 2607 3522 decreta,
2677 3453 3077 3527 benignissimo
3139 3459 3194 3503 et
3245 3445 3541 3501 admodum

1928 3550 2164 3604 discreto
2195 3547 2446 3602 dominio
2479 3547 2519 3579 ⁸⁷
2563 3544 2806 3615 denique
2849 3542 3120 3607 residens,
3154 3546 3287 3592 nutu
3319 3535 3548 3590 certavit

1929 3638 2237 3712 principali.
2288 3640 2345 3692 ln
2405 3635 2759 3691 decernendo
2803 3635 2847 3668 ⁸⁸
2877 3632 3161 3704 providus,
3196 3640 3250 3683 et
3292 3625 3542 3681 misereri

1929 3732 2182 3804 cuiquam
2228 3735 2537 3800 promptus,
2587 3728 2642 3781 in
2675 3727 2904 3780 miseras
2948 3739 3163 3777 reorum
3199 3736 3368 3774 noxas
3409 3717 3549 3772 faci-

1929 3823 2036 3877 lius
2066 3821 2333 3878 cessanda
2352 3819 2600 3890 punitate
2629 3815 2945 3886 exorabilis,
2971 3811 3389 3882 omnigenarum
3419 3823 3551 3878 qua-

1933 3917 2080 3971 litate
2113 3930 2397 3986 poenarum
2431 3913 2485 3966 in
2513 3909 2742 3980 judiciis
2773 3908 3022 3969 alienus;
3057 3901 3359 3958 domestica
3390 3899 3554 3954 habi-

1934 4007 2126 4063 tudine
2154 4004 2405 4075 simplex,
2441 4018 2655 4058 morum
2689 3999 2935 4054 castitate
2978 3994 3326 4066 perspicuus,
3361 3991 3550 4046 bono-

1934 4113 2050 4152 rum
2110 4093 2476 4166 promissione
2538 4105 2667 4164 erga
2723 4085 3060 4157 petentiores
3123 4082 3268 4137 haud
3318 4079 3553 4146 tardus,

1937 4189 2133 4259 hisque
2164 4183 2536 4256 adimplendis
2561 4196 2718 4252 aeque
2746 4179 2979 4233 devotus
3005 4191 3018 4242 ;
3061 4174 3366 4230 incolarum
3400 4186 3550 4242 quo-

1935 4295 2046 4350 que
2075 4278 2302 4347 inepum
2328 4275 2438 4346 jam
2480 4269 2836 4326 rusticitatem
2871 4264 3180 4333 majoribus
3209 4278 3358 4332 smpe
3387 4261 3440 4314 in
3475 4261 3558 4316 di-

1937 4349 2160 4442 ligendo
2192 4361 2490 4435 praeferens
2519 4361 2594 4425 69;
2647 4356 2884 4412 viduatis
2917 4362 3208 4425 parentum
3248 4349 3335 4405 vel
3367 4364 3554 4403 rerum

219 4467 345 4522 licet
374 4474 480 4522 tam
511 4471 642 4520 natu
665 4481 827 4536 quam
852 4463 1016 4518 etiam
1049 4471 1172 4518 actu
1202 4461 1490 4530 majorem,
1521 4461 1630 4514 Deo
1663 4457 1834 4512 dilec-
1855 4436 1910 4504 D
1937 4436 2294 4517 adminiculo,
2329 4466 2546 4507 necnon
2575 4447 2746 4520 patria
2769 4443 3116 4500 exulantibus
3140 4440 3207 4506 7°,
3239 4437 3556 4494 consolator

1569 4613 1789 4670 VARle
1812 4611 2195 4668 LECTIONES.

290 4749 334 4782 ³³
357 4763 550 4803 eorum
579 4748 628 4800 1.
711 4746 754 4778 3‘
786 4743 1236 4799 zecclesiasticum
1264 4743 1318 4796 2.
1415 4741 1459 4774 ³⁵
1488 4739 1729 4810 priorum
1759 4735 1810 4790 2.
1930 4734 2153 4810 36amfr.
2197 4735 2256 4810 2ἱ
2353 4732 2397 4764 ³⁷
2419 4726 2760 4810 germanicis
2797 4723 2867 4810 3,..
2928 4721 2971 4800 δῖ’
2999 4719 3142 4772 deest
3174 4717 3225 4770 1.
3324 4713 3368 4795 {’9
3390 4713 3549 4810 aqu‘i-

219 4820 421 4876 lonaris
471 4819 523 4871 2.
606 4819 650 4851 ⁵ο
684 4823 1013 4888 protestatur
1062 4817 1112 4869 2.
1179 4819 1440 4888 protestat
1649 4807 2000 4888 “.pneulnanti
2044 4808 2124 4888 1..
2217 4785 2698 4888 vocabulum}.
2765 4872 2785 4888 Δ
2824 4791 3060 4888 "etiam
3129 4803 3268 4888 corr.
3494 4785 3543 4838 1.

221 4853 660 4963 17"z°§{)°ii;énu_s__
2049 4853 2063 4860 ’
2081 4853 2126 4910 λδ
2157 4853 2512 4963 mirabilia?
2662 4872 2813 4963 ιζοει⁸
2838 4864 3142 4963 διέρριξίυηι
3168 4853 3550 4963 501.“:1ltraz

222 4929 432 5033 tyzlarlis.
483 4962 534 5014 2.
599 4929 1965 5033 WratislravvEéjuvvirizlaumr-Hiibratesclabus'
2003 4949 2330 5002 Laurentius
2385 4948 2506 5000 Cas.
2597 4929 2813 4995 “deest
2997 4934 3047 4988 3.
3168 4929 3213 4964 ⁵ο
3245 4931 3550 5033 δδξβίξὶυίξιε

943 5031 949 5033 _
1056 5029 1065 5033 -
1251 5029 1261 5033 _
1373 5025 1509 5033 __
1687 5023 1698 5033 .
1880 5021 1912 5033 η
1997 5019 2039 5033 ..
2479 5017 2510 5033 -
2648 5014 2923 5033 _---_..-
2979 5020 3096 5033 η-..
3176 5014 3430 5033 ωιτη-...ο

225 5004 270 5090 1ί
351 5035 584 5085 51eunte
639 5034 683 5085 1.
771 5029 1182 5084 “amiracione
1242 5029 1291 5081 1.
1372 5027 1416 5060 ⁵³
1447 5004 1831 5079 Wencezlaum
1879 5021 1931 5073 2.
1997 5019 2059 5072 M.
2142 5017 2243 5072 5'*i.
2278 5033 2443 5090 puer
2477 5017 2527 5090 β.
2723 5008 2928 5090 exertia
2976 5020 3117 5090 corr.
3176 5004 3542 5090 exerticiaJ‘.

219 5103 678 5158 “transmissum
737 5104 789 5154 .1.
875 5102 915 5134 57
950 5101 1133 5155 Budec
1195 5099 1246 5151 2.
1312 5098 1516 5152 Budess
1566 5095 1616 5151 3.

224 5176 528 5246 presbitero
561 5173 784 5246 nomine
813 5173 1000 5246 iUceno
1040 5171 1108 5246 Μ.
1183 5171 1295 5246 (ξίξν.
1332 5186 1385 5223 ιι.
1420 5185 1468 5223 c.
1511 5168 1572 5246 2._
1659 5166 1698 5246 δξ

221 5239 550 5302 obsequium
589 5245 642 5299 2.
721 5246 764 5278 ⁸⁵
793 5245 847 5298 d.
881 5245 1012 5298 de’s.
1063 5243 1110 5297 l.
1187 5242 1232 5276 ⁸⁵
1261 5255 1527 5296 comunes
1554 5239 1602 5293 1.

223 5318 271 5371 1.
355 5317 401 5351 ⁷ο
442 5317 819 5372 exultantibus

1680 5093 1904 5172 Budeea
1963 5091 2024 5144 M.

1681 5164 2038 5290 t:7gd‘ggililbllliso'
2057 5202 2098 5286 .1
2118 5276 2126 5286 .
2153 5164 2445 5286 :oﬁilcciltijo
2459 5164 2537 5281 12.

2938 5076 3175 5148 quodam
3238 5067 3543 5148 venerabili

3016 5149 3059 5182 ‘3‘
3093 5146 3148 5199 D.
3205 5153 3243 5198 t.
3288 5139 3547 5212 predulce

3193 5215 3236 5249 '3'
3261 5211 3548 5284 proferens

2101 5090 2144 5123 ⁵⁸
2178 5081 2618 5157 ρεειιὶηοάὶξιὶθτη
2649 5083 2702 5157 2.
2729 5153 2739 5157 _
2770 5081 2826 5157 _”
2851 5096 2882 5157 ει

2153 5148 2196 5192 δὲ
2226 5159 2427 5212 deuoto
2448 5148 2482 5210 ’1
2585 5156 2628 5189 (³³
2655 5153 2841 5208 debita
2873 5151 2921 5202 1.

2713 5224 2757 5259 ⁵⁸
2787 5223 3024 5277 decerno
3061 5225 3074 5271 t

1781 5404 1987 5460 ΝΟΤᾹΞ.

295 5513 402 5582 (19)
443 5512 499 5566 cf
573 5513 711 5564 Ann.
750 5510 1049 5566 Fuldenses
1107 5526 1155 5564 a.
1197 5509 1320 5565 895.
1355 5509 1507 5564 Tunc
1527 5507 1640 5576 jam
1689 5504 1836 5562 Chri-

222 5583 435 5638 stianus
465 5583 633 5636 fuisse
654 5583 888 5636 videtur.

297 5655 402 5728 eo)
449 5654 633 5728 Press:
676 5675 704 5728 (ε
747 5653 1183 5728 inurbel’esa-
1300 5651 1358 5704 D-

298 5716 408 5796 (21)
450 5725 505 5781 id
536 5716 658 5783 loco
685 5725 887 5792 Budec,
922 5724 1014 5780 ubi
1048 5716 1415 5778 VEncezlavus
1445 5719 1686 5776 scholam
1720 5716 1835 5772 fre-

1937 5501 2235 5575 quentavit.

2009 5575 2119 5641 (22)
2159 5573 2214 5625 in
2243 5585 2366 5624 arce
2383 5563 2676 5641 Pragcnsi.

2159 5622 2418 5708 Heinr—ici,
2492 5622 2584 5710 q’ui
2673 5627 3074 5686 Vencezlavum
3155 5635 3356 5698 postea
3409 5622 3548 5680 bello

1940 5730 2235 5791 aggressus
2272 5720 2375 5770 est.
