3978 6214
458 336 561 389 927

1595 343 1928 399 GUMPOLDI
1970 344 2267 401 EPISCOPI
2307 345 2646 401 MANTUANI

3689 347 3813 404 928

453 487 516 526 ac
554 478 816 541 paternus
842 471 1020 527 fautor
1048 473 1187 528 miro
1228 489 1450 545 semper
1478 474 1723 532 caritatis
1769 478 2065 549 splendore
2094 489 2135 552 Α
2168 479 2595 534 formationibus
2636 494 2795 534 mens
2835 485 2989 537 casta
3021 479 3243 535 caelitus
3282 480 3502 549 edocta,
3535 479 3815 553 frequen-

455 558 677 613 efl'ulsit.
710 560 988 614 Modestus
1022 561 1076 614 in
1120 578 1315 617 omnes
1360 570 1529 630 actus,
1576 567 2063 640 memorabilisque

456 657 663 701 amator
696 649 1007 719 pacientite.
1059 660 1112 705 et
1152 651 1298 706 inter
1337 654 1377 687 ⁷¹
1428 662 1653 709 cunctas
1710 673 1933 711 casuum
1967 658 2062 711 ad-

456 735 741 790 versitates
781 736 1026 806 prudens
1046 740 1376 803 moderatOr,
1408 743 1839 799 snbstantiarum
1875 746 2064 820 largis-

453 827 625 880 simus
657 828 710 881 in
744 845 1047 900 pauperum
1072 830 1289 886 ﬂebiles
1330 834 1665 906 indigentias
1690 836 2061 907 dispensator,

456 920 783 976 humilitatis
817 926 1275 981 mansuetissimae
1308 928 1555 998 placidus
1592 930 1639 964 ⁷³
1668 942 1977 1000 exsecutor,
2008 934 2065 988 in

453 1028 512 1065 se
540 1014 863 1087 plerumque
885 1017 1218 1082 73severior;
1252 1020 1308 1073 in
1339 1028 1553 1077 ceteros
1585 1022 1792 1095 ubique
1820 1025 2067 1079 clemen-

454 1102 581 1167 tior,
632 1106 890 1161 omnibus
930 1107 986 1161 in
1038 1110 1363 1164 aeternitatis
1395 1112 1706 1182 exemplum
1739 1114 2024 1187 largiendo
2050 1156 2063 1176 ,

454 1194 791 1262 miserando,
824 1198 1030 1253 inscios
1057 1199 1101 1233 7‘
1142 1200 1514 1269 reformando,
1567 1204 1794 1259 edoctos
1823 1205 1868 1239 ⁷³
1902 1206 2066 1261 robo-

458 1284 629 1338 rando
662 1285 899 1354 perluxit
928 1287 991 1341 ⁷³.

524 1376 577 1427 6.
623 1374 715 1429 llis
744 1392 876 1449 ergo
916 1379 1173 1434 virtutum
1219 1380 1557 1452 fulgentibus
1586 1386 1823 1456 gemmis
1863 1387 2068 1442 beatis-

455 1462 819 1530 simijuvenis
843 1465 1100 1522 decorata
1131 1472 1500 1538 conversatio,
1533 1473 1589 1527 iu
1620 1481 1829 1530 tantum
1847 1476 1914 1530 ad
1951 1477 2069 1532 haec

456 1550 669 1620 pietatis
699 1555 939 1608 studium
972 1557 1265 1624 adamavit,
1300 1568 1358 1613 ut
1389 1563 1851 1637 quandocumque
1879 1566 2069 1637 dispo-

452 1642 573 1696 sitis
616 1660 747 1719 erga
805 1646 1057 1717 publicas
1119 1651 1474 1707 necessitates
1510 1655 1909 1727 colloquiorum
1979 1658 2062 1711 vel

453 1732 773 1801 placitorum
800 1736 942 1790 inter
977 1739 1228 1795 ordinata
1251 1740 1502 1810 judicum
1542 1744 1897 1817 plebiumque
1931 1750 2065 1803 sub-

448 1824 604 1879 sellia
649 1829 864 1895 edictis,
925 1847 1102 1903 eoque
1166 1835 1502 1891 eminentius
1551 1856 1638 1893 res
1681 1841 1957 1910 quaslibet
2005 1844 2059 1898 in

444 1916 669 1981 judiciis
714 1933 1116 1989 pralnoscente,
1143 1925 1185 1978 si
1220 1926 1401 1981 forsan
1432 1930 1557 1999 quis
1612 1945 1750 1984 noxa
1781 1932 2060 1998 detentus.

452 2009 666 2061 mortali
695 2013 980 2067 sentencia
1006 2017 1255 2085 quamvis
1286 2018 1473 2074 debito
1507 2021 1843 2092 proscriptus
1874 2024 1995 2091 ejus
2018 2026 2061 2058 77

453 2103 757 2166 priesentiae
789 2103 857 2155 ab
894 2105 1263 2163 incusalorum
1307 2111 1606 2167 damnabili
1634 2115 1844 2182 judicio
1873 2116 2065 2173 fuisset

450 2190 722 2247 adductus
748 2194 813 2257 ⁷⁸,
852 2196 989 2266 [ejus
1019 2198 1063 2231 τῖ’
1095 2199 1367 2275 suffragiis
1399 2204 1661 2260 immunis
1683 2207 1859 2263 abiret
1884 2225 1914 2263 e
1945 2226 2060 2263 me-

448 2278 557 2349 dio]
584 2298 597 2343 ;
629 2280 673 2334 si
702 2298 831 2337 vero
861 2286 1120 2358 princeps
1151 2290 1241 2344 ille
1270 2292 1604 2361 misericors,
1629 2311 1729 2349 nec
1758 2305 2062 2366 permutata

448 2371 582 2443 legis
637 2377 961 2432 necessitate
1016 2396 1117 2435 nec
1172 2384 1457 2451 judicibus
1497 2404 1594 2457 pro
1638 2390 1745 2445 hoc
1794 2392 2060 2447 solvendo

447 2463 793 2535 aliquatenus
826 2469 895 2522 ab
917 2486 983 2525 eo
1007 2474 1263 2539 exoratis,
1284 2477 1511 2533 minime
1543 2496 1695 2535 reum
1725 2482 1845 2555 lege
1878 2484 2059 2539 horri-

450 2553 544 2606 bili
596 2558 853 2628 cognovit
907 2561 1280 2632 eripiendum,
1328 2583 1387 2620 se
1444 2570 1662 2624 tandem
1719 2553 1950 2641 cupiens
1999 2590 2062 2628 ac

448 2658 633 2698 sacros
684 2646 909 2701 obtutus
964 2652 1268 2723 sanguinea
1316 2670 1466 2725 caepe
1529 2674 1638 2713 non
1698 2661 2064 2719 sordidandos

447 2732 775 2799 subducere,
816 2736 963 2791 edita
994 2754 1218 2810 quoquo
1261 2743 1426 2801 modo
1458 2748 1788 2803 exscusabili
1819 2751 2062 2819 racione,

448 2838 709 2879 consessu
755 2844 818 2881 ac
869 2828 1081 2895 judicio
1130 2834 1387 2899 excessit,
1449 2852 1613 2906 quam
1670 2855 1805 2895 sano
1857 2842 2065 2917 ingenii

446 2914 702 2967 acumine
730 2915 776 2947 ⁸ο
814 2916 1064 2971 salutaris
1094 2920 1379 2975 aemulator
1437 2932 1491 2978 et
1542 2929 1845 3003 evangelici
1878 2914 2063 3000 edicti,

449 3017 559 3072 quo
592 3004 944 3073 pracipitur:
1004 3008 1180 3063 Nolite
1211 3010 1484 3079 judicare,
1532 3020 1582 3068 et
1630 3018 1668 3050 ⁸³
1703 3034 1806 3072 non
1847 3021 2065 3089 judice-

446 3095 610 3157 mini;
638 3100 687 3147 et
713 3096 876 3149 nolite
904 3113 1000 3151 con
1018 3102 1316 3169 lempnare,
1342 3108 1390 3156 et
1412 3121 1516 3160 non
1542 3110 2066 3181 comiempnabimini

447 3184 602 3250 (Luc.
632 3202 704 3251 v1,
732 3186 844 3254 37).

521 3279 552 3333 7
617 3278 725 3335 Hoc
756 3280 877 3351 ipse
916 3282 1027 3339 Deo
1060 3284 1257 3356 plenus
1280 3289 1502 3357 juvenis
1529 3297 1844 3351 mandatum
1879 3299 2059 3369 perfe-

445 3371 582 3425 ctius
605 3374 863 3441 amando,
896 3391 960 3431 ac
1008 3378 1317 3448 periculose
1348 3399 1377 3437 a
1423 3401 1696 3457 quoquam
1747 3393 2057 3448 mortalium

446 3464 808 3533 praesentiens
858 3467 905 3500 θ’
944 3483 1053 3524 non
1086 3475 1454 3543 sequendum,
1501 3481 1704 3535 notatis
1735 3482 1842 3537 reis
1870 3485 2059 3540 crimi-

446 3570 584 3609 nosa
622 3555 1027 3628 dampnacione
1082 3567 1381 3633 poreundis
1426 3568 1826 3646 benignissime
1858 3593 2057 3648 peper-

441 3644 516 3697 cit
546 3644 609 3699 ⁸³.
656 3646 853 3701 Verum
884 3664 955 3703 ne
1004 3658 1395 3712 tormentorum
1445 3644 1682 3716 nefanda
1727 3644 2059 3723 monimenta

442 3731 652 3788 diutius
726 3738 1117 3808 excrevissent,
1182 3746 1367 3799 omnia
1440 3748 1703 3817 patibula,
1773 3753 2058 3811 hominum

444 3823 762 3893 suspendiis
791 3824 848 3879 in
877 3828 999 3897 ejus
1024 3832 1176 3904 regni
1207 3833 1344 3889 locis
1376 3853 1540 3908 quam
1573 3839 1827 3910 pluribus
1853 3854 2057 3913 erecta,

444 3910 686 3980 poenitus
715 3912 860 3969 dirui
893 3915 1042 3985 fecit,
1074 3934 1177 3974 nec
1222 3920 1455 3977 ulterius
1488 3926 1593 3981 hoc
1627 3934 1874 4000 tempore
1904 3910 2059 4005 repa;

448 3998 555 4051 rari
597 4001 849 4056 toleravit
894 4004 958 4060 ⁸⁵.
1016 4005 1354 4066 Felicissimo
1390 4022 1574 4070 autem
1604 3998 1824 4076 actuum
1855 3998 2059 4094 prove-

445 4098 558 4155 ctu,
586 4090 849 4148 bonitatis
871 4095 981 4162 jam
1013 4099 1312 4168 probandae
1336 4106 1616 4163 cumulum
1647 4113 1822 4185 magis
1850 4090 2054 4190 magis-

407 4198 551 4254 _que
593 4183 647 4238 in
688 4184 808 4240 dies
837 4195 1288 4251 convenustando
1317 4212 1675 4275 exaggerans,
1710 4183 2057 4280 quacumque

444 4281 710 4332 terrarum
752 4286 908 4350 parte
948 4283 1178 4341 clericos
1226 4288 1585 4350 advenientes
1622 4298 1786 4353 alacri
1834 4302 2059 4358 muniﬁ-

441 4370 631 4426 cencia
659 4371 761 4427 sub
808 4375 986 4431 tocius
1043 4382 1390 4440 necessitatis
1416 4395 1571 4462 grata
1617 4393 1951 4453 revelatione
1990 4399 2059 4454 ad

441 4479 499 4518 se
556 4468 787 4538 recepit,
831 4470 1132 4546 divinoque
1175 4492 1363 4536 amore
1417 4498 1548 4559 erga
1589 4489 1893 4555 proximum
1943 4511 2059 4551 ser-

2091 3176 2140 3243 Ο

2166 568 2274 623 tius
2312 568 2367 622 in
2416 567 2680 623 discendo
2729 568 2964 635 exculta,
3028 568 3083 623 in
3127 569 3322 625 miram
3391 570 3809 642 scripturarum

2166 662 2520 734 capacitatem
2553 662 2792 733 prodivit
2829 662 2894 716 ⁸⁷.
2930 662 3200 735 Quicquid
3230 663 3275 698 ⁸⁸
3305 680 3546 737 namque
3578 665 3809 721 docen-

2168 755 2301 809 tium
2353 755 2533 809 studia
2563 755 2618 808 in
2666 769 2733 809 eo
2773 754 3258 825 prmsignaverant,
3293 756 3545 813 honestis
3572 757 3809 813 actibus

2166 843 2289 914 ipse
2317 843 2645 915 complevit;
2689 844 2818 916 quia
2848 844 3095 899 omnium
3126 845 3397 919 angustiae
3442 861 3807 919 compassus,

2168 934 2508 990 inbecilitate
2553 935 2821 1006 quosdam
2878 935 3150 991 lassantes
3215 937 3500 993 caritativo
3549 938 3807 994 visitavit

2167 1028 2392 1095 solacio,
2452 1036 2507 1083 et
2564 1029 2756 1084 mortis
2805 1028 2926 1103 lege
2973 1028 3299 1101 illaqueatos
3343 1030 3409 1098 ⁸⁸,
3457 1029 3806 1104 plerumque

2169 1121 2420 1195 neglecta
2448 1138 2479 1176 a
2508 1121 2721 1176 civibus
2761 1122 2946 1177 minus
2985 1122 3258 1197 religiosis
3285 1124 3590 1195 sepultura.
3624 1124 3806 1180 fune-

2168 1212 2280 1267 bris
2330 1213 2376 1248 ⁹⁰
2432 1213 2686 1286 obsequii
2727 1214 3036 1282 ltumulavit
3099 1213 3305 1271 officio.
3349 1215 3459 1270 Sed
3500 1216 3801 1290 gentibus,

2167 1305 2364 1359 ducatu
2398 1305 2570 1377 ipsius
2591 1321 2689 1377 per
2709 1306 2888 1378 legem
2919 1322 2983 1362 ac
3008 1322 3227 1362 morum
3250 1307 3721 1363 consuetudinem
3749 1309 3796 1344 ’³

2168 1400 2437 1447 vetustam
2490 1394 2871 1465 disponendis,
2931 1396 3084 1452 rudis
3133 1396 3317 1453 adhuc
3354 1396 3485 1453 fidei
3535 1398 3802 1455 doctrina

2171 1481 2514 1547 nutantibus,
2556 1484 2686 1538 dum
2719 1499 2823 1555 per
2868 1484 3134 1541 nefandas
3158 1486 3435 1542 aditorum
3467 1494 3633 1560 atque
3665 1505 3800 1544 ara-

2169 1584 2287 1623 rum
2349 1569 2625 1626 furialium
2674 1573 2841 1639 aedes,
2902 1589 3162 1645 proceres
3217 1589 3442 1647 quoque
3482 1576 3636 1647 ipsos
3678 1577 3795 1633 diis

2164 1657 2446 1713 libandum
2471 1659 2669 1713 alienis
2697 1661 2742 1696 θ’
2758 1660 3105 1734 frequentius
3135 1661 3191 1717 in
3209 1677 3357 1718 anno
3384 1669 3792 1719 concursantes

2164 1750 2340 1807 beatae
2372 1753 2574 1809 indolis
2609 1754 2942 1822 juvencnlus
2979 1756 3359 1827 conspexisset
3409 1758 3477 1823 93,
3536 1758 3608 1812 ad
3639 1758 3794 1813 hanc

2164 1844 2494 1899 seelerosam
2535 1845 2783 1901 aedendis
2835 1845 3229 1903 sacriﬁciorum
3267 1847 3505 1903 victimis
3534 1864 3793 1905 commu-

2166 1933 2388 1988 nionem
2429 1934 2679 2005 quamvis
2706 1950 2857 2005 saape
2896 1943 3118 2010 rogatus
3159 1937 3225 2004 9‘,
3276 1952 3482 1992 mensa
3538 1938 3795 1993 caelestis

2164 2022 2416 2077 convivia
2452 2038 2565 2093 pra:
2596 2023 2860 2078 omnibus
2890 2024 3160 2089 esuriens,
3206 2040 3315 2081 non
3349 2034 3562 2081 tantum
3592 2026 3794 2098 epulas

2164 2114 2420 2170 refutavit
2448 2116 2689 2182 illicitas,
2723 2133 2913 2173 verum
2944 2118 3107 2173 etiam
3142 2118 3370 2190 profana
3400 2122 3790 2189 convivarum,

2163 2206 2419 2260 sordibus
2459 2208 2818 2264 daemoniacis
2869 2208 3301 2282 inquinatorum,
3353 2229 3518 2284 quam
3553 2221 3787 2269 strenue

2164 2296 2375 2371 aufugit
2413 2300 2709 2355 consortia.
2740 2300 2919 2372 Super
2958 2302 3044 2356 his
3074 2309 3258 2359 tamen
3296 2319 3484 2360 errore
3517 2306 3788 2375 pestifere

2161 2385 2443 2455 depressis
2473 2402 2582 2443 non
2626 2405 2817 2458 parum
2856 2389 3149 2457 sollicitus,
3202 2390 3388 2447 voluta
3416 2392 3625 2463 sepius
3648 2395 3791 2448 scri-

2164 2485 2344 2547 ptura,
2400 2494 2508 2550 qua
2563 2495 2661 2549 per
2688 2480 2923 2551 apostoli
2966 2482 3111 2537 dicta
3168 2482 3522 2553 prccipitur:
3574 2509 3588 2531 ι
3638 2484 3794 2540 Alter

2162 2568 2387 2625 alterius
2444 2573 2650 2626 honera
2688 2573 2733 2605 95
2774 2579 2983 2643 portate
3014 2574 3155 2643 (Gal.
3198 2591 3273 2642 vr,
3300 2575 3377 2646 2),
3416 2595 3440 2625 ιο
3486 2579 3787 2647 quosdam,

2164 2662 2353 2733 aliquo
2399 2664 2563 2719 modo
2594 2663 2660 2717 ad
2693 2681 2882 2719 verum
2915 2665 3116 2721 summi
3148 2665 3281 2722 boni
3320 2668 3595 2724 tramitem
3628 2670 3791 2726 ﬂexi-

2164 2754 2413 2823 biliores,
2470 2757 2653 2810 suavis
2705 2757 2948 2829 alloquio
3006 2759 3401 2829 persuasionis,
3469 2768 3534 2816 ut
3581 2764 3788 2834 spretis

2167 2846 2372 2919 quibus
2421 2848 2637 2920 decepti
2705 2849 2939 2905 fuissent
2984 2850 3256 2907 idolorum
3305 2852 3661 2929 imaginibus.
3710 2858 3785 2911 ad

2168 2958 2311 2996 verae
2343 2951 2397 2998 et
2427 2944 2789 3011 inmutabilis,
2833 2961 3092 3001 crescere
3119 2946 3206 3002 vel
3246 2947 3424 3003 minui
3457 2950 3783 3019 nescientis,

2168 3052 2393 3109 semper
2431 3038 2477 3073 9°
2526 3039 2822 3105 manentis,
2868 3041 3165 3097 essentiam
3191 3041 3438 3111 Deitatis,
3486 3053 3704 3101 mentes
3729 3054 3787 3102 et

2164 3137 2290 3183 vota
2322 3146 2443 3184 cum
2475 3128 2584 3186 fide
2627 3131 3007 3199 inclinassent,
3039 3149 3296 3205 superne
3328 3137 3606 3192 mercedis
3635 3138 3787 3194 bona

2164 3217 2536 3288 promittendo
2575 3220 3004 3287 insestimabilia,
3046 3224 3487 3280 constantissime
3542 3227 3788 3282 adortari

2160 3328 2271 3368 non
2319 3312 2529 3368 destitit
2587 3314 2861 3379 Quosdam
2913 3332 3044 3373 vero
3094 3318 3281 3374 minus
3341 3319 3553 3391 peritiae
3619 3321 3787 3391 hujus

2156 3401 2451 3458 salutiferae
2490 3420 2743 3476 capaces,
2792 3405 2960 3462 corde
3010 3406 3283 3473 duriores,
3317 3425 3598 3482 sensuque
3652 3428 3783 3468 vera

2158 3492 2505 3569 intelligendi
2546 3496 2872 3564 desidiores,
2908 3498 3067 3567 juxta
3106 3500 3376 3556 monitum
3401 3502 3778 3573 apostolicum

2161 3590 2433 3653 oportune
2474 3585 2821 3642 cathezizans
2858 3586 2903 3623 ’⁷
2942 3595 3107 3661 atque
3164 3588 3463 3660 inportune
3513 3591 3780 3670 objurga-

2162 3685 2251 3734 tus
2300 3679 2366 3745 π,
2411 3680 2699 3750 utriusque
2725 3677 2876 3735 modi
2906 3679 2952 3713 ⁰⁰
2979 3680 3280 3755 designans
3312 3685 3621 3755 praemium,
3680 3703 3778 3757 pro

2158 3771 2369 3827 viribus
2409 3773 2681 3840 conando,
2724 3788 3105 3846 quoscumque
3144 3775 3340 3846 potuit,
3374 3782 3485 3831 tam
3514 3776 3770 3833 ultronea

2159 3878 2324 3935 quam
2386 3869 2574 3918 coacta
2631 3863 2795 3918 etiam
2829 3863 3173 3932 invitatione,
3232 3866 3302 3921 ad
3342 3867 3511 3937 patris
3540 3866 3779 3923 familias

2159 3968 2393 4018 coenam,
2436 3953 2693 4008 omnibus
2744 3954 3026 4026 capiarum
3072 3954 3386 4027 sumptibus
3440 3956 3778 4013 habundan-

2156 4051 2290 4111 tem,
2322 4044 2477 4115 pulsa
2508 4043 2652 4099 fame
2689 4044 2969 4101 sacietatis
2999 4052 3221 4101 aeternas
3258 4047 3462 4117 gaudia
3502 4047 3775 4105 submini-

2157 4139 2419 4187 strantem
2442 4132 2531 4199 ¹⁰⁰,
2564 4133 2903 4207 conjungere
2928 4134 3162 4205 cupidus
3193 4136 3506 4207 properavit
3538 4136 3626 4192 ¹⁰¹.

2229 4224 2283 4278 8.
2328 4224 2477 4279 Inter
2504 4223 2571 4258 ¹⁰²
2611 4240 2750 4278 mira
2780 4224 2946 4299 igitur
2967 4225 3305 4294 jejuniorum
3328 4226 3650 4285 clemosinis
3672 4228 3776 4285 ful-

2157 4316 2405 4391 gentium
2453 4323 2575 4371 acta
2605 4317 2710 4372 hoc
2756 4317 3042 4392 egregium
3073 4318 3336 4374 modestae
3382 4324 3770 4380 consuetudini

2160 4404 2524 4461 saluberrimo
2551 4405 2746 4460 solitus
2775 4415 2859 4459 est
2887 4405 3179 4461 adnectere
3206 4408 3482 4479 exemplo,
3515 4408 3775 4468 videlicet
3828 4406 3850 4424 ⁸

2157 4502 2218 4550 ut
2246 4496 2417 4551 divini
2452 4495 2825 4552 insinuatione
2853 4493 3127 4551 effaminis
3148 4512 3318 4552 sacrae
3346 4499 3552 4555 mentis
3572 4500 3769 4556 intuitu

438 4557 617 4612 vando
648 4559 714 4628 ⁸⁵,
757 4561 859 4616 sub
890 4565 1066 4621 oculis
1097 4568 1217 4639 ejus
1253 4572 1456 4642 adﬁxo,
1483 4555 1805 4638 vreverenda
1832 4586 2059 4645 caritate
2079 4555 2131 4623 Β
2160 4587 2322 4643 altius
2351 4596 2665 4660 perSpecto,
2689 4588 2819 4659 quia
2846 4587 3178 4644 obedientiaa
3206 4590 3382 4665 magis
3407 4607 3573 4662 quam
3604 4593 3773 4648 sacri—

440 4665 628 4707 secum
659 4669 756 4711 eos
798 4655 1064 4715 libentius
1102 4676 1522 4724 eommanentes
1552 4674 1766 4731 curiose
1799 4678 2058 4755 benigni-

444 4747 636 4812 terque
667 4746 938 4816 tractavit,
983 4764 1290 4824 eorumque
1334 4754 1381 4790 ³⁶
1413 4758 1623 4816 crebris
1660 4746 2059 4840 sacrisque-lin-

2162 4680 2270 4738 ﬁcii
2303 4683 2472 4738 Deum
2501 4682 2570 4717 ¹⁰³
2598 4681 2963 4754 comprobare
3012 4682 3213 4759 legitur
3265 4683 3620 4757 obsequium,
3652 4688 3773 4760 pios

2160 4790 2223 4829 ac
2247 4775 2594 4831 venerandos
2618 4790 2799 4830 mores
2820 4775 3117 4832 admodum
3147 4792 3417 4835 exornare
3446 4779 3747 4836 studuisset

1710 4916 1713 4919 ·
1795 4893 2013 4953 VARI/EI
2039 4900 2416 4956 LECTIONES.

513 4967 552 5002 7'
587 4969 644 5025 in
707 4972 762 5028 2.

440 5039 487 5072 ⁷⁸
518 5042 772 5109 perduxit
800 5048 847 5101 1.

442 5112 486 5165 1η
525 5110 731 5170 8‘ut2.
765 5117 816 5172 3.
913 5120 959 5154 ⁸²

443 5189 480 5235 t.
512 5199 558 5235 r.
590 5190 630 5238 t.
663 5187 853 5244 desunt
880 5190 930 5244 2.

442 5269 567 5306 nam
608 5255 661 5310 3.

869 4976 914 5010 ⁷³
938 4977 1411 5067 pladici‘dissimgs
1462 4988 1639 5067 (deest
1665 5001 1868 5067 mans.)
1923 5000 1956 5055 2

962 5048 1156 5106 7deest
1226 5054 1279 5126 2.
1349 5056 1403 5111 3.
1467 5048 1930 5126 '73addictus7'3.‘

990 5125 1341 5191 persentiens
1365 5127 1416 5183 2.

1018 5193 1063 5227 ⁸⁵
1088 5199 1417 5254 servandum
1451 5200 1503 5256 2.
1534 5204 1585 5259 3.

748 5258 1121 5343 “villa-quietos
1149 5268 1201 5321 1.

510 5479 679 5520 onera
837 5472 941 5552 3;“
973 5474 1019 5507 οδ
1048 5464 1462 5552 semperque

438 5533 484 5567 9°
508 5549 668 5605 supp.
729 5538 781 5589 1.
876 5542 943 5576 ¹⁰⁰
969 5533 1184 5601 ρναεαηὶ
1218 5533 1485 5605 Vir—107i

437 5609 736 5669 nutriebat,
766 5609 850 5662 vel
910 5611 921 5663 i

440 5668 629 5742 ﬂagris
659 5668 929 5731 verberab

2063 5003 2108 5085 ξε
2146 5004 2218 5075 pl.
2280 5004 2398 5085 ipse
2436 5021 2481 5060 s.
2539 5004 2592 5061 3.

2032 5073 2077 5108 79
2099 5091 2149 5129 θ’

1505 5130 1567 5219 3:
1581 5131 1835 5219 (Ἀτρει-εδ
1865 5159 2090 5215 quoque
2129 5146 2397 5202 destruxit
2428 5130 2482 5203 et
2523 5130 2709 5203 omnia
2729 5130 3362 5219 vpatibul‘awsucciditfal.
3438 5130 3764 5212 853.17%".

1674 5208 1721 5291 3f
1741 5208 2013 5291 erumque
2063 5232 2199 5291 conf.
2245 5233 2550 5290 eorumque
2597 5226 2641 5273 I.
2690 5208 2817 5291 l"'p.
2858 5237 2903 5275 c.
2966 5222 3021 5275 2.

1613 5492 1960 5573 chatezizans
2017 5517 2153 5556 corr.
2197 5503 2546 5582 cathezizans
2597 5505 2648 5558 1.
2709 5492 3017 5582 οδίβεὶῑθηε
3047 5492 3081 5560 2

2698 5005 2745 5040 π
2775 5006 2831 5060 in
2883 5007 3066 5063 socios
3124 5011 3171 5064 1.
3276 5009 3323 5044 ⁷⁵
3353 5016 3407 5065 et
3465 5010 3659 5068 doctos
3713 5015 3764 5072 3.

2230 5092 2274 5129 s.
2333 5077 2369 5131 i.
2435 5093 2486 5131 a.
2537 5093 2589 5132 e.
2661 5077 2844 5133 medio
2899 5080 3089 5134 desunt
3154 5082 3173 5135 1
3266 5080 3321 5136 2.
3408 5081 3454 5116 ⁸ο
3482 5086 3766 5141 accumine

3079 5223 3123 5300 ξε
3153 5222 3285 5300 Nam
3314 5223 3579 5300 quicqnid
3615 5226 3667 5279 2.
3709 5246 3741 5300 q

579 5270 666 5364 ἰ
697 5270 1121 5364 Μίνιξξνιέἓιξεῗξρξ
1149 5270 1213 5364 1⁵
1270 5270 1333 5351 ’⁸ο
1362 5270 1652 5364 funeribus
1689 5280 1737 5364 1‘.
1770 5270 2172 5364 voc-obsequii
2214 5270 2682 5364 aspiciat“).
2715 5270 2829 5346 c.1'2
2869 5291 2921 5348 3.
2996 5270 3546 5364 "Denique‘cum‘lbi
3573 5270 3766 5354 omngs

435 5324 668 5447 gredieti
694 5324 944 5408 malivoli
974 5334 1119 5389 irent
1147 5339 1215 5392 ad
1267 5324 1666 5403 immolandum
1694 5324 2169 5443 Heiﬁixiié"§°g13's'

480 5400 657 5447 OSlllS.
692 5415 812 5447 inse
860 5410 1042 5447 autem
1071 5412 1500 5447 mnu-mnuum...
1547 5435 1782 5447 ,ψη-Α...-
1814 5425 2019 5447 -..ιιμκ
2066 5438 2077 5447 .

480 5395 657 5461 Ostiis.
692 5398 812 5468 ipse
860 5410 1042 5458 autem
1071 5395 2183 5522 οροτιιιηὶιθὶὲὶῖἷῖιῖιὲὶέιῖἑ’ἔίἱὶ›’ἴτεῖἳῖἒέ
2220 5395 2554 5487 ἒῗέἷεῘἪ

480 5479 679 5520 ’Onera
973 5474 1019 5507 95
1048 5490 1378 5522 semnm-mm
1411 5484 1442 5522 2
1539 5489 1560 5522 ο
1614 5492 1957 5522 aluum-ﬁ---
2025 5517 2136 5522 ------
2204 5503 2540 5522 --.ιη-εΑμ--

2220 5367 2386 5432 atque
2432 5362 2703 5432 porcellos
2732 5370 2791 5417 ut
2821 5364 3053 5419 ederent
3108 5381 3173 5419 ex
3204 5362 3292 5419 his
3351 5365 3763 5425 nefandissimis

2230 5432 2298 5470 ’ᾗ
2332 5432 2413 5470 Δία
2486 5432 2535 5470 Π
2639 5434 2685 5469 93
2706 5434 3003 5470 acnnviuanl
3034 5436 3068 5470 ο
3172 5436 3217 5470 9b
3248 5445 3577 5470 ηηηιιηηαιηο
3607 5439 3642 5470 0
3710 5441 3740 5470 9

2705 5436 3007 5505 aspexisset
3034 5436 3087 5501 2,
3172 5436 3217 5470 9‘
3248 5445 3579 5511 conrogatus
3607 5439 3662 5494 2.
3709 5441 3757 5497 3.

2709 5505 3017 5580 catecizans
3047 5507 3081 5560 2
3112 5579 3116 5580 ί
3146 5578 3155 5580 _
3182 5508 3226 5541 9⁸
3248 5508 3550 5580 obiurgans
3599 5511 3649 5564 2.
3709 5513 3757 5566 3.

2321 5573 2960 5652 recelesiae___constitutos
3013 5578 3235 5633 assidue
3265 5573 3485 5652 divinis
3527 5580 3762 5652 dapibus

911 5613 921 5620 _
1600 5613 1612 5615 _
1632 5613 1764 5618 --_---
1820 5613 2021 5625 --η-...ιν
2079 5613 2203 5626 nu...
2218 5613 2264 5625 ..ι
2321 5613 2582 5628 ιυυνιυυιυυ
2631 5613 2960 5631 υνιιοιιιιιιυο
3013 5613 3198 5632 αοῦιυυ
3223 5613 3233 5615 ν
3283 5613 3485 5634 υινιιιιδ
3527 5613 3562 5634 υ

910 5627 963 5664 m
994 5613 1240 5697 tabernis
1262 5622 1522 5684 bibentes
1550 5613 1605 5687 ἕι
1628 5650 1660 5687 a
1689 5633 1939 5692 doctrina
1969 5643 2311 5705 recedentes,
2342 5643 2525 5697 statim
2578 5644 2704 5700 illos
2732 5662 2940 5701 mensae
2994 5613 3482 5721 pronosballigans,

910 5687 987 5734 )at
1014 5685 1223 5742 multis.
1256 5692 1323 5745 Μ.
1420 5698 1488 5734 ¹⁰²
1508 5702 1652 5758 inter
1674 5720 1812 5760 corr.
1837 5706 2049 5766 interea
2078 5712 2128 5766 1.
2219 5713 2287 5748 ¹⁰³
2312 5713 2599 5766 dominum
2628 5717 2668 5766 l.
2703 5732 2754 5766 c.
2783 5716 2836 5766 2.

1211 5730 1223 5742 .
1256 5720 1323 5745 tu.
1421 5720 1488 5734 “"
1508 5720 1652 5758 inter
1674 5720 1812 5760 θοντο.
1837 5720 2049 5766 interea
2078 5720 2128 5767 1.

2219 5713 2287 5748 ¹⁰³
2312 5713 2599 5770 dominum
2628 5717 2668 5770 l.
2703 5732 2754 5772 c.
2783 5716 2836 5770 2.
