3978 6214
211 341 327 395 929

1292 340 1437 393 VITA
1480 340 1878 394 VENCELLAVI
1919 341 2108 396 DUCIS
2154 343 2483 400 ΒΟΗΕΜΗΕ.

3453 354 3558 407 930

214 468 490 530 Quoniam
517 468 581 501 ¹⁰⁵
623 466 888 519 redeunte
940 482 1037 535 per
1067 482 1279 519 annuas
1306 467 1453 519 vices
1480 466 1725 537 legitimo
1752 485 1841 521 ar-
1870 477 1918 541 Α
1944 470 2120 524 solum
2153 470 2439 537 clientulo,
2496 470 2756 538 infusum,
2809 473 3192 544 secretiusque
3231 476 3555 545 repositum,

215 561 347 611 dure
388 557 1042 624 observationisjejunio,
1066 574 1221 609 sacer
1254 557 1369 627 ipse
1396 558 1636 624 juvenis,
1671 576 1842 612 saecu-

218 650 435 704 laribus
452 649 702 720 quamvis
732 649 802 701 ob
830 649 1072 721 regimen
1104 648 1348 719 negociis
1373 650 1501 703 haut
1534 666 1653 703 raro
1683 649 1843 703 fuerit

219 744 677 813 interceptus“,
742 742 1033 795 indefessis
1090 749 1270 795 tamen
1327 744 1657 808 orationum,
1694 745 1843 815 larga

220 837 369 891 inter
400 854 673 907 pauperes
730 837 1143 907 dispensatione
1199 838 1520 901 volantium,
1576 839 1841 909 Operibus

218 927 473 999 singulos
495 943 658 997 quam
680 936 1009 979 veneranter
1042 926 1379 995 perduxit‘06
1411 928 1548 981 dies.
1581 928 1841 983 Noctibus

217 1029 405 1075 autem
431 1020 784 1074 serenissimo
819 1020 1028 1073 instans
1062 1021 1370 1093 pervigilio,
1406 1021 1545 1073 lenis
1569 1022 1842 1076 inmemor

218 1112 465 1181 soporis,
484 1112 658 1181 primo
678 1111 882 1181 quietis
914 1118 1197 1163 nocturna:
1226 1112 1522 1165 conticinio
1551 1112 1636 1177 “’7,
1656 1122 1841 1182 spreto

219 1206 485 1277 fulgentis
511 1212 684 1258 stratu
738 1204 955 1268 eubilis,
1000 1205 1137 1257 clam
1198 1206 1396 1257 ceteris
1456 1206 1523 1259 de
1577 1208 1733 1261 thoro
1778 1208 1843 1241 ¹⁰⁸

216 1299 417 1369 surgit,
452 1314 683 1367 puerum
716 1296 1089 1350 cubicularem
1134 1296 1330 1349 tacitus
1383 1298 1447 1330 ιον
1506 1299 1725 1361 excitat,
1758 1315 1846 1353 co-

221 1389 487 1443 dicellum
542 1388 782 1441 manuali
844 1386 1151 1457 frequentia
1184 1404 1443 1457 rugosum
1477 1390 1658 1460 eripit,
1692 1391 1841 1461 pala-

223 1478 361 1531 tium
432 1478 635 1531 nesciis
689 1477 1012 1530 custodibus
1073 1493 1349 1549 egressus,
1415 1480 1619 1533 comite
1664 1481 1838 1535 solum

221 1570 512 1631 clientulo,
556 1585 748 1638 aspera
791 1569 1057 1622 montium
1108 1570 1414 1633 cacumina,
1472 1571 1693 1625 vallium
1726 1573 1840 1626 exi-

220 1661 375 1715 tialia
409 1660 474 1694 ¹¹⁰
532 1660 856 1729 praecipitia,
908 1660 1353 1715 diverticulorum
1414 1678 1476 1715 ac
1522 1664 1838 1718 semitarum

222 1749 478 1819 lapillosa
519 1749 603 1801 vel
626 1749 805 1821 glacie
838 1750 1114 1803 horrentia
1156 1750 1299 1803 inter
1327 1751 1576 1805 civitates
1621 1754 1835 1820 itinera,

218 1843 485 1895 continua
527 1842 860 1910 psalmorum
920 1849 1334 1912 ceterarumque
1383 1860 1605 1912 precum
1638 1847 1837 1900 recita-

220 1930 387 1984 cione
419 1929 654 1997 nudipes
685 1929 999 2002 singulatim
1034 1929 1312 1983 tecclesias
1344 1932 1685 2000 quaeritando
1710 1950 1836 2003 per-

222 2020 511 2074 lustrabat.
546 2019 604 2072 ln
635 2026 843 2072 tantum
877 2020 1061 2089 itaque
1077 2021 1258 2073 carnis
1290 2020 1647 2077 afflictionem
1673 2024 1837 2079 suffe-

222 2129 352 2168 rens
385 2115 471 2177 ¹¹¹,
504 2122 563 2167 ut
591 2113 777 2167 scissis
816 2114 1022 2167 teneris
1079 2115 1144 2147 ¹¹²
1176 2114 1396 2183 plantis,
1442 2133 1603 2172 cruor
1624 2119 1840 2174 deﬂuus

222 2204 456 2273 sparsim
494 2209 739 2257 notasset
794 2204 1047 2277 vestigia.
1086 2205 1313 2258 Domum
1345 2214 1527 2261 autem
1560 2226 1837 2277 reversus,

225 2310 351 2365 qua:
383 2311 541 2348 mens
574 2295 805 2348 interius
827 2297 999 2367 gessit
1028 2295 1143 2365 ipse
1172 2296 1596 2366 dissimulando,
1629 2303 1839 2371 princi-

225 2386 431 2456 palium
468 2387 596 2440 item
626 2388 873 2440 vestibus
930 2398 1378 2443 ornamentorum
1419 2392 1558 2446 solio
1592 2395 1840 2450 residens

223 2477 495 2542 induitur,
526 2478 623 2531 sed
655 2494 782 2532 caro
813 2479 1176 2534 mundissima
1207 2481 1425 2537 cilicino
1476 2485 1667 2539 subtus
1703 2503 1837 2541 aeu-

226 2573 375 2626 mine
408 2573 737 2627 dissulcatur
780 2574 864 2626 “3.
902 2573 1096 2628 Messis
1134 2576 1299 2629 etiam
1349 2578 1653 2635 inminente
1680 2590 1836 2650 aestu,

225 2668 342 2715 tuto
375 2661 553 2715 noctis
600 2661 820 2715 silentio
862 2678 961 2731 per
1010 2664 1248 2737 agellum
1311 2666 1473 2720 tritici
1508 2670 1840 2741 manipulos

224 2755 344 2823 ipse
377 2752 630 2807 faleicula
658 2754 723 2787 ¹¹⁸
778 2754 1089 2819 suecidens,
1123 2758 1389 2829 gravique
1422 2759 1567 2814 fasce
1602 2764 1840 2833 propriis

226 2845 515 2915 impositos
558 2845 820 2910 humeris,
855 2846 910 2898 in
938 2847 1236 2901 secretiore
1301 2851 1367 2883 “5
1399 2850 1595 2905 domus
1641 2856 1844 2929 angulo

226 2934 535 2999 abscondit,
568 2934 889 3005 ibidemque
905 2934 1205 3001 'trituratis,
1240 2943 1293 2991 et
1317 2937 1459 2993 inter
1505 2956 1634 2996 saxa
1666 2944 1846 3000 tritico

227 3023 401 3078 fracto
426 3039 491 3077 ac
520 3025 897 3096 purgamentis
927 3025 1239 3097 agrestibus
1269 3028 1336 3080 ad
1370 3030 1630 3085 mundam
1653 3048 1849 3089 excus-

226 3113 444 3167 sionem
507 3128 537 3165 a
594 3113 796 3166 sanctis
863 3115 1119 3169 inanibus
1186 3116 1359 3186 ipsius
1418 3120 1485 3153 ¹¹⁶
1550 3121 1848 3195 diligenter

225 3206 489 3271 cribrato,
543 3222 665 3259 cum
724 3207 892 3261 fontis
946 3210 1269 3279 aspersione
1328 3229 1491 3283 quem
1542 3216 1659 3286 ipse
1690 3220 1842 3275 solus

228 3304 501 3366 praesente
534 3304 737 3350 tantum
800 3298 1031 3367 puerulo
1089 3316 1212 3355 cum
1244 3302 1397 3371 ydria
1427 3305 1493 3337 “5
1523 3306 1841 3374 producens

226 3401 371 3439 verae
399 3385 681 3439 Trinitatis
704 3387 1049 3442 invocatione
1090 3389 1349 3462 signavit,
1383 3393 1524 3447 hanc
1547 3394 1838 3452 farinulam

229 3492 410 3530 massa
438 3476 505 3509 ¹¹⁸
536 3478 769 3531 naturali
834 3487 1152 3551 congestam
1217 3480 1270 3533 in
1304 3481 1443 3535 libas
1482 3485 1839 3552 sacrificales,

225 3569 573 3623 sacerdotum
607 3569 859 3623 manibus
909 3570 1240 3638 offerendas,
1296 3573 1386 3628 ille
1436 3578 1658 3646 proprio
1718 3596 1844 3633 ma-

229 3676 401 3715 nuum
426 3660 613 3715 labore
635 3662 797 3732 coqui
846 3663 1087 3731 parabat.
1126 3664 1365 3719 Necdum
1398 3676 1580 3722 autem
1631 3686 1848 3726 secum-

229 3754 503 3824 deputans
534 3754 819 3807 missarum
862 3771 922 3808 se
982 3756 1317 3812 satisfecisse
1350 3760 1714 3831 sollempniis,
1749 3766 1848 3819 sed

228 3845 586 3909 obedientiaa,
644 3861 805 3916 quam
865 3847 1129 3902 divinitus
1196 3850 1307 3919 jam
1365 3852 1557 3907 didicit
1611 3856 1852 3912 victimis

234 3936 396 3990 laude
457 3936 770 4005 praelatam,
822 3954 1020 4009 sapore
1076 3941 1380 3997 delectatus
1420 3984 1435 4006 ,
1482 3944 1625 3998 inter
1677 3961 1853 4001 annos

235 4040 526 4095 processus
546 4027 880 4083 adveniente
910 4030 975 4063 “9
1003 4030 1303 4098 vindemia,
1337 4034 1644 4089 clanculum
1675 4037 1851 4092 accito

234 4115 419 4170 nimiae
485 4116 764 4171 ﬁdelitatis
810 4118 923 4186 jam
969 4120 1115 4175 dicto
1169 4124 1392 4193 sequaci
1452 4125 1539 4190 "0,
1563 4126 1847 4182 vinearum

232 4214 387 4275 septa
411 4212 577 4259 noctu
612 4206 931 4262 transiliens
958 4211 1043 4273 1“,
1082 4211 1377 4267 liscellulas
1417 4215 1663 4286 utrisque
1686 4217 1848 4273 dorso

235 4298 618 4369 dependentes
644 4301 886 4373 gravidis
914 4302 1153 4374 implens
1186 4306 1438 4371 racemis,
1470 4309 1722 4363 cellulam
1754 4326 1851 4379 pa-

235 4386 365 4441 latio
392 4388 747 4443 remotiorem
779 4391 996 4462 sibique
1029 4394 1166 4447 adeo
1194 4409 1375 4449 caram
1408 4395 1548 4452 furto
1586 4398 1848 4454 laudabili

236 4481 443 4535 revisit.
481 4482 700 4537 Interim
757 4484 1036 4555 hospitioli
1087 4486 1296 4541 foribus
1348 4492 1736 4564 repagulorum
1786 4494 1851 4527 ¹²²

236 4584 394 4631 cauta
424 4577 668 4648 undique
712 4580 967 4635 clausura
1029 4586 1277 4650 munitis,
1332 4585 1386 4638 in
1415 4602 1510 4640 vas
1565 4588 1693 4641 huic
1715 4603 1849 4642 con-

235 4683 429 4741 gruum
466 4669 817 4726 vindemiolas
857 4689 989 4727 uvas
1038 4674 1243 4743 pistillo
1274 4684 1589 4743 conterens,
1624 4694 1853 4750 expres-

236 4774 408 4830 soque
432 4762 595 4815 musti
637 4770 826 4818 tenero
880 4764 1113 4835 liquore,
1154 4783 1255 4837 per
1291 4768 1423 4823 linei
1457 4771 1660 4825 saeculi
1692 4788 1855 4826 mun-

237 4851 361 4906 dam
411 4853 771 4910 subtilitatem
827 4859 1233 4916 studiosissima
1293 4870 1564 4919 castarum
1623 4865 1691 4899 ¹²³
1746 4868 1855 4921 im-

237 4941 525 5008 pressione
554 4960 817 5000 manuum
849 4947 1149 5017 excolavit;
1186 4950 1379 5023 sicque
1411 4953 1595 5020 dictae,
1630 4955 1853 5011 conscio

1947 563 2294 616 considerata
2325 564 2721 632 oportunitate,
2772 564 2913 617 inter
2943 565 3176 619 clericos
3226 571 3561 637 conprovin-

1946 653 2108 706 ciales
2140 670 2261 706 cum
2295 653 2510 718 oblatis,
2556 670 2697 723 quas
2738 654 2942 707 missali
2972 654 3280 710 celebritati
3316 658 3381 691 ¹²⁵
3432 675 3559 728 pro-

1943 741 2182 796 videndo
2225 742 2341 811 ipse
2373 742 2665 813 coquebat,
2698 743 2797 796 sub
2846 744 2982 797 mira
3032 744 3343 799 divinorum
3402 764 3559 801 com-

1944 832 2209 884 munione
2244 832 2307 863 ¹²ε⁵
2336 830 2637 885 distribuit.
2701 830 2738 884 Ο
2761 830 3147 886 indissolubile
3188 834 3332 887 circa
3366 844 3557 904 pectus

1942 922 2304 977 castissimum
2338 920 2465 976 fidei
2498 922 2833 977 inviolabilis
2857 923 3135 977 vinculum
3171 924 3241 979 ΞΟ
3265 926 3557 981 laudabilis

1942 1016 2272 1070 obedientia:
2332 1025 2658 1071 sectatorem
2714 1017 3167 1071 devotissimuml
3204 1018 3241 1073 Ο
3294 1020 3559 1091 principis

1945 1110 2134 1163 miram
2190 1110 2577 1175 humilitatem,
2634 1111 2976 1165 servulorum
3043 1114 3107 1144 ¹²δ
3161 1112 3341 1167 officia
3387 1115 3557 1169 divini

1945 1200 2148 1254 amoris
2178 1200 2441 1253 instinctu
2475 1199 2663 1253 subire
2696 1216 2805 1254 non
2865 1201 3165 1269 pudentem
3194 1201 3204 1253 l
3239 1203 3337 1265 Qui
3363 1205 3561 1258 mentis

1948 1292 2119 1345 ardua
2177 1291 2650 1361 contemplatione
2698 1292 2944 1346 coelestia
3002 1310 3123 1363 quae
3191 1296 3355 1348 corde
3390 1297 3564 1351 tenuit

1947 1380 2181 1434 intuitus
2240 1380 2301 1413 ’³⁷
2348 1381 2603 1444 archana,
2684 1382 3037 1434 reverendam
3095 1398 3157 1435 ac
3216 1384 3556 1438 salutiferam

1942 1468 2204 1523 dominici
2263 1472 2509 1540 corporis
2545 1480 2597 1525 et
2650 1473 2935 1544 sanguinis
2997 1473 3351 1527 collationem
3404 1482 3555 1531 tanto

1942 1568 2233 1614 veneratus
2253 1569 2333 1615 est
2364 1578 2427 1615 ac
2484 1562 2673 1616 dilexit
2705 1562 2996 1634 obsequio,
3041 1572 3101 1617 ut
3153 1564 3437 1619 libaminis
3496 1568 3557 1600 ¹²⁶¹

1941 1652 2110 1705 cultui
2139 1652 2396 1717 cn3lestis,
2430 1654 2720 1707 criminum
2775 1655 3027 1727 contagia
3078 1656 3414 1713 mundantis.
3447 1673 3554 1712 non

1943 1741 2068 1795 fidei
2096 1744 2443 1797 solummodo
2474 1745 2761 1798 militasset
2805 1746 3134 1810 constantia,
3178 1762 3363 1800 verum
3392 1749 3556 1802 etiam

1939 1833 2103 1888 fontis
2131 1835 2502 1906 purgatissimi
2564 1837 2834 1891 exteriore
2894 1837 3063 1890 instar
3095 1838 3297 1891 servuli
3325 1841 3560 1910 agrestis

1940 1925 2127 1980 labore
2150 1942 2211 1981 ac
2251 1927 2337 1996 pia
2370 1927 2669 2000 largicione
2714 1929 3062 1983 sacerdotum
3094 1929 3345 2003 religioni
3382 1932 3551 1985 sorti-

1940 2025 2025 2072 tus
2054 2018 2120 2051 ¹²⁹
2148 2018 2266 2088 ipse
2285 2018 2491 2073 fuisset

2011 2162 2060 2213 9.
2096 2160 2213 2215 Non
2246 2161 2411 2215 latere
2444 2169 2624 2215 autem
2662 2160 2957 2235 benignam
2986 2163 3101 2217 veri
3142 2171 3444 2217 amatorum
3478 2164 3561 2218 in-

1941 2251 2240 2305 tentionem
2274 2251 2408 2305 utile
2441 2250 2711 2316 ducimus,
2745 2252 3006 2321 quoniam
3049 2253 3281 2306 honesta
3313 2268 3557 2323 quorun-

1942 2342 2065 2393 dam
2117 2341 2403 2406 relatione,
2458 2340 2763 2393 futurorum
2806 2347 2955 2394 certa
3015 2341 3282 2412 praesagia
3339 2342 3555 2395 ccelitus

1936 2430 2046 2497 jam
2079 2430 2297 2484 doctum
2325 2431 2587 2498 juvenem
2620 2431 2685 2464 ¹³⁰
2742 2432 2795 2483 in
2829 2432 3036 2485 crebris
3089 2448 3217 2505 erga
3249 2448 3333 2485 res
3362 2434 3555 2487 huma-

1942 2539 2040 2576 nas
2066 2524 2358 2577 eventibus
2395 2525 2456 2557 ¹³¹
2490 2524 2773 2592 praescisse
2804 2540 2867 2577 ac
2914 2523 3264 2578 familiarium
3309 2541 3457 2595 saepe
3490 2526 3555 2559 ¹³²

1942 2609 2068 2664 fidei
2099 2628 2195 2681 per
2260 2627 2430 2665 novos
2486 2628 2712 2666 casuum
2773 2620 3008 2667 terrores
3045 2614 3408 2683 praesignasse
3460 2630 3557 2668 ex-

1943 2703 2296 2773 pertisumus
2324 2704 2427 2773 1”}.
2466 2702 2630 2773 Cujus
2678 2704 2808 2758 doni
2865 2704 3241 2758 memorabilis
3261 2705 3555 2777 gloriosam

1948 2794 2091 2848 inter
2115 2801 2194 2848 tot
2224 2794 2613 2849 miraculorum
2673 2796 2945 2864 praeconia
2994 2795 3359 2857 mentionem,
3418 2795 3559 2847 seri-

1948 2881 2130 2936 bentis
2157 2898 2267 2937 non
2294 2884 2484 2937 reticet
2536 2883 2843 2937 humillima
2898 2884 3119 2938 devotio
3166 2901 3179 2948 ;
3208 2883 3337 2953 quia
3361 2882 3562 2937 divini-

1950 2983 2038 3031 tus
2068 2982 2257 3046 aperta
2286 2976 2521 3041 visione,
2553 2976 2732 3031 noctis
2754 2976 3073 3042 contieinio,
3115 2976 3252 3031 forte
3275 2975 3560 3043 cujusdam

1951 3066 2147 3121 atrium
2180 3068 2488 3138 presbyteri
2515 3068 2666 3123 Pauli
2719 3068 2805 3134 ‘3‘,
2865 3069 3013 3139 quod
3041 3066 3278 3122 amoenis
3307 3075 3362 3121 et
3393 3067 3563 3123 vastis

1871 3165 1919 3231 (ζ
1942 3159 2142 3214 aedium
2172 3160 2415 3214 munitur
2444 3160 2765 3227 ambitibus,
2800 3161 2905 3215 sub
2936 3162 3111 3215 sancti
3148 3162 3369 3230 lleoque
3412 3160 3560 3229 pleni

1942 3253 2265 3308 Venee'zlavi
2336 3255 2401 3287 ¹³⁵
2458 3255 2760 3310 clarissimo
2811 3254 3029 3318 obtutu,
3084 3258 3231 3310 omni
3298 3256 3565 3311 mmnium

1942 3345 2091 3399 cultu
2123 3345 2404 3399 desertum
2438 3354 2491 3399 et
2524 3346 2778 3400 humanae
2808 3347 3080 3415 passionis
3114 3348 3181 3382 ¹³⁶
3214 3347 3567 3402 habitaeione

1944 3432 2171 3486 omnino
2230 3434 2538 3502 comparuit
2588 3434 2826 3487 alienum
2912 3435 3063 3498 Quod
3114 3436 3370 3489 videlicet
3426 3435 3566 3504 ipse,

1951 3523 2105 3595 pulsa
2136 3525 2313 3577 somni
2343 3524 2580 3577 carnalis
2630 3525 2916 3596 gravitate,
2965 3525 3147 3580 cordis
3191 3542 3289 3595 spe
3320 3525 3569 3579 ulatione

1952 3617 2256 3690 pervigiliis
2286 3617 2347 3650 '37
2381 3616 2662 3679 excitatus,
2701 3617 2953 3688 quisdam
2988 3618 3074 3684 ‘33,
3118 3634 3241 3688 quae
3271 3618 3388 3673 visa
3415 3627 3567 3681 sunt,

1952 3708 2210 3779 prudenti
2240 3724 2495 3762 sermone
2538 3708 2915 3775 innotescens,
2974 3709 3325 3780 subindeque
3354 3710 3570 3779 quidm

1951 3803 2137 3857 verius
2187 3801 2427 3857 futurum
2488 3803 2635 3858 edita
2670 3804 2781 3870 jam
2830 3803 3252 3873 pronunciasset
3299 3805 3569 3865 cetensio.

1954 3896 2305 3967 prephetanti
2363 3897 2431 3931 “0
2480 3912 2576 3951 ore
2636 3897 2971 3962 edisserens,
3014 3907 3345 3952 convocatos
3375 3899 3569 3966 hujus-

1954 3984 2103 4039 modi
2124 3985 2289 4040 dictis
2318 3985 2617 4057 alloquitur
2647 4004 2659 4041 :

2025 4147 2112 4202 10.
2155 4168 2179 4197 «
2210 4148 2388 4203 Thoro
2423 4164 2507 4202 me
2526 4148 2907 4213 accubantem,
2934 4147 3123 4202 dulces
3140 4148 3300 4203 amici
3332 4163 3562 4220 vosque,

1950 4252 1983 4291 ο
2012 4236 2309 4291 familiares
2356 4238 2627 4300 clientuli,
2671 4238 2850 4293 noctis
2905 4237 3125 4291 silentio
3156 4239 3339 4310 gravis
3365 4247 3419 4291 et
3457 4237 3566 4292 alta

1951 4326 2175 4380 sustulit
2218 4326 2398 4389 visio;
2428 4327 2688 4398 quoniam
2750 4326 2900 4381 Pauli
2971 4326 3259 4397 presbiteri
3290 4328 3561 4397 porticum

1950 4420 2063 4469 tota
2090 4412 2451 4469 aedificiorum
2511 4415 2853 4470 sublimitate
2883 4431 2947 4469 ac
2990 4416 3271 4470 hominum
3304 4417 3451 4471 cultu
3485 4417 3569 4470 vi—

1952 4506 2145 4560 debam
2179 4505 2401 4574 penitus
2427 4505 2750 4561 desolatam.
2786 4506 2899 4570 Quo
2926 4506 3043 4561 viso
3061 4514 3291 4561 moestus
3314 4506 3564 4573 dejicior,

1953 4612 2016 4651 ac
2046 4599 2273 4652 internae
2304 4609 2404 4667 pro
2436 4597 2529 4651 Dei
2564 4596 2824 4652 fidelibus
2867 4597 3259 4653 sollicitudinis
3317 4598 3570 4652 molestia

1954 4693 2296 4742 consternor.
2321 4686 2428 4740 Sed
2460 4692 2642 4740 tamen
2683 4695 2743 4741 ut
2791 4687 3060 4741 immensa
3095 4687 3345 4742 omnium
3378 4688 3568 4761 cogni-

1955 4775 2089 4831 toris
2118 4774 2321 4846 pietate
2354 4774 2410 4828 in
2439 4791 2616 4845 spem,
2648 4791 2758 4847 qua
2786 4774 3035 4830 credenti
3076 4782 3273 4830 cuneta
3302 4775 3366 4809 ¹⁴¹
3402 4790 3567 4846 posse

1956 4867 2286 4937 promissum
2328 4874 2430 4935 est,
2461 4866 2781 4934 transferar,
2843 4868 3006 4936 hujus
3033 4867 3233 4922 somnii
3282 4868 3348 4903 1"
3376 4868 3571 4922 verita-

1952 4966 2066 5014 tem
2095 4958 2423 5016 imminente
2446 4963 2558 5029 jam
2591 4975 2722 5014 casu
2778 4959 2845 4995 “3
2884 4960 3347 5031 pernoscendam,
3407 4962 3568 5017 elarm

1595 5100 1815 5157 VARUE
1844 5103 2223 5171 LECTIONES,

310 5210 553 5294 10‘uol.
605 5214 773 5294 lipara
809 5218 968 5294 initio
1016 5221 1226 5294 emisso.
1290 5222 1357 5256 ¹⁰⁵
1414 5221 1666 5294 inceptus
1710 5225 1762 5280 1.
1798 5225 1865 5259 ¹⁰⁶

239 5282 450 5338 10"texe.
508 5292 592 5339 tae
634 5286 687 5339 2.
743 5286 796 5353 3,
848 5289 913 5323 ¹¹θ
943 5289 1153 5345 exitilia
1193 5292 1239 5344 l.
1294 5294 1356 5327 ¹¹¹
1408 5309 1449 5347 s.
1494 5282 1557 5350 a.‘
1602 5296 1655 5348 2.
1694 5297 1761 5330 ¹¹²
1814 5282 1973 5351 cissis
2005 5298 2289 5353 teneribus
2310 5282 2356 5353 ⁷ί

362 5355 668 5439 secretiori
894 5361 961 5394 ¹¹⁶
1020 5362 1143 5429 ejus
1197 5364 1249 5416 2.
1310 5364 1374 5398 ¹¹⁷
1440 5366 1636 5439 hydria
1688 5368 1848 5439 3.7“8
1897 5385 2074 5423 masse
2132 5371 2180 5423 1.
2234 5352 2938 5435 "‘7‘97adventantei2s‘”
2994 5352 3446 5439 sequace2.‘737.
3507 5352 3561 5423 ἒ.

344 5426 675 5510 ρςορςυτψεῑ
708 5429 761 5482 in
796 5430 1011 5510 vineam
1041 5426 1193 5486 suam
1227 5450 1349 5510 cum
1384 5426 1638 5510 ministro
1692 5438 1864 5492 fideli.
1915 5440 1980 5493 Μ.
2037 5441 2103 5474 ¹²²
2135 5441 2519 5510 repaculorum
2574 5443 2608 5495 2

244 5423 305 5457 ιιι

1925 5227 2266 5307 produxit_2.
2304 5228 2356 5307 3,
2410 5228 2649 5307 ‘°_"_dee_st
2700 5228 2752 5307 2‘.
2794 5228 2888 5282 ubi
2919 5232 3209 5307 nocturno“.
3246 5228 3312 5307 ‘0‘}
3338 5228 3481 5307 lecto
3510 5229 3563 5307 2.

2373 5342 2385 5353 .
2444 5300 2510 5334 ¹¹³
2569 5300 2901 5354 disculcatur
2949 5300 3000 5352 1.
3056 5298 3121 5331 ¹¹¹ο
3175 5298 3437 5355 fascicula
3516 5305 3564 5354 1.

2705 5442 2769 5476 ¹²³
2816 5449 3112 5497 castrorum
3146 5442 3194 5495 1.
3230 5443 3295 5476 ηδ
3324 5441 3567 5496 celebri-

243 5497 639 5578 tatetzi’ﬂta
665 5504 878 5578 corrigo
909 5506 1407 5578 _:_communicione
1466 5508 1491 5561 1
1577 5508 1631 5563 2.
1689 5497 2211 5565 communicatione.
2241 5512 2295 5577 3,
2356 5513 2422 5546 ¹²⁶
2474 5528 2759 5567 servorum
2832 5512 2887 5578 2,
2939 5513 3001 5547 “7
3061 5512 3204 5578 deest
3240 5512 3294 5568 2.
3343 5513 3409 5547 ¹²⁸
3437 5528 3485 5567 c.
3519 5528 3566 5573 c,

242 5566 291 5652 ξ.
424 5567 491 5601 ¹²⁹
533 5569 676 5624 deest
731 5572 784 5652 ἓ,
813 5565 1152 5652 2;_"‘_‘__deest
1291 5578 1355 5652 ’ξι
1390 5579 1778 5635 evenientibus
1831 5582 1883 5635 2.
1928 5582 1994 5615 ¹³²
2051 5565 2698 5652 saepe—miraculorum,
2721 5565 2917 5639 desunt
2970 5584 3024 5638 2.
3076 5565 3344 5643 “Veiis.
3378 5565 3569 5638 desunt

244 5638 295 5741 ἓν
333 5636 404 5741 3."
430 5655 508 5741 .3
526 5642 922 5741 .R:..‘3:.-§:.1“..
949 5642 1348 5741 πξυξερξειείᾶ
1404 5652 1733 5741 amem“
1796 5653 1940 5741 ἀεεξε
1966 5653 2033 5741 ,ε-
2078 5636 2211 5741 ,(ἀδΞ
2266 5651 2635 5741 abietem).
2685 5636 3057 5741 ρεξεέέέίοηὶε
3094 5654 3146 5741 .3
3199 5636 3273 5741 3,έὶ
3308 5636 3570 5728 refusi"

242 5703 497 5798 εἷλέ
525 5703 857 5798 quibusdam
888 5715 942 5768 2.
1001 5716 1035 5798 ει
1204 5719 1351 5790 quod
1408 5720 1461 5775 2.
1498 5703 1587 5776 *3."
1618 5721 1683 5755 ιιο
1750 5703 2227 5794 pressanda].
2270 5703 3055 5782 ῖῦῗιῖιίὶίεἷᾎ.Ἕῖᾝόἰῆὶὶῖ
3088 5703 3142 5781 it
3302 5703 3572 5798 assa:

243 5777 505 5835 scendam
533 5777 828 5853 ᾗπεροεὶεο
842 5800 971 5842 casu
996 5788 1048 5841 1.
