3978 6214
462 355 563 409 931

1605 322 1943 381 GUMPOLDI
1986 314 2275 373 EPISCOPI
2318 313 2654 368 MANTUANI

3695 312 3820 370 932

463 483 755 543 solutionis
800 475 1291 545 interpretamenta
1323 465 1390 499 ¹“
1444 462 1513 517 ad
1544 467 1749 516 certam
1780 455 1859 511 rei
1901 467 2074 508 excu-

2192 471 2357 525 vando
2388 470 2917 539 retinuit,depositis
2949 470 3015 505 ⁸⁸⁸
3038 469 3257 525 interim
3289 468 3555 524 secularis
3588 471 3814 543 negotii

464 580 677 634 sionem
711 574 774 606 "5
808 568 1103 638 explanare
1124 556 1435 633 aggredior.

536 667 621 721 11.
656 686 679 709 η
707 632 998 715 Domorum
1050 632 1289 719 namque
1334 644 1448 699 visa
1502 636 1801 695 destructio
1860 632 2075 687 felicem

469 761 624 833 [aviae
656 756 739 826 Μ]
776 767 911 807 mea!
940 746 1221 803 Liudmilze
1274 741 1361 804 ηπ,
1404 743 1608 793 sancta’
1652 734 1717 767 “3
1744 747 1808 785 ac
1837 742 2075 782 venera-

464 820 591 907 bilis
619 820 904 907 matronas,
937 835 1218 911 portendit
1241 832 1472 888 obitum.
1509 828 1637 891 Qua:
1663 820 1923 877 videlicet
1952 834 2076 871 ma-

464 945 562 1000 tris
590 956 749 1001 mea’,
781 944 890 990 tam
923 946 1128 1007 genere
1147 942 1309 999 quam
1354 935 1585 992 operum
1619 916 1784 1007 etiam
1818 911 2081 1007 inquina-

463 1034 622 1089 cione
651 1025 890 1101 gentilis.
916 1000 1096 1076 furiali
1125 1032 1249 1072 cum
1281 1012 1491 1082 aliquot
1543 1004 1811 1061 ministris
1844 1000 1911 1054 ad
1943 1014 2076 1101 sce-

463 1088 550 1177 lus
581 1088 740 1190 aequue
802 1110 1007 1184 paratis
1036 1108 1177 1162 facta
1208 1098 1650 1172 conspiracione,
1701 1107 1810 1146 iion
1844 1088 2077 1190 multum

464 1215 595 1269 hinc
650 1180 977 1282 processuro
1034 1208 1306 1267 tempore,
1376 1188 1687 1247 clanculum
1747 1180 2082 1282 irruentibus

471 1270 851 1375 perversorum
884 1293 1068 1355 armis,
1109 1304 1207 1361 pro
1256 1280 1540 1341 christiani
1583 1274 1825 1332 nominis
1858 1288 1921 1326 ac
1951 1270 2078 1372 fidei

471 1363 817 1468 professione
851 1384 1098 1456 corporis
1166 1379 1231 1413 "'9
1284 1373 1566 1431 crudelem
1616 1366 1821 1423 subibit
1872 1363 2086 1468 passio-

475 1451 623 1539 iiem.
661 1480 905 1536 Porticus
944 1451 1150 1534 autem,
1207 1475 1266 1523 ut
1294 1466 1434 1521 visio
1483 1462 1549 1497 15°
1577 1465 1823 1521 testatur,
1870 1451 2088 1524 populis

472 1579 534 1611 ¹⁶¹
570 1576 785 1628 deserta
809 1564 1131 1638 amplitudo,
1171 1560 1341 1621 clero,
1375 1560 1561 1609 nostro
1606 1547 1819 1603 incluso
1947 1548 2088 1596 tuta-

472 1666 643 1725 miiie,
675 1633 1051 1716 miserabilem
1102 1646 1377 1722 praefingit
1409 1660 1439 1698 e
1497 1654 1666 1714 regno
1702 1633 2084 1704 expulsionem

472 1756 759 1824 tociusque
814 1745 1131 1803 substantia:
1211 1755 1322 1795 non
1403 1725 2081 1824 debitamamissionem.

472 1818 759 1900 Enimvero
802 1833 1129 1893 execrabilis
1168 1826 1446 1884 memorial.
1475 1818 1711 1897 genitrix
1757 1830 1880 1869 mea
1921 1818 2084 1866 sectae

477 1932 648 1995 vitali,
682 1944 844 2001 quam
881 1940 979 1996 pro
1004 1928 1117 1976 toto
1145 1932 1308 1990 posse
1362 1909 1634 2001 confiteri,
1681 1905 1884 2001 colere,
1918 1900 2086 1999 corde

478 2031 638 2077 tenus
661 1995 819 2088 sequi
844 1995 898 2068 et
924 2026 1106 2067 amare
1136 2009 1303 2071 insto,
1334 2011 1389 2058 et
1445 1999 1671 2072 posthac
1702 1995 1960 2049 aliorsum
1980 1995 2084 2088 iu-

474 2083 800 2171 revocabil'is
856 2107 1095 2170 instabo,
1159 2099 1490 2156 mordaciter
1529 2090 1804 2153 invidens,
1863 2083 2085 2140 eosdem

473 2208 819 2263 diversorum
852 2200 1084 2255 clericos
1117 2193 1374 2250 ordinum
1438 2188 1503 2222 ¹δ³
1560 2184 1686 2255 quia
1714 2194 1926 2235 mecum
1962 2191 2091 2229 sen-

473 2302 575 2356 tire
608 2314 717 2354 non
746 2300 970 2367 negant,
1000 2300 1125 2361 'Ope
1170 2297 1387 2341 terrena
1430 2280 1692 2351 privatos,
1728 2287 1897 2347 regno
1928 2283 2086 2323 seve—

476 2396 589 2450 rius
619 2393 856 2463 ejectum
890 2388 951 2442 iri
988 2388 1052 2421 "5‘
1081 2382 1307 2439 molitur
1334 2380 1399 2413 ¹⁵δ
1458 2400 1481 2421 η

547 2453 777 2540 12..Η30
796 2480 1036 2550 denique
1062 2475 1276 2548 sagacis
1306 2470 1623 2537 conjectura
1672 2453 2087 2550 praedivinatio-

475 2576 562 2631 nis
582 2590 737 2628 mens
766 2569 880 2625 veri
914 2545 1391 2623 conscia-minime
1450 2555 1710 2610 frustatur
1742 2567 1756 2612 ;
1784 2545 1883 2600 sed
1914 2550 1973 2597 ut
2001 2545 2087 2594 in—

474 2661 896 2737 terpretacionis
925 2672 1168 2729 congrua
1230 2652 1296 2687 ‘56
1345 2650 1654 2704 sonuerunt
1690 2637 1915 2701 indicia,
1956 2647 2086 2734 erga

467 2728 578 2827 jani
613 2756 830 2825 scripta:
884 2752 948 2786 “‘7
1009 2744 1446 2820 peremptionem
1505 2742 1790 2795 matronae,
1841 2728 2086 2827 cleri‘que

474 2817 639 2917 longo
661 2817 1036 2914 adjacentium
1066 2837 1275 2892 ambitu
1306 2832 1593 2907 regionum
1638 2825 1693 2879 in
1725 2823 1847 2890 ejus
1899 2817 2090 2917 subje;

470 2903 747 2998 ctio'nem:
769 2934 935 2986 immo
956 2926 1302 2982 mitissimam
1336 2921 1641 2995 largitatem
1672 2930 1733 2969 se
1756 2903 2090 2984 prompte158

472 3021 834 3082 concedentis
866 3020 932 3053 "‘9
959 3017 1199 3071 ferocem
1240 3011 1646 3082 expulsionem,
1679 3002 1875 3059 ordine
1905 2999 2090 3053 incor-

476 3121 637 3183 rupto
667 3126 777 3164 non
806 3109 971 3179 longo
996 3113 1117 3175 post
1170 3109 1367 3158 cuncta
1404 3099 1517 3167 jam
1546 3100 1756 3150 constat
1776 3090 1947 3183 fuisse
1976 3087 2087 3183 im-

480 3162 641 3277 pleta.
670 3162 790 3266 ﬁfzvua
814 3200 879 3234 ¹⁶⁰
903 3162 1169 3251 uvidelicet
1191 3194 1379 3269 gratiae
1400 3162 1702 3262 spiritualis
1724 3180 2091 3258 significativa
2116 3162 2165 3228 C
2192 3163 2404 3218 Viribus
2467 3163 2635 3277 tutati
2680 3180 2708 3277 ιε

478 3295 822 3370 praescientia
848 3291 1072 3361 juvenis
1109 3289 1271 3345 electi
1327 3282 1643 3357 prmcordiis
1681 3280 1958 3340 elucente,
1989 3291 2086 3345 pa-

474 3400 660 3449 rentes
691 3392 795 3458 (21)
837 3386 1009 3443 invidi
1042 3383 1336 3439 admodum
1370 3378 1644 3443 concussi,
1668 3374 1876 3448 jugiter
1906 3372 2087 3441 ipsum

471 3485 671 3540 Christi
708 3477 1215 3536 constantissimum
1273 3479 1572 3526 amatorem
1634 3482 1733 3536 per
1786 3461 2086 3517 satellitum

470 3575 708 3631 vicinius
755 3572 873 3626 suis
915 3570 1301 3637 adjunctorum
1332 3561 1582 3618 consiliis
1615 3558 1815 3613 furtiva
1846 3551 2091 3625 alloquia

477 3676 910 3730 commoventes,
937 3681 968 3719 a
999 3660 1302 3733 proposito.
1340 3672 1449 3728 quo
1480 3654 1738 3709 devotius
1776 3649 2094 3706 caelestibus

479 3757 838 3830 capessendis
890 3753 1142 3808 insistere
1191 3747 1455 3812 decrevit,
1486 3745 1557 3799 ob
1602 3741 1963 3797 necessitates
1993 3754 2096 3809 pu-

480 3855 651 3909 blicas
687 3852 754 3906 ab
782 3866 847 3905 eo
877 3844 1249 3920 providendas
1277 3841 1629 3911 aliquatenus
1648 3836 1884 3891 avellere
1912 3833 2094 3887 conati

484 3952 629 3999 sunt.
657 3945 777 4013 lpse
807 3948 988 3995 autem
1018 3934 1257 3992 coalestis
1281 3937 1569 3986 armaturae
1616 3928 1904 3982 roboratus
1953 3933 2097 3979 tuta-

486 4036 657 4099 mine,
683 4028 996 4100 hujusmodi
1051 4022 1402 4080 familiarium
1438 4022 1499 4055 ¹⁶¹
1546 4020 1960 4093 suggestionum
1984 4034 2097 4072 na:-

485 4129 593 4183 niis
619 4141 804 4181 sacras
836 4120 1111 4177 interdum
1143 4132 1304 4172 aures
1361 4114 1542 4186 palam
1582 4111 1740 4186 regni
1770 4109 2096 4182 primatibus

481 4216 640 4289 quasi
668 4212 1022 4269 consentiens
1083 4205 1397 4279 applicabat
1446 4204 1532 4267 “5’,
1574 4201 1758 4257 cordis
1785 4207 1966 4255 autem
1999 4198 2093 4251 in-

485 4315 644 4363 terna
672 4298 1113 4359 consideratione
1158 4310 1446 4351 assensum
1477 4292 1532 4346 in
1563 4290 1778 4346 actibus
1809 4289 2048 4359 denegat
2079 4304 2093 4350 ;

486 4398 617 4470 quia
648 4396 775 4451 licet
807 4410 866 4448 se
917 4392 1073 4463 quasi
1102 4387 1328 4445 terroris
1361 4384 1586 4440 humani
1619 4383 1685 4417 ¹⁶³
1715 4381 1903 4453 specie
1925 4380 2096 4434 simu-

489 4489 986 4552 lassetcedentem,
1039 4485 1353 4555 templaque
1405 4480 1511 4534 Dei
1541 4478 1883 4549 aliquantum
1934 4474 2095 4530 solito

488 4579 669 4634 rarius
688 4576 791 4631 sub
848 4573 1087 4645 publicis
1136 4569 1501 4627 conventibus
1541 4567 1966 4637 frequentasset,
2015 4569 2097 4617 ta-

488 4687 614 4727 men
646 4670 793 4742 quod
813 4666 1014 4722 mentis
1066 4664 1439 4736 profunditate
1470 4660 1678 4723 dilexit,
1708 4673 1937 4729 cperum
1964 4655 2102 4709 mira

488 4762 807 4820 constancia
864 4756 1241 4827 manifestavit
1273 4773 1287 4821 ;
1320 4754 1451 4825 quia
1502 4751 1820 4808 continuam
1876 4763 2100 4820 precum

487 4855 909 4923 divinarumque
927 4849 1236 4905 orationum
1269 4843 1495 4909 seriem,
1529 4857 1693 4914 quam
1728 4840 2105 4911 parvoinscri-

488 4952 641 5015 ptam
668 4941 917 4997 libellulo
934 4935 1258 5012 diligentius
1276 4930 1655 5002 occultiusque
1689 4930 1754 4964 ¹⁶⁴
1785 4944 1974 4985 secum
1988 4945 2106 4985 ser-

2180 565 2347 629 curis,
2373 563 2675 619 duodecies
2704 565 2787 618 vel
2816 565 2936 633 plus
2960 580 3047 629 eo,
3090 564 3341 636 quamvis
3373 564 3655 618 interdum
3690 565 3814 618 nisi

2179 659 2279 711 sub
2304 658 2630 711 secretiores
2671 656 2911 710 cubiculi
2942 656 3027 711 vel
3082 656 3259 727 ipsius
3292 656 3518 711 thalami
3569 636 3816 711 silentio

2178 746 2370 800 orandi
2401 746 2552 800 locus
2613 745 2842 800 concedi
2890 761 2999 800 non
3047 752 3252 816 posset,
3301 745 3445 800 inter
3503 746 3688 801 noctis
3718 745 3817 799 vel

2180 838 2289 892 diei
2316 845 2494 893 certas
2512 837 2919 891 vicissitudines
2967 845 3115 892 casta
3170 838 3484 893 intentione
3525 837 3815 892 Christum

2180 926 2458 981 laudando
2489 926 2557 980 ad
2589 925 2752 980 finem
2785 941 2961 997 iisque
2994 924 3319 997 perlegerat.

2253 1074 2340 1128 13.
2391 1074 2724 1127 Transcursa
2777 1075 2844 1108 ¹⁶⁶
2898 1072 3118 1127 interim
3153 1088 3423 1128 annorum
3466 1073 3817 1141 juvenilium

2182 1170 2291 1217 tam
2316 1162 2464 1217 felici
2492 1168 2647 1217 aetate
2690 1162 2777 1228 “‘7,
2826 1162 2880 1215 in
2922 1162 3097 1217 virilis
3150 1161 3319 1216 animi
3355 1162 3521 1217 robur
3542 1162 3654 1216 dux
3688 1164 3818 1234 ipse

2183 1258 2347 1312 altius
2387 1257 2785 1312 conscenderat
2826 1257 2912 1322 “‘3,
2976 1256 3353 1327 paulatimque
3392 1272 3619 1311 suorum
3665 1274 3817 1312 vana

2189 1347 2517 1401 sectantium
2593 1345 2823 1401 consilia
2865 1344 3100 1399 viriliter
3170 1344 3435 1411 abiciens,
3496 1360 3819 1416 eorumque

2191 1438 2555 1493 errabundam
2614 1455 2644 1492 a
2698 1453 2829 1493 vero
2905 1437 3269 1509 ignorantiam
3346 1453 3457 1492 non
3522 1437 3815 1492 modicum

2191 1528 2599 1593 abliominatus,
2663 1528 2753 1581 die
2806 1528 3041 1597 quadam
3098 1527 3331 1582 militum
3395 1535 3451 1582 ct
3500 1527 3815 1581 amicorum

2189 1620 2447 1674 contione
2496 1620 2561 1653 ¹⁶⁹
2608 1620 2663 1674 ἱη
2696 1620 2763 1654 ¹⁷⁰
2811 1620 3011 1689 palatio
3069 1619 3232 1683 facta,
3282 1618 3596 1687 hujusmodi
3658 1619 3817 1688 ipsos

2190 1710 2446 1765 eﬁamine
2508 1711 2906 1781 increpationis
2960 1711 3314 1782 alloquitur:
3378 1732 3403 1756 α
3462 1710 3501 1765 0
3563 1710 3731 1764 amici
3756 1719 3816 1764 et

2188 1798 2382 1853 ﬁdeles
2410 1800 2619 1853 utinam
2649 1799 2845 1853 Christi
2876 1797 2888 1851 l
2926 1798 3053 1853 Cum
3083 1815 3187 1869 ego
3233 1798 3456 1853 litterali
3489 1798 3809 1866 studiojam

2188 1890 2466 1960 quondam
2527 1897 2815 1959 parentum
2886 1904 3017 1942 cura
3072 1888 3353 1956 injunctus
3402 1887 3464 1923 ¹⁷¹
3521 1888 3814 1943 doctrinas

2187 1978 2401 2033 avidius
2450 1979 2752 2040 hauserim,
2805 1979 2947 2031 inter
2975 1985 3175 2032 caetera
3220 1978 3607 2049 magistrorum
3662 1978 3816 2032 dicta

2190 2070 2467 2141 quoddam
2484 2069 2721 2139 apostoli
2749 2070 3011 2139 scriptum
3036 2069 3284 2134 addisco,
3321 2084 3431 2140 quo
3456 2069 3534 2124 ait
3562 2086 3573 2121 :
3613 2088 3637 2118 α
3676 2069 3811 2123 Cum

2194 2185 2217 2212 (ι
2259 2178 2434 2215 essem
2471 2161 2750 2231 parvulus,
2796 2162 3061 2232 loquebar
3111 2169 3170 2216 ut
3200 2161 3480 2232 parvulus,
3520 2162 3811 2232 sapiebam

2193 2276 2215 2304 α
2252 2261 2311 2309 ut
2334 2254 2613 2325 parvulus,
2650 2254 2957 2328 cogitabam
2984 2261 3042 2308 ut
3072 2254 3605 2325 parvulus;quando
3622 2261 3809 2308 autem

2196 2367 2218 2396 α
2251 2345 2428 2401 factus
2452 2363 2571 2401 sum
2604 2346 2705 2407 vir,
2741 2344 3000 2399 evacuavi
3029 2359 3153 2415 quae
3197 2350 3355 2398 erant
3377 2332 3592 2414 parvuli
3620 2345 3659 2413 (ι
3683 2345 3810 2400 Cor.

2195 2457 2213 2482 ιι
2252 2452 2374 2501 χιιι,
2398 2436 2503 2504 11).
2542 2460 2554 2479 ι
2596 2435 2701 2489 Hac
2732 2434 2938 2506 quippe
2972 2432 3270 2497 sententia,
3300 2434 3467 2489 modo
3497 2450 3588 2488 me
3627 2434 3810 2505 ipsum

2189 2528 2474 2591 intuendo,
2507 2527 2766 2599 quoniam
2823 2527 2888 2560 ¹τ²
2922 2526 3101 2595 primo
3126 2525 3237 2593 jam
3288 2526 3528 2581 adeunte
3564 2528 3813 2597 pueritia

2188 2632 2368 2669 rerum
2409 2616 2656 2670 omnium
2676 2614 2939 2669 factorem
2963 2614 3084 2669 vilis
3097 2630 3200 2687 ego
3233 2613 3434 2669 factura
3462 2629 3811 2687 cognoscere

2186 2704 2415 2776 ejusque
2446 2705 2672 2759 servitio
2700 2720 2788 2758 me
2821 2702 3088 2773 implicari
3118 2702 3185 2737 ¹⁷³
3210 2703 3496 2757 ardentius
3521 2704 3808 2769 desidero,

2189 2799 2286 2853 sed
2315 2814 2452 2868 puer
2479 2814 2584 2873 ego
2612 2799 2665 2852 in
2695 2798 3067 2869 principatum
3104 2804 3284 2853 vestra
3306 2814 3544 2853 censura
3573 2799 3713 2869 patri
3739 2799 3809 2833 ‘7‘

2191 2901 2407 2969 mortuo
2438 2902 2567 2948 natu
2608 2893 2865 2948 fratribus
2896 2892 3073 2961 major
3132 2894 3459 2959 succedens,
3495 2909 3589 2965 per
3618 2895 3807 2969 legum

2194 2968 2665 3040 frena'modersta
2694 2992 2746 3039 et
2775 3000 2890 3038 rem
2918 2983 3193 3053 publicam
3218 2985 3329 3039 Deo
3360 2987 3815 3055 praestruentem

2192 3074 2465 3146 disposui,
2498 3080 2551 3128 et
2581 3074 2809 3144 patriam
2837 3079 3024 3129 contra
3065 3072 3444 3129 infestantium
3472 3075 3676 3130 molem
3712 3093 3814 3147 pro

2696 3180 2709 3215 :
2769 3178 2867 3217 vos
2920 3170 3126 3228 autem,
3167 3163 3299 3234 quia
3359 3163 3627 3219 cordibus
3680 3180 3813 3239 erga

2189 3269 2457 3308 summam
2500 3254 2787 3308 veritatem
2810 3254 3203 3324 speculandam
3235 3254 3457 3309 desides
3479 3254 3705 3327 fideque
3740 3257 3812 3290 ‘7‘

2189 3342 2325 3396 mihi
2362 3343 2595 3398 manetis
2622 3342 2891 3413 dispares,
2933 3359 3097 3413 quam
3137 3342 3434 3413 plurimum
3468 3343 3523 3398 in
3558 3345 3813 3400 consiliis

2189 3439 2381 3487 vestrae
2433 3432 2778 3503 perversitati
2833 3432 3185 3499 amabilibus,
3225 3433 3324 3487 sed
3384 3433 3707 3489 rectitudini
3741 3435 3808 3468 “7

2194 3525 2490 3580 admodum
2503 3526 2886 3593 dissimilibus,
2901 3525 3036 3580 satis
3049 3526 3185 3580 mihi
3214 3526 3512 3595 injuriosos
3538 3530 3812 3584 hactenus

2195 3615 2261 3649 "3
2286 3616 2399 3684 jam
2430 3616 2496 3650 ιτ*
2524 3616 2735 3686 patior;
2758 3632 2865 3687 qua
2878 3615 3302 3685 districtione,si
3330 3618 3438 3672 vita
3465 3634 3813 3691 regnumque

2194 3708 2440 3763 manebit
2501 3707 2799 3770 incolume,
2848 3709 3077 3778 posthac
3132 3709 3415 3764 exsolutus
3474 3712 3707 3775 vacabo,
3757 3720 3812 3767 et

2188 3800 2344 3869 juxta
2374 3798 2635 3867 scriptum
2664 3797 2982 3851 retromissa
3040 3798 3105 3831 ¹⁸⁰
3138 3797 3426 3865 juventute
3458 3799 3543 3853 vir
3582 3799 3810 3855 effectus

2198 3891 2284 3958 ‘8',
2315 3906 2437 3962 quae
2493 3897 2621 3944 sunt
2670 3889 2879 3960 parvuli
2936 3889 3259 3957 evacuabo;
3302 3893 3561 3962 praecepti
3596 3895 3812 3950 actibus

2197 3983 2485 4050 dominici,
2519 3989 2713 4036 vestrae
2745 3982 2977 4036 ulterius
3033 3998 3142 4036 non
3182 3983 3491 4038 obaudiens
3523 3987 3807 4057 nequitiae,

2197 4090 2438 4145 superna
2497 4073 2788 4129 roboratus
2857 4073 3149 4128 clementia
3222 4073 3496 4129 insistam.
3551 4076 3814 4140 Quocirca

2197 4170 2453 4219 vanescat
2483 4162 2877 4218 susurratiouis
2917 4169 3114 4216 vestra)
3156 4162 3445 4216 adversum
3479 4179 3569 4217 me
3596 4165 3816 4235 conspi-

2200 4254 2335 4310 ratio
2369 4272 2383 4321 ;
2426 4260 2647 4309 cessent
2672 4268 2814 4307 saeva
2863 4251 3102 4323 publicis
3159 4252 3524 4307 conventibus
3562 4254 3817 4310 intervos

2199 4342 2447 4399 consilia.
2482 4342 2636 4397 Pacis
2664 4356 2820 4396 amor
2844 4341 2993 4395 domi
3024 4340 3265 4412 forisque
3294 4341 3349 4395 in
3384 4357 3556 4415 regno
3590 4342 3809 4399 ferveat.

2201 4434 2435 4509 Negocia
2491 4432 2783 4502 cujuslibet
2827 4431 3082 4486 utilitatis
3104 4431 3352 4499 judicum
3389 4431 3682 4487 eversione
3707 4449 3815 4489 non

2118 4516 2178 4585 D
2201 4529 2533 4582 damnentur
2560 4527 2642 4581 ¹⁸².
2679 4524 3105 4579 Parricidiorum
3134 4523 3366 4590 scelera,
3398 4522 3606 4594 quibus
3646 4525 3815 4596 pollui

2202 4620 2413 4686 soletis,
2473 4636 2503 4673 a
2550 4633 2828 4690 quoquam
2879 4617 3020 4671 ultra
3073 4631 3182 4671 non
3215 4623 3625 4686 praesumantur
3697 4618 3814 4673 Haec

2203 4708 2779 4783 legisinquinamenta
2799 4706 2844 4761 si
2884 4704 3083 4760 summi
3124 4704 3273 4777 regis
3294 4712 3444 4759 metu
3486 4704 3556 4738 ¹⁸³
3585 4721 3698 4761 non
3726 4706 3814 4761 de-

2203 4804 2410 4873 seritis,
2440 4809 2628 4858 nostra
2684 4802 2763 4856 ira
2802 4802 2859 4855 in
2919 4801 3226 4856 scelerosos
3276 4799 3372 4854 Dei
3411 4799 3530 4855 zelo
3560 4816 3808 4864 accensa,

2204 4914 2610 4972 quemcumque
2664 4896 2979 4966 hujusmodi
3008 4912 3163 4951 reum
3214 4894 3396 4966 capite
3450 4896 3748 4961 truncabit,
3784 4920 3807 4942 η

1838 5028 2052 5083 νΑΒΙᾸΞ
2078 5023 2459 5083 LECTIONES.

560 5143 1151 5212 1“interpretamenta
1206 5135 1261 5198 1,
1316 5130 1791 5212 “‘_excessio_rier_ri
1842 5129 1992 5212 .1.A3.
2019 5129 2288 5212 Αιδηᾳρωι
2343 5124 2500 5212 1.n2,
2657 5122 3043 5212 .ludnai‘illaiu3.
3075 5122 3312 5212 “id‘eest
3458 5121 3526 5212 .11"
3564 5121 3802 5212 afui;

489 5217 558 5253 ιω
585 5191 1209 5283 viso-'1'.-mvpopulimi
1249 5191 1317 5241 in
1356 5203 1489 5259 cleri
1544 5219 1597 5283 ρ.
1659 5201 1857 5257 inclusi
1907 5201 1961 5254 2.
2004 5200 2073 5283 ‘3,
2108 5200 2176 5281 ’ξε
2227 5214 2279 5254 o.
2316 5214 2364 5253 c.
2415 5196 2468 5250 2.
2532 5193 2743 5283 ““ire‘
2788 5193 2983 5283 2m“:
3028 5192 3394 5283 molimur},
3458 5191 3634 5283 3.3.156
3678 5194 3811 5283 dee‘st

487 5289 542 5343 2.
574 5263 1099 5355 “inscripturaerl.
1148 5278 1215 5316 1⁵⁸
1267 5282 1512 5355 promer.
1543 5273 1596 5327 2.
1659 5274 1730 5355 ιδξ
1782 5263 2174 5355 concredenti_s
2220 5286 2366 5355 corr.
2407 5265 2677 5355 con‘cedn.‘
2721 5266 2775 5331 1,
2821 5265 2888 5299 ¹⁶⁰
2945 5264 3191 5355 Quia”2
3248 5263 3311 5297 ¹⁸¹
3370 5263 3705 5355 familiarum
3754 5264 3803 5317 1.

498 5333 567 5394 ῖὲι
587 5333 1001 5430 ερρῖῖέείῖἷ”’ἑ,
1040 5333 1128 5388 ἶσα
1171 5333 1309 5405 ὴυιῖί
1358 5333 1405 5402 1'.
1452 5346 1519 5380 ¹⁶⁴
1576 5345 1939 5415 occultusque
1992 5345 2041 5398 1.
2090 5343 2157 5377 ¹⁶⁵
2220 5339 2497 5465 Reppsitis
2522 5337 2573 5390 1.
2601 5337 2678 5417 f5?
2716 5352 2840 5391 cuni
2871 5343 3055 5416 autem
3088 5333 3264 5389 factus
3293 5341 3445 5388 esset
3468 5334 3573 5400 vir,
3608 5349 3805 5390 conuo-

498 5431 627 5465 ...πη
682 5443 876 5465 ηιτιηρα
927 5426 1080 5465 uir-ne
1132 5436 1260 5465 ιιιης
1288 5427 1344 5465 et
1394 5422 1623 5465 matrem
1669 5422 1725 5465 et
1751 5413 2123 5465 exnrobravit.
2170 5418 2278 5465 etc.
2364 5451 2379 5465 .
2422 5409 2487 5444 ¹⁶⁷
2521 5406 2788 5462 felicitate
2821 5408 2873 5461 1.
2904 5406 3145 5461 felicium
3177 5406 3231 5459 3.
3260 5406 3327 5439 ¹⁶⁸
3367 5406 3799 5461 conscederat1.

2364 5451 2379 5477 ἳ

484 5413 643 5486 οεωίί
664 5413 877 5484 ὀπιηθε
927 5426 1080 5479 uiros
1132 5436 1260 5477 suos
1288 5427 1344 5474 et
1394 5422 1623 5486 matrem
1669 5422 1725 5469 et
1751 5413 2145 5486 exprobravit,
2170 5418 2278 5468 etc.

491 5484 568 5536 ίεδὴ
588 5497 947 5557 contentione
987 5498 1037 5550 1.
1080 5493 1132 5549 3.
1167 5492 1234 5527 ¹⁷⁰
1287 5492 1433 5545 deest
1486 5487 1546 5557 1.
1576 5485 1639 5557 Ψ
1673 5484 1950 5557 injunCtas
1978 5484 2030 5539 2.
2082 5484 2151 5519 ¹⁷¹

487 5571 539 5623 2.
596 5554 666 5608 ἶίι
719 5572 1001 5626 nrestante
1049 5565 1104 5619 2.
1181 5562 1232 5619 3.
1311 5561 1380 5596 ¹⁷⁶
1455 5554 1884 5626 ῐηὶὶιὶφιεῆᾱθ
1940 5557 1996 5610 d.
2046 5572 2120 5610 m.

719 5572 1001 5640 prestante
1049 5565 1104 5619 2.
1128 5635 1139 5640 _
1181 5562 1232 5619 3.

2422 5409 2487 5444 ¹⁶⁷
2521 5406 2788 5462 felicitate
2821 5408 2873 5461 1.
2904 5406 3145 5461 felicium
3177 5406 3231 5459 3.
3260 5406 3327 5439 ¹⁶⁸
3367 5396 3729 5461 conscederat
3752 5407 3799 5459 1.

2256 5481 2440 5539 oniam
2470 5478 2826 5549 eorr.ideum
2862 5478 2933 5549 2.
2986 5477 3055 5549 ξίη
3100 5477 3385 5549 implicare
3435 5476 3500 5549 _2.
3560 5477 3629 5511 ‘7‘
3669 5483 3808 5549 patre

2222 5594 2235 5608 .
2286 5552 2352 5588 ¹“¹’¹
2406 5567 2452 5616 r,
2522 5548 2682 5605 valde
2740 5565 2792 5613 a,
2849 5548 2902 5603 3.
2962 5547 3030 5582 ¹⁷⁸
3079 5547 3381 5617 injuriosus
3435 5547 3704 5603 bactanu’s
3755 5548 3805 5600 1.

488 5619 555 5679 ὦ
586 5619 814 5695 decstr2:
825 5619 1043 5691 “Nam
1068 5635 1238 5690 missa
1264 5633 1316 5687 1.
1351 5630 1416 5667 ¹⁸¹
1439 5619 1654 5683 efectifs
1676 5628 1729 5681 1.
1759 5627 1827 5663 η’
1852 5626 2184 5683 damneturt
2220 5623 2288 5659 ηδ
2315 5627 2526 5677 metum
2555 5635 2667 5677 non
2683 5619 3029 5677 desideretis.

2034 5720 2244 5779 ΝΟΤΕ.

565 5803 676 5869 (24)
706 5800 878 5852 Mater
898 5806 953 5853 et
987 5799 1157 5852 frater
1185 5797 1356 5852 Dona.
