3978 6214
209 349 310 407 933

1179 345 1323 400 VITA
1367 343 1764 399 VENtIEZLAVl
1806 341 1995 396 DUCIS
2039 339 2367 395 BOHEMI/E.

3432 347 3542 400 934

217 483 384 537 Finito
407 482 474 515 ¹⁸⁴
500 479 823 534 excellentis
853 477 1095 548 alloquio
1123 477 1412 546 jussionis,
1446 475 1669 530 nefasta:
1691 491 1823 546 par-
1853 480 1903 547 Α
1931 479 2284 539 structorum,
2319 469 2512 526 Christi
2559 488 2678 526 eam
2708 472 3102 544 victoriosique
3167 476 3388 530 athletae
3426 477 3546 545 ejus

217 578 404 647 ticipes
451 574 859 642 conjuracionis
899 573 1126 626 domum
1197 571 1378 641 pavidi
1423 571 1677 634 redeunt,
1736 585 1829 622 su-

220 666 380 736 perba
413 663 680 718 mentium
718 661 957 734 fastigia,
1004 669 1230 730 accepto
1260 660 1399 713 sacri
1436 659 1593 713 ducis
1623 656 1831 728 potenti

221 759 419 832 vigore,
455 755 628 810 coacti
675 754 979 825 deponunt.
1019 753 1319 823 solitasque
1348 767 1478 823 erga
1523 751 1674 804 mira)
1701 765 1830 802 san-

219 849 416 904 ctitatis
438 847 611 901 virum
635 845 885 910 insidias,
914 844 1163 915 quamvis
1191 844 1257 896 ad
1284 843 1560 897 modicum
1591 850 1829 910 tempus,

221 941 394 996 moliri
449 940 730 993 desinunt.
761 937 879 992 Jam
942 945 1071 992 tunc
1103 937 1212 990 Deo
1263 943 1556 989 serenantc
1586 931 1832 1002 compri-

222 1041 442 1087 muntur
471 1031 811 1102 aliquantum
845 1028 948 1082 sub
996 1029 1114 1096 ejus
1154 1043 1317 1081 manu
1353 1026 1598 1080 barbara)
1631 1023 1833 1078 motio-

221 1139 316 1176 nes
347 1122 447 1186 ¹⁸⁵;
481 1128 713 1193 surgunt
743 1124 922 1172 autem
957 1116 1237 1171 catholicae
1272 1115 1554 1189 religionis
1584 1114 1705 1166 heta
1746 1111 1834 1165 in-

220 1221 532 1277 crementa;
587 1210 848 1282 quoniam
903 1209 1090 1264 divino
1144 1208 1311 1262 cultui
1375 1207 1576 1276 templa
1635 1205 1836 1280 dicata,

223 1304 380 1373 paulo
418 1311 547 1357 ante
599 1301 901 1355 infidelium
937 1300 1190 1373 neglectu
1232 1298 1507 1358 cadentia,
1541 1294 1723 1350 stabili
1758 1309 1842 1347 re-

224 1396 502 1464 paratione
536 1393 860 1457 fundantur,
891 1392 1076 1446 clerici
1110 1391 1282 1461 patria
1313 1391 1585 1460 bonisque
1619 1383 1842 1466 privati,

224 1486 461 1561 benigna
499 1485 750 1559 largitate
807 1490 1170 1546 revocantur;
1204 1481 1497 1551 statimque
1551 1494 1661 1534 non
1719 1485 1842 1530 tan-

224 1586 334 1632 tum
379 1577 647 1640 restituta,
703 1589 892 1628 verum
940 1572 1110 1626 sancti
1152 1571 1252 1625 viri
1297 1570 1547 1641 plurimis
1599 1568 1829 1622 adaucta

224 1668 547 1722 muneribus
577 1666 881 1720 substantia
921 1663 1340 1734 locupletantur,
1373 1671 1426 1715 et
1465 1670 1574 1716 tota
1602 1676 1702 1730 per
1732 1659 1830 1712 has

1935 563 2078 616 beati
2110 563 2213 616 Viti
2247 562 2483 616 martiris
2515 562 2711 617 honori
2772 562 3081 616 dicandam.
3119 563 3226 617 Nec
3257 581 3431 630 mora,
3468 567 3547 620 in-

1935 663 2039 709 stat
2087 655 2323 729 impiger
2371 654 2516 718 facti,
2552 653 2768 708 fervens
2821 662 2999 707 autem
3036 654 3324 724 pr0positi,
3361 657 3542 710 missis

1937 746 2260 816 Ratesponze
2321 747 2380 780 ¹⁹¹
2423 746 2542 800 sedi
2597 745 2760 818 regiae
2820 744 3095 818 legatariis
3156 746 3241 810 ‘9’,
3275 745 3544 801 Tutonem

1933 838 2254 909 episcOpum
2298 839 2427 907 (25),
2483 838 2646 894 totius
2693 838 2984 909 probitatis
3029 839 3200 893 virum
3237 841 3396 909 cujus
3427 842 3546 895 dio-

1934 927 2043 982 cesi
2099 935 2211 982 tota
2241 927 2586 982 subcluditur
2641 927 2860 982 Boemia
2903 928 2989 994 ’93,
3037 927 3272 998 supplici
3333 936 3544 1002 rogatu.

1937 1037 2046 1092 quo
2087 1022 2231 1077 idem
2263 1038 2404 1092 opus
2436 1024 2546 1077 Deo
2597 1022 2924 1076 sacrandum
2964 1022 3082 1090 ejus
3130 1023 3352 1077 licentia
3390 1031 3444 1078 et
3469 1040 3550 1078 as-

1939 1133 2104 1171 sensu
2140 1118 2313 1184 fieret,
2347 1119 2622 1189 implorat.

2019 1210 2102 1264 16.
2143 1212 2274 1265 Dato
2315 1211 2469 1279 juxta
2503 1212 2644 1266 beati
2679 1211 2835 1266 ducis
2874 1218 2998 1266 vota
3029 1211 3098 1264 ab
3135 1211 3396 1282 episcopo
3431 1229 3552 1283 per-

1946 1304 2137 1370 missu,
2191 1306 2546 1378 remissisque
2578 1308 2801 1361 caritate
2839 1306 3064 1374 nuntiis,
3116 1306 3356 1360 artiﬁces
3387 1308 3552 1362 celeri

1941 1393 2190 1461 jussione
2245 1403 2537 1450 convocat:
2601 1395 2770 1450 fervet
2841 1411 3002 1465 opus,
3070 1395 3225 1449 labor
3263 1395 3558 1466 impatiens

1947 1483 2191 1559 effulget,
2248 1488 2495 1542 aecclesia
2553 1488 2620 1541 ad
2693 1485 2921 1558 perfecti
2987 1494 3212 1540 ornatus
3263 1495 3557 1543 extremam

1930 1590 2152 1628 manum
2181 1576 2517 1644 perducitur,
2546 1576 2798 1646 miroque
2830 1576 3173 1630 metallorum
3202 1576 3414 1650 fulgore
3456 1579 3556 1630 de-

1931 1676 2115 1719 corata
2173 1674 2484 1721 exornatur.
2531 1667 2764 1722 lnvitato
2813 1668 2923 1732 jam
2981 1667 3126 1722 dicto
3175 1668 3463 1739 episcopo,
3502 1669 3555 1722 in

225 1769 404 1830 partes
425 1759 517 1812 tali
549 1757 651 1812 sub
686 1757 936 1828 principe
965 1755 1105 1810 elata
1135 1753 1444 1827 congaudet
1468 1751 1715 1806 azcclesia
1742 1750 1827 1804 ηδ.
1866 1795 1916 1863 Β
1939 1759 2207 1813 honorem
2232 1759 2297 1793 ηδ
2320 1759 2497 1814 εειηωὶ
2538 1760 2640 1814 Viti
2671 1759 2909 1814 martiris
2936 1767 3291 1814 consecratur
3317 1761 3384 1794 195
3412 1760 3517 1831 (26)
3541 1778 3556 1826 ς

296 1852 379 1905 14.
425 1850 631 1904 Deinde
669 1847 870 1902 clarius
910 1847 1170 1901 virtutum
1221 1846 1341 1916 ejus
1389 1849 1710 1899 coruscante
1742 1857 1842 1912 per

225 1944 416 2000 orbem
447 1945 670 2006 decore,
709 1940 787 1994 rei
822 1939 1053 2010 publica:
1093 1937 1380 1992 commoda
1428 1936 1646 1990 curioso
1686 1935 1842 1989 ducis

227 2037 444 2091 coalitus
471 2033 660 2087 armati
687 2032 955 2105 regimine
994 2031 1279 2083 studiosus
1320 2035 1587 2102 geruntur
1613 2028 1700 2080 ¹⁸“¹.
1734 2026 1841 2081 Sed

229 2143 350 2198 qum
379 2126 534 2196 prius
564 2140 822 2194 supernze
855 2122 1170 2176 dilectionis
1199 2121 1385 2192 vigore
1421 2119 1731 2193 peragenda
1762 2119 1846 2172 in-

230 2220 551 2283 stituuntur,
584 2215 827 2288 vigilanti
871 2214 1138 2284 principis
1171 2212 1457 2283 diligentia
1496 2217 1646 2265 tanto
1667 2211 1849 2264 minus

234 2314 624 2388 negleguntur,
667 2311 950 2382 quoniam,
985 2309 1110 2364 licet
1149 2309 1402 2380 palatinze
1453 2307 1713 2378 frequens
1747 2321 1847 2361 co-

235 2409 409 2464 hortis
454 2408 592 2462 latus
634 2415 928 2476 utrumque
970 2403 1464 2474 circumstipaverit
1494 2401 1845 2458 tumultuatio

232 2498 416 2562 solita,
449 2505 631 2551 tamen
663 2495 907 2570 sagatius
945 2494 1196 2548 recolens
1239 2492 1494 2547 assiduus
1533 2507 1630 2563 pro
1657 2508 1716 2545 se
1749 2506 1847 2562 po-

235 2588 476 2658 puloque
521 2584 808 2640 incredulo
855 2590 1059 2646 orator,
1106 2582 1447 2653 inepumque
1509 2580 1850 2651 promptissi-

235 2691 360 2729 mus
390 2675 590 2739 fautor,
631 2672 899 2726 mmsticia
942 2687 1255 2742 pressorum
1289 2671 1567 2743 benignus
1597 2669 1852 2724 consola-

235 2777 343 2837 tor,
375 2776 573 2824 eventu
605 2767 896 2822 subitaneo
926 2774 1205 2836 raptorum
1239 2765 1580 2836 compatiens
1611 2764 1850 2831 adjutor,

239 2863 389 2918 nulla
421 2862 855 2930 interrumpente
914 2857 1259 2912 saecularium
1311 2873 1462 2912 mora
1518 2862 1832 2927 perseverat

313 2952 401 3008 15.
436 2953 537 3005 Aut
575 2950 922 3004 fraudulenta
953 2947 1126 3002 hostis
1165 2945 1525 3017 impurissimi
1577 2944 1859 2998 machina-

241 3042 393 3098 tione
423 3039 734 3109 hujusmodi
768 3054 994 3109 cperum
1029 3035 1316 3092 affectibus
1347 3044 1489 3103 astu,
1522 3035 1568 3089 si
1593 3049 1856 3104 umquam

242 3134 464 3206 poterit.
498 3134 726 3204 antiquo
776 3130 1136 3202 perimendis,
1186 3129 1472 3182 minimum
1525 3127 1855 3192 retardante,

242 3226 415 3281 frater
444 3225 562 3293 ejus
589 3224 837 3278 Bolezlav
878 3221 944 3256 ¹⁸⁸
972 3228 1131 3275 aetate
1159 3221 1357 3285 minor,
1397 3219 1600 3274 mentis
1628 3234 1856 3288 perver-

242 3315 401 3370 sitate
462 3323 518 3368 et
569 3322 787 3367 actuum
850 3311 1114 3382 qualitate
1168 3310 1529 3376 execrandus,
1586 3308 1862 3364 diabolico

244 3411 393 3460 tactu
439 3403 728 3458 instinctus
786 3401 874 3467 “‘9,
917 3400 1115 3454 furoris
1147 3399 1390 3471 nequitia
1440 3406 1630 3453 contra
1686 3399 1861 3452 virum

244 3494 342 3548 Dei
401 3492 695 3547 szevienter
749 3497 1011 3551 armatus,
1074 3489 1230 3564 regni
1277 3487 1512 3542 fraterna
1571 3503 1734 3541 manu
1779 3504 1866 3541 ra-

246 3580 438 3654 piendi
468 3579 725 3649 cupidus,
760 3594 883 3633 cum
918 3577 1128 3632 nefario
1159 3577 1536 3632 ministrorum
1559 3593 1694 3631 ausu
1725 3592 1869 3631 mor-

245 3677 384 3733 tales
417 3677 483 3710 ¹⁹⁰
523 3675 672 3730 exitii
704 3675 935 3728 insidias
972 3673 1074 3726 sibi
1107 3673 1337 3727 tendere
1368 3690 1530 3745 quam
1566 3672 1864 3743 plurimum

245 3776 480 3825 conatus
528 3775 629 3822 est.
697 3768 803 3821 Sed
865 3766 1130 3820 divinitus
1180 3767 1663 3837 przedestinatione
1728 3782 1865 3832 rem,

247 3857 601 3930 postmodum
631 3864 812 3911 tamen
845 3855 1104 3921 futuram,
1140 3863 1253 3910 tum
1295 3855 1465 3910 fuisse
1497 3864 1704 3910 certum
1736 3870 1870 3910 con-

249 3956 363 4003 stat
415 3947 660 4001 dilatam.
712 3946 830 4000 Jam
883 3960 1051 4016 parvo
1091 3945 1450 4015 interjacente
1499 3953 1745 4014 tempore
1789 3943 1873 3997 vir

251 4041 366 4094 Deo
413 4054 574 4093 carus
631 4046 756 4093 voto
811 4037 1036 4092 salutari
1093 4037 1437 4108 propositum
1480 4037 1762 4109 obligavit,
1814 4052 1873 4090 se

251 4132 368 4187 Deo
399 4131 642 4186 donante
683 4130 987 4186 aecclesiam
1020 4129 1190 4185 nobili
1219 4145 1447 4200 operum
1488 4129 1721 4185 artificio
1748 4145 1876 4186 con-

1942 1848 2259 1922 ibidemque
2321 1851 2556 1920 plurima
2607 1851 3020 1917 miraculorum,

3095 1851 3280 1904 divina
3360 1853 3557 1906 virtute

1944 1938 2266 1993 mortalibus
2313 1939 2380 1972 ¹⁹⁶
2417 1947 2718 2012 gestorum,
2767 1940 2819 1993 in
2872 1955 3115 2010 przesens
3168 1957 3342 2011 usque
3401 1941 3558 2013 signa

1944 2040 2250 2086 coruscant.
2288 2031 2539 2086 Nondum
2593 2041 2775 2087 autem
2811 2033 3077 2087 sitibundi
3119 2049 3250 2107 erga
3281 2035 3373 2087 Dei
3398 2034 3558 2102 justi-

1947 2121 2082 2174 ciam
2107 2121 2345 2190 pectoris
2372 2121 2668 2191 adimpleta
2703 2121 3096 2192 profunditate,
3129 2122 3212 2176 vir
3239 2123 3556 2178 meritorum

1951 2211 2419 2266 inaestimabilium
2449 2213 2655 2267 electus
2686 2214 2779 2267 Dei
2803 2213 3354 2269 Vencezlausterreni
3386 2214 3560 2270 fasces

1952 2301 2198 2367 honoris,
2231 2316 2371 2372 quos
2397 2317 2526 2355 casu
2569 2303 2740 2367 novit,
2775 2302 3010 2376 fragiles,
3046 2303 3422 2374 depositorum
3454 2305 3561 2360 fra-

1949 2397 2218 2462 ternoque
2262 2391 2370 2458 juri
2418 2390 2760 2462 principatus
2810 2393 3191 2447 moderamina
3252 2401 3560 2464 spontaneo

1948 2479 2144 2535 affectu
2173 2481 2446 2536 illaturum
2475 2483 2754 2557 cogitavit,
2807 2500 3020 2539 necnon
3055 2484 3241 2540 Romae
3281 2485 3565 2540 liminibus

1951 2572 2326 2644 apostolorum
2392 2574 2456 2608 ¹⁹⁷
2498 2575 2763 2630 orationis
2823 2577 2997 2650 gratia
3057 2577 3416 2647 quaeritandis
3456 2578 3558 2632 sub

1951 2659 2140 2714 domni
2194 2660 2481 2731 apostolici
2533 2679 2686 2718 sacra
2733 2664 3058 2719 auctoritate
3105 2667 3462 2722 saecularibus
3506 2685 3565 2722 se

1952 2753 2392 2807 renuntiaturum
2449 2755 2882 2826 monachicoque
2943 2756 3135 2810 habitu
3195 2758 3563 2826 vestiendum,

1957 2857 2130 2912 eaque
2171 2844 2591 2898 conversatione
2619 2845 2742 2898 vita:
2781 2846 3103 2915 temporalis
3153 2855 3390 2903 extrema
3420 2850 3566 2903 visu-

1959 2950 2079 2989 rum
2128 2935 2330 2991 interni
2385 2937 2598 2990 ardoris
2642 2936 2730 2991 siti
2773 2937 3066 2992 anhelavit.
3131 2941 3237 2994 Sed
3279 2942 3564 3014 largissimi

1961 3027 2389 3082 remuneratoris
2413 3027 2776 3098 providentia,
2807 3029 2983 3100 inquis
3004 3045 3227 3101 semper
3251 3032 3568 3087 meritorum

1962 3122 2569 3191 recompensationibus
2613 3139 2674 3176 se
2724 3122 2920 3196 dignos
2960 3122 3322 3190 glorificante,
3369 3127 3576 3194 majora

1962 3214 2092 3268 huic
2124 3214 2430 3270 caelestium
2465 3217 2708 3272 consorti
2741 3217 2804 3251 ¹⁹⁸
2831 3232 3052 3270 servare
3093 3217 3318 3290 dignata
3339 3227 3422 3271 est
3459 3235 3573 3273 cer-

1963 3307 2188 3371 tamina,
2221 3313 2279 3361 ut
2312 3314 2434 3377 post
2474 3309 2669 3363 horum
2712 3308 2930 3364 nobiles
2966 3307 3275 3378 triumphos
3304 3310 3578 3366 nobiliora

1965 3406 2148 3470 captet
2174 3405 2228 3453 et
2258 3399 2512 3470 praemia,

2042 3492 2104 3546 17
2137 3491 2221 3545 '99.
2257 3490 2526 3555 Quoniam
2572 3508 2779 3546 vesano
2812 3493 3061 3567 germani
3108 3492 3393 3548 Bolezlawi
3426 3493 3577 3566 regni

1969 3585 2248 3642 desiderio
2296 3585 2365 3618 ²⁰⁰
2403 3600 2629 3655 quoquo
2669 3586 2834 3641 modo
2891 3591 3074 3656 posset
3112 3586 3452 3657 acquirendi,
3485 3603 3586 3656 per

1966 3675 2320 3730 multimodas
2370 3673 2694 3728 insidiarum
2751 3677 3023 3730 versutias
3066 3677 3120 3729 in
3179 3681 3424 3730 sanetum
3490 3676 3581 3730 Dei

1970 3766 2384 3830 exardescente,
2428 3765 2529 3818 iter
2557 3765 2622 3798 ²⁰¹
2668 3765 2853 3820 Romae
2907 3767 3245 3821 tendendum
3305 3766 3589 3838 intercipi-

1971 3867 2076 3924 tur,
2110 3856 2352 3927 profana:
2383 3857 2563 3932 gentis
2589 3857 2868 3911 cotidiana
2906 3857 2975 3891 ²⁰²
3004 3857 3348 3928 conspiracio
3402 3858 3583 3912 domi-

1973 3947 2225 4002 ciliorum
2260 3945 2506 4001 latibulis
2537 3945 2735 4000 furtive
2767 3945 3050 4013 densatur,
3084 3947 3371 4018 ipsiusque
3403 3945 3584 4001 fratris

1978 4037 2184 4093 invidia
2226 4037 2294 4070 ²⁰³
2326 4036 2498 4110 magis
2532 4035 2837 4108 magisque,
2896 4036 3119 4090 diabolo
3169 4035 3413 4091 fomitem
3447 4052 3582 4106 prte-

1980 4129 2169 4194 bente,
2201 4128 2540 4184 accenditur.
2591 4127 2945 4197 Nequaquam
2995 4133 3178 4182 tamen
3211 4128 3456 4184 omnium
3490 4143 3597 4182 sae-

1608 4277 1839 4331 νΑΒιίΕ
1869 4277 2250 4332 LECTIONES.

334 4403 400 4436 ¹⁸⁴
440 4401 597 4476 initio
628 4403 681 4476 1.
710 4403 764 4457 F.
823 4403 1004 4476 itaque
1034 4403 1086 4468 2,
1121 4405 1197 4476 3.7
1261 4403 1326 4476 ίὲδ
1359 4404 1611 4460 nationes
1638 4420 1776 4458 corr.
1809 4405 2080 4460 motiones
2111 4406 2161 4457 1'
2251 4404 2317 4438 ¹⁸⁶
2351 4405 2408 4456 ln
2448 4410 2694 4476 tempore
2746 4409 2926 4456 autem
2961 4403 3052 4476 illo
3085 4404 3240 4458 multi
3279 4405 3594 4463 sacerdotes

254 4474 330 4528 de
355 4473 638 4543 provincia
669 4473 1056 4530 Bauuariorum
1092 4485 1144 4529 et
1171 4475 1239 4528 de
1283 4475 1504 4540 Sueuia,
1551 4475 1842 4529 audientes
1874 4476 2071 4530 famam
2111 4477 2179 4528 de
2207 4491 2275 4528 eo
2323 4474 2678 4530 confluebant
2718 4491 2839 4528 cum
2888 4475 3138 4544 reliquiis
3192 4485 3506 4530 sanctorum
3541 4487 3594 4531 et

257 4545 420 4620 libris
451 4545 518 4597 ad
551 4560 713 4620 eum,
738 4546 942 4620 quibus
972 4547 1230 4601 omnibus
1271 4546 1526 4620 habunde
1567 4563 1758 4620 aurum
1791 4555 1843 4600 et
1871 4555 2177 4620 argentum,
2212 4546 2463 4620 crusinas
2503 4554 2555 4620 et
2596 4545 2873 4620 mancipia
2903 4553 3063 4620 atque
3094 4547 3425 4620 uestimenta
3459 4548 3595 4602 hila-

260 4617 399 4670 riter
430 4626 592 4697 prout
624 4617 922 4698 unicuique
953 4634 1095 4698 Opus
1124 4625 1239 4698 erat
1269 4619 1564 4698 prestabat.
1721 4616 2166 4698 qu_oque'oinnes
2196 4618 2438 4691 magistri
2474 4617 2812 4698 mirabantur
2851 4617 2906 4696 in
2936 4616 3184 4698 doctrina
3211 4618 3358 4698 ejus.
3380 4618 3596 4698 Poterat

258 4703 505 4760 namque
545 4687 786 4742 imitator
835 4686 950 4743 fore
983 4686 1277 4758 psalmistze
1307 4689 1400 4758 qui
1448 4690 1501 4742 in
1544 4686 1933 4759 spiritu—dixit:
1983 4691 2164 4760 Super
2219 4686 2414 4743 omnes
2448 4696 2699 4760 potentes
2738 4703 2833 4760 me
2877 4686 3141 4760 intellexi,
3186 4687 3316 4758 quia
3347 4690 3589 4745 testimo-

258 4758 356 4811 nia
388 4766 481 4811 tua
512 4759 808 4814 meditacio
841 4775 960 4814 mea
984 4757 1090 4832 est.
1137 4760 1194 4813 ln
1225 4757 1382 4830 cujus
1422 4757 1587 4814 etiam
1626 4771 1811 4814 mente
1841 4761 1956 4816 sola
1984 4757 2245 4831 preciosaa
2286 4757 2590 4832 margaritis
2621 4758 2837 4832 claritas
2894 4757 3170 4832 fulgebat,_
3188 4757 3385 4832 cuique
3418 4760 3596 4814 domi-

259 4843 370 4882 nus
423 4837 624 4883 tantam
665 4832 905 4902 graciam
954 4830 1204 4885 conferre
1263 4829 1520 4902 dignatus
1568 4838 1670 4896 est,
1730 4840 1788 4886 ut
1827 4842 1880 4886 et
1930 4829 2118 4902 preliis
2155 4829 2653 4902 victorie‘iiisteret.
2713 4829 3096 4902 ‘Uultuau‘teni
3147 4829 3250 4884 fuit
3309 4845 3591 4900 procerus,

259 4847 370 4882 nus
423 4847 624 4883 tantam
665 4847 905 4902 gracnam
954 4847 1204 4885 comerre
1263 4847 1315 4884 (ll
1361 4847 1520 4886 natus
1568 4847 1670 4896 eSt,
1730 4847 1788 4886 ut
1827 4847 1880 4886 et
1930 4847 2118 4902 pretiis
2155 4847 2327 4886 VlClOI‘
2379 4847 2653 4884 eXISLCI‘Ct.
2721 4847 2879 4884 uultu
2913 4847 3096 4883 autem
3147 4847 3250 4884 iuit
3309 4847 3591 4900 procerus,

257 4915 498 4974 corpore
554 4908 758 4966 castus,
827 4903 901 4956 ita
965 4902 1269 4974 utcelebs
1322 4847 1533 4957 ﬁibenti
1593 4904 1777 4957 animo
1832 4913 2049 4974 Optaret
2101 4903 2268 4957 uitam
2327 4901 2486 4974 finire
2562 4899 2823 4974 Blandum
2893 4900 3305 4974 habebatucum
3368 4902 3595 4956 mitibus

260 4970 572 5080 elog‘uium,
606 4988 744 5042 quos
774 4982 956 5027 autem
981 4973 1193 5027 sciebat
1225 4974 1442 5027 inmites
1472 4981 1526 5028 et
1556 4982 1821 5080 uagantes
1865 4970 1986 5029 sine
2009 4991 2192 5040 causa,
2221 4982 2332 5028 toto
2373 4973 2557 5027 animo
2587 4971 2797 5026 uitabat
2854 4973 3009 5025 addit
3032 4971 3097 5024 Μ.
3145 4971 3208 5004 ¹⁸⁷
3242 4981 3513 5044 reguntur
3539 4974 3589 5029 3.

265 5042 334 5075 188
409 5042 649 5080 nlnqlnnu
696 5044 730 5080 θ
848 5044 1112 5080 18919011“:
1171 5045 1428 5080 inetinnhi
1471 5045 1505 5080 Ο
1621 5046 1686 5078 10
1715 5045 1958 5080 ΜΛι-θαιῖα
2005 5048 2039 5080 ω
2121 5045 2152 5080 Q
2261 5044 2667 5080 191Raclinnnm
2715 5043 2865 5080 antlia
2919 5042 2952 5080 ε)
3038 5041 3070 5080 2
3150 5041 3458 5080 rndnennnn
3524 5044 3565 5080 M

265 5042 334 5114 if“?
360 5041 650 5114 Bolezlaus
696 5044 748 5096 2.
848 5044 911 5079 ¹⁸⁹
937 5052 1113 5098 tactus
1170 5045 1431 5100 instinctu
1471 5045 1524 5100 2.
1621 5041 1686 5080 ¹⁷⁵⁰
1715 5045 1961 5100 mortalis
2005 5048 2058 5101 2.
2120 5045 2172 5109 3,
2261 5045 2322 5078 ¹⁹¹
2358 5044 2667 5114 Rastipona:
2715 5043 2866 5114 sedis
2919 5042 2972 5096 2.
3037 5041 3090 5096 3.
3150 5041 3458 5114 radaspone
3523 5044 3588 5096 M.

265 5111 640 5193 1“negaturus
690 5115 871 5184 suppl.
904 5118 954 5169 1.
1043 5115 1110 5149 ¹⁹³
1140 5116 1278 5193 c._d.
1313 5122 1332 5169 t
1382 5133 1426 5169 ς.
1460 5116 1514 5193 b_.
1549 5117 1742 5193 desunt
1769 5117 1840 5193 _2.
1875 5118 1926 5193 3.
2017 5119 2083 5152 19‘
2107 5117 2317 5171 honore
2469 5111 2524 5168 3.
2605 5115 2674 5193 “fr
2704 5113 3236 5193 Episcopusmautem
3278 5111 3445 5193 Tutus
3498 5131 3594 5168 ex-

307 5182 460 5237 audit
500 5199 696 5257 manus
732 5182 879 5252 suas,
921 5202 1043 5240 cum
1074 5187 1370 5257 gratiarum
1395 5188 1620 5242 accione
1651 5187 1719 5240 ad
1750 5189 2035 5243 dominum
2077 5203 2246 5243 ovans
2276 5193 2331 5240 et
2360 5186 2582 5241 dicens:
2640 5185 2716 5240 lte
2747 5182 2970 5240 narrate
3004 5182 3268 5257 filiogmeo
3294 5184 3589 5239 UUenzez—

288 5269 433 5308 auuo
483 5255 764 5310 dicentes:
819 5259 936 5312 Jam
974 5255 1209 5310 ecclesia
1249 5266 1340 5312 tua
1371 5265 1586 5312 constat
1632 5264 1759 5312 ante
1801 5258 2089 5313 Dominum
2122 5259 2288 5312 Deum
2319 5257 2712 5313 uenustissime
2751 5261 3080 5312 constructa.
3113 5255 3357 5324 Cumque
3381 5272 3592 5310 narras-

266 5331 394 5404 sent
418 5327 1349 5404 secundumjussionemepiscopi,
1383 5329 1542 5404 ualde
1570 5329 1793 5404 gauisus
1821 5329 1929 5404 fuit
1951 5329 2364 5404 et_conguocatis
2393 5329 2656 5404 omnibus
2685 5328 3132 5404 Deo_opitulante
3170 5327 3291 5404 ipse
3326 5326 3594 5404 incipiens

269 5397 413 5470 miro
445 5397 636 5451 ordine
669 5398 922 5470 fundauit
951 5397 1238 5453 ecclesiam
1274 5397 1334 5453 in
1361 5397 1598 5454 nomine"
1615 5400 1788 5454 sancti
1828 5399 1954 5454 Uiti.
1990 5400 2056 5454 M.
2141 5401 2206 5434 “’6
2236 5401 2596 5454 emortalibus
2638 5401 2687 5454 1.
2768 5401 2831 5434 19"
2865 5397 2914 5452 a.
2952 5397 3287 5470 principisi2.
3352 5398 3588 5470 “miglo-

267 5463 494 5539 rificans
521 5485 592 5522 m.
629 5470 682 5522 h.
713 5469 932 5524 celestis
962 5471 1225 5524 consortii
1256 5471 1309 5524 2.
1334 5472 1367 5524 3
1473 5471 1538 5505 ¹⁹⁹
1564 5471 1651 5524 hic
1677 5473 1917 5539 capitum
1954 5473 2352 5527 distinctionem
2375 5473 2619 5527 institui.
2700 5470 2768 5505 ²⁰⁰
2797 5488 2848 5526 v.
2873 5463 2966 5526 vel
2986 5463 3192 5526 invidia
3213 5469 3263 5521 3.
3349 5468 3412 5504 ²⁰¹
3450 5463 3593 5523 inter

265 5535 324 5592 1.
407 5539 721 5594 ’0’deest2.
795 5539 1176 5610 ’°3nequiti3.
1740 5535 1752 5539 ’

393 5649 406 5662 .
1811 5611 2000 5667 nom

345 5649 450 5749 (2'5)
492 5681 690 5735 Sedem
717 5681 893 5736 tenuit
922 5697 969 5734 τί.
995 5681 1299 5735 894-942.

345 5751 454 5821 (26)
495 5751 785 5808 Ecclesiam
819 5769 848 5805 a
875 5752 1100 5807 Tutonis
1116 5765 1455 5812 successore,
1485 5749 1750 5806 Michaele
1781 5751 2071 5824 episcopo,
2093 5758 2469 5812 consecratam
2496 5767 2640 5819 esse,
2673 5749 2898 5811 Cosmas
2933 5754 3115 5814 tradit.
