3978 6214
418 348 528 406 935

1560 311 1894 371 GUMPOLDI
1936 303 2227 361 EPISCOPI
2268 300 2607 355 MANTUANI

3644 294 3766 352 936

419 479 550 534 vitia
591 477 645 530 in
670 464 1001 527 sanctissimi
1032 461 1130 516 viri
1166 455 1434 513 occultam
1464 465 1657 505 necem
1710 443 2028 513 conjurato-
2054 443 2110 508 Α
2138 451 2254 489 rum
2279 441 2586 487 nostrarum
2615 436 2837 500 paratus
2862 434 3150 498 susceptor
3186 427 3543 498 clemensque
3570 426 3629 480 in
3662 440 3767 496 pa-

569 565 783 618 beatam
816 554 980 611 futuri
1012 551 1158 605 diem
1190 542 1420 615 trophaei
1449 548 1573 594 ante
1618 535 1709 590 Dei
1741 530 2034 623 prresigna-

423 659 626 713 tionem
658 648 966 705 accelerare
1018 639 1325 695 valuerunt.
1378 630 1561 685 Frater
1590 633 1772 680 autem
1807 618 2033 675 sceleris

422 750 476 802 in
527 760 652 800 eum
686 735 873 794 luendi
927 732 1057 787 satis
1114 725 1431 797 impatiens,
1472 725 1682 773 ceteras
1727 712 1949 768 fraudes
1978 708 2035 762 in

426 841 545 908 ejus
581 835 787 891 caedem
818 844 925 883 non
955 824 1159 879 debere
1206 818 1383 872 visum
1412 821 1494 868 est
1520 810 1727 865 diutius
1778 818 2035 877 prosecu-

428 893 609 986 turum
644 928 732 985 ’0‘,
766 934 956 976 verum
1005 928 1169 969 unam
1211 908 1333 963 aliis
1375 904 1642 976 aptiorem
1675 897 1828 952 nefas
1859 893 2041 965 potius

431 1013 688 1073 maturari
744 1028 775 1065 a
818 1025 876 1063 se
943 1004 1012 1038 ²⁰⁵
1061 1000 1278 1056 cautius
1318 996 1593 1049 inventam
1628 985 1850 1056 delegit.
1911 982 2041 1035 Nam

429 1114 749 1163 cunctorum
782 1098 951 1155 armis
980 1092 1216 1148 vestium
1250 1090 1594 1143 contractura
1648 1078 1839 1133 dolose
1869 1074 2042 1127 laten-

435 1200 603 1265 tibus,
647 1192 1015 1260 simulataque
1053 1200 1209 1256 pace,
1242 1194 1395 1235 amor
1425 1175 1525 1229 sub
1559 1172 1815 1265 fraterno
1851 1166 2046 1265 obtutu

431 1256 602 1361 quasi,
639 1298 805 1339 verus
858 1256 1101 1350 tingitur,
1157 1270 1250 1342 qui
1290 1265 1467 1339 magis
1515 1258 1752 1317 nocendi
1792 1256 2049 1311 facultate

435 1374 731 1451 quaerenda
773 1373 1107 1424 monstratur
1132 1363 1219 1413 ’05.

654 1461 764 1516 Sub
814 1454 1100 1525 cujusdam
1160 1465 1287 1505 vero
1346 1446 1554 1501 festiva:
1612 1440 1723 1496 diei
1771 1431 2051 1492 exultabili

447 1571 570 1618 ortu
594 1556 781 1613 infelix
812 1553 901 1606 ille
929 1547 1136 1604 fraudis
1157 1544 1367 1598 amicus
1396 1542 1617 1594 domum
1644 1532 1920 1606 propriam
1947 1527 2054 1597 (27)

442 1652 594 1707 omni
623 1648 1068 1700 arnamcntorum
1091 1635 1270 1704 c0pia,
1314 1646 1435 1702 qua-
1464 1627 1589 1681 huic
1617 1623 1765 1697 genti
1795 1633 2053 1689 umquam

442 1742 612 1798 moris
653 1742 810 1792 erant
854 1729 1107 1785 habenda
1157 1726 1244 1787 ’07,
1296 1739 1458 1794 quam
1490 1717 1741 1775 studiose
1792 1711 2055 1786 fulgidam

440 1835 597 1897 fecit;
646 1828 955 1886 convivium
992 1824 1114 1894 plus
1144 1818 1305 1873 solito
1352 1812 1655 1887 parandum
1687 1805 1951 1861 ministris
1980 1804 2057 1856 in-

440 1892 605 1989 dixit;
661 1919 869 1975 amicos
901 1892 1005 1969 sub
1065 1904 1373 1981 hylaritatis
1402 1902 1588 1973 specie
1636 1894 1914 1958 invitavit;
1971 1892 2056 1962 ip-

445 2017 673 2086 siusque
712 2007 977 2083 principis
1031 2001 1263 2073 supplex
1324 1997 1391 2030 ²⁰⁸
1449 1994 1727 2067 ingressus
1774 1986 2057 2059 palatium,

448 2078 727 2165 conviviis
750 2117 875 2157 eum
899 2099 1164 2152 interesse
1192 2088 1446 2145 fraternis
1475 2085 1651 2156 primo
1682 2078 1929 2136 omnium
1951 2091 2060 2148 quo

449 2201 771 2273 dignaretur
800 2187 1129 2264 corrogavit.
1172 2183 1337 2251 Cujus
1364 2172 1775 2233 mansuetudini
1814 2168 2063 2242 quamvis

448 2260 599 2345 falsis
624 2289 734 2342 Deo
752 2260 1316 2357 dignus'Vencezlaus
1336 2270 1403 2303 ²⁰⁹
1424 2267 1653 2322 multum
1684 2260 2061 2335 congaudens,

449 2396 616 2456 atque
667 2377 942 2436 consertis
974 2372 1212 2427 invicem
1269 2365 1545 2427 manibus,
1579 2360 1801 2414 domum
1833 2354 1902 2388 ²¹⁰
1931 2367 2063 2425 gau-

450 2451 544 2532 dio
595 2476 894 2528 introeunt.
958 2464 1145 2536 Epulis
1202 2458 1571 2514 discumbunt.
1631 2452 1880 2520 Vinoque
1947 2451 2069 2516 post

454 2568 679 2639 longum
731 2558 986 2631 quisdam
1024 2555 1090 2587 ²¹¹
1123 2550 1386 2605 ferocium
1409 2544 1759 2602 convivarum
1787 2536 2066 2600 saturatis,

456 2627 607 2712 fraus
637 2653 876 2710 conflata
906 2648 1001 2702 diu
1035 2646 1203 2700 latere
1254 2640 1530 2704 nesciens,
1563 2652 1659 2691 eos
1690 2631 1847 2705 quasi
1876 2627 2071 2684 unani-

461 2747 625 2799 miter
654 2743 711 2796 in
766 2737 939 2794 sancti
971 2735 1075 2789 viri
1115 2747 1305 2787 necem
1359 2726 1629 2784 accendit.
1666 2722 1762 2787 Qui
1815 2718 2074 2783 malivoli,

463 2833 827 2892 mucronibus
855 2834 1006 2883 veste
1053 2825 1168 2894 jam
1200 2822 1382 2885 tectis,
1425 2827 1507 2873 ter
1536 2821 1845 2888 surgentes,
1887 2818 2078 2881 terque

458 2927 656 2980 iterum
681 2918 838 2992 quasi
872 2912 1281 2987 quodammodo
1306 2909 1432 2963 lassi
1462 2906 1686 2961 sedibus
1718 2919 1780 2957 se
1812 2900 2079 2955 inclinan-

460 3026 543 3071 tes
570 3016 661 3080 ω,
691 3011 903 3069 viribus
933 3008 1109 3063 saltim
1141 3006 1209 3040 ²¹³
1238 3012 1293 3059 et
1329 3001 1550 3057 audatia
1575 2997 1803 3054 omnino
1828 2992 2077 3058 emolliti,

459 3123 527 3163 eo
574 3104 723 3177 quod
775 3101 1019 3156 nondum
1069 3096 1335 3152 divinitus
1359 3094 1513 3161 jussa
1558 3088 1773 3145 venerit
1805 3085 2082 3158 passionis

462 3200 615 3259 hora,
666 3193 913 3247 inlaesum
946 3205 1069 3243 eum
1111 3186 1457 3240 dimiserunt.
1506 3180 1676 3247 Hujus
1717 3178 1793 3232 rei
1832 3178 1948 3247 ipse
1988 3180 2081 3228 aut

466 3288 693 3352 inscius,
730 3282 971 3357 periculo
1003 3296 1113 3335 non
1142 3276 1393 3350 pavidus,
1420 3271 1592 3327 divini
1619 3270 1902 3326 tutaminis
1929 3283 2083 3322 secu-

467 3382 623 3436 ritate
676 3376 970 3439 animatus,
1012 3384 1264 3443 quamvis
1295 3364 1580 3435 cujusdam
1622 3361 1866 3416 clientuli
1921 3360 1975 3414 in
2015 3359 2084 3393 ²¹⁴

466 3484 653 3523 aurem
676 3461 1013 3520 susurrantis
1038 3458 1271 3522 cautela,
1305 3452 1583 3526 quomodo
1605 3456 1795 3506 contra
1823 3465 1950 3503 eum
1972 3463 2087 3501 mo-

467 3560 548 3614 liti
581 3557 803 3622 fuerint,
836 3555 1276 3626 praestrueretur,
1307 3546 1441 3601 sede
1468 3546 1535 3579 ²¹⁵
1559 3551 1867 3598 tamennon
1887 3547 2090 3605 motus,

470 3648 715 3712 fratrem,
746 3652 1073 3712 ceterosque
1096 3636 1452 3694 considentes
1490 3634 1559 3668 ²¹⁶
1581 3630 1897 3697 exhilarari,
1935 3638 2098 3700 quasi

471 3738 704 3810 hospitis
733 3737 806 3771 “7
841 3742 994 3807 grata
1021 3732 1164 3796 vice,
1208 3728 1521 3784 amabiliter
1566 3726 1797 3800 r0gavit.
1831 3723 1895 3778 Et
1935 3720 2101 3793 paulo

471 3836 596 3903 post
626 3835 809 3883 amota
855 3840 1049 3879 mensa
1085 3821 1280 3896 surgit,
1339 3820 1674 3890 impletaque
1732 3816 1860 3871 vino
1884 3820 2088 3885 patera,

476 3920 740 3977 modestae
794 3915 1154 3973 salutacionis
1209 3912 1356 3968 dicto
1395 3926 1589 3966 omnes
1620 3908 1856 3964 dulciter
1910 3905 2098 3972 hujus-

478 4011 629 4068 modi
660 4007 992 4080 alloquitur:
1039 4028 1064 4053 «
1108 4002 1320 4058 Salutet
1348 4018 1446 4057 vos
1475 4001 1623 4056 salus
1661 3998 1910 4055 omnium
1943 3995 2102 4050 Chri-

482 4098 631 4156 stus!
666 4098 924 4162 Calicem,
966 4109 1129 4167 quem
1171 4108 1336 4147 manu
1367 4098 1553 4158 teneo,
1582 4090 1636 4144 in
1668 4088 1842 4143 sancti
1872 4085 2103 4140 archan-

672 4186 1001 4242 Michahelis
1054 4200 1297 4240 amorem
1354 4183 1602 4247 ebibere,
1653 4191 2108 4249 unumquemque

488 4288 733 4338 nostrum
782 4295 852 4333 ne
885 4279 1089 4351 pigeat,
1127 4278 1229 4332 hoc
1268 4290 1456 4331 amore
1503 4270 1871 4344 spiritalitatis
1892 4270 1961 4303 ²¹⁸
1992 4268 2113 4337 ejus

485 4373 832 4431 altitudinem
890 4387 989 4442 pro
1048 4385 1210 4441 posse
1266 4373 1618 4432 venerantes,
1678 4370 1737 4419 ut
1766 4374 2113 4435 quacumque

485 4191 595 4264 geli

2135 525 2299 584 radisi
2338 525 2649 595 voluptates
2698 523 2958 594 dignetur
2996 520 3116 575 fieri
3157 520 3469 585 subvector,
3503 519 3763 574 cordium

2134 621 2259 675 imis
2288 615 2605 689 precemur!
2644 638 2665 666 ι
2711 614 3015 685 Statimque
3048 613 3419 684 postverbum
3446 614 3606 667 laetus
3635 611 3768 665 ebi-

2136 708 2238 774 bit,
2271 705 2588 780 singillatim
2635 705 2701 737 ²¹⁹
2732 701 2991 757 omnibus
3039 701 3236 756 eodem
3287 715 3474 756 amore
3504 698 3773 773 singulos

2139 800 2375 871 scyphos
2413 798 2482 831 ²²⁰
2521 796 2830 850 ebibcndos
2861 794 3222 849 blandissima
3262 793 3520 864 propinat
3544 791 3770 847 osculo.

2143 893 2455 964 Intrepidus
2506 899 2709 957 autem,
2743 891 2977 960 sumptis
3008 897 3114 943 tam
3163 890 3393 944 honeste
3424 886 3628 957 epulis,
3688 885 3775 939 uti

2145 989 2332 1043 divino
2356 989 2515 1053 jussu
2558 1002 2643 1040 res
2695 983 2961 1048 differtur,
3021 984 3244 1037 domum
3287 981 3510 1036 inlaesus
3549 978 3774 1032 revisit.

2217 1081 2305 1135 19.
2340 1079 2525 1133 Noctis
2553 1084 2735 1131 autem
2779 1074 3059 1146 sequentis
3098 1075 3166 1108 ²²²
3219 1089 3419 1137 cursu;
3451 1071 3778 1126 orationum

2149 1185 2213 1224 ac
2233 1168 2658 1223 elemosinarum
2691 1164 3063 1219 curiosissima
3081 1164 3150 1197 ²²²
3175 1162 3457 1217 desudans
3483 1159 3779 1223 instantia,

2150 1259 2316 1316 futuri
2349 1260 2415 1293 ²²⁷
2446 1259 2722 1323 conscius,
2752 1257 2941 1311 mortis
2982 1272 3082 1326 pro
3123 1254 3339 1310 Christo
3372 1254 3495 1322 jura
3526 1251 3641 1322 pati
3673 1251 3782 1305 de-

2151 1360 2312 1408 votus
2358 1351 2715 1421 pernoctavit.
2781 1350 3067 1404 Redeunte
3117 1355 3298 1402 autem
3342 1354 3466 1418 post
3492 1344 3785 1419 gallicinia

2155 1444 2492 1500 matutinalis
2513 1444 2666 1497 horae
2693 1441 2898 1508 officio,
2924 1440 3084 1511 pulso
3103 1440 3410 1513 signaculo,
3445 1453 3555 1493 non
3583 1437 3784 1508 segnis

2156 1538 2336 1605 thoro,
2381 1546 2441 1592 ut
2464 1537 2574 1604 jam
2604 1543 2689 1590 est
2726 1534 2943 1598 solitus,
2994 1533 3312 1604 prosiliens,
3344 1530 3780 1600 aecclesiamque

2159 1632 2507 1704 prOperando
2531 1630 2832 1702 ingressus,
2864 1635 3083 1683 cantum
3124 1625 3505 1683 nocturnalem
3544 1624 3779 1679 laudes-

2083 1745 2133 1813 Β
2159 1742 2267 1797 que
2326 1723 2675 1779 matutinales
2711 1722 2962 1777 modesta
3014 1720 3293 1774 intentans
3333 1717 3779 1781 auscultacione,

2158 1822 2281 1886 post
2314 1814 2577 1885 plurimas
2607 1812 2897 1868 oraciones
2934 1811 3157 1865 domum
3189 1808 3349 1864 lassis
3378 1807 3644 1863 membris
3682 1806 3786 1861 ali-

2159 1910 2423 1975 quantum
2483 1916 2677 1957 somno
2722 1901 2791 1935 ²²⁴
2827 1898 3144 1955 reficiendis
3174 1898 3478 1954 divertitur.
3520 1896 3784 1951 [lubente

2153 1993 2265 2061 jam
2292 1993 2361 2027 ²²⁵
2393 1991 2625 2061 primum
2659 2005 2875 2052 aurora,
2908 1986 3206 2042 execrabili
3236 1986 3502 2041 memoria
3523 1985 3788 2040 scriben-

2159 2084 2379 2139 bendus
2398 2083 2680 2137 Bolezlaus
2692 2082 2761 2116 ²²⁸
2771 2081 2872 2135 viri
2885 2080 3057 2135 sancti
3071 2095 3386 2151 germanus,
3401 2078 3788 2149 perversitatis

2162 2183 2374 2240 auctor,
2404 2189 2525 2244 quae
2559 2172 2711 2243 prius
2740 2187 2891 2225 arma
2920 2177 3111 2225 contra
3149 2169 3502 2224 innocentem
3543 2168 3789 2223 latenter

2164 2266 2526 2321 commoverit
2573 2264 2639 2298 ²²⁷
2693 2279 2803 2319 ηοιι
2860 2263 3155 2327 inmemor,
3204 2277 3372 2331 specu
3428 2275 3538 2332 quo
3596 2260 3783 2323 latuit,

2166 2372 2319 2412 more
2380 2354 2592 2427 lupino,
2622 2370 2745 2409 cum
2797 2369 2863 2407 ex
2894 2353 3125 2407 adverso
3155 2368 3355 2425 agnum
3407 2350 3608 2406 furtive
3636 2351 3790 2405 lace-

2166 2446 2399 2502 randum
2455 2446 2632 2510 irruit,
2680 2445 2797 2515 ipse
2856 2459 2978 2499 cum
3020 2442 3230 2514 aliquot
3281 2442 3616 2513 sequacibus
3655 2442 3793 2496 huic

2171 2536 2366 2590 sceleri
2387 2533 2741 2605 comparibus
2764 2532 3061 2587 furibunde
3085 2546 3424 2604 progressus,
3451 2541 3505 2585 et
3521 2545 3796 2585 mucrone

2175 2624 2512 2688 succinctus,
2554 2622 2670 2677 viro
2712 2621 2949 2693 simplici
2979 2620 3165 2675 media
3202 2619 3290 2674 via
3324 2619 3521 2674 obvius
3564 2620 3794 2674 restitit.

2179 2720 2356 2786 Quem
2387 2724 2611 2772 sanctus
2636 2717 2753 2787 ipse
2783 2716 3070 2770 mitissima
3108 2715 3252 2769 inter
3277 2713 3566 2769 salutando
3592 2715 3661 2787 ²²ἕ
3694 2714 3798 2768 be-

2180 2782 2448 2883 nignitate
2470 2808 2538 2841 “9
2562 2806 2634 2861 ita
2660 2782 2733 2839 33°
2758 2805 3057 2876 alloquitur
3081 2821 3094 2858 :
3145 2823 3169 2854 α
3208 2805 3337 2871 Ave,
3366 2802 3531 2858 frater
3554 2782 3793 2859 dilecte!

2182 2905 2360 2973 grates
2403 2898 2686 2951 immensa:
2726 2894 3008 2949 dilectioni
3045 2902 3149 2947 tua:
3178 2908 3210 2946 a
3260 2892 3424 2948 nobis
3447 2895 3556 2950 sint
3584 2895 3794 2961 relatae,

2181 2990 2312 3062 quia
2340 2986 2645 3044 honoriﬁce
2684 2986 2954 3057 disposito
2983 2985 3048 3018 ²³¹
3099 2984 3217 3039 heri
3249 2985 3503 3040 convivio
3533 2985 3678 3040 bene
3702 3000 3802 3040 no-

2108 3116 2155 3180 C
2182 3078 2268 3132 bis
2300 3085 2354 3133 et
2382 3077 2517 3132 sotis
2552 3076 2797 3145 jucunde
2828 3075 2896 3108 ²³²
2922 3073 3265 3129 ministrasti.
3314 3097 3335 3124 ι
3380 3075 3509 3129 Tam
3542 3075 3611 3108 ³³⁸
3649 3075 3802 3129 dulci

2145 3159 2455 3240 'pessimus
2502 3166 2596 3219 ille
2630 3180 2739 3219 non
2794 3164 3137 3234 respondens
3185 3163 3529 3231 allocutioni,
3570 3165 3671 3220 sed
3703 3182 3803 3220 ex-

2182 3271 2353 3319 tracto
2381 3262 2554 3318 cicius
2581 3276 2733 3320 ense.
2778 3260 2834 3313 in
2863 3259 3039 3313 sancti
3078 3261 3273 3330 capitis
3301 3261 3561 3316 verticem
3607 3271 3668 3318 ut
3695 3262 3805 3318 for-

2187 3352 2295 3407 tius
2323 3351 2489 3419 valet,
2523 3348 2860 3421 percutiens,
2905 3348 3009 3402 ait:
3052 3368 3081 3398 α
3123 3348 3315 3403 Melius
3340 3349 3505 3404 hodie
3537 3350 3636 3405 tibi
3668 3367 3807 3421 prae-

2190 3455 2454 3512 paravero
2483 3440 2549 3473 ’3‘
2582 3436 2925 3494 convivium!
2973 3458 2993 3486 ι
3040 3437 3149 3491 Sed
3178 3438 3246 3471 ’35
3279 3437 3422 3493 ferro
3444 3439 3726 3494 resiliente
3752 3447 3811 3494 et

2193 3528 2552 3585 necvulneris
2568 3527 2788 3583 tandem
2811 3526 3029 3599 signum
3047 3534 3348 3582 annotante
3372 3527 3462 3593 '3‘,
3493 3529 3813 3601 geminatur

2198 3620 2359 3674 ictus.
2394 3618 2509 3683 Quo
2560 3617 2732 3672 nihilo
2763 3616 2940 3690 magis
2986 3616 3242 3683 laedente,
3276 3616 3446 3672 tercio
3486 3617 3653 3673 ferire
3683 3635 3807 3674 cum

2200 3714 2352 3776 velit,
2386 3729 2496 3767 una
2524 3728 2650 3767 cum
2681 3719 2908 3765 extenso
2940 3709 3080 3766 ictus
3129 3712 3280 3766 ensis
3309 3728 3472 3766 manu
3502 3713 3677 3768 territi
3706 3715 3809 3768 mi-

2195 3806 2306 3861 litis
2334 3805 2400 3839 ²³⁷
2427 3803 2645 3860 excidit.
2675 3804 2845 3868 Quem
2880 3805 3062 3857 statim
3093 3811 3315 3859 sanctus
3344 3803 3683 3860 Vencezlaus
3714 3823 3813 3876 per

2199 3895 2454 3968 capulum
2508 3894 2576 3927 ²³⁸
2604 3891 2909 3963 surripiens
2948 3901 3003 3946 et
3049 3908 3215 3962 supra
3257 3892 3593 3948 scelerosum
3629 3894 3812 3949 fratris

2197 3990 2311 4060 jam
2344 3987 2574 4042 inermis
2601 3986 2861 4041 verticem
2895 4000 3063 4039 manu
3102 3984 3308 4039 librans
3337 3985 3443 4040 ’39:
3494 4007 3518 4037 α
3558 3987 3816 4055 Videsne,
3867 4001 3872 4004 ·

2209 4077 2419 4149 inquit;
2451 4091 2483 4132 o
2516 4074 2733 4130 funeste
2754 4074 2783 4128 ?
2814 4074 2962 4128 Verti
2993 4072 3047 4127 in
3088 4080 3140 4128 te
3169 4081 3359 4145 posset
3388 4081 3495 4129 tua:
3526 4076 3815 4132 crudelita-

2209 4173 2280 4227 tis
2310 4172 2558 4227 exitium.
2603 4169 2713 4225 En!
2769 4169 2919 4225 unde
2952 4170 3252 4240 prohibeor
3280 4169 3503 4225 fraterni
3535 4173 3821 4244 sanguinis

2213 4259 2579 4316 ﬁerieﬁ‘usor.
2630 4258 2738 4313 Sed
2778 4258 2929 4324 nolo,
2980 4258 3047 4312 de
3078 4274 3243 4312 manu
3293 4274 3417 4313 mea
3461 4259 3659 4315 ultimo
3688 4275 3817 4315 exa—

2215 4357 2364 4412 mine
2396 4355 2621 4432 sanguis
2645 4356 2734 4421 “0,
2759 4370 2791 4411 o
2820 4353 3003 4419 frater,
3034 4361 3161 4409 tuus
3190 4361 3467 4425 queratur
3496 4355 3553 4410 in
3586 4372 3690 4411 me.
3718 4357 3821 4411 Re-

486 4470 623 4525 hora
660 4468 748 4523 lex
777 4429 991 4522 naturae
1043 4429 1113 4519 ad
1152 4472 1398 4519 extrema
1424 4476 1528 4518 nos
1558 4429 1869 4524 deduxerit,
1911 4429 2116 4512 anima-
2135 4429 2190 4499 D
2216 4452 2339 4523 cipe
2364 4429 2631 4526 gladium,
2666 4458 2880 4506 matura
2899 4450 3268 4522 supplicium;
3299 4466 3426 4522 quae
3453 4458 3583 4506 sunt
3614 4452 3821 4525 agenda

1836 4595 2057 4654 VARI/1‘3
2114 4593 2489 4650 LECTIONES.

566 4744 636 4781 ²⁰¹ι
669 4738 1195 4818 persecuturum“
1296 4735 1364 4769 ²⁰⁵
1397 4748 1471 4818 ac

493 4799 906 4872 mvencizlaus
953 4815 1000 4867 1.
1085 4809 1154 4843 ²¹⁰
1175 4823 1336 4876 super
1393 4799 1591 4876 linedm
1638 4799 1899 4876 addit}.
1943 4800 2064 4876 m’“

495 4871 713 4959 saepius.
801 4886 959 4959 mut
1105 4871 1271 4959 adg.
1319 4876 1421 4959 "'5
1439 4874 1560 4959 sed
1595 4889 1660 4959 eo
1700 4874 1735 4927 2
1776 4871 1863 4959 Δ3.

497 4960 716 5017 ritalitis
744 4959 796 5012 2.

493 5032 612 5089 2.3

498 5103 729 5158 tandum
760 5099 811 5155 3.

883 4955 952 4990 ²ι⁹
979 4950 1278 5025 singilatim
1312 4950 1359 5003 1.
1439 4945 1746 5025 mnqypltos
1772 4944 1819 4998 1ο

708 5030 776 5063 ”"
799 5025 1015 5082 somnio
1069 5013 1125 5077 Ἰ.
1181 5021 1461 5091 aliquanto
1502 5013 1683 5091 ﬁeri?“
1724 5013 2020 5091 somno)?-

892 5097 961 5131 ²²⁹
991 5087 1331 5168 benignitate
1364 5093 1412 5145 1.
1480 5088 1579 5168 f3“.
1596 5090 1739 5168 deest
1777 5087 1829 5140 1.

1519 4748 1621 4802 pro
1679 4747 1710 4784 a
1762 4746 1822 4784 se
1856 4729 1909 4802 _1
2002 4728 2602 4802 __’_°5pr_zemonstra_turﬁ
2630 4723 2685 4779 2.

2093 4795 2420 4870 quibusdam
2442 4868 2449 4870 ξ
2479 4797 2513 4850 2
2546 4795 2626 4870 Δ3.

1939 4871 2009 4905 ¹¹⁶
2036 4864 2379 4925 confidentes
2430 4868 2481 4921 1.
2537 4867 2592 4922 2.
2655 4864 2721 4899 ²¹⁷
2754 4864 2949 4934 οερίῐίδ
2980 4864 3029 4917 1-

1901 4942 1967 4976 ²²¹
2009 4940 2315 5046 frequentis
2366 4940 2391 4993 1
2461 4936 2737 5009 frequenti
2772 4935 2824 4990 2.
2893 4935 2963 4969 ²²²
2989 4934 3372 4989 curiocissima
3400 4936 3450 4988 1.

1901 5014 1942 5066 )l
1967 5013 2020 5066 2.
2133 5013 2175 5046 ²⁵
2206 5019 2387 5066 autem
2426 5011 2481 5064 2.
2505 5011 2538 5063 3
2642 5009 2710 5042 ²²⁶
2741 5006 3020 5061 belezlaus
3048 5006 3110 5059 2.
3202 5005 3268 5038 9’7
3297 5021 3327 5058 c
3384 5005 3403 5058 l

1913 5084 1977 5119 ²³¹
2008 5083 2264 5154 deposito
2295 5082 2345 5136 1.

2800 4722 2867 4755 ²⁰τ
2901 4719 3210 4776 habendam
3276 4722 3326 4776 1.

2702 4793 2771 4828 ²¹²
2801 4793 3136 4848 acclinantes
3179 4793 3232 4846 2.
3293 4791 3325 4847 3

3425 4719 3493 4755 ὀδ
3525 4722 3718 4781 suplex
3774 4728 3826 4781 1·

3429 4791 3499 4826 ²¹³
3527 4791 3716 4847 saltem
3769 4797 3821 4850 2.

3111 4863 3465 4944 in".spiritatis
3515 4880 3656 4917 corr.
3710 4868 3827 4937 Spi-

3112 4935 3450 4989 ocrssima1.
3546 4935 3618 4969 3’3
3638 4934 3827 4991 futurae

3596 4955 3618 4969 υ
3638 4955 3828 4992 iuturaa

3596 5007 3664 5041 ²²⁸
3690 5010 3830 5063 salu-

3426 5092 3673 5147 praaparo
3699 5080 3754 5133 2.
3776 5081 3829 5135 3.

2642 5009 2710 5042 ²²⁶
2741 5006 3020 5061 belezlaus
3048 5006 3110 5059 2.

2446 5081 2515 5115 ²³²
2540 5078 2764 5134 abunde
2802 5076 2852 5133 3.

3202 5005 3327 5058 mc
3384 5005 3403 5058 ι
3451 5006 3507 5059 2.

2943 5076 3010 5110 233
3038 5077 3155 5131 Jam
3188 5076 3239 5130 1.
3320 5075 3389 5111 εει

497 5147 1367 5243 guit-‘vii'sanguis“e'manuit,
1401 5159 1529 5233 quia
1568 5159 1830 5231 inpotens
1859 5161 1975 5210 erat
2028 5147 2126 5226 pre
2178 5168 2388 5226 pauore
2427 5151 2703 5243 horribili,
2760 5156 2816 5243 et
2861 5148 3054 5202 beatus
3104 5147 3513 5243 UUenzealaus‘I
3538 5147 3697 5204 facile
3749 5167 3834 5206 su-

876 5240 884 5243 -
1312 5234 1322 5243 .
1429 5240 1438 5243 _
1522 5232 1533 5243 1
1593 5230 1627 5243 ι.
1807 5227 1820 5243 ι
1880 5235 1890 5243 .
1940 5226 1994 5243 ιο.
2247 5240 2301 5243 η-
2368 5225 2476 5243 ᾼσγ--
2555 5238 2606 5243 _-
2700 5236 2766 5243 ..Α
2798 5220 2873 5243 --ει
2935 5225 3106 5243 ..Α-...ηδ
3163 5218 3342 5243 ενι-...κη
3403 5234 3473 5243 ...Α
3523 5236 3654 5243 .-Α-,Α
3742 5222 3829 5243 III-

502 5258 696 5315 perare
736 5226 1007 5315 potuisset
1037 5253 1204 5315 eum,_
1232 5226 1362 5304 quia
1392 5226 1469 5315 et_
1478 5226 1727 5315 gladium
1773 5226 2002 5315 abstulit

2053 5243 2085 5280 a
2140 5218 2305 5280 manu
2360 5225 2502 5294 ejus,
2552 5222 2651 5277 sed
2700 5220 2878 5276 noluit
2935 5225 3132 5294 semet_
3163 5218 3344 5287 ipsum
3403 5218 3676 5294 polluere.
3712 5222 3833 5294 illle

502 5288 1372 5368 32.};'ué'ciiéiasdtﬁi‘aic’éns:
1435 5288 1528 5357 Eia
1576 5302 1674 5356 ubi
1724 5298 1895 5354 estis?
1949 5297 2207 5368 adjuuate
2274 5288 2582 5368 mef’l‘unc
2631 5307 2826 5368 omnes
2890 5288 3150 5368 maliuolig
3189 5288 3543 5368 accurrentes
3587 5291 3656 5345 de
3712 5293 3840 5348 late-

504 5362 634 5453 bri-sv
668 5362 1133 5453 cumgladiiséet
1171 5375 1415 5453 lanceis“
1445 5372 1664 5453 multis
1688 5362 2031 5453 uulneribus
2050 5367 2326 5453 laniantes
2377 5365 2713 5422 occiderunt.
2777 5362 2845 5417 Μ.

1033 5447 1101 5482 ²⁸⁹
1130 5446 1358 5501 uibrans
1383 5444 1440 5498 2.
1472 5444 1526 5499 3.
1596 5442 1666 5478 "°
1696 5448 1823 5497 tuus
1851 5454 1884 5495 o
1909 5438 1947 5495 f.
1982 5456 2027 5494 s.
2050 5439 2105 5493 2.

504 5452 574 5487 ’³⁸
606 5450 858 5519 capulam
898 5450 925 5501 1
939 5488 953 5503 .

2926 5359 2997 5395 ²³⁶
3030 5366 3287 5414 anotante
3330 5362 3378 5415 1.
3450 5361 3517 5395 ³³⁷
3552 5379 3625 5416 ιη.
3690 5371 3727 5418 t.
3780 5364 3834 5420 2.

2072 5563 2290 5620 NOTIE.

592 5698 707 5768 (27)
742 5694 1088 5765 Bolislawiae,
1120 5695 1291 5751 hodie
1323 5695 1595 5766 Bunzlau;
1624 5697 1682 5754 in
1712 5691 1993 5751 Laurentii
2024 5690 2335 5749 Casinensis
2355 5688 2498 5746 libro
2529 5687 2908 5748 Uollesclabus
2936 5690 3186 5744 vocatur.
