3978 6214
154 337 262 392 937

1232 337 1378 391 VlTA
1421 336 1820 391 VENCEZLAVI
1865 335 2050 390 DUCIS
2094 336 2424 392 BOHEML‘E.

3387 337 3492 390 938

156 481 228 519 ne
259 464 484 519 differas
539 466 594 518 in
646 464 869 536 longum
913 463 926 517 l
965 487 986 511 -
1023 466 1317 534 Resumpto
1372 466 1566 520 iterum
1611 466 1773 520 fratre
1799 467 1857 538 Α
1882 476 2069 535 postea
2103 483 2210 521 non
2257 473 2703 535 comparuerunt,
2764 473 2858 519 aut
2889 481 3041 518 versa
3074 481 3172 535 pro
3202 465 3362 520 viciis
3395 484 3494 523 na-

159 557 368 628 impius
399 557 564 620 ferro,
608 556 776 610 altum
838 557 991 626 quasi
1026 558 1168 612 vinei
1195 565 1446 612 metuens
1478 559 1694 625 clamat,
1721 561 1774 616 in

157 646 425 699 auxilium
453 646 536 698 sui
567 646 747 699 socios
790 647 850 678 ²⁶¹
897 653 1072 710 vocat,
1107 664 1165 699 se
1194 649 1353 716 quasi
1392 658 1636 703 eoactum
1671 659 1723 705 et
1754 670 1782 705 a

161 738 347 792 fratris
374 737 579 806 impetu
648 736 799 807 prius
825 738 1007 791 hesum
1046 756 1351 812 repugnare
1386 740 1625 793 simulat.
1666 742 1782 796 Mox

159 828 294 883 sotii
322 844 522 900 magno
552 828 791 882 clamore
825 830 999 882 vocati
1021 840 1337 890 accurrunt.
1371 847 1587 884 causam
1621 833 1777 902 quasi

163 919 394 971 sceleris
420 918 487 949 ²⁸²
519 916 677 969 inscii
725 917 792 969 de
848 918 1083 970 tumultu
1124 929 1378 988 quierunt
1431 919 1639 973 domini
1692 921 1776 974 sui

165 1006 434 1060 fervidam
473 1006 720 1059 sentiunt
775 1006 928 1058 iram.
995 1006 1175 1076 quue
1226 1009 1337 1072 jam
1369 1014 1496 1061 tunc
1555 1009 1779 1063 sceleris

164 1108 390 1155 auctore
413 1107 607 1170 quarta
647 1099 765 1152 vice
819 1116 1031 1153 sacrum
1072 1109 1233 1170 caput
1267 1119 1363 1170 per
1396 1102 1561 1156 ictum
1595 1103 1774 1158 saltim

164 1189 578 1262 confringente,
612 1206 806 1243 omnes
834 1190 996 1243 simul
1056 1192 1222 1244 armis
1253 1192 1488 1257 irruunt,
1530 1195 1776 1248 certatim

167 1284 417 1338 membra
457 1285 660 1338 lanceis
689 1285 999 1358 gladiisque
1031 1286 1363 1354 perfodiunt.
1411 1289 1616 1358 Corpus
1655 1307 1782 1345 sau-

166 1375 372 1428 ciatum
423 1374 575 1427 humi
633 1375 996 1444 prosternitur
1042 1376 1385 1432 semivivum.
1424 1378 1782 1433 Crebrescunt

171 1463 368 1516 iterum
423 1463 728 1533 iterumque
769 1481 925 1516 saevae
990 1465 1294 1535 gladiorum
1342 1470 1724 1537 percussiones
1767 1488 1780 1533 ;

169 1553 400 1623 sanguis
459 1553 727 1605 innocuus
779 1553 1076 1606 effunditur
1121 1573 1134 1616 ;
1169 1572 1371 1625 corpus
1404 1556 1523 1610 labe
1556 1574 1782 1610 vacuum

171 1640 484 1694 minutatim
518 1641 586 1672 "3
615 1642 768 1711 quasi
797 1658 826 1694 a
857 1642 1084 1695 canibus
1138 1644 1424 1697 laceratur.
1474 1645 1664 1699 Anima
1695 1663 1786 1699 sa-

1885 568 2025 621 tura,
2053 575 2248 612 canum
2277 557 2340 590 ²⁵τ
2377 555 2572 610 latratu
2620 557 2736 609 vice
2773 555 3033 626 loquendi
3085 565 3321 610 utentes.
3353 559 3494 612 den-

1885 649 2016 702 tium
2041 647 2272 701 stridore
2303 661 2513 699 morsus
2545 645 2833 698 imitantur
2862 646 2928 678 ³⁵⁸
2959 645 3208 709 caninos,
3249 653 3341 700 aut
3390 648 3493 700 mi-

1884 760 2006 797 sera
2028 757 2316 810 corporum
2346 739 2598 793 ariditate
2621 739 2830 802 siccati,
2862 755 2963 794 nec
2986 754 3093 793 non
3116 739 3335 792 auditus
3358 756 3489 794 eon-

1885 834 2035 886 tinua
2066 831 2398 902 privacione,
2432 830 2596 884 vitam
2648 830 2782 900 ipsis
2834 829 3014 882 saltim
3044 829 3290 882 odiosam
3331 829 3491 883 finie-

1880 930 2026 980 runt.

1949 1017 2036 1072 23.
2069 1017 2397 1080 Quiescente
2431 1014 2631 1066 ibidem
2676 1029 2773 1082 per
2807 1011 2968 1064 trium
3008 1012 3180 1080 spatia
3223 1027 3490 1064 annorum

1883 1109 2196 1162 venerando
2215 1105 2740 1176 corpore,lidelibus
2766 1104 3021 1174 quisdam
3045 1105 3110 1136 ²⁵⁹
3145 1103 3491 1156 noctevisum

1882 1205 1985 1261 est,
2028 1205 2104 1262 ut,
2162 1197 2268 1249 Deo
2319 1211 2430 1248 rem
2492 1194 2825 1256 insinuante,
2886 1192 3013 1244 inde
3071 1192 3136 1245 ad
3191 1191 3492 1244 :ecclesiam

1884 1289 2054 1342 sancti
2116 1287 2218 1340 Viti
2273 1285 2530 1350 martiris,
2587 1301 2748 1355 quam
2807 1285 2924 1353 ipse
2954 1284 3064 1349 jam
3099 1291 3496 1346 construxerat,

1888 1377 2227 1450 religiosiorc
2259 1377 2612 1430 condendum
2645 1375 2923 1444 sepultura
2955 1373 3238 1426 transferri
3274 1373 3491 1426 debeat.

1887 1469 1984 1532 Qui
2025 1484 2218 1522 somno
2250 1467 2446 1521 emersi
2501 1467 2614 1519 viso
2644 1467 2956 1530 credentes,
3001 1473 3055 1518 et
3079 1465 3206 1518 licet
3236 1464 3499 1533 principis

1887 1557 2258 1626 tyrrannidem
2296 1562 2622 1617 metuentes,
2659 1555 2836 1608 noctis
2883 1565 3064 1607 tamen
3114 1552 3296 1605 medio
3321 1552 3498 1605 conti-

1887 1645 2033 1700 cinio
2081 1646 2297 1698 bustum
2357 1661 2517 1714 quam
2568 1644 2746 1714 pavidi
2826 1642 3133 1705 recludunt,
3186 1643 3496 1712 preciosum

171 1734 477 1788 cratissima
508 1733 956 1788 carneiclausura
987 1735 1252 1788 domicilii
1277 1737 1378 1789 sub
1397 1744 1473 1790 tot
1497 1738 1782 1792 vulnerum
1815 1738 2139 1833 Bmartyris
2182 1737 2400 1808 pignus,
2447 1753 2556 1790 non
2595 1745 2784 1804 aperto
2817 1734 3122 1805 sarcofago,
3157 1734 3409 1787 vehiculo
3433 1733 3501 1766 ²⁶⁰

171 1839 342 1884 exuta
373 1829 680 1893 tormentis,
714 1829 884 1882 nobili
919 1830 1196 1899 triumpho
1237 1832 1502 1904 angelicis
1529 1833 1790 1887 subvecta

174 1919 455 1983 manibus,
485 1921 683 1974 summi
709 1923 1132 1977 remuneratoris
1165 1933 1448 1993 aspectum
1478 1927 1680 1998 gaudio
1709 1927 1792 1980 vi-

171 2027 325 2073 sura,
359 2015 413 2062 et
439 2011 571 2063 inter
607 2010 876 2083 gloriosos
907 2009 1187 2065 martirum
1221 2013 1446 2066 ordines
1479 2032 1575 2083 per
1612 2032 1787 2068 aevum

177 2098 518 2161 confessum,
549 2099 650 2151 sub
680 2100 713 2151 4
745 2101 810 2132 ²⁶⁴
858 2100 1218 2155 Kalendarum
1251 2103 1561 2157 Octobrium
1597 2121 1793 2174 perpe—

180 2196 278 2241 tuo
312 2187 552 2241 laetantia
584 2188 736 2259 regni
769 2189 1006 2242 Ctl‘k‘SllS
1038 2190 1340 2263 ingreditur
1369 2194 1665 2248 consortia.

253 2275 341 2331 20.
387 2275 608 2330 Sacrum
647 2284 827 2330 autem
876 2294 1077 2348 corpus
1115 2281 1461 2335 credulorum
1504 2285 1662 2351 pauci
1697 2285 1788 2354 qui

179 2363 412 2419 aderant
447 2365 834 2420 venerabiliter
888 2367 1169 2439 sarcofago
1201 2371 1266 2402 ⁵⁸³⁵
1301 2371 1668 2436 includentes,
1696 2389 1790 2426 ce-

181 2457 392 2512 lebrato
421 2475 450 2510 a
476 2457 691 2512 clericis
721 2456 937 2511 funebri
967 2460 1260 2530 obsequio,
1291 2471 1440 2515 extra
1486 2463 1788 2518 aécclesiam

179 2546 503 2602 certaminis
557 2549 675 2601 loco
737 2548 971 2601 vicinam
1013 2550 1400 2604 condiderunt.
1449 2552 1792 2607 Succedente

185 2645 312 2706 post
345 2637 470 2689 hinc
502 2637 555 2689 in
589 2653 817 2709 regnum
873 2638 1056 2691 nimiae
1109 2641 1480 2708 perversitatis
1508 2641 1650 2695 duce
1684 2644 1790 2696 Bo-

182 2729 415 2794 lezlavo,
447 2729 761 2799 saevitiaque
799 2730 919 2795 ejus
970 2731 1023 2783 in
1053 2740 1300 2786 catervas
1331 2733 1574 2788 fidelium
1608 2736 1677 2768 "*5
1711 2736 1794 2790 fu-

185 2831 366 2889 rente,
410 2838 518 2876 non
550 2824 720 2877 multo
752 2834 872 2893 post
901 2824 1044 2879 beati
1080 2827 1178 2880 viri
1215 2843 1404 2881 necem
1437 2828 1526 2892 ω,
1562 2829 1800 2882 humana

187 2913 320 2965 dum
352 2910 550 2965 fruitur
577 2913 705 2976 vita,
733 2913 964 2967 clericos
993 2924 1046 2968 et
1076 2917 1304 2980 amicos,
1331 2932 1548 2970 necnon
1569 2919 1799 2972 servicio

187 3007 310 3075 ejus
352 3004 692 3059 familiariter
749 3006 992 3073 junctos,
1042 3008 1220 3061 subita
1282 3009 1471 3063 mortis
1525 3010 1801 3064 sententia

189 3098 472 3154 damnavit
505 3099 592 3151 ³⁵⁸.

1893 1838 2148 1898 percaute
2171 1829 2392 1899 ligatum
2437 1833 2837 1897 superponunt,
2868 1826 3120 1896 viamque
3157 1841 3263 1896 qua
3280 1839 3501 1896 gressus

1892 1935 1956 1973 eo
1979 1919 2250 1993 dirigitur,
2294 1928 2604 1988 carpentes,
2658 1917 2986 1988 perveniunt
3029 1917 3092 1969 ad
3147 1917 3322 1970 rivum
3371 1916 3499 1983 (28),

1895 2010 2202 2063 incedendo
2224 2010 2548 2082 supergredi
2605 2008 2936 2063 animalibus
2953 2009 3252 2078 plaustrum
3295 2008 3502 2060 ducen-

1897 2099 2043 2152 tibus
2071 2099 2242 2152 niniia
2291 2099 2662 2168 profunditate
2696 2098 3116 2165 intransibilem,
3159 2097 3426 2152 naviculis
3451 2104 3500 2149 et

1898 2202 2056 2260 portu
2091 2193 2364 2262 utrimque
2388 2192 2448 2224 ²δ¹
2494 2198 2790 2246 carentem.
2845 2191 2998 2244 Stant
3031 2191 3238 2261 quippe
3270 2190 3501 2242 circum-

1894 2285 2193 2354 spicientes
2257 2286 2398 2338 Pons
2423 2285 2536 2353 jam
2569 2284 2770 2338 fractus
2800 2285 3012 2339 undosa
3062 2283 3500 2356 transgressione

1894 2376 2192 2445 dissipatur
2225 2394 2237 2440 ;
2274 2378 2419 2449 ligna
2446 2378 2512 2430 ad
2569 2377 2691 2444 ejus
2741 2376 3145 2447 reparationem
3197 2392 3306 2430 non
3343 2376 3500 2428 inve-

1895 2468 2140 2521 niuntur.
2168 2468 2305 2531 Quid
2346 2470 2587 2522 facerent
2618 2469 2686 2501 ²⁶²
2733 2468 2761 2520 Ῡ
2802 2469 2933 2522 Dum
2985 2469 3041 2520 in
3093 2468 3190 2520 hac
3222 2474 3506 2520 versantur

1894 2560 2166 2631 angustia,
2218 2559 2396 2613 subito
2459 2560 2656 2613 erectis
2699 2551 3007 2624 obtutibus,
3057 2575 3185 2612 ecce
3245 2558 3378 2612 mira
3411 2558 3504 2611 Dei

1896 2659 2164 2722 praesente
2196 2653 2414 2716 virtute,
2469 2653 2772 2722 plaustrum
2805 2653 2972 2706 altera
3008 2660 3113 2705 stat
3141 2652 3209 2685 ³⁵³
3239 2652 3376 2720 ripa,
3402 2665 3508 2703 un-

1896 2745 2228 2816 diquesecus
2277 2746 2343 2777 ’6‘
2393 2760 2549 2814 aqum
2581 2744 2906 2798 bumiditate
2962 2744 3029 2776 ³⁵⁵
3063 2744 3321 2798 intactum
3389 2744 3505 2805 Quo

1903 2835 2167 2890 miraculo
2226 2835 2328 2905 ipsi
2386 2835 2724 2905 aliquantum
2774 2835 3112 2897 hzesitantes,
3175 2838 3511 2887 transnatato

1902 2943 2066 2996 supra
2095 2927 2336 2981 caballos
2367 2927 2564 2991 rivulo,
2621 2927 2928 2981 vehiculum
2959 2941 3113 2979 sacro
3144 2925 3286 2978 fasce
3318 2940 3516 2995 grava-

1904 3024 2014 3070 tum
2050 3016 2437 3086 prosecuti,ad
2460 3017 2638 3070 locum
2673 3014 3120 3086 praadestinatum
3159 3013 3319 3067 citius
3345 3011 3520 3082 appli-

1902 3115 2046 3173 cant,
2078 3108 2381 3162 tecclesiam
2415 3123 2537 3161 cum
2584 3106 2868 3177 sarcofago
2906 3107 3074 3160 Deum
3121 3104 3398 3159 laudando
3435 3105 3524 3158 in-

263 3191 350 3244 21.
412 3189 634 3242 Peracta
676 3188 955 3243 fortissimi
987 3190 1077 3243 llei
1125 3191 1341 3244 athletae
1387 3190 1454 3223 "9
1493 3190 1795 3246 venerabili

1902 3210 2141 3266 troeunt,
2173 3202 2492 3272 foribusque
2509 3202 2828 3274 diligentius
2843 3200 3113 3254 obseratis
3141 3200 3518 3270 precibusque

191 3285 473 3358 passione,
503 3283 740 3337 ministri
772 3285 992 3354 quidam
1011 3285 1358 3356 sanguinem,
1388 3285 1480 3354 qui
1517 3301 1614 3353 per
1645 3285 1799 3338 tabu-

190 3375 272 3429 las
333 3373 594 3427 zecclesite
651 3372 768 3442 ipsa
832 3373 1057 3426 martirii
1125 3374 1255 3427 hora
1321 3390 1578 3442 aspersus
1631 3389 1803 3442 appa-

194 3471 276 3516 ret
331 3461 585 3529 ’5°,jussi
642 3477 783 3531 aqua
833 3461 1096 3525 lavantes,
1155 3462 1374 3531 penitus
1405 3462 1797 3516 absterserunt.

195 3552 536 3621 Posteraquc
551 3550 639 3603 die
664 3549 791 3603 illuc
813 3549 1117 3614 venientes,
1153 3566 1260 3604 non
1286 3552 1470 3604 minus
1492 3569 1653 3622 quam
1679 3568 1800 3604 cum

197 3644 437 3715 primum
473 3641 662 3712 parieti
697 3643 925 3696 adhiesit
954 3659 1204 3696 cruorem
1248 3644 1425 3714 ipsum
1459 3644 1653 3698 eodem
1684 3643 1803 3697 loco

197 3733 484 3788 dilatatum
544 3733 606 3766 ²⁵¹
672 3732 1038 3802 conspiciunt.
1119 3733 1232 3787 Non
1291 3750 1479 3804 parum
1541 3733 1641 3803 ipsi
1703 3734 1807 3786 hoc

200 3828 318 3881 viso
348 3825 418 3860 ²δ²
449 3828 644 3892 territi,
674 3846 814 3899 aqua
847 3831 1044 3884 iterum
1077 3831 1260 3895 allata,
1289 3833 1457 3886 multo
1498 3832 1565 3864 ²⁵²
1599 3831 1810 3885 studio-

199 3920 316 3972 sius
372 3920 598 3973 abluere
653 3921 954 3975 decertant.
1019 3923 1267 3976 Crastino
1311 3932 1492 3977 autem
1545 3923 1810 3993 probandi

201 4008 634 4073 causa,sietiam
691 4010 870 4063 adhuc
919 4008 1157 4065 frustrati
1207 4012 1337 4076 sint,
1376 4013 1810 4077 redeuntes,non

206 4101 389 4155 minus
453 4102 683 4156 tinctum
750 4104 1020 4175 sanguine
1080 4105 1364 4174 parietem,
1427 4106 1679 4176 quamvis
1734 4115 1816 4160 ter

202 4191 426 4245 ablutus
471 4190 742 4256 videatur,
794 4203 1116 4264 agnoscunt.
1177 4194 1386 4257 Quibus
1453 4197 1521 4229 ’5‘
1585 4195 1812 4249 multum

206 4300 375 4354 super
416 4283 520 4337 hoc
565 4283 910 4351 mirantibus,
967 4302 1144 4356 eoque
1185 4287 1446 4341 abluendi
1491 4288 1677 4342 labore
1699 4296 1820 4359 post

207 4371 336 4425 inde
354 4371 722 4438 cessantibus,
756 4389 929 4444 usque
961 4375 1126 4430 hodie
1149 4377 1435 4448 sanguinis
1465 4378 1712 4445 ejusdem
1734 4379 1822 4433 in-

203 4463 470 4520 tinctione
495 4465 676 4532 paries
706 4465 822 4534 ipse
855 4482 950 4536 pro
967 4467 1128 4541 signo
1158 4470 1471 4524 venerando
1503 4471 1740 4525 nitescit.

277 4552 348 4606 22
404 4552 468 4606 Ut
498 4554 564 4586 ²⁵⁵
594 4554 867 4608 veracium
899 4572 1047 4627 saepe
1079 4557 1240 4612 nobis
1281 4560 1454 4613 relatu
1491 4560 1820 4630 patefactum

210 4656 316 4710 est,
342 4652 466 4715 post
495 4647 923 4702 constantissimi
943 4649 1278 4720 triumphum
1307 4652 1375 4685 ²⁵⁶
1394 4653 1611 4706 athleta!
1630 4669 1826 4707 omnes

210 4735 502 4810 sanguinis
532 4735 797 4792 eﬂusores
855 4738 1167 4793 innocentis
1211 4757 1453 4810 superno
1505 4741 1709 4796 incussi
1742 4741 1829 4796 fu-

213 4842 362 4895 rore,
396 4834 489 4882 aut
521 4827 818 4884 demonum
878 4837 1148 4900 potestate
1202 4833 1338 4902 rapti
1401 4832 1544 4886 inter
1574 4833 1827 4887 homines

1903 3294 2191 3348 sinceriter
2221 3291 2430 3358 effusis,
2462 3293 2805 3364 sarcofagum
2835 3291 3090 3361 aperiunt
3120 3309 3134 3354 ;
3168 3299 3221 3344 et
3251 3307 3378 3344 ecce
3398 3305 3525 3344 cor-

1903 3402 2004 3456 pus
2035 3401 2230 3439 carnea
2266 3384 2448 3438 adhuc
2478 3383 2624 3437 mole
2668 3383 2944 3455 integrum
2975 3389 3027 3435 et
3059 3397 3157 3451 per
3186 3389 3378 3434 cuncta
3407 3381 3525 3434 vul-

1906 3488 2035 3525 nera
2092 3487 2305 3536 sanum,
2389 3469 2784 3540 apparentibus
2840 3470 2909 3502 ²⁶⁶
2965 3476 3173 3522 tantum
3235 3469 3518 3540 plagarum

1904 3559 2092 3634 signis,
2126 3559 2229 3611 nisi
2246 3558 2420 3612 solum
2447 3557 2647 3610 vulnus
2670 3556 2913 3610 fraterno
2946 3572 3077 3610 ense
3109 3555 3329 3618 factum,
3366 3558 3518 3626 quod

1905 3669 1964 3706 se
1994 3651 2287 3704 dehiscens
2325 3647 2596 3722 sanguine
2649 3647 2826 3703 visum
2875 3655 2960 3702 est
3009 3663 3255 3701 manare.
3301 3647 3523 3701 lncluso

1910 3742 2104 3794 iterum
2151 3739 2252 3793 sub
2304 3739 2423 3808 ipso
2475 3735 2660 3790 altaris
2711 3737 2882 3801 aditu,
2943 3735 3240 3790 comitante
3273 3733 3522 3789 fidelium

1909 3831 2087 3895 turba,
2123 3831 2375 3900 interque
2415 3826 2745 3882 sonantibus
2804 3826 3127 3882 clericorum
3159 3826 3358 3896 ymnis,
3395 3841 3524 3895 pre-

1911 3925 2121 3978 ciosum
2153 3938 2354 3992 corpus
2391 3921 2595 3976 celebri
2646 3919 2910 3975 memoria
2937 3918 3307 3972 venerandum
3337 3919 3526 3972 condi-

1915 4015 2134 4068 derunt.
2168 4013 2243 4068 lbi
2276 4029 2406 4068 vero
2445 4012 2631 4066 divina
2657 4012 2861 4081 saepius
2899 4016 3221 4064 coruscante
3254 4009 3522 4079 omnipo-

1917 4107 2109 4170 tentia,
2159 4104 2654 4158 innumerabilibus
2711 4102 3091 4157 miraculorum
3167 4101 3340 4173 signis
3397 4100 3526 4154 felix

1919 4194 2177 4249 exultatio
2225 4192 2482 4246 fidelibus
2540 4199 2824 4262 terrorque
2888 4189 3209 4255 incredulis,
3258 4187 3394 4242 tanti
3426 4187 3528 4242 viri

1920 4283 2149 4348 meritis,
2179 4279 2623 4352 frequentissime
2649 4279 2920 4333 clarescit.
2951 4277 3115 4346 Cujus
3136 4285 3318 4331 autem
3353 4285 3532 4330 trans-

1924 4375 2143 4431 lationis
2196 4381 2412 4443 tempus
2462 4371 2564 4424 sub
2601 4371 2636 4424 4
2666 4371 2730 4403 ²⁶⁷
2793 4369 2926 4422 Non.
2981 4368 3164 4422 Marcii
3208 4367 3536 4422 mortalibus

1923 4467 2312 4526 celebrandum
2343 4470 2654 4518 annotatur.
2713 4463 2785 4516 De
2847 4461 3136 4516 virtutibus
3174 4467 3378 4524 autem,
3412 4475 3535 4530 quae

1927 4562 2102 4632 pietas
2130 4558 2312 4613 divina
2342 4573 2438 4627 per
2482 4555 2799 4609 meritorum
2833 4553 2954 4620 ejus
2984 4553 3102 4608 orbi
3133 4553 3533 4606 clarescentem

1927 4652 2156 4726 gloriam
2204 4659 2326 4722 post
2368 4651 2589 4724 dignata
2635 4653 2719 4702 est
2751 4643 2990 4714 operari,
3041 4643 3314 4698 sermonis
3363 4644 3534 4697 nostri

1929 4751 2242 4800 transcursu
2273 4743 2488 4798 curiosa
2542 4741 2897 4795 iuterseratur
2933 4735 3160 4798 mentio,
3195 4735 3536 4807 condignum

1929 4834 2169 4887 videtur.

1583 4962 1802 5017 VARI/13
1842 4961 2222 5018 LECTIONES.

289 5055 356 5090 ²⁵¹
390 5072 433 5109 s.
471 5055 526 5110 in
551 5072 581 5110 a
620 5057 702 5111 sui
765 5058 819 5113 ‘2.
856 5059 924 5092 ²⁴²
953 5076 996 5113 s.

1056 5077 1108 5130 q.
1144 5060 1196 5114 2.
1241 5061 1310 5094 ³⁸³
1341 5061 1628 5115 minuatim
1671 5063 1721 5116 1.
1775 5063 1842 5095 ²“
1897 5063 1992 5126 lll,
2042 5061 2159 5120 Kal.
2189 5061 2302 5115 Oct.
2338 5060 2404 5114 Μ.
2439 5060 2507 5094 ³⁸⁵
2547 5056 2868 5130 sarchofago
2914 5057 2969 5110 2.
3028 5058 3354 5110 constanter.
3406 5053 3476 5130 ’ξε
3504 5051 3543 5105 f-

220 5127 342 5203 0.2.
376 5126 430 5192 3,
462 5127 529 5161 ’⁸⁷
558 5129 700 5183 deest
727 5131 776 5184 1.
810 5131 878 5203 "fl
912 5130 991 5203 llli
1024 5123 1243 5202 quoque
1294 5131 1522 5186 forsitan
1580 5149 1740 5187 cursu
1801 5123 1992 5203 rapido
2033 5133 2321 5187 venientes
2366 5131 2419 5203 in
2467 5131 2746 5203 civitatem
2773 5202 2779 5203 γ
2803 5123 3041 5203 Plagam
3096 5141 3290 5203 omnes
3310 5123 3540 5203 amicos;

221 5199 345 5267 ejus
372 5207 796 5270 peremeruntet
825 5199 1057 5256 clericos
1093 5199 1213 5270 ejus

219 5271 273 5323 2.
339 5271 410 5303 ²⁶³
460 5272 629 5324 multa
677 5276 727 5336 1,
785 5273 852 5306 ’⁵⁵
903 5274 962 5338 Q.
1011 5289 1140 5328 vero
1183 5273 1235 5328 2.
1268 5271 1350 5328 '3.
1413 5276 1480 5307 ’55
1531 5275 1589 5328 Et
1631 5277 1684 5328 2.
1743 5276 1792 5327 3.

1268 5204 1541 5274 persecuti
1586 5213 1731 5259 sunt.
1790 5204 1854 5257 Μ.

1865 5275 1934 5308 ’⁵⁵
1978 5276 2086 5328 ath.
2144 5273 2430 5342 trOpheum
2482 5273 2535 5324 2.
2595 5273 2661 5306 ³⁸⁷
2723 5288 2861 5326 canu
2915 5273 2964 5324 1.

1911 5205 1979 5238 "9
2028 5203 2204 5258 atleta?
2256 5204 2301 5256 1.
2351 5202 2419 5235 ²⁵⁰
2465 5202 2723 5271 apparuit
2761 5202 2810 5255 ‘2.
2853 5195 2939 5235 πῖ
2971 5199 3188 5253 dilatam
3222 5197 3274 5251 1.
3309 5196 3377 5229 ²⁵²
3407 5195 3548 5247 deest

1914 5276 1934 5308 6
1978 5276 2085 5321 ath.
2144 5273 2430 5321 tronheum
2482 5273 2535 5321 2.
2595 5273 2661 5306 ³⁸7
2723 5288 2861 5321 eanu
2915 5273 2964 5321 1.
3025 5270 3091 5304 ³⁵⁸
3150 5267 3434 5321 imitantur
3494 5265 3543 5316 1.

223 5342 295 5376 "9
328 5341 656 5412 quibusdam
697 5334 750 5396 2.
892 5334 1256 5424 ’5°.vegiculo
1297 5362 1434 5400 corr.
1481 5346 1732 5400 vehiculo
1778 5347 1826 5399 1.
1880 5345 1946 5380 ¹⁶¹
2007 5334 2322 5469 utriqued.
2375 5342 2444 5375 ²⁶²
2496 5359 2550 5412 q.
2613 5342 2648 5396 f.
2707 5344 2849 5397 deest
2905 5343 2961 5396 2.
3006 5342 3074 5376 ³⁸³
3122 5345 3228 5393 stat
3289 5354 3339 5393 a.
3390 5336 3442 5388 2.
3495 5334 3546 5388 3.

223 5412 295 5446 ³⁸⁸
317 5428 477 5468 secus
505 5414 649 5468 deest
675 5414 725 5468 ‘2.
759 5415 828 5449 "5
850 5416 1232 5469 bumiditatem
1265 5417 1313 5469 1.
1346 5417 1415 5451 ³⁸⁵
1441 5418 1795 5469 aparentibus
1824 5418 1874 5469 1.
1910 5417 1975 5451 ³⁸7
2001 5417 2090 5469 Ill.
2113 5455 2126 5469 .
2167 5456 2178 5469 .

220 5412 295 5446 '“
317 5428 477 5468 secus
505 5414 649 5468 deest
675 5414 725 5468 ‘2.
759 5415 828 5449 ’65
850 5412 1232 5470 bumiditatem
1265 5417 1313 5469 1.
1346 5417 1415 5451 ³⁸⁵
1441 5418 1795 5488 aparentibus
1824 5418 1874 5470 1.
1910 5417 1975 5451 ³⁸⁷
2001 5417 2090 5470 lll.
2113 5412 2178 5470 Μ.

1796 5525 2004 5580 NOTAE.

307 5622 414 5694 (28)
447 5623 566 5678 Rivi
598 5623 925 5681 vocabulum
955 5624 1288 5702 Rokytnicza
1318 5639 1382 5679 ex
1402 5625 1593 5681 Cosma
1619 5632 1673 5680 et
1698 5623 2001 5680 Christiano
2031 5624 2255 5680 adnotat
2277 5618 2626 5688 Dobrowsky.

568 5766 844 5832 PATROL.
895 5767 1217 5831 CXXXV.

3164 5759 3246 5821 30
