3978 6214
228 348 326 403 941

1303 347 1446 401 VlTA
1490 345 1888 401 VENCEZLAVI
1928 346 2120 401 DUCIS
2161 349 2489 408 BOHEMl/E.

3447 369 3553 424 242

231 475 527 546 requiescit
555 489 774 544 corpus,
808 473 1007 527 mulier
1063 475 1312 545 quaxlam
1342 477 1457 530 visu
1482 475 1691 537 orbata,
1717 492 1838 530 ma-
1867 479 1915 546 Α
1940 475 2142 542 valeas,
2175 494 2206 532 ο
2237 496 2464 551 pauper,
2525 501 2710 559 surge,
2745 502 2806 541 ac
2838 488 3087 563 Pragam,
3115 493 3349 548 Boemiae
3375 497 3443 532 30‘
3474 500 3556 554 ci-

231 580 398 618 nuum
433 578 659 618 recurva
689 562 985 616 inflexione
1015 562 1082 615 ab
1108 563 1224 633 ipso
1251 565 1362 631 jam
1391 572 1511 618 ortu
1544 570 1838 626 contracta,

227 654 376 707 omni
408 669 511 708 usu
542 654 631 718 ’9',
688 651 944 705 manibus
1003 668 1102 722 per
1145 661 1394 707 naturam
1427 668 1689 708 concesso
1723 653 1837 723 pri-

227 751 365 798 vata.
412 745 539 808 Quae
585 744 862 802 videlicet.
896 760 1119 798 reverso
1169 761 1266 814 per
1320 761 1523 798 annum
1563 745 1653 798 die
1681 744 1837 799 festi-

225 840 398 905 vom,
429 840 731 913 iecclesiam
781 839 954 894 sancti
1019 839 1118 892 Viti
1179 841 1428 911 martyris
1483 839 1752 912 ingressa,
1785 846 1840 894 et

223 937 350 982 ante
381 929 736 999 sepulchrum
770 928 913 982 beati
963 928 1304 994 Vencezlavi,
1338 943 1446 999 quo
1477 928 1834 995 desideravit,

223 1020 403 1084 ducta,
463 1037 626 1075 orans
684 1027 972 1090 prostrata,
1031 1020 1235 1072 tamdiu
1271 1020 1528 1090 precibus
1597 1017 1835 1094 lugendo

224 1117 561 1178 perseverat,
622 1109 802 1179 quoad
859 1108 1075 1161 cunctis
1105 1109 1459 1162 cernentibus
1507 1109 1682 1162 sancti
1733 1108 1833 1163 viri

224 1198 434 1252 meritis
455 1199 572 1252 visu
607 1197 983 1262 inluminatur,
1018 1205 1071 1252 et
1093 1214 1354 1252 manuum
1414 1199 1563 1252 salva
1611 1199 1833 1254 restitu-

221 1294 380 1348 cione
417 1295 763 1347 instauratur.

291 1387 379 1440 29.
413 1387 603 1441 Postea
635 1401 856 1456 quoque
889 1393 1082 1456 captus
1132 1385 1356 1457 quidam
1397 1385 1464 1438 ab
1495 1386 1601 1450 his,
1633 1386 1834 1457 quibus

218 1479 562 1549 aliquantum
624 1478 872 1548 pecunia}
903 1477 1004 1531 sub
1057 1479 1535 1534 accomodacionis
1574 1480 1641 1513 ’9‘
1674 1489 1832 1549 pacto

219 1569 432 1631 debuit,
497 1567 705 1638 diuque
748 1567 851 1620 sub
906 1567 1247 1622 vinculorum
1301 1569 1662 1634 districtione,
1722 1585 1831 1640 quo

217 1658 465 1712 debitum
489 1659 682 1724 solvat,
743 1659 1007 1712 contritus
1035 1667 1137 1713 est.
1171 1659 1278 1712 Sed
1307 1660 1504 1713 ceteris
1537 1659 1831 1713 imminen-

218 1751 366 1804 tibus
396 1752 463 1784 ³9⁵
502 1751 771 1825 negociis,
828 1751 1014 1822 aliquo
1047 1767 1145 1822 per
1172 1751 1363 1805 urbem
1411 1753 1510 1822 ipsi
1544 1761 1824 1825 vagantes,
1857 1778 1905 1845 Β

213 1845 459 1897 vinctum
519 1843 735 1896 interim
795 1859 920 1896 cum
968 1843 1037 1875 ²⁹⁶
1093 1843 1233 1895 inter
1278 1843 1416 1896 viam
1468 1842 1740 1913 publicam
1774 1850 1829 1898 et

211 1935 519 1990 zecclesiam
551 1934 756 1988 deforis
781 1933 882 1988 sub
905 1934 1153 1989 custodia
1171 1935 1445 2001 jacentem
1471 1936 1820 1992 dimiserunt.

209 2025 307 2080 Ille
341 2027 521 2080 media
561 2032 804 2080 versatus
834 2027 1106 2100 angustia,
1142 2042 1336 2080 manus
1389 2033 1576 2081 contra
1609 2036 1823 2098 portam

206 2121 474 2176 zecclesiie
507 2121 724 2186 levavit,
763 2122 866 2176 hoc
923 2123 1086 2176 modo
1123 2129 1373 2192 precatus
1403 2140 1445 2175 τι
1484 2122 1522 2177 Ο
1550 2123 1656 2177 dux
1709 2124 1821 2178 mi-

207 2211 417 2264 tissime
450 2210 747 2280 martirque
778 2211 1144 2277 sanctissime,
1196 2228 1318 2265 cum
1364 2213 1476 2279 jam
1537 2214 1826 2270 multosab

205 2300 506 2370 impiorum
532 2299 789 2354 manibus
817 2301 1076 2354 sanctitas
1107 2311 1197 2356 tua
1237 2303 1304 2355 ad
1357 2320 1611 2375 magnum
1657 2305 1823 2359 Deum

203 2389 600 2445 intercedendo
633 2389 919 2460 eripuerit,
951 2405 1117 2444 exoro
1167 2391 1356 2457 miser,
1414 2409 1482 2446 ne
1542 2409 1628 2446 me
1684 2394 1825 2448 obli-

199 2479 430 2533 viscaris
463 2478 711 2551 ligatum,
761 2478 858 2531 sed
907 2479 1066 2532 solita
1110 2480 1310 2548 pietate
1367 2481 1493 2536 hinc
1540 2498 1626 2536 me
1660 2481 1826 2536 facias

203 2567 515 2622 exsolutum
564 2568 696 2622 πῖ.»
746 2568 1020 2622 Praesente
1066 2570 1132 2602 398
1166 2569 1338 2623 cicius
1371 2571 1460 2623 Dei
1507 2572 1823 2636 clementia,

203 2657 348 2711 beati
385 2656 623 2710 martiris
656 2657 1079 2728 precibusquasi
1114 2658 1290 2714 ferrea
1317 2659 1434 2714 acie
1489 2659 1709 2714 concisa
1731 2659 1818 2726 ’99,

203 2749 389 2802 subito
443 2749 799 2803 nlissotiantur
850 2749 1090 2815 vincula,
1137 2749 1367 2822 ipseque
1421 2751 1512 2803 Dei
1555 2750 1819 2820 templum

201 2853 387 2921 grates
417 2847 776 2918 rependendo
806 2848 1105 2920 ingressus.
1177 2849 1515 2921 prolatisquc
1548 2850 1615 2904 ad
1649 2852 1819 2905 Deum

202 2944 260 2991 et
287 2943 505 2992 sanctos
562 2937 814 2992 martires
860 2938 1228 3005 orationibus,
1276 2938 1419 2993 liber
1466 2940 1690 2994 domum
1735 2956 1824 2995 re-

203 3029 429 3084 meavit.

274 3120 360 3173 30.
395 3119 725 3174 Francorum
767 3120 932 3192 igitur
984 3120 1267 3191 provincia
1314 3123 1397 3176 vir
1437 3123 1662 3194 quidam
1719 3139 1820 3195 pe-

203 3212 337 3268 dum
367 3211 437 3245 ³⁰⁰
471 3213 688 3267 incessu
738 3212 809 3266 ab
852 3213 969 3282 ipsa
995 3214 1106 3282 jam
1155 3213 1386 3268 infantia
1418 3231 1611 3270 carens
1641 3216 1729 3280 ³⁰¹,
1766 3225 1820 3274 et

203 3304 404 3358 viciata
429 3311 622 3358 natura
651 3320 761 3360 non
783 3304 1090 3378 gressibilis
1107 3307 1203 3359 sed
1234 3307 1446 3376 reptilis
1492 3325 1591 3378 per
1620 3315 1816 3363 terram

205 3411 269 3449 se
298 3395 678 3450 contrahendo
710 3395 995 3460 incedens,
1037 3404 1198 3449 nocte
1229 3396 1465 3466 quadam
1511 3415 1606 3467 per
1654 3414 1821 3469 sopo-

209 3502 326 3541 rem
349 3487 561 3541 visione
594 3487 896 3553 intremuit,
927 3486 1188 3558 quoniam
1211 3487 1358 3541 mirae
1393 3488 1820 3557 pulchritudinis

210 3579 314 3647 vir,
359 3579 480 3632 allis
534 3579 602 3612 ³⁰²
634 3579 879 3645 indutus,
916 3580 1115 3634 lectulo
1147 3580 1408 3634 assistens
1439 3581 1528 3645 ³0³,
1557 3580 1817 3634 claudum

208 3669 432 3735 excitat,
458 3686 520 3724 ac
549 3670 781 3726 salutem
799 3678 1070 3726 monstrat
1090 3671 1284 3725 dicens
1310 3689 1322 3724 :
1346 3693 1371 3718 α
1397 3671 1626 3744 Quoquo
1658 3672 1820 3727 modo

1848 3165 1897 3234 C

1941 568 2182 633 vitateni,
2205 573 2452 641 quamvis
2481 575 2630 627 omni
2665 576 2790 630 data
2832 595 2930 647 pro
2985 581 3238 636 vehiculo
3269 602 3378 655 quo
3409 587 3553 643 fera-

1943 658 2015 712 ris
2047 661 2370 728 substantia,
2415 665 2783 733 proﬁciscere,
2815 685 2992 740 eoque
3021 680 3554 742 perventus,zeccle-

1939 753 2073 806 siam
2105 755 2277 809 sancti
2338 755 2440 810 Viti
2493 759 2764 828 martyris,
2797 779 2905 832 qua
2947 772 3196 820 sanctum
3228 767 3549 825 Vencezlavi

1940 842 2178 895 martiris
2225 859 2425 913 corpus
2473 847 2791 918 requiescit,
2846 851 3153 924 ingreditor
3220 873 3233 912 :
3291 856 3548 930 factaque

1937 935 2192 989 oracione
2225 935 2452 1001 ibidem,
2501 956 2721 1013 gressus
2763 951 2962 1012 przetcr
2998 962 3161 1002 omne
3201 949 3430 1004 dubium
3457 969 3549 1007 re-

1937 1025 2111 1095 cipies
2157 1026 2446 1081 sanitatem
2531 1053 2541 1074 ι
2597 1029 2696 1094 Qui
2747 1047 2941 1086 somno
2999 1051 3248 1092 emersus
3295 1041 3443 1109 jussa
3476 1041 3546 1074 ³⁰⁵

1937 1113 2260 1187 neglegens,
2293 1118 2473 1171 somni
2525 1134 2582 1172 se
2609 1119 2861 1176 delusum
2894 1124 3144 1189 credens,
3182 1127 3282 1180 iter
3315 1128 3548 1200 imposi-

1935 1213 2047 1260 tum
2076 1207 2304 1262 omnino
2357 1208 2555 1264 differt.
2609 1211 2776 1266 Nocte
2825 1224 3009 1270 autem
3066 1217 3314 1272 insecuta
3372 1221 3541 1274 cubili

1937 1313 2148 1368 pauper
2173 1300 2488 1369 quiescens,
2523 1302 2758 1358 eundem
2784 1313 2945 1360 tantae
2972 1307 3236 1363 claritatis
3267 1312 3544 1366 seniorem

1935 1391 2136 1448 lectulo
2178 1395 2372 1450 iterum
2423 1397 2493 1432 ³⁰⁶
2545 1398 2721 1453 cernit
2771 1401 3100 1469 adstantem,
3155 1405 3247 1475 qui
3289 1421 3413 1460 eum
3447 1408 3550 1462 hoc

1935 1485 2098 1540 modo
2151 1487 2490 1560 redarguens
2542 1490 2667 1544 ait:
2723 1511 2747 1540 α
2808 1492 3023 1564 Pauper
3065 1497 3321 1562 amande,
3355 1513 3549 1554 somno

1935 1574 2192 1637 excitare,
2234 1576 2464 1631 visionis
2503 1579 2666 1646 hujus
2720 1597 2906 1635 verum
2956 1583 3022 1616 ³⁰⁷
3069 1601 3307 1657 agnosce
3347 1604 3550 1656 praesa-

1931 1665 2102 1739 gium.
2139 1667 2293 1722 Unde
2322 1669 2524 1725 misero
2579 1671 2676 1725 tibi
2719 1673 3086 1745 neglegentia,
3113 1692 3314 1748 corpus
3361 1679 3546 1734 debile

1929 1758 2233 1812 curandum
2261 1758 2289 1811 ?
2315 1761 2419 1814 Cur
2449 1762 2550 1816 iter
2577 1764 2644 1798 ³⁰⁸
2673 1765 2740 1818 ad
2790 1767 3061 1835 propriam
3097 1769 3330 1823 salutem
3367 1788 3546 1841 nuper

1930 1861 2050 1900 mea
2082 1848 2180 1901 tibi
2212 1848 2496 1904 inductum
2520 1852 2588 1887 ³⁰⁹
2631 1853 2843 1908 visione
2875 1855 3135 1912 distulisti
3174 1856 3202 1909 ?
3237 1879 3253 1906 ι
3295 1859 3410 1922 Qua
3463 1860 3547 1914 in-

1930 1937 2266 2005 crepationis
2295 1939 2586 2008 asperitate
2642 1942 2872 1996 claudus
2905 1945 3194 2016 cvigilans,
3253 1947 3410 2016 pulso
3443 1965 3544 2004 au-

1926 2028 2072 2083 ditus
2103 2030 2294 2097 dubio,
2328 2034 2574 2088 veritatis
2596 2051 2708 2090 non
2738 2037 2961 2101 inscius,
2999 2041 3284 2107 respondit
3321 2060 3376 2094 ε»
3411 2043 3544 2098 Pro-

1927 2115 2094 2173 ficisci
2143 2135 2252 2175 non
2301 2137 2502 2188 moror,
2557 2139 2589 2178 ο
2621 2125 2709 2194 pie
2759 2142 2823 2180 ac
2871 2128 3205 2183 venerabilis
3252 2131 3441 2186 senior
3470 2131 3481 2185 l
3515 2153 3544 2183 »

1929 2209 2199 2281 Factoque
2245 2229 2424 2278 mane,
2461 2224 2680 2285 paratur
2735 2220 3065 2289 quantocius
3095 2223 3407 2279 vehiculum
3442 2242 3454 2278 :
3483 2242 3545 2280 ac

1927 2301 2053 2356 data
2098 2307 2496 2363 mercatoribus
2564 2325 2662 2379 per
2704 2313 2937 2367 eandem
2990 2314 3134 2369 viam
3183 2317 3545 2372 tendentibus

1929 2393 2125 2462 placita
2149 2398 2422 2465 mercede,
2479 2398 2684 2455 festino
2714 2417 2906 2456 eorum
2945 2405 3110 2460 ductu
3133 2406 3199 2459 ad
3227 2406 3340 2475 jam
3374 2408 3544 2462 desti-

1928 2495 2111 2542 natum
2143 2489 2212 2524 ³¹⁰
2239 2492 2488 2560 pervenit
2519 2491 2718 2559 locum,
2743 2494 2964 2562 etjuxta
2982 2497 3222 2566 priorem
3248 2498 3347 2551 viri
3381 2516 3432 2552 In
3465 2500 3529 2534 3“

1926 2594 2120 2633 somno
2171 2581 2486 2650 apparentis
2515 2584 2878 2639 monitioncm
2921 2586 2991 2620 3”
3042 2589 3213 2642 sancti
3248 2588 3353 2642 Viti
3384 2606 3537 2644 mar-

1925 2666 2040 2720 tiris
2075 2668 2360 2734 meclesize,
2397 2686 2505 2740 qua
2558 2669 2775 2726 beatum
2808 2689 3010 2745 corpus
3069 2676 3327 2747 quiescit,
3380 2695 3539 2748 gres-

1923 2775 2082 2813 suum
2111 2760 2344 2814 orbitate
2377 2761 2669 2828 invalidus,
2712 2765 2944 2820 aliorum
2985 2767 3053 2801 ³⁸³
3097 2769 3421 2838 portacione
3458 2771 3542 2824 in-

1925 2851 2113 2908 fertur.
2177 2855 2301 2910 Solo
2347 2865 2472 2910 ante
2532 2874 2678 2911 aram
2737 2867 3058 2929 prostratus,
3116 2862 3307 2916 intime
3367 2863 3539 2917 Deum

1924 2952 2259 3013 sanctosque
2315 2954 2584 3013 precatur.
2643 2947 2759 3001 Non
2790 2947 2998 3002 diutius
3047 2957 3295 3004 morante
3328 2950 3543 3006 virtutis

1923 3027 2128 3084 divina:
2152 3031 2220 3065 ³¹⁸
2250 3031 2524 3098 subsidio,
2551 3035 2650 3089 sed
2704 3052 2802 3106 per
2835 3036 3082 3090 miranda
3125 3035 3274 3092 beati
3301 3037 3545 3093 Vencez-

1923 3117 2028 3173 lavi
2060 3120 2300 3174 martiris
2320 3120 2389 3154 ³¹⁵
2424 3122 2640 3189 merita,
2670 3123 2873 3194 pedum
2916 3126 3067 3181 nervi
3098 3127 3250 3197 prius
3281 3129 3542 3182 contracti

1923 3209 2078 3278 quasi
2111 3208 2323 3280 fragore
2351 3211 2725 3266 extenduntur
2753 3213 2842 3278 3'5,
2876 3215 3038 3270 bases
3083 3223 3137 3270 et
3159 3217 3362 3286 plantae
3403 3233 3544 3272 con-

1922 3301 2246 3356 solidantur.
2290 3304 2476 3374 Surgit
2519 3303 2612 3356 Dei
2671 3306 2847 3377 gratia
2891 3323 3078 3372 sanus,
3139 3306 3424 3378 relataque
3478 3309 3545 3344 3'7

1921 3393 2216 3464 gratiarum
2256 3393 2496 3460 actione,
2535 3410 2666 3447 sana
2714 3403 2769 3448 et
2817 3395 2941 3450 forti
2977 3397 3223 3451 incessus
3267 3406 3544 3453 restaura-

1925 3481 2072 3537 tione
2102 3491 2358 3551 potenter
2413 3483 2532 3536 sine
2577 3482 2810 3551 alicujus
2859 3486 3236 3540 sustentaculo
3261 3502 3539 3560 egressus,

1923 3571 2152 3640 patriam
2178 3569 2474 3626 exultando
2505 3587 2569 3626 ac
2585 3572 2678 3626 Dei
2700 3573 2973 3629 mirabilia
2997 3576 3156 3630 latius
3179 3577 3540 3646 praedicando

1923 3662 2110 3719 revisit
2135 3663 2222 3725 ³³⁸,

1541 3869 1759 3924 νΑΒΙᾹΞ
1804 3869 2070 3924 LECTION
2079 3867 2170 3923 ES.

276 4032 346 4067 ’θ’
375 4033 491 4087 visu
526 4035 576 4086 1.
626 4032 696 4066 ’93
762 4031 903 4088 festo
949 4033 998 4086 2.
1061 4032 1127 4067 ’9‘
1167 4047 1398 4087 acomm.
1437 4034 1486 4087 1.
1537 4033 1605 4067 '95
1663 4034 1719 4087 in
1765 4034 2042 4087 mentibus
2080 4034 2130 4086 1.
2193 4032 2261 4066 ’95
2318 4048 2440 4086 cum
2490 4032 2542 4084 1.
2596 4030 2663 4066 ³⁸⁷
2712 4028 3026 4084 absolutum
3055 4028 3110 4082 2.
3141 4027 3208 4062 ’93
3241 4026 3538 4082 Crescente

207 4104 260 4158 1.
293 4104 362 4138 ’9’
389 4121 437 4158 c.
473 4119 522 4158 τι.
566 4103 688 4158 2³⁰⁰
715 4105 857 4158 deest
897 4105 949 4170 1,
993 4104 1056 4137 ³⁰¹
1092 4104 1173 4157 vir
1225 4104 1455 4158 claudus
1513 4104 1574 4157 M.
1633 4104 1702 4138 ³⁰²
1756 4105 1856 4159 alis
1911 4105 1963 4159 2.
2022 4104 2090 4138 ³0³
2148 4104 2384 4158 asistens
2435 4104 2481 4166 l,

1704 4177 1770 4209 ³0⁷
1835 4185 2043 4232 certum
2093 4176 2144 4229 2.
2204 4175 2272 4208 3°“

205 4246 268 4280 ³¹¹
303 4247 360 4300 in
393 4263 435 4300 s.
474 4263 523 4300 a.
577 4247 770 4300 desunt
797 4247 851 4300 2.
911 4247 980 4280 3”
1035 4246 1491 4302 ammonitionem
1545 4247 1580 4300 2
1667 4248 1736 4281 313
1784 4247 1854 4302 ab
1896 4249 2090 4304 horum
2148 4248 2198 4302 2.
2253 4245 2321 4279 ³η
2379 4245 2430 4298 d.

206 4175 275 4209 ³⁸³⁵
305 4175 422 4229 visa
457 4175 636 4230 somni
669 4191 719 4228 n.
756 4191 814 4230 se
855 4176 906 4230 d.
945 4191 1066 4229 esse
1111 4192 1159 4229 c.
1193 4175 1248 4228 2.
1279 4175 1348 4208 ³0⁸
1406 4176 1546 4229 deest
1586 4176 1638 4238 1,

206 4317 273 4352 “7
294 4317 549 4389 elataque
573 4319 623 4372 1.
656 4318 724 4352 ³³⁸
763 4335 806 4372 r.
837 4317 1068 4388 Explicit
1097 4319 1283 4388 passio
1313 4319 1367 4374 S.
1400 4317 1714 4374 Wencczlai
1740 4319 1793 4374 2.

2537 4101 2605 4136 30*
2665 4102 2898 4155 noemiae
2950 4116 3088 4155 corr.
3143 4098 3533 4153 boemaniaﬂ.

2330 4175 2402 4228 ita
2445 4173 2496 4226 2.
2551 4172 2620 4206 309
2679 4173 2714 4225 i.
2749 4172 2848 4227 tibi

2504 4261 2553 4298 γ’
2612 4245 2666 4298 2.
2737 4243 2806 4277 315

2908 4172 2941 4226 2
2971 4171 3041 4205 ³¹⁰
3091 4171 3445 4242 designatum
3474 4170 3529 4242 2.

2874 4244 3020 4297 deest
3077 4243 3128 4297 3.
3180 4241 3250 4277 ³¹⁶
3289 4241 3420 4295 dist.
3471 4241 3529 4295 2.

1626 5022 1636 5025 -
1647 5004 1929 5042 —-—-.H‘-0ﬂ0
1946 5009 2069 5034 Μαι-νη
2085 5022 2096 5028 -
2106 5020 2137 5029 -ο
