3978 6214
460 319 568 375 943

1609 311 1867 366 ERACLII
1912 311 2203 367 EPISCOPI
2246 312 2635 369 LEODIENSIS

2128 460 2175 467 μ-
2194 459 2459 466 _—_—__

1668 601 1848 644 ANNO
1893 600 2134 644 DOMINI
2179 598 2576 643 DCCCCLXXI.

1439 748 2814 909 ERACLIUS

1176 1011 2075 1115 LEODIENSIS

2183 1014 3049 1113 EPISCOPUS.

1486 1327 1988 1418 NOTITIA
2070 1270 2740 1418 HISTORICA.

1888 1502 2070 1581 (Gau.
2109 1503 2368 1579 Christ.)

532 1834 796 1900 Eraclius,
822 1831 916 1904 qui
944 1833 1207 1887 Euracius
1236 1835 1291 1885 et
1338 1832 1647 1897 Everaclus,
1680 1838 1775 1885 eta
1807 1829 2071 1886 Fulcuino
2096 1834 2147 1901 Α
2176 1827 2475 1884 canonicos
2503 1826 2737 1900 singulis
2792 1825 3157 1896 deputaverit.
3218 1826 3426 1882 Ternas
3477 1828 3664 1885 curias
3694 1831 3797 1887 de-

458 1931 734 1984 Euracrus
782 1929 1151 1993 nuncupatur,
1213 1921 1495 1977 Saxonica}
1537 1921 1719 1996 gentis
1761 1920 2070 1988 nobilitate,

458 2015 723 2090 singulari
756 2012 1026 2085 sapientia
1061 2020 1116 2065 et
1165 2027 1284 2065 rara
1332 2011 1563 2065 scientia
1591 2010 1692 2065 fuit
1713 2009 2070 2080 percelebris.

462 2103 701 2159 Colonia:
749 2101 1060 2176 Agrippinae
1082 2100 1352 2165 eruditus,
1378 2107 1591 2154 tantum
1633 2115 1982 2172 progressum
2018 2100 2073 2154 in

462 2194 846 2251 sacrislitteris
869 2192 1018 2257 fecit,
1074 2199 1397 2263 tantumque
1429 2208 1526 2262 pro
1552 2192 1635 2246 eis
1667 2192 1967 2246 dilatandis
1987 2208 2076 2246 ar-

462 2287 652 2341 dorem
680 2282 958 2348 concepit,
987 2291 1044 2336 ut
1075 2297 1140 2335 ex
1168 2282 1369 2336 Bonna:
1405 2282 1616 2337 decano
1646 2297 1743 2337 seu
1775 2282 2075 2352 praeposito

465 2378 643 2432 factus
694 2374 911 2430 Leodic.
943 2374 1239 2443 episcopus
1261 2374 1405 2428 circa
1431 2390 1519 2427 an.
1554 2373 1677 2436 960,
1724 2380 1891 2428 totam
1935 2373 2077 2429 Leo-

464 2466 745 2521 dicensem
798 2462 1118 2525 Ecclesiam,
1167 2461 1275 2515 imo
1304 2467 1472 2517 totam
1511 2460 1873 2531 provinciam,
1906 2461 2079 2515 nullis

466 2556 732 2611 hactenus
760 2552 960 2608 litteris
990 2551 1334 2618 illustratam,
1358 2550 1427 2605 ad
1464 2551 1705 2606 studium
1738 2550 2074 2615 accenderit,

464 2651 674 2721 peritos
698 2649 1068 2721 undequaque
1114 2646 1347 2702 clericos
1393 2647 1696 2718 collegerit,
1722 2662 1930 2716 eosque
1962 2662 2082 2700 ma-

463 2742 665 2816 gistros
696 2741 993 2795 instituens
1030 2755 1130 2794 sua
1159 2754 1265 2810 ope
1298 2739 1603 2794 liberaliter
1651 2740 1884 2811 paverit,
1919 2740 2083 2794 scho-

464 2832 657 2905 lasque
687 2849 785 2903 per
816 2830 1005 2885 omnia
1035 2839 1148 2883 tum
1186 2829 1487 2895 saecularis,
1529 2837 1640 2885 tum
1663 2831 1932 2905 regularis
1948 2830 2080 2885 cleri

466 2925 703 2979 claustra
755 2924 1078 2991 instituerit,
1122 2923 1299 2995 inquit
1348 2923 1593 2998 Egidius.
1647 2922 1749 2978 Eas
1792 2938 1923 2979 vero
1973 2922 2083 2978 fre-

466 3018 731 3085 quentare
753 3027 853 3065 sua
886 3011 1152 3086 dignitate
1203 3010 1516 3066 nullatenus
1543 3011 1834 3083 indignum
1862 3011 2083 3081 judica-

468 3101 583 3169 bat,
601 3099 815 3154 animos
859 3100 1098 3154 tironum
1122 3098 1479 3166 accendebat,
1511 3098 1944 3169 sapientioribus
1970 3099 2080 3154 dif-

467 3187 741 3243 ficillimas
767 3188 1089 3259 questiones
1146 3187 1492 3258 proponebat
1527 3187 1870 3254 enodandas,
1901 3188 1946 3242 si
1978 3188 2080 3242 mi-

470 3293 575 3332 nus
603 3282 850 3347 possent,
881 3277 1001 3348 ipse
1041 3275 1337 3331 enodabat.
1386 3275 1444 3329 ln
1489 3275 1577 3330 via
1631 3275 1811 3345 posito
1851 3275 2086 3331 aderant

471 3371 739 3439 perpetuo
770 3365 1101 3438 quibuscum
1135 3363 1202 3419 de
1243 3363 1813 3434 Seripturistentaret,
1857 3365 2082 3433 absens,

469 3474 611 3531 quos
638 3457 981 3513 scholaribus
1029 3456 1327 3528 reliquerat
1372 3456 1664 3528 magistros
1703 3457 2087 3529 frequentibus

473 3548 670 3602 litteris
708 3547 776 3601 ad
826 3546 1067 3602 studium
1115 3544 1465 3617 provocabat.
1526 3545 1708 3617 anue
1750 3545 1953 3618 insigni
1984 3545 2090 3602 sol-

472 3640 757 3694 licitudine
810 3639 1124 3710 complures
1181 3640 1432 3710 provexit
1483 3639 1551 3692 ad
1602 3638 1864 3693 eximiam
1904 3655 2086 3693 rerum

474 3728 833 3782 humanarum
864 3734 919 3782 et
949 3728 1261 3782 divinarum
1292 3727 1687 3798 cognitionem,
1711 3728 1851 3783 adeo
1878 3734 1937 3782 ut
1959 3744 2087 3783 mox

470 3818 850 3874 celeberrimae
863 3835 962 3889 per
990 3819 1169 3873 vicina
1199 3819 1304 3873 late
1331 3835 1501 3893 regna
1523 3820 1727 3874 scholae
1750 3819 2087 3875 Leodienses

470 3913 766 3968 evaserint.

539 4012 706 4067 Tanta
727 4018 843 4067 erat
881 4011 1001 4079 ejus
1026 4010 1321 4081 sapientia,
1378 4017 1436 4065 ut
1465 4028 1497 4067 a
1525 4012 1876 4084 principibus
1899 4013 2084 4069 saeculi

466 4109 691 4181 plurimi
726 4107 905 4174 fieret,
937 4115 992 4162 et
1023 4108 1189 4162 etiam
1220 4108 1290 4163 ad
1322 4109 1477 4179 regni
1518 4110 1741 4183 negotia
1774 4116 2083 4166 vocaretur.

466 4199 601 4255 Hinc
624 4199 856 4268 jubente
887 4198 1101 4255 Othone
1156 4202 1399 4274 Augusto
1440 4201 1751 4255 Brunonem
1784 4200 2085 4257 Colonien-

464 4310 579 4348 sem
613 4293 903 4347 comitatus
930 4302 1015 4346 est
1068 4293 1123 4346 in
1166 4292 1469 4358 Franciam,
1497 4308 1608 4363 quo
1652 4292 1993 4361 mittebatur,
2025 4301 2085 4349 ut

464 4384 653 4455 nepoti
684 4384 939 4440 Lothario
980 4383 1126 4456 regis
1155 4383 1440 4453 suppetias
1470 4383 1639 4439 ferret
1690 4385 1874 4440 Trecis
1897 4391 2080 4440 trans-

2177 1919 2419 1989 scripsit,
2450 1925 2505 1972 et
2536 1917 2769 1989 parcecis
2802 1917 3051 1972 condidit
3090 1917 3295 1988 templa
3351 1918 3408 1973 S.
3447 1918 3792 1991 Magdalenze

2174 2011 2312 2066 urbe
2338 2011 2539 2069 media,
2573 2019 2627 2065 et
2656 2010 2708 2063 S.
2753 2010 2999 2065 Severini
3044 2027 3107 2066 ac
3164 2012 3219 2066 S.
3251 2011 3623 2084 Margaritaein
3661 2014 3797 2069 sub-

2175 2099 2365 2154 urbiis.
2400 2100 2567 2153 Suum
2596 2105 2650 2153 et
2688 2099 2740 2152 in
2775 2114 2887 2153 rem
2919 2100 3274 2154 monasticam
3318 2101 3565 2155 studium
3598 2109 3797 2157 osten-

2175 2188 2275 2254 dit,
2309 2204 2429 2241 cum
2463 2196 2519 2242 et
2579 2187 2869 2241 Laubiensi
2924 2189 3258 2243 monasterio
3312 2189 3573 2244 idoneum
3604 2197 3796 2261 pasto-

2179 2296 2292 2334 rem
2335 2279 2570 2334 instituit
2592 2280 2854 2333 domnum
2915 2279 3309 2347 Aletramnum,
3352 2289 3409 2337 et
3441 2289 3637 2353 postea
3669 2283 3800 2339 Ful-

2180 2369 2425 2434 cuinum,
2458 2385 2597 2440 quos
2625 2368 2918 2439 plurimum
2954 2370 3119 2438 juvit,
3152 2370 3453 2425 restituens
3498 2380 3609 2427 tres
3638 2372 3800 2428 villas

2180 2471 2340 2516 antea
2358 2462 2718 2527 abalienatas,
2776 2461 2957 2533 inquit
2985 2461 3281 2517 Fulcuinus
3317 2478 3364 2519 c.
3397 2462 3488 2519 27.
3513 2464 3797 2520 Monaste-

2181 2555 2319 2609 rium
2364 2554 2546 2608 Sancti
2605 2554 2882 2609 Laurentii
2940 2554 3044 2621 sub
3096 2555 3219 2610 vitae
3286 2554 3450 2611 tinem
3512 2554 3799 2613 aediﬁcare

2182 2661 2473 2720 aggressus
2500 2654 2583 2701 est
2615 2663 2627 2699 :
2660 2645 2756 2699 ubi
2783 2662 2814 2699 a
2831 2645 3188 2701 fundamento
3209 2661 3499 2702 surrexere
3519 2649 3786 2719 parietes,

2182 2738 2389 2793 veritus
2420 2754 2511 2803 ne,
2558 2738 2707 2809 quod
2739 2738 2960 2805 accidit,
2987 2745 3115 2793 ante
3147 2739 3451 2811 perfectum
3512 2756 3655 2813 opus
3689 2744 3802 2798 vita

2182 2844 2307 2882 eum
2338 2826 2622 2893 deﬁceret,
2654 2837 2972 2883 nascentem
3028 2829 3316 2884 ecclesiam
3358 2830 3552 2885 dotare
3599 2832 3800 2900 voluit,

2182 2924 2237 2972 et
2265 2916 2450 2971 minus
2478 2917 2650 2971 altare
2680 2918 2872 2986 majori
2921 2918 3168 2973 nondum
3221 2918 3500 2989 absoluto,
3527 2922 3583 2975 in
3614 2921 3800 2977 hono-

2182 3024 2297 3062 rem
2329 3008 2503 3062 sancti
2523 3007 2655 3063 Sixti
2702 3008 2956 3079 martyris
2983 3015 3039 3064 et
3086 3008 3367 3080 pontiﬁcis
3401 3011 3631 3068 Romani
3664 3027 3804 3069 con-

2183 3107 2437 3169 secravit,
2513 3103 2701 3175 ibique
2759 3104 2993 3160 Leonem
3064 3106 3412 3177 episcopum,
3476 3122 3541 3161 ex
3602 3107 3810 3163 Graecis

2184 3193 2611 3259 nobilissimum,
2663 3209 2829 3265 quem
2887 3196 2994 3250 sibi
3026 3204 3340 3268 suspectum
3401 3199 3454 3253 in
3489 3200 3587 3253 has
3619 3208 3810 3270 partes

2185 3282 2485 3337 abduxerat
2514 3284 2652 3339 Otho
2711 3284 3010 3355 imperator
3047 3284 3339 3361 profugum
3372 3288 3608 3358 excepit,
3645 3304 3811 3343 man—

2186 3371 2401 3426 sionem
2440 3372 2756 3448 assignavit,
2814 3381 2870 3428 et
2917 3374 2989 3428 de
3018 3374 3180 3430 bonis
3232 3392 3264 3429 a
3293 3391 3351 3430 se
3382 3375 3593 3431 ibidem
3646 3377 3798 3431 dele-

2187 3466 2347 3538 gatis,
2379 3482 2502 3522 cum
2532 3469 2648 3523 suis
2682 3468 2890 3523 habere
2941 3468 3224 3540 stipendia
3261 3470 3567 3538 constituit,
3600 3473 3696 3543 qui
3729 3472 3808 3528 ibi

2187 3568 2243 3615 et
2273 3568 2395 3631 post
2427 3571 2652 3616 mortem
2686 3563 2969 3633 sepultura
3010 3564 3247 3619 donatus
3270 3572 3372 3621 est.

2258 3648 2440 3704 Tanta:
2471 3649 2573 3704 fuit
2602 3649 2753 3718 fidei,
2810 3659 2869 3706 ut
2922 3651 3141 3727 insigne
3166 3653 3492 3709 miraculum
3536 3656 3594 3710 in
3619 3672 3683 3711 se
3712 3673 3810 3712 ex-

2188 3750 2377 3811 pertus
2405 3740 2584 3796 fuerit.
2620 3742 2733 3796 Sub
2760 3743 2844 3797 sui
2893 3744 3246 3815 episcopatus
3281 3746 3459 3813 initia,
3490 3747 3807 3804 horrendus

2188 3837 2434 3903 morbus,
2465 3837 2559 3909 qui
2610 3839 2771 3909 lupus
2808 3856 2839 3894 a
2870 3840 3103 3896 medicis
3150 3842 3480 3913 appellatur,
3532 3845 3810 3917 corripuit

2185 3928 2364 4000 ipsum
2393 3936 2447 3984 et
2476 3930 2617 3985 adeo
2663 3931 2784 3998 ejus
2829 3938 2982 3987 artus
3032 3933 3391 4004 depascebat,
3442 3942 3503 3989 ut
3550 3936 3806 4007 quotidie

2186 4023 2348 4079 binos
2377 4025 2704 4096 gallinarum
2728 4026 2910 4098 pullos
2939 4043 3122 4094 mane,
3180 4029 3343 4085 binos
3386 4045 3616 4101 vespere
3645 4031 3809 4100 obje-

2186 4124 2304 4170 ctos
2335 4126 2707 4178 consumeret,
2735 4132 2836 4172 nec
2865 4118 2946 4173 sic
2999 4126 3182 4173 tamen
3228 4120 3488 4175 carnibus
3512 4120 3646 4195 ωενὶ
3675 4136 3811 4191 par-

2185 4216 2354 4262 ceret.
2390 4208 2516 4262 Post
2545 4224 2767 4264 omnem
2800 4210 3092 4265 medicinae
3118 4218 3289 4266 artem
3321 4212 3543 4284 vimque
3565 4229 3809 4283 supera—

2186 4304 2315 4361 tam,
2345 4296 2566 4351 tandem
2595 4297 2663 4351 ad
2690 4297 2929 4353 divinam
2960 4314 3123 4370 opem
3160 4299 3431 4375 confugit,
3480 4317 3648 4373 quam
3680 4318 3806 4358 me-

2182 4385 2300 4440 ritis
2329 4386 2472 4441 beati
2501 4386 2715 4442 Martini
2746 4398 3127 4443 assecuturum
3186 4406 3244 4445 se
3288 4391 3552 4461 speravit,
3608 4399 3807 4463 utpote

464 4478 587 4531 iens
618 4478 798 4532 Bruno
853 4475 1027 4530 sancti
1084 4474 1315 4531 Patrocli
1348 4490 1550 4545 corpus
1580 4475 1648 4529 ab
1686 4476 1950 4547 episcopo
1976 4476 2079 4533 ob-
2103 4518 2151 4586 Ο
2179 4473 2273 4545 qui
2305 4481 2425 4545 post
2477 4475 2895 4531 Nortmannicos
2946 4477 3205 4549 impetus,
3263 4479 3624 4536 Antissodoro
3689 4482 3802 4538 Tu-

466 4569 557 4586 .',,
591 4569 623 4586 ⁸.
734 4585 741 4586 κ
774 4569 786 4586 1
846 4567 1075 4586 νκ-η,.ξξ,
1131 4568 1453 4586 Α-,η-κΑ.ξιμμ
1491 4567 1663 4586 -,.19ᾼΑ
1720 4576 1932 4586 A_,A.,.,.
2000 4584 2045 4586 μγ
2182 4577 2342 4586 -..ηλη
2386 4570 2636 4586 _,.-.....n--_
2695 4564 2846 4586 ...ζ-ἔ-
2902 4565 3167 4586 ..-ΑΔΒ-23-
3226 4567 3485 4586 ,κμΞ--ι-ι
3549 4569 3589 4586 η’
3676 4585 3682 4586 κ

464 4569 650 4635 tinuit,
690 4569 789 4623 sed
843 4567 1078 4641 negotiis
1130 4568 1459 4640 urgentibus
1489 4567 1670 4623 redire
1710 4576 1937 4623 coactus
1961 4584 2076 4623 rem

464 4666 633 4715 totam
667 4659 876 4715 Eraclio
902 4658 1197 4723 commisit,
1242 4658 1337 4730 qui
1395 4658 1592 4713 sedulo
1631 4674 1751 4713 eam
1783 4666 2080 4715 exsecutus

465 4766 683 4805 sacrum
734 4750 1047 4821 depositum
1103 4748 1392 4804 Coloniam
1432 4748 1648 4805 detulit.
1683 4750 2076 4820 Imperatorem

462 4848 558 4897 aut
589 4842 708 4910 ejus
735 4841 907 4895 tilium
960 4840 1352 4915 cognominem
1376 4839 1489 4911 (sic)
1516 4848 1737 4895 secutus
1765 4839 1930 4919 estin
1970 4841 2080 4896 Ita-

465 4933 593 4988 liam
633 4942 692 4987 et
719 4933 961 4989 victoriae
1020 4932 1077 4986 in
1134 4932 1335 5004 Apulia
1394 4930 1751 5002 Calabriaque
1815 4932 2079 4988 adversus

460 5027 704 5081 Graecum
771 5026 1161 5097 imperatorem
1220 5023 1494 5098 perfidum
1555 5032 1849 5097 reportata:
1916 5025 2084 5080 testis

461 5117 601 5180 fuit;
630 5115 738 5170 imo
769 5116 1071 5172 exercitum
1121 5116 1335 5187 totjam
1364 5115 1609 5171 victoriis
1654 5114 1942 5181 illustrem,
1976 5115 2077 5170 sed

458 5212 595 5268 solis
642 5210 834 5281 eclipsi
886 5211 1138 5267 territum
1194 5220 1250 5267 et
1286 5210 1355 5266 ad
1412 5210 1721 5281 deliquium
1753 5209 1867 5265 fere
1898 5209 2077 5265 addu-

457 5311 607 5358 ctum
639 5302 916 5370 excitavit,
952 5318 1153 5356 vanum
1197 5309 1252 5358 et
1301 5303 1570 5373 puerilem
1630 5318 1751 5358 esse
1808 5307 2077 5357 terrorem

456 5390 702 5455 edocuit,
721 5407 785 5445 ac
805 5392 860 5445 in
887 5392 1180 5462 pristinum
1197 5393 1369 5449 animi
1390 5393 1637 5468 vigorem
1669 5392 1928 5449 restituit.

529 5480 897 5536 Ecelesiarum
938 5483 1195 5538 decorem
1224 5484 1365 5538 adeo
1394 5486 1617 5553 amavit,
1668 5493 1728 5540 ut
1761 5485 1897 5538 duas
1926 5484 2075 5539 basi-

454 5571 590 5625 licas
623 5565 814 5619 Leodii
845 5567 1178 5636 condiderit,
1206 5572 1434 5626 alteram
1474 5574 1576 5629 sub
1616 5573 1763 5629 beati
1787 5571 1962 5638 Pauli,
1992 5572 2077 5627 al-

2182 4577 2345 4617 rones
2386 4570 2639 4618 revectus
2695 4564 2849 4619 miris
2902 4565 3170 4639 prodigiis
3219 4567 3509 4623 emicabat.
3549 4569 3805 4626 Turones

2180 4666 2312 4722 ergo
2340 4651 2642 4723 profectus,
2685 4654 2923 4709 natalem
2983 4655 3104 4723 ejus
3130 4655 3278 4711 diem
3321 4656 3646 4727 celebravit,
3679 4659 3804 4714 dies

2178 4753 2301 4800 octo
2340 4745 2530 4800 statuit
2580 4746 2649 4800 ad
2706 4745 2882 4818 ipsius
2924 4748 3196 4802 tumulum
3258 4748 3554 4805 continuos
3604 4766 3797 4825 agere,

2179 4834 2401 4889 tandem
2431 4834 2667 4906 septima
2696 4842 2858 4891 nocte
2888 4841 3077 4907 raptus
3104 4836 3160 4891 in
3201 4837 3460 4892 exstasim
3496 4838 3636 4893 vidit
3668 4855 3803 4895 san-

2178 4929 2324 4979 ctum
2354 4924 2641 4979 Martinum
2679 4924 2901 4996 corpori
2945 4940 3046 4981 suo
3100 4926 3281 4982 crucis
3318 4927 3538 5000 signum
3588 4928 3795 5000 impri-

2177 5035 2350 5085 mere,
2375 5030 2431 5074 et
2458 5020 2642 5074 statim
2690 5035 2723 5074 a
2747 5019 2942 5076 morbo
2968 5027 3193 5076 sanatus
3224 5029 3327 5077 est.
3359 5022 3513 5077 Mane
3544 5021 3712 5092 facto,
3764 5042 3798 5080 a

2177 5108 2393 5165 clericis
2422 5109 2543 5177 ejus
2581 5109 2836 5164 Ecclesiae
2864 5107 2925 5164 ﬁt
2944 5110 3246 5166 canonicus
3266 5118 3322 5165 et
3349 5111 3643 5167 celebriori
3686 5113 3797 5169 ritu

2176 5216 2389 5255 sacrum
2422 5199 2637 5274 peregit
2698 5200 2807 5255 Nec
2832 5200 3123 5256 immemor
3152 5200 3410 5257 beneﬁcii
3448 5202 3629 5258 statim
3645 5212 3709 5259 ut
3724 5205 3794 5259 ad

2176 5315 2275 5355 sua
2295 5315 2546 5355 reversus
2574 5306 2679 5366 est,
2701 5300 2939 5370 pretiosa
2968 5300 3152 5356 omnis
3202 5301 3425 5376 generis
3462 5314 3795 5360 ornamenta

2179 5395 2268 5466 pio
2296 5395 2512 5450 medico
2538 5396 2741 5450 obtulit
2770 5405 2826 5451 et
2880 5397 3114 5472 singulis
3173 5399 3456 5454 canonicis
3486 5400 3793 5475 singularia

2176 5486 2405 5542 donaria
2434 5487 2759 5555 transmisit,
2796 5490 2944 5560 apud
2995 5490 3259 5545 Leodium
3284 5492 3341 5545 in
3383 5491 3659 5549 descensu
3691 5510 3795 5566 pu-

2175 5572 2306 5629 blici
2343 5573 2544 5628 montis
2571 5574 2865 5630 ecclesiam
2912 5576 3016 5631 sub
3066 5578 3245 5632 sancti
3277 5579 3505 5635 nomine
3530 5589 3792 5639 constru-

451 5665 632 5713 teram
660 5652 768 5704 sub
798 5654 982 5710 Sancti
1012 5655 1225 5714 Martini
1270 5661 1499 5720 nomine
1526 5663 1888 5731 dedicaverit,
1919 5670 1976 5719 et
2003 5663 2074 5721 30
2171 5665 2268 5733 xit,
2299 5663 2575 5734 tantisque
2607 5665 2919 5723 redditibus
2956 5668 3276 5739 cumulavit,
3320 5677 3381 5728 ut
3408 5670 3480 5729 30
3501 5676 3795 5733 canonicis
