3978 6214
252 354 376 410 945

1285 354 1599 409 EPISTULA
1641 356 1725 407 ΑΙ)
1766 353 2147 409 RATHERIUM
2190 352 2575 408 EPISCFPUM.

3488 352 3593 407 946

244 483 496 553 aliisque
528 481 789 535 ministris
819 482 1035 536 abunde
1078 482 1416 547 sufficerent,
1458 491 1511 537 ct
1539 485 1759 538 demum
1804 486 1945 558 deA
1974 485 2210 551 vembr.,
2262 500 2408 538 anno
2462 482 2811 555 pontificatus
2865 483 2948 537 sui
3004 484 3093 547 12,
3136 483 3362 537 Othonis
3408 485 3448 549 l,
3483 490 3588 537 tam

247 581 412 627 tanto
444 581 643 627 eventu
679 574 922 627 chartam
966 590 1128 627 manu
1186 575 1408 644 propria
1439 576 1785 644 conscripsit,
1820 583 1874 629 et

246 666 441 735 quoad
478 665 655 735 potuit
683 665 981 735 quotannis
1022 665 1270 719 Rurones
1299 666 1506 719 accessi
1538 666 1873 720 benefactori

246 759 463 831 gratias
496 765 735 811 acturus.

329 848 385 901 S.
411 846 687 900 Evermari
710 861 909 915 corpus
927 844 1038 912 jam
1064 844 1157 898 diu
1193 845 1244 898 in
1278 844 1512 899 obscuro
1541 844 1662 899 loco
1688 846 1877 899 delite-

244 957 438 1004 scens,
456 940 554 994 sed
573 940 758 993 divina
778 939 1107 993 revelatione
1124 938 1400 1011 cognitum
1416 939 1647 993 elevavit
1661 956 1689 992 e
1709 948 1873 1005 terra,

246 1043 309 1085 et
340 1033 393 1086 in
423 1032 599 1085 aedem
626 1038 816 1085 sancto
847 1031 1077 1084 Martino
1108 1031 1542 1099 sacramintulit.
1591 1030 1873 1085 Patientiae

247 1124 590 1178 documenta
620 1122 735 1175 suis
765 1122 1015 1191 praebuit,
1049 1138 1171 1175 cum
1204 1137 1391 1175 eorum
1442 1122 1659 1189 injuriis
1693 1123 1869 1176 laces-

247 1214 396 1269 situs
421 1215 488 1267 de
516 1213 756 1267 vindicta
790 1213 1085 1283 nequidem
1122 1213 1397 1287 cogitavit.
1435 1214 1672 1266 Tandem
1708 1213 1874 1267 virtu-

250 1302 405 1356 tibus
447 1292 910 1355 clarus‘caducam
944 1301 1084 1354 hanc
1124 1302 1285 1354 vitam
1328 1318 1451 1354 cum
1492 1310 1695 1354 aeterna
1728 1318 1873 1356 com—

250 1394 485 1449 mutavit
534 1408 679 1447 anno
721 1394 971 1447 lncarnat
1028 1394 1319 1447 hominicae
1370 1394 1497 1457 97f,
1542 1411 1591 1446 vi
1626 1393 1735 1447 Kal.
1773 1394 1874 1448 No-

1976 576 2129 646 regni
2156 592 2316 647 quam
2373 572 2589 644 imperii
2618 572 2705 636 3f,
2739 574 2813 626 ait
2854 571 3121 645 zEgidius,
3165 572 3256 641 qui
3288 579 3340 625 et
3371 573 3493 640 ejus
3523 573 3591 626 ad

1980 667 2295 720 Ratherium
2336 666 2649 736 epistolam,
2679 664 2865 730 refert,
2914 665 2965 717 in
2999 680 3107 734 qua
3152 680 3212 717 se
3265 663 3385 732 ejus
3416 663 3586 718 filium

1977 755 2128 817 dicit,
2162 754 2323 825 eique
2365 754 2434 807 ob
2475 753 2576 807 sibi
2618 752 2879 805 directam
2924 769 3043 806 cum
3079 752 3321 805 balsamo
3353 770 3415 805 ex
3450 754 3588 807 urbe

1982 847 2187 900 Verona
2244 846 2574 919 legationem
2630 845 2830 915 gratias
2880 845 3012 915 agit,
3070 845 3287 897 demum
3350 844 3401 897 in
3468 846 3589 912 ejus

1978 935 2187 999 laudes,
2222 937 2289 989 de
2320 937 2521 1007 quibus
2553 951 2654 988 nos
2692 950 2875 1004 supra,
2910 935 3163 987 excurrit.
3213 935 3337 1002 Ejus
3363 951 3585 1005 quoque

1975 1027 2183 1080 obitum
2220 1042 2307 1079 an.
2356 1027 2453 1080 9'71
2491 1025 2632 1079 locat
2682 1024 2987 1079 Chronicon
3033 1024 3501 1097 lllagdeburgense
3533 1031 3585 1078 et

1978 1118 2299 1172 Leodiense.
2334 1118 2594 1185 Sepultus
2625 1122 2709 1169 est
2736 1114 2790 1167 in
2820 1114 3047 1168 basilica
3077 1115 3259 1168 Sancti
3286 1114 3495 1168 Martini
3530 1116 3583 1168 in

1976 1221 2180 1267 monte.
2243 1211 2425 1265 Adfuit
2474 1210 2707 1264 concilio
2753 1209 3177 1272 Ravennatcnsi,
3234 1209 3328 1262 ubi
3388 1219 3445 1263 et
3487 1226 3586 1263 sua

1975 1301 2381 1370 subscriptione
2431 1298 2832 1351 institutionem
2891 1296 3398 1367 archiepiscopatus
3443 1298 3584 1371 Mag-

1976 1392 2339 1467 dcburgensis
2371 1390 2714 1446 confirmavit
2741 1389 2883 1443 circa
2905 1406 3109 1443 annum
3142 1391 3263 1446 967.

1507 1704 2340 1843 EBACLII

717 1926 1289 2012 EPISTULA
1375 1928 1534 2012 AD
1616 1927 2328 2012 RATHERIUM
2406 1927 3091 2015 EPISCOPUM.

1134 2102 1575 2171 (CHAPPEAVILLE,
1619 2108 1777 2159 Gesta
1817 2106 2017 2170 Pontif.
2064 2106 2369 2171 Leodiens,
2408 2122 2459 2175 p.
2494 2106 2705 2173 191-2)

322 2387 551 2442 Domino
605 2394 659 2440 et
722 2388 863 2441 Patri
922 2395 1003 2441 ter
1066 2388 1226 2443 beato
1280 2387 1499 2457 priesuli
1564 2388 1858 2451 Rnuaaio,
1893 2388 2240 2459 Bquomodo
2280 2403 2368 2441 me
2398 2386 2627 2453 fovistis,
2659 2395 2721 2441 ut
2758 2388 3325 2443 commanducandum
3364 2390 3575 2454 cibum,

241 2487 503 2550 spectatae
537 2479 817 2549 opinionis
843 2478 980 2544 viro,
1024 2486 1077 2533 et
1110 2479 1517 2549 probatissimo,
1554 2480 1859 2534 Evsascws

240 2583 526 2621 servorum
555 2566 750 2619 Christi
783 2582 991 2629 servus,
1027 2584 1160 2621 suus
1216 2568 1477 2637 indignus
1526 2568 1648 2621 licet
1674 2568 1856 2622 vocari

244 2659 392 2714 ﬁlius
415 2659 685 2730 quidquid
720 2660 773 2713 in
797 2660 1010 2714 Christo
1041 2660 1168 2713 Jesu
1204 2660 1435 2715 felicius.

321 2749 665 2818 Hyperbaton
751 2765 873 2802 cum
958 2749 1286 2821 ambagibus
1363 2752 1663 2813 omittens.
1748 2766 1859 2804 rem

247 2840 445 2909 ipsam,
494 2846 697 2910 quanta
736 2856 870 2893 mea:
924 2858 1049 2910 pars
1106 2852 1282 2895 vestra
1336 2843 1404 2895 sit
1451 2842 1667 2906 anima),
1712 2842 1860 2896 nudo

243 2938 299 2983 et
330 2936 524 2999 Operto
555 2945 809 2984 sermone
848 2946 935 2983 me
960 2931 1112 2997 juvat
1143 2931 1484 2991 describere;
1531 2932 1858 2985 scholastice

242 3022 289 3074 si
324 3036 433 3076 non
484 3022 661 3088 valeo,
696 3023 902 3076 utinam
935 3022 1017 3075 vel
1071 3022 1291 3087 rustice,
1335 3038 1442 3076 non
1477 3022 1600 3075 ficte
1652 3032 1855 3089 tamen,

242 3114 371 3185 quia
404 3130 539 3183 pura
569 3114 724 3168 traho
749 3130 879 3170 voce
910 3114 1054 3185 quod
1099 3115 1228 3168 latet
1261 3130 1458 3168 arcana
1494 3130 1600 3169 non
1636 3114 1856 3169 inenar-

244 3202 415 3256 rabile
469 3202 626 3268 fibra,
659 3210 924 3273 quantum
964 3219 1059 3257 vos
1090 3203 1313 3257 sinuoso
1356 3204 1408 3257 in
1466 3211 1687 3273 pectore
1740 3204 1851 3269 fixi,

242 3300 431 3347 notare
458 3292 815 3365 gestiojlllud
843 3292 1113 3347 comicum
1140 3293 1339 3348 nostis:
1374 3297 1553 3347 Davus
1581 3309 1722 3358 sum,
1745 3309 1855 3347 non

244 3386 503 3453 (Edipus,
564 3391 621 3437 ut
673 3384 868 3438 fucatis
924 3386 1105 3438 verbis
1161 3385 1342 3439 fallam
1383 3384 1692 3438 audientes.
1743 3384 1850 3438 Sed

246 3479 360 3532 haec
392 3480 673 3533 hactenus.

317 3570 513 3625 Audita
558 3586 687 3625 vero
717 3578 770 3625 et
799 3572 1060 3625 attentius
1087 3579 1344 3641 percepta
1376 3570 1649 3640 legatione
1678 3576 1856 3625 vestra

245 3666 475 3729 mellita,
522 3666 769 3719 nondum
801 3665 915 3719 viso
946 3666 1030 3719 vel
1086 3672 1331 3734 accepto,
1365 3666 1510 3735 quod
1546 3665 1635 3734 pio
1664 3680 1853 3720 amore
1880 3694 1930 3762 Ο

243 3754 470 3808 misistis
512 3754 772 3818 balsamo,
819 3753 1016 3807 litteris
1053 3753 1250 3807 vestris
1298 3754 1480 3807 adhuc
1533 3768 1641 3807 non
1678 3754 1853 3819 lectis;

245 3862 353 3900 non
406 3846 694 3901 minimum
738 3864 867 3920 erga
897 3865 1003 3909 me,
1039 3865 1201 3920 quem
1247 3850 1501 3920 cognovi,
1533 3857 1638 3903 tam
1672 3851 1855 3923 magni

241 3946 294 3989 et
342 3934 630 3988 clarissimi
689 3936 789 3989 viri
843 3936 1069 3992 affectus
1127 3939 1360 4011 integer,
1422 3938 1554 3991 mihi
1620 3938 1856 4005 tantillo,

241 4024 606 4079 accumulavit
644 4025 939 4096 gaudium:
989 4026 1171 4097 liquor
1212 4026 1503 4095 pretiosus,
1539 4027 1695 4093 cujus
1742 4026 1857 4081 fere

242 4134 390 4172 eram
425 4119 607 4187 ineps,
640 4118 849 4171 vultum
880 4134 988 4172 non
1031 4118 1381 4173 mediocriter
1411 4119 1735 4173 exhilaravit
1766 4120 1857 4173 da-

240 4214 344 4261 tus.
379 4207 577 4261 Audito
626 4207 847 4260 tandem
877 4208 1122 4277 epitheto
1174 4224 1282 4262 non
1325 4224 1447 4262 meo
1479 4208 1689 4263 nomini
1722 4224 1855 4263 con-

240 4314 399 4370 gruo,
432 4298 579 4369 quod
626 4306 806 4352 vestra
846 4300 1080 4354 charitas
1110 4300 1266 4361 mihi,
1315 4300 1465 4353 nulla
1495 4302 1853 4356 commenda-

242 4390 392 4445 tione
446 4397 662 4443 actuum
696 4406 943 4445 meorum
998 4392 1272 4462 apposuit.
1320 4394 1457 4447 ultra
1489 4410 1651 4464 quam
1704 4394 1853 4451 cretii

244 4488 442 4551 potest,
476 4480 715 4533 animum
751 4480 1064 4535 leetificavit.

312 4572 444 4626 Inde
467 4572 678 4625 centies
700 4572 857 4626 ﬂexis
885 4574 1119 4646 genibus
1146 4590 1334 4627 versus
1359 4575 1645 4638 Veronam,
1670 4584 1854 4629 vestra

240 4662 395 4733 quasi
427 4660 675 4714 lambens
706 4662 957 4735 vestigia,
1002 4663 1206 4718 millies
1238 4663 1387 4717 mille
1418 4664 1574 4718 vobis
1605 4664 1850 4733 rependo

237 4758 455 4830 gratias.

311 4850 473 4920 Cujus
524 4866 652 4905 vero
692 4851 925 4911 virtutis.
985 4852 1029 4905 si
1078 4853 1225 4923 quod
1272 4853 1324 4907 in
1371 4869 1458 4906 me
1515 4854 1846 4922 apparuerit,

238 4943 327 5013 qui
362 4943 511 4997 nulla
539 4942 765 4996 omnino
811 4944 1103 5013 praelueeo,
1134 4944 1509 5009 simulacrum,
1558 4960 1847 5014 nusquam,

237 5031 280 5085 si
324 5031 703 5101 experimento
750 5030 964 5087 discere
1009 5034 1161 5088 cordi
1225 5041 1329 5101 est,
1387 5050 1415 5088 a
1473 5034 1627 5088 vobis
1676 5004 1925 5089 aberitD

239 5124 576 5197 elongatum.

306 5217 593 5272 Pristinam
625 5234 770 5288 saepe
801 5220 955 5273 soleo
988 5226 1112 5273 ante
1145 5220 1337 5275 oculos
1368 5220 1719 5275 dulcedinem
1754 5236 1849 5292 po-

237 5324 384 5377 nere,
417 5310 587 5381 idque
615 5310 825 5364 crebris
857 5310 1097 5366 libenter
1116 5312 1470 5367 sermonibus
1497 5320 1769 5381 repetere,
1799 5322 1853 5366 et

229 5399 273 5463 si
328 5416 489 5455 mane
542 5416 673 5467 non,
734 5401 818 5455 vel
868 5410 989 5473 post
1061 5405 1289 5474 prandia
1351 5404 1491 5458 inter
1554 5404 1853 5458 bibendum

1961 2478 2100 2532 sicut
2150 2478 2393 2531 nutrices
2424 2477 2707 2532 infantulis
2740 2477 3032 2540 edentulis,
3065 2478 3119 2531 in
3150 2494 3212 2533 os
3260 2494 3441 2532 meum
3477 2486 3579 2532 tra-

1954 2568 2169 2635 jecistis
2668 2632 2680 2642 .

2032 2660 2172 2724 Quid
2204 2666 2354 2725 ante,
2379 2659 2510 2729 quid
2543 2665 2664 2729 post
2693 2674 2789 2729 pro
2834 2665 2982 2713 tanto
3028 2658 3295 2713 beneficio
3329 2675 3574 2714 comme-

1963 2753 2215 2807 morem?
2246 2753 2398 2806 rudis
2441 2768 2561 2805 sum
2590 2759 2646 2805 et
2686 2751 2929 2824 ignarus.
2966 2751 3095 2814 Quis
3124 2766 3269 2805 enim
3302 2760 3384 2805 est
3413 2752 3577 2807 vobis

1964 2855 2056 2899 aut
2080 2845 2374 2915 sapientia,
2423 2844 2713 2914 probitate,
2746 2853 2839 2897 aut
2868 2843 3196 2913 Optimarum
3229 2846 3424 2898 artium
3466 2853 3576 2899 stu-

1961 2938 2074 3001 dio,
2106 2946 2200 2992 aut
2221 2937 2560 3003 innocentia,
2593 2943 2686 2990 aut
2716 2936 2826 2991 ullo
2853 2937 3030 2990 laudis
3054 2953 3253 3009 genere
3295 2944 3571 3007 praastan-

1963 3028 2102 3081 tior?
2121 3027 2377 3081 Tulliana
2391 3042 2493 3080 vox
2513 3033 2701 3079 sonat:
2734 3025 2923 3079 Nullus
2949 3033 3156 3079 tantum
3172 3033 3257 3080 est
3272 3025 3477 3081 ﬂumen
3498 3028 3579 3081 in-

1958 3119 2129 3191 genii,
2146 3119 2295 3172 nulla
2317 3117 2719 3183 dicendi,nulla
2737 3117 3018 3171 scribendi
3044 3124 3190 3172 tanta
3217 3118 3475 3182 vis,nulla
3494 3134 3583 3174 co-

1956 3205 2341 3274 pia,quze,non
2356 3204 2533 3258 dicam
2554 3206 2946 3263 exornare.sed
2961 3213 3173 3259 tuarum
3192 3208 3451 3260 virtutum
3470 3208 3583 3261 lau-

1956 3296 2055 3348 des
2084 3296 2256 3365 possit
2275 3310 2553 3348 enarrare.
2580 3295 2847 3349 Patientia
2874 3296 2918 3348 si
2942 3302 3297 3362 memoratur,
3323 3297 3365 3349 si
3396 3297 3475 3349 fas
3498 3304 3585 3351 est

1955 3388 2161 3452 dicere,
2196 3386 2302 3439 fide
2348 3386 2518 3452 salva,
2582 3402 2652 3439 ne
2692 3386 2863 3440 Deum
2915 3386 3213 3445 offendam.
3251 3397 3304 3440 tu
3345 3404 3403 3441 es
3436 3388 3576 3457 ipsa.

1957 3480 2073 3533 Non
2122 3478 2346 3531 salivam
2395 3478 2571 3550 glutto
2622 3478 2886 3531 sorbuisti
2945 3478 3348 3543 mercurialem,
3408 3478 3581 3549 inque

1956 3571 2069 3625 luto
2113 3568 2277 3624 fixum
2313 3569 2536 3639 potuisti
2586 3570 2979 3623 transcendere
3012 3584 3319 3622 numerum.
3368 3569 3575 3638 Satyri-

1956 3680 2049 3720 cos
2100 3664 2415 3718 omittamus
2444 3663 2707 3725 comicos,
2763 3663 2831 3716 ad
2862 3663 3143 3734 simplices
3199 3663 3490 3717 redeamus
3517 3674 3581 3719 et

1958 3767 2197 3813 sanctos.

2028 3851 2145 3905 Non
2169 3850 2333 3904 modo
2362 3864 2472 3904 non
2504 3848 2758 3919 rapuisti,
2787 3848 2885 3902 sed
2921 3864 3025 3904 nec
3056 3848 3280 3919 quidem
3314 3850 3575 3919 appetisti

1957 3941 2157 4007 aliena,
2190 3941 2416 4016 largitus
2462 3956 2521 3995 es
2552 3940 2795 4011 propria,
2853 3939 3079 3993 aliorum
3140 3938 3446 3994 condolens
3473 3942 3576 3995 mi-

1962 4034 2138 4099 seriis,
2190 4049 2300 4087 non
2349 4032 2705 4088 felicitatibus
2753 4032 3008 4087 invidens
3063 4032 3279 4098 alienis,
3321 4035 3569 4088 omnibus

1955 4128 2139 4183 omnia
2182 4126 2376 4191 factus,
2410 4134 2468 4180 ut
2520 4140 2716 4180 omnes
2772 4125 3148 4181 lucrifaceres.
3184 4125 3373 4179 Nativa
3404 4125 3568 4181 vobis

1953 4219 2183 4290 supplex
2215 4218 2390 4273 tendit
2438 4234 2633 4271 manus
2666 4217 2859 4287 patr-ia,
2891 4224 2946 4271 et
2976 4224 3035 4271 ut
3071 4216 3306 4271 redeatis
3356 4216 3567 4272 invitat.

1954 4316 2172 4381 Omnes,
2204 4320 2471 4386 quotquot
2508 4319 2636 4366 sunt
2675 4312 2964 4382 utriusque
3014 4310 3244 4376 ordinis,
3276 4311 3569 4377 clericalis,

1956 4422 2052 4461 seu
2086 4406 2357 4467 militaris,
2400 4402 2926 4469 mente,voluntate,
2957 4403 3162 4467 studio,
3195 4410 3375 4475 gestu,
3408 4418 3567 4469 voce,

1956 4505 2014 4552 ut
2043 4496 2299 4563 veniatis,
2331 4496 2602 4549 clamant:
2628 4509 2725 4549 vos
2750 4493 2937 4548 videre
2966 4493 3313 4558 desiderant;
3343 4493 3569 4551 servitio

1954 4593 2109 4648 vobis
2150 4590 2541 4661 impendendo,
2584 4604 2685 4642 nec
2742 4604 3055 4653 numerum,
3112 4604 3292 4659 neque
3339 4588 3563 4643 modum

1952 4686 2290 4759 przeﬁgimus
2341 4685 2532 4740 ullum.
2590 4682 2779 4737 Omnia
2837 4690 3020 4737 nostra
3074 4690 3237 4736 erunt
3288 4682 3341 4735 in
3394 4698 3563 4738 manu

1952 4791 2152 4847 vestra,
2214 4781 2515 4837 secundum
2557 4778 2703 4850 quod
2735 4777 2916 4831 animo
2946 4784 3127 4831 vestro
3186 4776 3474 4839 insederit,
3534 4794 3568 4832 o

1954 4876 2155 4931 dilecte
2185 4877 2425 4932 Ratheri.
2463 4876 2663 4930 Cuncta
2684 4873 3007 4944 praevidete,
3043 4872 3341 4942 disponite,
3365 4872 3568 4926 consti-

1955 4965 2110 5028 tuite,
2144 4972 2198 5018 et
2252 4972 2310 5019 ut
2348 4963 2590 5030 libuerit,
2625 4963 2679 5015 in
2725 4960 2984 5016 omnibus
3040 4960 3205 5034 agite.
3240 4959 3352 5013 Sub
3382 4966 3565 5013 vestro

1953 5053 2151 5125 pollice
2182 5055 2343 5109 docto
2374 5061 2428 5108 et
2463 5054 2691 5120 artifice,
2739 5068 2961 5107 manum
2993 5050 3181 5106 ferula:
3223 5066 3333 5105 non
3366 5049 3567 5104 erube-
3617 5062 3625 5067 '

1952 5162 2097 5201 scam
2130 5146 2461 5201 subducere.
2495 5147 2600 5201 Vos
2629 5146 2845 5210 valete;
2878 5162 2974 5201 vos
3014 5144 3277 5215 plaudite,
3312 5150 3365 5197 et
3394 5142 3569 5213 gratia

1953 5238 2167 5293 Domini
2220 5237 2392 5293 nostri
2442 5254 2540 5293 vos
2586 5238 2654 5292 ab
2712 5238 2935 5294 incursu
2986 5237 3129 5293 malo
3187 5242 3400 5291 tueatur
3439 5247 3571 5288 con-

1956 5327 2127 5382 tinue.
