3978 6214
409 337 511 391 947

1053 328 1313 384 ERACLII
1358 326 1561 380 EPISC.
1605 321 1990 376 LEODIENSIS
2033 319 2311 373 RELATIO
2351 314 2669 373 MlRACULl
2711 317 2768 369 S.
2809 313 3082 368 MARTIN.

3637 313 3743 368 948

411 448 3731 482 _________________________.__.______—————

1072 604 1596 698 RELATIO
1682 600 2260 690 MIRACULI
2347 597 2438 686 S.
2527 597 3078 684 MARTINI.

505 800 818 856 Erucitus
855 809 1054 850 manu
1093 791 1370 860 propria.
1409 785 1732 844 describit
1771 797 1963 838 suam
2001 783 2469 834 miraculosam
2509 777 2928 830 sanationem
2968 775 3147 828 sicut
3184 780 3253 826 et
3291 775 3656 827 secundum

1903 877 2246 930 visionem.

497 1184 552 1236 ln
582 1180 806 1234 nomine
835 1181 1038 1231 sanctae
1069 1182 1122 1228 et
1149 1169 1448 1226 individure
1471 1166 1765 1222 Trinitatis.

496 1273 648 1326 Anno
673 1267 920 1324 secundo
952 1273 1075 1334 post
1105 1263 1338 1316 reditum
1368 1260 1510 1313 beati
1553 1257 1766 1312 Martini
1800 1257 1867 1310 ah
1892 1257 2033 1310 exsi—

427 1363 522 1420 lio.
579 1359 854 1421 videlicet,
915 1371 945 1408 a
989 1353 1206 1406 civitate
1250 1348 1648 1412 Antissiodoro,
1690 1347 2036 1416 providentia

428 1451 548 1518 Dei,
576 1458 629 1504 et
659 1447 862 1502 auxilio
890 1443 1180 1518 lngelgerii
1220 1440 1558 1494 Castinensis
1589 1437 1806 1492 comitis
1856 1439 2033 1506 Ηυςο-

431 1545 515 1598 nis
541 1541 727 1611 inclyti
757 1537 1087 1609 Burgundiee
1123 1536 1279 1590 ducis
1313 1532 1733 1605 consanguinei,
1758 1548 1886 1585 cura
1919 1548 2039 1601 per-

431 1634 602 1706 viglii,
651 1633 787 1686 mira
844 1627 1238 1691 sollicitudine,
1305 1633 1359 1679 et
1413 1632 1743 1679 armatorum
1814 1623 2038 1693 cepiosa

433 1728 803 1792 multitudine,
837 1727 889 1780 in
921 1740 1031 1797 quo
1060 1723 1214 1794 prius
1241 1721 1604 1776 venerabatur
1635 1719 1776 1784 loco,
1820 1718 2041 1773 honori-

435 1821 534 1876 fice
566 1827 619 1874 et
650 1821 912 1873 decenter
941 1815 1194 1877 relocati;
1228 1830 1330 1886 ego
1364 1811 1605 1866 Eraclius
1639 1811 1734 1865 Dei
1778 1809 2042 1880 patientia

437 1909 759 1965 Leodiensis
788 1906 1045 1961 Ecclesiae
1076 1903 1303 1959 humilis
1343 1903 1656 1973 episcOpus,
1691 1899 1894 1955 auditis
1939 1902 2039 1956 mi-

438 2003 746 2057 raculornm
778 1998 1090 2062 virtutibus,
1129 2013 1251 2068 qua:
1283 2010 1382 2066 per
1412 1995 1507 2051 Dei
1548 1997 1772 2067 gratiam
1807 2005 1859 2052 et
1899 1999 2044 2058 beati

437 2091 651 2146 Martini
686 2090 959 2153 meritum,
993 2089 1332 2142 incessanter
1361 2084 1435 2138 ibi
1466 2084 1693 2152 ﬁebant,
1726 2088 1922 2145 morbo
1949 2094 2042 2163 qui

439 2181 602 2250 lupus
629 2179 849 2242 dicitur,
899 2177 1138 2250 graviter
1190 2175 1425 2239 attritus,
1458 2182 1512 2229 et
1567 2174 1681 2229 fere
1713 2177 1778 2229 ad
1809 2185 2042 2234 mortem

438 2271 728 2334 deductus,
769 2268 870 2321 sub
915 2283 1013 2336 spe
1068 2263 1460 2336 recuperandae
1499 2264 1748 2318 sanitatis
1794 2268 2049 2322 astrictus

437 2374 585 2429 voto,
619 2381 742 2420 cum
769 2364 985 2419 clericis
1010 2371 1066 2419 et
1092 2363 1381 2427 militibus,
1411 2362 1688 2417 Turonum
1721 2363 2048 2433 quantocius

438 2456 562 2511 veni
585 2456 835 2510 devotus.

511 2546 754 2615 Cumque
776 2545 828 2598 in
861 2544 1093 2598 ecclesia
1121 2541 1502 2615 gloriosissimi
1542 2541 1876 2596 confessoris
1909 2558 2043 2611 prte-

439 2639 593 2702 dicti,
626 2638 718 2692 die
767 2643 1047 2707 noctuque
1085 2652 1208 2690 cum
1265 2634 1537 2690 effusione
1586 2635 1945 2707 lacrymarum
1997 2644 2051 2692 et

440 2733 756 2810 gemitibus,
816 2730 1040 2802 vigiliis,
1091 2727 1333 2797 jejuniis,
1378 2727 1721 2784 orationibus
1761 2730 2046 2801 instarem,

441 2824 649 2893 Deique
689 2816 1120 2873 misericordiam
1165 2823 1220 2868 et
1273 2815 1448 2884 ipsius
1495 2813 1810 2888 suffragium
1862 2835 2048 2875 exora-

441 2929 579 2977 rem,
621 2915 781 2964 nocte
825 2907 1078 2976 septima,
1137 2905 1332 2958 beatus
1375 2903 1636 2958 Martinus
1688 2921 1810 2960 cum
1859 2916 2048 2964 sancto

442 2999 662 3063 Brictio,
694 2997 829 3050 mihi
857 3010 967 3064 pra:
1002 2992 1326 3047 lassitudine
1353 2993 1509 3064 quasi
1537 2992 1593 3047 in
1622 2996 1819 3049 exstasi
1849 2997 2048 3066 posito,

441 3090 714 3160 apparuit,
761 3102 932 3158 seque
989 3085 1244 3156 sequenti
1299 3085 1377 3140 sic
1415 3086 1526 3139 ait:
1567 3107 1587 3135 ι
1623 3087 1810 3142 Frater
1864 3089 2046 3155 Bricti,

443 3182 577 3253 quid
625 3180 722 3235 tibi
757 3180 974 3234 videtur
1012 3179 1079 3232 de
1131 3177 1295 3232 fratre
1348 3184 1533 3232 nostro
1593 3179 1882 3234 Leodiensi
1939 3181 2054 3251 epi-

442 3289 633 3344 scopo,
678 3273 770 3344 qui
821 3273 891 3326 de
928 3270 1152 3325 remotis
1198 3271 1303 3325 huc
1345 3270 1495 3324 venit
1530 3271 1796 3341 partibus.
1843 3273 2054 3344 Deique

443 3371 730 3434 auxilium,
773 3374 828 3422 et
865 3374 1110 3420 nostrum
1151 3371 1260 3419 tam
1299 3365 1497 3421 devote
1532 3365 1803 3436 requirit?
1850 3391 1870 3410 -
1913 3366 2053 3420 San-

443 3471 565 3519 ctus
606 3461 838 3515 Brictius
864 3458 970 3513 sibi
1006 3457 1216 3529 loqenti
1259 3457 1338 3512 sic
1368 3457 1658 3528 respondit
1691 3476 1704 3511 :
1747 3480 1771 3505 ιι
1806 3458 2055 3512 Piissime

444 3553 690 3616 domine,
723 3551 768 3605 si
799 3549 980 3620 placet
1022 3548 1132 3604 Deo
1162 3556 1216 3602 et
1234 3554 1340 3602 tua:
1372 3547 1698 3621 benignitati
1726 3547 1933 3603 bonum
1960 3557 2045 3604 est

444 3648 504 3697 ut
559 3646 799 3703 curetur,
842 3655 965 3694 cum
1015 3638 1085 3692 sit
1135 3638 1319 3691 multa:
1375 3637 1702 3700 sanctitatis,
1763 3644 1817 3691 et
1875 3641 2043 3694 nostri

445 3729 676 3794 ordinis,
707 3727 865 3797 cujus
905 3727 1013 3781 vita
1044 3726 1294 3781 ordinem
1329 3741 1437 3780 non
1479 3724 1755 3794 deturpat.
1801 3747 1824 3771 η
1869 3725 2046 3792 Illico,

2074 2459 2121 2524 li

2054 1164 2108 1230 Α
2207 1155 2360 1209 Mane
2410 1152 2573 1212 facte,
2634 1147 2885 1204 canonici
2936 1145 3335 1200 convenientes
3387 1144 3441 1197 in
3489 1143 3758 1214 capitulo,

2135 1261 2222 1300 me
2273 1244 2327 1296 in
2380 1241 2601 1296 fratrem
2655 1248 2710 1292 et
2749 1237 3076 1292 canonicum
3129 1239 3458 1304 receperunt
3505 1232 3759 1286 unanimi

2135 1336 2416 1392 voluntate
2459 1342 2514 1386 et
2571 1329 2866 1384 desiderio.
2926 1326 3132 1400 Magnae
3183 1325 3364 1379 missae
3419 1325 3552 1379 hora
3596 1324 3764 1379 adve—

2138 1430 2348 1497 niente,
2390 1423 2693 1479 secundum
2729 1427 3060 1492 preeceptum
3094 1417 3241 1471 beati
3281 1416 3514 1478 Martini,
3569 1416 3761 1470 divina

2137 1518 2443 1578 celebravi;
2495 1514 2710 1570 collatis
2752 1511 2998 1566 ecclesia:
3030 1509 3277 1563 donariis
3327 1507 3756 1579 quamplurimis

2141 1619 2197 1663 et
2228 1606 2506 1670 fratribus,
2537 1605 2604 1658 ad
2653 1602 2874 1674 propria
2912 1599 3161 1673 gaudens
3211 1605 3267 1651 et
3295 1613 3461 1650 sanus
3492 1597 3754 1651 remeavi.

2213 1698 2586 1762 Postmodum,
2629 1692 2963 1765 procedente
2992 1705 3158 1760 parvo
3199 1695 3471 1758 tempore,
3506 1703 3619 1741 non
3665 1687 3765 1740 im-

2143 1807 2353 1846 memor
2379 1790 2512 1844 tanti
2547 1784 2802 1842 beneficii
2844 1801 2872 1837 a
2906 1784 3014 1836 Deo
3053 1787 3108 1834 et
3139 1781 3298 1834 beato
3354 1778 3585 1832 Martino
3629 1778 3764 1831 mihi

2143 1881 2348 1946 collati,
2381 1878 2447 1933 ad
2482 1877 2698 1931 laudem
2733 1874 2825 1928 Dei
2860 1880 2913 1926 et
2943 1872 3212 1926 honorem
3247 1868 3513 1923 curatoris
3543 1867 3676 1933 mei,
3709 1883 3768 1920 in

2144 1975 2360 2029 civitate
2422 1968 2734 2032 Leodiensi,
2790 1966 2845 2018 in
2904 1971 3092 2018 monte
3160 1960 3405 2032 publico,
3467 1958 3766 2014 ecclesiam

2146 2065 2394 2130 fundavi,
2425 2059 2704 2117 construxi
2736 2057 2805 2111 de
2852 2054 3094 2126 proprio.
3127 2051 3326 2113 dicavi,
3360 2059 3415 2104 et
3459 2048 3769 2119 opulentis-

2147 2159 2284 2212 sime
2341 2154 2543 2209 dotavi.
2600 2152 2657 2204 ln
2709 2164 2819 2220 qua
2868 2146 3091 2220 triginta
3153 2141 3435 2197 canonicis
3476 2141 3771 2203 ordinatis,

2149 2268 2270 2306 cum
2304 2244 2676 2303 servientibus
2694 2250 2747 2297 et
2769 2239 3044 2312 personis,
3069 2244 3121 2291 et
3145 2235 3447 2291 secundum
3478 2241 3772 2288 consuetu-

2150 2339 2334 2391 dinem
2361 2333 2696 2389 Turonensis
2719 2329 2976 2385 Ecclesia:
3005 2327 3059 2381 in
3077 2325 3312 2400 legendo
3330 2323 3696 2389 etcantando,
3719 2329 3776 2376 et

2149 2431 2271 2486 aliis
2321 2425 2710 2483 ecclesiasticis
2766 2421 3010 2476 moribus
3049 2417 3351 2483 instructis,
3409 2415 3552 2470 sicut
3605 2421 3771 2485 quot-

2150 2533 2283 2596 quot
2340 2522 2498 2577 annis
2558 2531 2972 2578 consueveram,
3030 2529 3153 2568 cum
3223 2509 3391 2565 multa
3444 2498 3772 2571 devotione,

2150 2616 2424 2670 Turonum
2485 2610 2713 2672 accessi,
2783 2614 2838 2661 et
2890 2606 3030 2659 sicut
3084 2603 3256 2676 gratia
3311 2601 3404 2655 Dei
3486 2607 3780 2670 praeeunte

2151 2701 2409 2767 feceram,
2440 2697 2699 2754 fratribus
2730 2694 2870 2748 meis
2902 2690 3252 2746 manifestum
3292 2687 3412 2742 fieri
3439 2687 3592 2741 duxi.

2226 2795 2287 2848 Et
2317 2793 2447 2847 dum
2490 2791 2544 2844 in
2579 2787 2814 2860 quadam
2855 2792 3017 2838 nocte
3048 2780 3330 2837 Dominica
3362 2787 3775 2848 pernoctarem,

2150 2900 2204 2946 et
2232 2891 2324 2946 Dei
2374 2885 2722 2943 clementiam
2754 2885 3090 2943 invocarem,
3142 2878 3339 2932 iterum
3371 2874 3565 2930 beatus
3591 2874 3776 2928 Marti-

2153 3000 2296 3049 nus,
2355 2997 2476 3035 cum
2535 2976 2710 3031 beatis
2765 2973 2965 3027 Brictio
3025 2979 3079 3024 et
3132 2967 3468 3027 Eustachio,
3527 2964 3663 3018 mihi
3719 2965 3777 3019 in

2151 3075 2362 3130 visione
2412 3068 2685 3140 apparuit,
2745 3065 2974 3118 dicens:
3025 3082 3043 3109 ι
3089 3060 3183 3113 Dic
3242 3057 3499 3111 fratribus
3531 3055 3662 3118 tuis,
3715 3061 3782 3108 ut

2152 3166 2448 3220 canonicos
2478 3176 2617 3232 quos
2645 3158 2711 3212 ad
2742 3155 3092 3210 serviendum
3127 3151 3231 3205 Deo
3256 3155 3311 3203 et
3345 3147 3478 3200 mihi
3508 3146 3782 3202 ordinasti

2157 3259 2363 3323 Leodii,
2397 3256 2500 3310 sub
2534 3255 2634 3324 piae
2677 3248 3018 3307 conditionis
3064 3246 3258 3310 forma,
3285 3243 3409 3313 jure
3438 3241 3677 3312 perenni
3721 3240 3781 3294 in

2153 3366 2306 3405 suam
2348 3347 2616 3417 recipiant
2651 3341 3069 3403 fraternitatem,
3100 3343 3154 3392 et
3183 3350 3379 3392 omnes
3417 3347 3778 3388 successores

2156 3449 2278 3496 tuos
2300 3441 2354 3494 in
2386 3439 2705 3508 episc0patu
2739 3429 3047 3486 Leodiensi.

2225 3577 2239 3600 ι
2287 3551 2483 3605 Mutum
2538 3542 2892 3601 fraternitatis
2941 3541 3057 3594 haec
3104 3537 3176 3590 sit
3227 3535 3311 3589 eis
3361 3532 3584 3588 forma:
3651 3533 3784 3588 Cum

2149 3646 2449 3720 potuerint,
2480 3652 2535 3697 et
2573 3650 2796 3709 tempus
2846 3647 3148 3707 congruum
3190 3627 3426 3692 affuerit,
3470 3642 3531 3680 se
3575 3633 3772 3681 mutuo

2152 3718 2472 3806 visitabunt,
2523 3738 2578 3791 in
2606 3737 2772 3790 choro
2826 3728 3044 3784 stallum
3077 3721 3381 3784 habebunt,
3416 3726 3470 3772 et
3496 3718 3792 3789 quotidia--

446 3821 672 3893 ιπορὶυε
713 3820 1004 3886 accedens,
1037 3826 1092 3873 εἴ
1138 3818 1320 3872 locum
1372 3815 1552 3870 morbi
1591 3816 1818 3886 cuspide
1872 3815 2050 3871 bam“
2085 3813 2284 3887 Cnum
2342 3825 2609 3896 recipient
2672 3817 3028 3890 stipendium.
3078 3835 3100 3857 η
3145 3808 3298 3875 Quod
3363 3807 3726 3862 devotissime
3766 3849 3780 3873 ,

443 3912 528 3968 sui
561 3918 811 3985 tangens,
861 3909 942 3962 sic
973 3907 1081 3960 ait:
1127 3927 1152 3951 «
1195 3905 1382 3958 Frater
1430 3903 1622 3971 Eracli,
1651 3905 1915 3959 Dominus
1955 3921 2054 3960 no-

444 4012 555 4058 ster
578 4001 740 4057 Jesus
779 3998 1024 4053 Christus
1076 4001 1234 4049 sanat
1276 4001 1352 4060 te,
1392 4003 1448 4048 et
1497 3995 1856 4050 incolumitati
1898 3996 2054 4051 resti-

446 4095 568 4159 tuit,
597 4111 695 4149 sua
725 4091 947 4163 pietate.

521 4207 544 4235 α
590 4183 762 4257 igitur
829 4179 1036 4246 hilaris,
1097 4193 1266 4232 sanus
1316 4186 1370 4232 et
1436 4176 1748 4240 incolumis,
1806 4177 2062 4236 fratribus

448 4274 650 4331 nostris
696 4268 980 4327 canonicis
1008 4265 1350 4322 manifestam
1397 4265 1491 4320 Dei
1530 4266 1810 4331 virtutem,
1852 4268 2056 4334 revela,

446 4377 502 4423 et
531 4383 596 4423 ex
622 4370 773 4437 parte
804 4363 980 4435 ipsius
1009 4368 1064 4416 et
1102 4367 1290 4416 nostra
1319 4359 1579 4432 prrecipe,
1611 4368 1671 4414 ut
1711 4376 1832 4414 cum
1861 4360 2058 4416 devoto

447 4460 652 4530 populo
683 4458 874 4512 laudes
923 4457 1220 4511 immensas
1265 4469 1366 4510 suo
1398 4453 1662 4509 Salvatori
1695 4452 1954 4519 referant,
2005 4462 2060 4508 et

445 4559 500 4606 te
531 4552 587 4605 in
618 4548 944 4604 canonicum
991 4547 1116 4617 jure
1153 4553 1425 4618 perpetuo
1465 4544 1754 4614 recipiant.
1812 4543 1886 4597 Tu
1930 4558 2058 4598 vero

447 4641 612 4697 hodie
659 4639 725 4694 ad
761 4639 980 4694 laudem
1032 4637 1121 4692 Dei
1172 4652 1424 4711 magnam
1474 4635 1695 4690 missam
1751 4633 2060 4688 celebrabis

446 4745 507 4790 ut
533 4734 624 4806 qui
652 4742 706 4788 te
729 4732 882 4804 prius
909 4731 1159 4786 viderant
1201 4729 1357 4800 quasi
1390 4727 1667 4782 addictum
1700 4725 1882 4791 morti,
1915 4724 2058 4780 ﬁdu-

447 4823 642 4878 cialius
673 4827 897 4892 sperent
928 4821 995 4874 de
1026 4817 1391 4874 subventione
1416 4815 1503 4870 sui
1534 4813 1774 4886 patroni.
1824 4835 1840 4860 ι

521 4916 630 4971 Hoc
668 4915 830 4980 facto,
863 4919 919 4967 et
966 4912 1052 4965 his
1095 4909 1276 4975 dictis,
1318 4924 1348 4962 a
1379 4913 1679 4978 conspectu
1712 4920 1837 4960 meo
1885 4904 2063 4974 dispa-

447 5012 578 5069 ruit.
602 5010 766 5064 Erant
788 5006 948 5061 ambo
995 5000 1405 5074 episcOpalibus
1435 4995 1771 5052 indumentis
1798 4993 2058 5049 redimiti.

446 5103 664 5161 Surrexi
718 5102 875 5154 laetus
937 5096 1128 5152 Clerici
1169 5095 1276 5151 mei
1334 5101 1387 5148 et
1425 5092 1628 5148 milites
1678 5105 1801 5144 cum
1843 5086 2062 5142 famulis

445 5195 720 5263 accersiti,
767 5192 1128 5255 advenerunt,
1159 5197 1420 5261 totusque
1463 5185 1851 5242 canonicorum
1892 5159 2293 5263 vene-Dii“:it

448 5285 634 5341 rabilis
689 5287 1010 5338 conventus.
1056 5279 1228 5334 Morbi
1277 5279 1432 5334 locus
1487 5291 1650 5348 quem
1704 5270 1956 5344 patiebar
2001 5270 2056 5323 in

449 5375 690 5434 natibus,
750 5384 860 5422 non
901 5376 984 5424 est
1030 5369 1319 5423 inventus:
1355 5374 1540 5422 tamen
1580 5365 1637 5418 in
1671 5363 1886 5437 signum
1917 5360 2060 5414 cica-

451 5463 618 5530 tricis,
651 5457 903 5530 quiedam
925 5458 1132 5512 lineola
1171 5457 1340 5512 rubea
1370 5470 1648 5526 apparens
1677 5450 1960 5507 remansit.
1985 5448 2060 5502 De

451 5558 560 5605 tam
589 5547 838 5624 glorioso
886 5553 941 5600 et
980 5545 1222 5599 evidenti
1253 5543 1541 5606 miraculo,
1575 5546 1644 5596 Te
1672 5545 1841 5596 Deum
1871 5539 2061 5593 lauda-

449 5655 564 5693 mus
623 5638 948 5690 decantatur
999 5650 1029 5686 a
1073 5634 1240 5701 clero,
1292 5641 1346 5687 et
1399 5649 1564 5688 voces
1608 5629 1790 5686 devoti
1848 5626 2060 5697 pepuli,

452 5741 571 5782 cum
602 5721 867 5780 laudibus
897 5722 1236 5777 extolluntur
1261 5725 1317 5776 in
1347 5725 1581 5778 excelso.

2157 3921 2499 3978 sanctissime
2555 3922 2611 3969 et
2659 3909 2954 3969 celebriter
3000 3903 3206 3958 factum
3257 3905 3360 3952 est.
3444 3898 3506 3951 Et
3562 3898 3783 3952 decimo

2156 4031 2301 4072 anno
2337 4007 2672 4067 reversionis
2700 4002 2848 4057 beati
2893 3995 3134 4061 Martini,
3166 3991 3491 4047 auctoritate
3533 3989 3632 4044 Dei
3667 4006 3787 4045 om-

2163 4100 2484 4175 nipotentis,
2533 4093 2870 4151 celebratum
2910 4093 2964 4140 et
3000 4081 3379 4138 confirmatum
3427 4088 3532 4143 est,
3568 4085 3625 4132 et
3680 4077 3787 4132 sub

2161 4166 2511 4250 anathemate
2565 4180 2939 4240 interdictum,
2971 4187 3039 4226 ne
3068 4169 3192 4240 quis
3218 4166 3503 4239 negligere
3552 4173 3646 4219 aut
3674 4166 3788 4220 vio-

2163 4291 2273 4342 lare
2305 4284 2596 4354 praesumat
2623 4272 2772 4346 quod
2803 4263 3095 4323 auctoritas
3135 4259 3340 4324 divina,
3375 4263 3429 4311 et
3459 4255 3610 4310 beati
3645 4257 3787 4311 Mar-

2160 4379 2260 4433 tini
2290 4352 2542 4430 voluntas
2571 4362 2808 4421 instituit
2836 4366 2891 4413 et
2921 4352 3260 4411 corroborat.

2230 4490 2500 4543 Praeterea
2531 4478 2782 4534 additum
2813 4476 2913 4535 est,
2943 4470 3215 4538 quatenus
3238 4459 3464 4514 nomina
3490 4457 3787 4543 defuncto-

2162 4597 2280 4637 rum
2334 4576 2652 4630 alterutrum
2712 4561 3048 4618 referrentur
3099 4566 3222 4606 cum
3270 4543 3644 4608 solemnitate,
3710 4540 3785 4594 ob

2162 4633 2594 4738 redemptionem
2645 4659 3008 4728 peccatorum,
3061 4651 3262 4699 etcum
3299 4635 3632 4709 pulsabulis,
3663 4633 3787 4686 fra-

2165 4776 2308 4822 trum
2340 4757 2526 4814 divina
2551 4749 2917 4808 celebrentur.

2238 4875 2385 4930 ldem
2452 4866 2745 4938 episcopus
2803 4855 3028 4909 alteram
3087 4842 3376 4902 ecclesiam
3441 4839 3496 4891 in
3569 4837 3789 4890 honore

2163 4967 2333 5026 sancti
2364 4926 2517 5018 Pauli
2547 4957 2603 5011 in
2649 4948 2848 5013 insula,
2893 4938 3218 4998 miraculose
3250 4930 3439 4986 Lcodii
3472 4926 3792 4983 construxit

2165 5076 2340 5135 usque
2369 5055 2436 5110 ad
2468 5052 2757 5108 fenestras,
2787 5041 2845 5094 in
2877 5052 2986 5110 qua
3017 5029 3238 5103 triginta
3274 5020 3579 5079 canonicos
3611 5020 3792 5089 depu-

2233 5255 2420 5312 Fertur
2461 5247 2609 5304 enim
2661 5250 2849 5295 orasse
2902 5229 2971 5284 ad
3017 5219 3307 5280 Dominum
3343 5255 3356 5280 ν
3415 5218 3474 5267 ιιι
3523 5210 3787 5280 Θὲιιεάθῐη

2165 5301 2411 5406 basilica;
2433 5301 2816 5397 construendae
2847 5321 2953 5378 sibi
2981 5309 3387 5390 longitudinem
3433 5311 3500 5406 “et
3532 5301 3790 5358 latitudi-

2163 5455 2289 5495 nem
2320 5431 2613 5490 ostendere
2661 5420 2998 5493 dignaretur.
3031 5406 3188 5461 Mane
3217 5405 3399 5454 autem
3431 5392 3613 5495 facto,”
3657 5407 3786 5445 cum

2161 5531 2416 5586 universa
2467 5483 2895 5583 circumquaque
2924 5503 3043 5556 loca
3101 5495 3192 5549 nix
3223 5486 3559 5560 operuisset,
3588 5483 3790 5538 futura:

2161 5619 2408 5678 ecclesiae
2439 5615 2618 5668 locum
2645 5602 2872 5661 omnino
2904 5608 3014 5648 non
3043 5585 3242 5678 tetigit.

2234 5663 2570 5777 lpvsewetiam
2631 5694 2774 5747 inter
2829 5689 3028 5740 caetera
3053 5670 3471 5742 disciplinarum
3530 5663 3794 5718 instituta
