3978 6214
224 340 336 394 949

1151 326 1439 385 JOANNES
1481 325 1596 380 XIII
1639 323 1824 379 PAPA.
1866 352 1934 362 —
1974 317 2237 375 NOTITIA
2277 310 2646 368 HISTORICA.

3460 299 3566 354 950

225 465 536 531 constituit,
569 463 700 518 utin
729 463 965 518 adventu
1017 458 1252 524 Domini,
1295 464 1349 511 et
1377 472 1406 509 a
1432 451 1844 524 Septuagesima
1870 457 1918 522 Α
1945 448 2135 519 cappis
2167 441 2473 505 amiciatur,
2525 455 2591 493 eo
2623 436 2770 510 quod
2803 436 2960 508 niger
2999 433 3170 496 color,
3223 428 3563 502 paenitentiae

1949 548 2002 595 et
2033 538 2343 602 afllictioni,
2377 533 2551 608 magis
2579 548 2741 604 quam
2767 529 2924 584 albus
2963 523 3276 581 conveniat.

227 572 407 626 usque
440 555 494 609 in
527 555 752 618 Pascha,
811 552 990 605 clerus
1051 549 1200 620 pulla
1235 558 1407 611 veste,
1437 544 1608 619 nigris
1635 543 1845 596 scilicet

1414 854 1591 899 ANNO
1639 852 1876 898 DOMINI
1918 847 2344 896 DCCCCLXXIII
2355 877 2365 889 .

469 1010 1706 1177 JOANNES
1855 1001 2368 1163 XIII
2516 992 3306 1209 PAPA.

1201 1275 1663 1363 NOTITI
1691 1277 1751 1357 A
1835 1263 2587 1355 HISTORICA.

1370 1454 1543 1525 (Apud
1577 1453 1766 1516 MANSI,
1800 1449 2000 1505 Concil.
2040 1454 2168 1512 tom.
2202 1445 2356 1508 XIX.)

1712 1622 2097 1633 ...ρ-*-

302 1785 543 1839 Joannes
590 1779 906 1834 Narniensis
950 1778 1266 1848 episcopus,
1310 1784 1430 1845 post
1461 1773 1668 1829 obitum
1702 1771 1843 1826 Leo-
1873 1773 1920 1839 Β
1947 1767 2048 1821 tice
2081 1763 2406 1833 excepisset.
2468 1761 2746 1834 digneque
2788 1754 3090 1820 habuisset,
3150 1760 3204 1804 et
3243 1749 3310 1800 ab
3345 1745 3565 1800 insidiis

229 1877 318 1930 nis
375 1872 650 1944 pontificis
708 1872 1077 1942 pseudOpupze
1135 1870 1396 1935 (vivente,
1456 1883 1522 1920 an
1583 1863 1840 1918 defuncto

229 1967 527 2022 Benedicto
551 1965 764 2036 quinto,
795 1965 1081 2030 incertum)
1117 1962 1289 2016 factus
1320 1970 1400 2014 est
1431 1961 1673 2030 pontifex
1697 1976 1843 2014 anno

229 2062 444 2117 Domini
472 2062 596 2124 965,
633 2060 976 2129 temporibus
1007 2058 1219 2112 Ottonis
1251 2065 1302 2110 et
1333 2056 1620 2124 Nicephori
1647 2055 1842 2109 Phoceu

225 2152 642 2220 imperatorum.
679 2149 927 2213 Quicum
963 2147 1116 2201 initio
1141 2146 1492 2217 pontificatus
1547 2144 1843 2214 optimates

229 2242 600 2295 Romanorum
658 2239 838 2293 acrius
892 2237 1123 2291 fortasse
1179 2251 1340 2306 quam
1376 2233 1662 2302 oportebat
1695 2232 1843 2285 inse-

223 2341 712 2404 queretur,eorum
743 2330 954 2384 monitu
1005 2329 1072 2382 ab
1130 2327 1292 2381 Urbis
1335 2325 1592 2395 praefecto
1626 2332 1838 2394 captus,

227 2422 502 2492 relegatus
532 2427 614 2474 est
665 2419 719 2472 in
770 2417 1139 2488 Campaniam.
1195 2414 1302 2468 Sed
1361 2413 1489 2466 dum
1526 2411 1841 2480 imperatori

225 2513 409 2568 Ottoni
442 2515 557 2567 htEC
613 2510 1000 2575 innotuissent,
1051 2508 1118 2562 ad
1167 2505 1551 2560 vindicandam
1586 2503 1838 2570 injuriam

231 2600 478 2672 pontifici
499 2600 720 2666 illatam,
759 2599 875 2669 ipse
925 2597 977 2651 in
1031 2596 1236 2650 Italiam
1287 2592 1564 2664 profectus
1612 2601 1716 2658 est,
1752 2608 1840 2645 re-

229 2693 538 2763 stitutoque
593 2691 827 2756 Joanne,
871 2690 938 2744 de
1018 2687 1166 2741 illius
1252 2685 1501 2740 hostibus
1545 2683 1838 2738 vindictam

227 2782 462 2850 sumpsit
515 2780 693 2846 istam,
745 2778 1060 2850 praafectum
1118 2775 1275 2830 Urbis
1325 2776 1600 2828 viventem
1634 2774 1844 2828 curavit

229 2873 522 2937 denudari,
557 2871 988 2943 impositumque
1037 2867 1194 2922 asino
1244 2875 1297 2922 et
1351 2873 1469 2920 utre
1503 2865 1840 2930 redimitum,

228 2967 294 3020 ad
325 2965 622 3020 ludibrium
669 2961 1027 3026 circumduci,
1098 2959 1374 3030 virgisque
1419 2959 1575 3021 credi,
1636 2976 1699 3013 ac
1742 2959 1842 3012 de-

230 3077 378 3115 mum
405 3058 721 3114 carceribus
767 3057 1066 3128 mancipari
1113 3075 1125 3110 :
1159 3056 1392 3110 cadaver
1417 3052 1661 3107 defuncti
1696 3068 1840 3122 praa-
1868 3096 1915 3163 C

227 3152 381 3212 fecti.
438 3168 467 3204 a
513 3165 622 3222 quo
674 3150 915 3204 Joannes
974 3165 1112 3218 papa
1175 3146 1314 3202 Urbe
1361 3146 1574 3212 ejeclus
1627 3149 1761 3208 erat,
1813 3158 1841 3196 e

227 3241 484 3311 sepulcro
511 3245 809 3293 extractum
847 3238 900 3291 in
935 3238 1151 3292 diversa
1209 3236 1327 3290 Ioca
1376 3234 1603 3287 distrahi
1635 3249 1698 3287 ac
1729 3232 1842 3286 dis-

226 3335 395 3405 sipari
451 3334 731 3404 praecepit.
783 3332 1056 3402 (REGINO.)
1109 3333 1185 3386 Ad
1218 3329 1639 3386 conversionem
1683 3328 1843 3383 Polo—

229 3443 424 3481 norum
485 3425 759 3500 Egidium
803 3425 1168 3478 Tusculanum
1231 3421 1550 3492 episcopum
1603 3421 1838 3490 legatum

227 3534 256 3570 a
285 3517 456 3571 latere
491 3515 657 3579 misit,
692 3515 816 3568 data
862 3514 1242 3583 illijpotestate
1275 3526 1457 3585 regem
1489 3509 1837 3576 Miezislaum,

227 3609 321 3681 qui
359 3624 456 3678 per
503 3607 840 3662 connubium
901 3605 1218 3659 Christianae
1274 3603 1457 3657 uxoris
1491 3602 1840 3655 Dambronw-

226 3699 344 3752 chae
380 3697 741 3750 Bohemorum
801 3694 958 3766 primi
1015 3693 1170 3746 ducis
1221 3691 1346 3746 filia:
1373 3706 1672 3744 conversus
1699 3697 1838 3755 erat,

229 3793 281 3845 in
318 3791 425 3844 tide
479 3805 602 3844 cum
663 3789 865 3860 populo
923 3787 1263 3852 stabiliendi,
1322 3786 1675 3856 episc0patus
1731 3784 1840 3838 eri-

224 3880 414 3956 gendi,
449 3894 624 3950 eaque
665 3877 901 3934 faciendi
952 3893 1072 3948 qua),
1119 3875 1187 3929 ad
1238 3875 1404 3930 totius
1428 3873 1581 3946 regni
1613 3888 1844 3928 conver-

224 3977 440 4032 sionem
508 3974 810 4048 populique
865 3972 1280 4028 instructionem
1332 3969 1609 4041 pertinere
1643 3969 1840 4024 viden-

225 4077 330 4124 tur.

300 4165 451 4221 Idem
500 4165 569 4219 ad
620 4162 1025 4219 convertendos
1072 4160 1386 4227 Wandalos,
1440 4159 1838 4222 Willihaldum,

226 4256 582 4313 Prochorium
643 4255 890 4326 aliosque
968 4253 1116 4307 viros
1189 4252 1540 4307 doctissimos
1605 4251 1833 4306 emisit:

229 4367 249 4395 ι
295 4344 397 4410 Qui
437 4351 492 4398 et
541 4343 870 4397 Meisconem
941 4341 1296 4395 monarcham
1347 4339 1532 4401 (verba
1581 4339 1838 4393 Stanislai

223 4436 498 4493 Orichovii
539 4435 686 4506 apud
738 4435 1044 4489 Sanderum
1120 4434 1193 4487 De
1249 4433 1450 4487 visibili
1501 4432 1915 4539 monarchia,D

223 4545 374 4582 num.
408 4526 535 4591 695,
570 4524 770 4593 refero)
805 4531 860 4578 et
897 4538 1071 4593 genus
1119 4528 1365 4576 nostrum
1420 4522 1495 4576 illi
1530 4522 1836 4590 subjectum

220 4619 359 4674 sacri
411 4615 760 4687 baptismatis
810 4612 975 4668 undis
1029 4612 1096 4666 ab
1153 4611 1410 4686 originali
1445 4612 1608 4682 culpa
1635 4612 1838 4667 ablue-

220 4717 363 4775 rent,
388 4715 443 4763 et
469 4725 532 4763 ex
558 4706 777 4762 civitate
809 4703 1014 4759 diaboli
1047 4703 1264 4758 ablutos
1315 4711 1369 4757 et
1422 4703 1716 4758 mundatos
1787 4705 1841 4758 in

217 4801 496 4858 civitatem
529 4799 621 4853 Dei
657 4797 1034 4860 transferrent,
1095 4795 1149 4849 in
1203 4794 1511 4865 Christique
1546 4793 1842 4848 Ecclesiam

222 4895 520 4958 dicarent;
580 4891 728 4962 quod
780 4890 946 4944 etiam
1010 4887 1209 4943 factum
1276 4897 1376 4942 est.
1416 4887 1545 4940 Nam
1609 4887 1687 4940 illi
1743 4887 1844 4942 viri

218 4980 554 5037 sanctissimi
602 4978 942 5033 Wandaliam
1021 4977 1158 5045 (sive
1241 4985 1297 5031 tu
1343 4975 1498 5030 malis
1560 4975 1839 5029 Poloniam

221 5072 354 5142 dici)
424 5069 677 5143 ingressi:
755 5066 1130 5139 praedicabant
1195 5065 1358 5120 nobis
1431 5063 1725 5130 Christum,
1786 5069 1841 5116 et

218 5163 452 5239 gratiam
509 5161 648 5229 ejus,
690 5176 800 5232 quo
851 5175 951 5215 nos
1002 5160 1056 5213 iu
1102 5157 1549 5213 communionem
1610 5170 1835 5209 suorum

216 5256 364 5310 Deus
421 5258 839 5318 convocaverat,
891 5251 1245 5306 celebrabant
1279 5249 1570 5303 :homines
1627 5254 1834 5300 turma-

218 5344 314 5398 tim
364 5341 432 5396 ad
487 5341 716 5396 ﬂumina
763 5341 1114 5396 confluentes
1159 5337 1536 5410 baptizabant,
1597 5335 1740 5391 idola
1771 5350 1838 5389 ex

216 5435 502 5490 Wandalia
559 5434 1025 5488 exterminabant.
1107 5454 1129 5483 η
1213 5433 1464 5488 Ottonem
1529 5430 1833 5498 juniorem,

218 5527 402 5600 magni
442 5526 590 5580 illius
620 5525 832 5580 Ottonis
877 5524 1071 5588 filium,
1109 5526 1495 5595 imperatorem
1531 5520 1830 5578 coronavit.

222 5614 392 5669 Roma
423 5630 544 5669 cum
579 5614 912 5684 imperatore
971 5611 1205 5682 Capuam
1253 5611 1552 5683 profectus,
1580 5611 1834 5679 Capuen-

221 5720 337 5760 scm
363 5704 682 5768 Ecclesiam,
731 5719 798 5760 eo
842 5703 990 5775 quod
1031 5721 1090 5758 se
1118 5702 1286 5757 Roma
1339 5701 1576 5773 fugatum
1607 5698 1840 5753 honori-

1946 1857 2254 1928 Pandulphi
2287 1854 2554 1926 principis
2605 1849 2847 1921 Capuani
2891 1847 3129 1901 ﬁdeliter
3154 1842 3561 1904 custodivisset,

1946 1949 2455 2020 archiepisc0patns
2499 1945 2765 2019 dignitate
2824 1937 3175 2013 gratitudinis
3231 1951 3360 2006 ergo
3420 1933 3561 1986 insi-

1946 2045 2136 2120 gnivit.
2169 2044 2258 2097 llis
2285 2041 2518 2113 peractis
2572 2037 2826 2109 contigit,
2879 2052 3000 2089 cum
3048 2032 3115 2086 ad
3149 2030 3343 2085 urbem
3372 2045 3561 2082 rever-

1948 2138 2121 2200 tisset,
2152 2134 2465 2206 primariam
2491 2127 2877 2184 Lateranensis
2935 2124 3182 2180 ecclesize
3217 2117 3560 2190 campanam,

1947 2229 2096 2282 mirae
2129 2223 2548 2300 magnitudinis,
2584 2203 2778 2275 recens
2806 2220 3002 2280 fusam,
3047 2232 3213 2286 super
3253 2213 3564 2284 campanile

1945 2320 2170 2384 elevari,
2203 2334 2363 2388 quam
2395 2316 2631 2387 primum
2666 2312 2811 2366 idem
2871 2308 3119 2381 pontifex
3149 2307 3320 2360 sacris
3369 2305 3568 2360 ritibus

1943 2413 2054 2466 Deo
2113 2408 2476 2472 consecravit,
2527 2414 2693 2478 atque
2741 2403 2968 2458 nomine
3023 2399 3252 2454 Joannis
3305 2397 3564 2468 Baptistae

1945 2506 2090 2561 haud
2111 2504 2301 2568 dubie,
2331 2502 2418 2557 cui
2462 2502 2582 2572 ipsa
2644 2497 2878 2554 ecclesia
2934 2496 3115 2550 dicata
3155 2500 3292 2553 erat.
3347 2507 3566 2548 nuncu-

1944 2599 2109 2670 pavit.
2179 2598 2495 2670 Agnoscunt
2552 2592 2687 2647 illud
2741 2598 2796 2646 et
2867 2589 3204 2660 redarguunt
3269 2591 3565 2641 novatores

1945 2692 2214 2757 haeretici,
2243 2690 2396 2763 quasi
2427 2689 2520 2744 ille
2552 2689 2657 2742 hoc
2687 2702 2787 2741 suo
2816 2684 3066 2754 exemplo
3092 2688 3346 2753 posteros
3365 2695 3561 2734 omnes

1945 2782 2237 2855 pontifices
2280 2787 2334 2835 et
2387 2779 2680 2850 episcopos
2727 2775 2783 2828 in
2827 2773 2979 2827 illum
3011 2786 3254 2825 errorem
3311 2767 3562 2822 induxis-

1946 2887 2053 2942 set,
2083 2875 2442 2948 utcampanis
2494 2874 2892 2926 sacramentum
2938 2863 3286 2936 baptismatis
3346 2863 3561 2932 impen-

1947 2971 2190 3026 dendum
2242 2984 2364 3023 esse
2411 2965 2701 3020 crederent
2733 2969 2789 3015 et
2816 2959 3081 3014 docerent
3115 2975 3128 3011 :
3172 2956 3268 3010 sed
3299 2954 3563 3010 falluntur

1948 3065 2187 3136 imperiti
2243 3080 2364 3118 cum
2428 3076 2538 3116 non
2592 3067 2705 3114 tam
2753 3054 3101 3126 haptizentur
3153 3066 3314 3122 quam
3357 3047 3566 3119 praevia

1945 3154 2336 3210 benedictione
2361 3149 2642 3220 sacrisque
2691 3144 2909 3206 ritibus.
2945 3142 3085 3197 sicut
3112 3141 3277 3195 etiam
3311 3139 3415 3193 alia
3436 3152 3565 3190 vasa

1943 3261 2117 3308 sacra,
2167 3239 2338 3296 cultui
2390 3237 2577 3291 divino
2631 3234 2882 3289 dicentur
2915 3239 2970 3284 et
3014 3232 3454 3289 censecrentur;
3510 3223 3566 3278 in

1943 3359 2050 3414 qua
2080 3333 2494 3393 consecratione
2554 3329 2913 3398 imponuntur
2965 3325 3032 3378 iis
3086 3318 3504 3384 nomina,velut
3535 3334 3567 3372 a

1941 3408 2157 3486 caneris
2216 3423 2498 3492 campanis
2565 3419 2920 3472 dicernantur
2961 3431 2974 3477 ;
3023 3411 3108 3466 vel
3165 3411 3376 3471 saltem,
3411 3408 3561 3479 quod

1941 3519 2117 3592 magis
2170 3515 2235 3570 ad
2289 3514 2546 3584 pietatem
2627 3505 2982 3567 conduceret,
3037 3501 3081 3554 si
3136 3515 3271 3554 voce
3326 3496 3562 3563 alicujus

1940 3614 2112 3670 sancti
2147 3606 2386 3682 populus
2416 3605 2485 3660 ad
2509 3600 2795 3658 ecclesiam
2829 3595 3120 3652 convocari
3152 3593 3448 3648 diceretur.

2015 3705 2089 3760 Ad
2115 3700 2507 3771 TheOphanem
2536 3690 2829 3763 Nicephori
2879 3685 3246 3757 imperatoris”;
3272 3682 3564 3738 Orientalis

1944 3796 2110 3851 ﬁliam
2180 3790 2358 3848 Ottoni
2432 3781 2748 3856 imperatori
2820 3777 3027 3847 juniori
3112 3773 3558 3845 desponsandam

1944 3885 2275 3960 legationem
2295 3878 2468 3943 misit,
2508 3890 2616 3946 qua
2648 3871 2868 3926 functus
2897 3874 2980 3922 est
3019 3864 3394 3936 Luitprandus
3419 3863 3554 3916 Cre-

1945 3958 2228 4037 monensis
2257 3974 2574 4045 episcopus.
2624 3965 2730 4022 Sed
2789 3979 2911 4020 cum
2944 3958 3285 4030 Nicephorus
3315 3972 3555 4011 corona-

1945 4073 2096 4128 tione
2141 4069 2372 4124 duorum
2429 4063 2688 4118 Ottonum
2743 4056 2980 4134 graviter
3024 4051 3380 4108 exacerbatus
3428 4049 3560 4104 huic

1941 4158 2206 4231 legationi
2237 4155 2375 4211 nihil
2430 4150 2742 4216 detulisset,
2803 4147 2985 4200 Gneca
3047 4152 3230 4197 tamen
3295 4138 3424 4204 ﬁde,
3455 4139 3558 4192 sub

1943 4253 2082 4308 falso
2114 4253 2383 4322 prietextu
2411 4242 2748 4314 nuptiarum,
2783 4237 3118 4312 legationem
3159 4235 3279 4304 ipse
3311 4231 3376 4286 ad
3410 4231 3558 4286 Otto-

1941 4358 2065 4396 nem
2112 4336 2344 4401 remisit,
2397 4333 2658 4388 nuntians
2713 4327 2789 4382 illi
2857 4334 2918 4381 ut
2964 4325 3188 4396 nuptias
3233 4329 3465 4394 pararet,
3497 4338 3556 4376 se

1942 4451 2063 4490 cum
2096 4431 2205 4485 tilia
2226 4427 2381 4483 brevi
2432 4424 2768 4480 adfuturum.
2803 4419 3050 4490 Cumque
3101 4418 3204 4472 hac
3263 4413 3557 4470 occasione

1940 4519 2208 4577 exercitus
2240 4514 2452 4572 Ottonis
2518 4512 2573 4566 in
2624 4509 2834 4582 nuptiis
2885 4506 3145 4576 parandis
3191 4508 3556 4574 occuparetur

1943 4609 2241 4668 Orientales
2289 4623 2353 4660 ex
2403 4599 2701 4673 improviso
2756 4598 2985 4651 militem
3020 4594 3397 4665 'imperatoris
3456 4611 3557 4669 ag-

1945 4703 2139 4779 gressi,
2192 4697 2444 4754 eumdem
2523 4706 2724 4765 magna
2772 4695 2952 4761 strage
3021 4686 3296 4758 fugarunt.
3355 4684 3554 4739 Verum

1947 4771 2167 4870 quando
2190 4808 2255 4846 ea
2283 4784 2513 4844 victoria
2534 4781 2661 4837 elati
2689 4778 2933 4834 secundo
2965 4773 3220 4828 eumdem
3253 4771 3554 4825 exercitum

1947 4864 2398 4960 aggrederentur,
2457 4877 2748 4931 innumera
2805 4866 3096 4923 multitudo
3130 4864 3371 4919 hostium
3415 4879 3555 4918 cmsa

1945 4951 2058 5032 fuit.
2095 4973 2337 5048 Contigit
2391 4970 2492 5022 hac
2541 4965 2607 5019 de
2661 4977 2824 5017 causa
2869 4957 3236 5028 Nicephorum
3294 4951 3554 5018 interﬁci,

1943 5069 2106 5138 eique
2171 5041 2440 5118 Joavnnem
2498 5052 2788 5127 quemdam
2847 5052 3213 5121 cognomento
3258 5041 3552 5105 Zemisces,

1941 5132 2332 5224 ad-imperium
2364 5147 2589 5204 elevari.
2624 5143 2723 5209 Qui
2767 5139 2926 5212 paulo
2967 5143 3089 5208 post
3119 5149 3282 5206 quam
3314 5132 3559 5202 impera-

1941 5254 2024 5301 tor
2055 5220 2230 5297 factus
2263 5249 2428 5306 esset,
2461 5235 2629 5292 occisi
2662 5227 3004 5302 imperatoris
3058 5220 3350 5295 Nicephori
3387 5220 3551 5274 filiam

1941 5339 2007 5391 ad
2036 5336 2288 5390 Ottonem
2321 5330 2472 5384 misit
2507 5347 2518 5382 :
2557 5341 2724 5398 quam
2777 5323 2916 5394 ipse,
2961 5327 3021 5373 ut
3051 5317 3125 5372 ait
3165 5311 3557 5378 Witichindus,

1933 5423 2114 5479 statim
2157 5420 2268 5474 filio
2326 5417 2569 5483 tradidit,
2625 5411 3031 5482 celebratisque
3090 5402 3379 5481 magnifice
3440 5417 3550 5455 nu-

1938 5511 2064 5584 ptiis
2093 5523 2312 5564 omnem
2340 5505 2548 5559 Italiam
2578 5519 2748 5573 super
2797 5502 2902 5555 hoc
2934 5495 3281 5553 Germaniam
3313 5491 3553 5547 laetiores

1939 5582 2198 5657 reddidit.
2236 5594 2489 5649 Eamdem
2533 5608 2564 5644 a
2597 5592 2810 5645 Joanne
2852 5605 2993 5659 papa
3021 5594 3338 5642 coronatam
3373 5582 3547 5652 impe-

1941 5696 2195 5752 ratricem
2219 5691 2382 5746 fuisse
2414 5691 2642 5741 testatur
2671 5682 3012 5754 Sigebertus.
