3978 6214
440 328 536 381 951

1771 330 2039 384 JOANNIS
2080 331 2194 386 XIII
2237 332 2441 385 ΡΑΡᾹΞ.

3666 340 3783 395 952

512 455 611 509 Per
636 464 883 509 catenam
916 454 1087 507 sancti
1121 454 1282 518 Petri,
1316 455 1585 524 arreptitii
1634 455 1774 511 collo
1810 456 2045 511 circum-
2073 464 2119 529 Α
2147 460 2250 525 Qui
2270 459 2508 529 prudens
2524 464 2735 528 pastor,
2764 462 3066 530 persolvens
3095 464 3275 520 debita
3305 469 3518 532 mortis,

439 544 641 608 datam,
672 543 981 595 daemonem
1002 541 1232 611 expulit.
1267 543 1322 596 In
1338 542 1798 617 Magdeburgensi
1830 546 2045 600 civitate

439 650 630 689 recens
661 634 728 686 ab
751 634 942 687 Ottone
994 633 1218 688 condita
1258 636 1493 705 primum
1526 637 1852 708 episcopum
1883 638 2047 692 Adel-

436 729 650 782 bertum
699 727 1002 782 constituit.
1063 726 1301 798 Cumque
1329 731 1517 784 sedem
1562 733 1919 801 apostolicam
1949 749 2046 786 an-

438 834 537 872 nos
563 833 679 880 sex,
720 832 937 870 menses
979 817 1258 883 undecim,
1318 828 1373 873 et
1430 819 1549 873 dies
1576 820 1767 894 viginti
1799 820 2045 891 quinque

436 913 722 979 tenuisset,
780 912 1024 967 vmldus
1070 914 1417 985 Septembris
1468 915 1627 972 obiit.
1681 918 1940 988 Sepultus
1962 926 2045 972 est

437 1006 490 1059 in
518 1006 745 1061 basilica
766 1007 946 1063 Sancti
971 1007 1136 1074 Petri,
1188 1015 1247 1063 ut
1278 1009 1466 1064 videre
1516 1021 1601 1065 est
1623 1009 1676 1064 in
1717 1010 1838 1080 ejus
1868 1012 2049 1082 epita-

437 1098 584 1168 pbio.

438 1190 708 1257 Pontiﬁcis
727 1192 925 1244 summi
940 1192 1023 1244 hic
1042 1191 1371 1245 clauduntur
1388 1193 1626 1246 membra
1651 1194 1896 1259 Joannis,

2147 555 2310 608 lsthic
2338 559 2657 622 praemonuit
2676 558 2911 610 moriens
2930 571 3027 610 sua
3058 560 3301 614 membra
3332 560 3506 615 locari
3534 578 3549 626 ;

2147 649 2258 714 Quo
2288 652 2484 716 pietate
2520 652 2619 703 Dei
2642 650 2904 704 resolutus
2942 653 3171 708 nexibus
3202 658 3340 709 atris

2148 749 2368 813 Egregii
2388 747 2547 800 Pauli
2580 749 2784 801 meritis
2815 749 3135 802 conscendat
3158 752 3216 804 in
3244 753 3439 806 aethra.

2146 838 2292 890 Inter
2322 836 2640 904 apostolicos
2671 837 2922 890 cartorum
2951 839 3157 904 gaudia
3185 845 3373 906 metut,

2149 924 2410 989 Gaudeat,
2443 926 2663 978 exsultet
2686 929 2920 980 sociatus
2944 928 3162 982 coetibus
3192 932 3372 984 almis.

2150 1015 2316 1066 Dicite
2344 1012 2500 1066 corde
2523 1015 2617 1082 pio
2646 1014 2927 1081 relegentes
2963 1018 3212 1070 carmina
3239 1021 3441 1086 cuncti,

2154 1106 2362 1157 Christe
2391 1106 2473 1158 tui
2497 1105 2697 1171 famuli
2714 1109 2991 1173 misertus,
3031 1109 3229 1162 scelera
3251 1125 3453 1178 purga,

2155 1194 2427 1260 Sanguine
2447 1196 2543 1263 qui
2572 1199 2755 1249 sancto
2782 1196 3060 1251 redemisti
3084 1199 3309 1251 crimine
3338 1199 3621 1253 mundum.

436 1364 3754 1389 Ἦ

1072 1501 1933 1639 JOANNIS

2150 1502 2464 1639 LIII
2596 1505 3131 1643 ΡΑΡλίΕ

1370 1747 1969 1835 EPISTOL/E
2032 1748 2186 1834 ET
2250 1747 2825 1837 DECRETA.

904 2224 999 2259 XIII
1040 2221 1420 2261 CANONICORUM
1463 2220 1867 2259 BONONIENSIUM

878 2295 1246 2332 IMMUNITATEM
1291 2293 1614 2331 CONFIRMAT.

1071 2372 1242 2433 (Anno
1269 2370 1419 2432 967.)

831 2469 1043 2540 [MANSI,
1071 2472 1268 2525 Concil.
1302 2470 1484 2536 XVIII,
1514 2469 1660 2540 509.]

628 2224 862 2263 JOANNES

501 2598 741 2652 .IOANNES
755 2598 1276 2669 episc0pus,servus
1300 2614 1582 2653 servorum
1614 2598 1727 2652 Dei.

504 2690 631 2745 Cum
663 2706 766 2761 ego
798 2690 1057 2755 Joannes,
1108 2697 1309 2744 sanctae
1341 2698 1395 2744 et
1438 2690 1750 2760 apostolica}
1782 2690 2042 2745 Romana;

436 2779 687 2833 Ecclesiae
726 2779 919 2831 tertius
949 2778 1197 2833 decimus
1213 2795 1375 2848 papa,
1400 2779 1701 2833 residerent
1737 2779 1793 2833 in
1827 2779 2040 2834 Raven-

432 2875 555 2918 nate
598 2866 817 2919 civitate
870 2881 977 2919 una
1037 2882 1159 2920 cum
1205 2867 1344 2920 meis
1390 2874 1443 2920 et
1508 2867 1711 2921 Italicis
1739 2868 2038 2939 episcopis,

429 2956 725 3011 adfuerunt
765 2956 1071 3026 praesentia:
1112 2963 1309 3011 nostra}
1350 2958 1595 3029 religiosi
1640 2958 1944 3029 presbyteri
1984 2969 2041 3014 et

431 3047 650 3101 diaconi
704 3055 907 3100 sanctae
942 3046 1307 3101 Bononiensis
1365 3047 1640 3113 Ecclesiae,
1673 3064 1735 3102 ac
1764 3064 1860 3119 pro
1910 3050 2037 3103 uni-

432 3154 588 3192 verso
619 3138 765 3193 clero
784 3138 1063 3193 canonica:
1096 3138 1542 3213 congregationis
1564 3139 1731 3194 humo
1757 3141 2031 3209 prostrati,

435 3238 649 3286 nostros
688 3230 999 3285 osculantes
1029 3231 1563 3301 pedes,obtulerunt
1604 3232 1895 3301 epistolam
1929 3234 2042 3287 tui-

434 3324 598 3378 tionis
620 3332 822 3377 sanctae
846 3323 1247 3378 recordationis
1279 3324 1490 3379 domini
1543 3323 1739 3379 Leonis
1793 3325 1831 3377 V
1862 3342 2039 3396 papte,

2076 2120 2127 2187 Β
2153 2114 2411 2187 paticum,
2444 2124 2539 2171 aut
2569 2116 2866 2184 teloneum,
2898 2118 3012 2173 sive
3043 2120 3358 2187 ostaticum,
3394 2138 3577 2195 neque
3610 2142 3772 2195 para-

2152 2215 2282 2273 tam,
2313 2207 2399 2261 vel
2430 2216 2855 2273 sacramentum,
2883 2210 3031 2280 quod
3056 2209 3166 2265 dici
3196 2210 3355 2265 nefas
3412 2220 3514 2279 est,
3539 2214 3769 2272 faciant.

2148 2297 2254 2351 Sed
2281 2298 2401 2351 sine
2427 2297 2739 2369 aliquorum
2791 2298 3097 2366 hominum,
3155 2301 3412 2370 publicas
3432 2304 3536 2358 sibi
3564 2320 3774 2380 geren-

2150 2389 2285 2443 tium
2316 2390 2586 2456 actiones,
2643 2390 3058 2461 perturbatione
3111 2399 3279 2465 atque
3337 2396 3594 2451 molestia
3626 2414 3767 2468 per-

2147 2482 2342 2536 sistere
2371 2482 2573 2549 securi,
2607 2482 2892 2554 quietique
2929 2485 3131 2540 nullam
3173 2487 3515 2543 sustinentes
3543 2490 3772 2545 violen-

2146 2576 2273 2629 tiam
2332 2575 2387 2628 in
2431 2576 2545 2629 suis
2611 2575 2981 2641 facultatibus,
3039 2578 3121 2632 vel
3154 2580 3410 2634 omnibus
3442 2581 3614 2636 rebus
3652 2591 3764 2638 tam

2145 2664 2443 2718 mobilibus
2474 2680 2637 2735 quam
2668 2664 3062 2729 immobilibus,
3093 2674 3200 2721 tam
3243 2669 3310 2722 de
3349 2668 3464 2722 suis
3520 2673 3769 2741 prepriis

2144 2772 2306 2827 quam
2338 2756 2503 2810 etiam
2556 2757 2624 2810 de
2656 2757 3066 2823 ecclesiasticis,
3112 2760 3211 2813 sed
3271 2760 3326 2813 in
3387 2760 3478 2815 Dei
3537 2764 3768 2819 servitio

2143 2853 2196 2899 et
2224 2845 2477 2898 laudibus
2515 2845 2687 2915 quieti
2743 2854 2797 2900 et
2826 2845 3040 2916 pacifici
3075 2857 3452 2918 perseverent,
3481 2859 3768 2922 quatenus

2142 2954 2239 3008 pro
2270 2938 2429 2993 nobis
2460 2946 2515 2992 et
2545 2947 2743 2994 cuncto
2775 2941 2980 3010 pepulo
3003 2942 3309 2998 Christiano
3359 2948 3536 2999 securi
3572 2946 3766 3002 Domi-

2142 3044 2270 3081 num
2304 3028 2551 3099 quotidie
2583 3038 2833 3084 exorent.

2211 3120 2401 3173 Datum
2433 3135 2560 3172 xvru
2587 3119 2697 3173 Kal.
2736 3119 2877 3185 Maii,
2934 3120 3286 3190 pontiﬁcatus
3316 3124 3489 3178 nostri
3522 3140 3672 3180 anno
3704 3126 3764 3192 2,

2141 3207 2352 3262 Ottonis
2403 3207 2748 3277 imperatoris
2800 3224 2888 3262 an.
2932 3209 2967 3261 6
3018 3209 3323 3265 indictione
3354 3213 3758 3284 suprascripta.

2919 3316 2993 3371 II.

431 3420 488 3467 ut
518 3412 719 3467 nullam
756 3412 1109 3467 donationem
1144 3413 1227 3468 vel
1262 3413 1536 3468 redditum
1575 3414 1855 3485 publicum
1895 3415 2043 3471 face-
2069 3434 2118 3501 ρ
2142 3423 2376 3462 JOANNES
2421 3422 2565 3459 PAPE
2612 3422 2707 3460 VIII
2747 3423 2912 3461 BULLA
2964 3423 3063 3463 PRO
3120 3426 3493 3501 INSTtrlir‘Ione
3542 3431 3776 3472 ARCHIE-

431 3509 568 3557 rent.
611 3503 764 3557 Unde
815 3503 1131 3575 compuncti
1184 3504 1367 3559 divina
1426 3505 1803 3561 misericordia
1832 3506 1899 3561 ad
1944 3522 2043 3562 eo-

429 3608 545 3646 rum
572 3592 893 3663 petitionem
951 3593 1420 3649 commodavimus
1457 3611 1678 3649 sensum
1715 3613 1729 3659 ;
1763 3603 1817 3650 et
1856 3595 1983 3652 ideo
2010 3614 2042 3652 a

430 3688 689 3758 praesenti
728 3687 941 3742 decima
969 3687 1271 3744 indictione
1310 3689 1569 3745 omnibus
1608 3690 1863 3753 ducibus,
1898 3708 2045 3745 mar-

429 3779 746 3844 chionibus,
827 3780 1121 3834 comitibus
1200 3781 1617 3853 judicibusque,
1675 3787 1729 3836 et
1786 3782 2045 3839 universo

430 3871 633 3944 p0pulo
674 3885 707 3924 a
759 3884 957 3943 magno
1009 3886 1184 3941 usque
1235 3870 1304 3924 ad
1361 3887 1587 3941 parvum
1614 3872 1666 3926 in
1705 3873 2041 3929 Bononiensi

429 3959 634 4031 Oppido
688 3958 1182 4027 commorantibus,
1249 3958 1468 4012 dilectis
1522 3958 1784 4016 ﬁdelibus
1843 3964 2045 4019 nostris

431 4058 621 4106 notum
644 4067 763 4105 esse
790 4049 1140 4116 volumus,ut
1158 4065 1354 4105 omnes
1385 4050 1755 4107 Bononiensis
1785 4053 2044 4111 Ecclesiae

431 4142 549 4209 filii,
575 4142 627 4197 id
659 4151 741 4195 est
777 4142 1114 4208 sacerdotes,
1145 4148 1199 4196 et
1230 4142 1427 4208 levitze,
1463 4159 1563 4198 seu
1602 4152 1834 4200 cunctus
1864 4146 2045 4202 clerus

429 4237 776 4309 ingesserunt
823 4242 1008 4292 nostro
1065 4237 1417 4307 apostolatui,
1475 4239 1582 4293 vim
1620 4255 1684 4294 ac
1722 4239 2042 4295 violentiam

431 4328 644 4399 perpeti
708 4327 760 4380 in
818 4328 931 4382 suis
990 4327 1361 4396 facultatibus,
1421 4336 1475 4384 et
1503 4330 1690 4395 rebus,
1738 4337 1791 4384 et
1823 4347 2045 4402 posses-

429 4420 701 4486 sionibus,
734 4426 786 4473 et
816 4420 1037 4491 publica
1095 4421 1164 4474 ab
1219 4420 1329 4476 illis
1370 4422 1514 4495 exigi
1568 4423 1811 4489 servitia,
1847 4430 1953 4478 tam
1987 4425 2042 4479 in

429 4514 815 4569 ecclesiasticis
841 4530 1005 4587 quam
1036 4514 1091 4569 in
1112 4515 1227 4570 suis
1252 4516 1557 4572 mobilibus
1579 4523 1632 4572 et
1661 4517 2043 4573 immobilibus

429 4607 801 4675 substantiis;
847 4607 998 4679 quod
1051 4617 1240 4664 contra
1284 4611 1531 4664 omnium
1590 4617 1791 4666 statuta
1820 4619 2039 4667 sancto-

429 4709 548 4747 rum
580 4694 795 4748 Patrum
846 4701 901 4748 et
955 4696 1278 4751 canonicam
1332 4698 1710 4752 auctoritatem
1773 4714 1897 4753 esse
1918 4716 2043 4754 cer-

2480 3493 2797 3533 PISCOPA'I‘US
2828 3495 3301 3537 MAGDEBURGENSIS
3332 3484 3425 3553 (1).

2772 3573 2946 3635 (\nno
2976 3568 3127 3639 967.)

2316 3659 2486 3729 [Apud
2507 3658 2695 3725 MANSI,
2729 3661 2928 3715 Concil.
2964 3666 3096 3715 tom.
3139 3661 3277 3729 VIII,
3303 3663 3407 3719 col.
3437 3664 3588 3737 509.]

2217 3770 2454 3825 Joannes
2483 3771 2795 3843 episc0pus,
2828 3787 3017 3827 servus
3071 3788 3355 3828 servorum
3385 3776 3500 3842 Dei,
3538 3779 3769 3848 episco-

2149 3877 2249 3930 pus
2276 3860 2429 3914 urbis
2486 3860 2690 3925 Romze,
2732 3860 3187 3931 archiepiscOpis,
3221 3862 3508 3935 episcopis
3540 3873 3597 3921 et
3629 3884 3773 3922 cun-

2146 3953 2248 4006 etis
2276 3952 2599 4006 timentibus
2654 3953 2844 4015 Deum,
2890 3954 3157 4025 omnique
3210 3955 3378 4009 οωιαὶ
3422 3955 3770 4015 Christiano-

2146 4061 2288 4099 rum.

2219 4137 2414 4191 Notum
2471 4154 2592 4191 esse
2624 4137 2879 4193 volumus
2933 4138 3189 4209 qualiter,
3224 4139 3529 4210 inspirante
3566 4150 3764 4199 sancto

2147 4229 2710 4302 Spiritu,meritisque
2737 4232 3113 4301 apostolorum
3175 4231 3442 4303 principis
3483 4234 3658 4301 Petri,
3710 4245 3768 4292 et

2146 4321 2289 4375 vasis
2317 4321 2603 4375 electionis
2633 4321 2961 4376 sanctissimi
3002 4321 3174 4386 Pauli,
3216 4338 3282 4377 ac
3310 4322 3483 4377 millia
3529 4324 3765 4380 millium

2145 4422 2439 4484 martyrum
2482 4413 2700 4476 Christi,
2762 4415 2931 4468 Roma
2982 4421 3149 4484 caput
3192 4414 3363 4469 totius
3427 4416 3645 4480 mundi,
3711 4425 3766 4473 et

2147 4505 2386 4559 Ecclesia
2417 4505 2742 4560 universalis
2786 4505 2854 4557 ab
2909 4505 3116 4577 iniquis
3145 4520 3288 4576 pone
3318 4507 3698 4576 pessumdata,
3732 4525 3762 4562 a

2144 4600 2375 4656 Domino
2436 4602 2630 4657 Ottone
2684 4602 2925 4674 Augusto
2966 4601 3314 4671 imperatore.
3349 4616 3380 4654 a
3448 4600 3557 4655 Deo
3589 4617 3756 4658 coro-

2145 4700 2272 4744 nato
2293 4691 2523 4756 Caesare,
2557 4698 2611 4745 et
2664 4705 2862 4764 magno
2890 4699 2943 4744 et
2982 4699 3065 4743 ter
3104 4688 3422 4756 benedicto,
3455 4706 3604 4745 anno
3628 4703 3763 4762 apo-

430 4792 672 4840 neretur.
726 4786 900 4850 Quare
940 4787 1155 4841 illorum
1214 4788 1619 4844 calamitatibus
1649 4791 2034 4857 condolentes,

2150 4783 2373 4838 stolatus
2426 4782 2594 4837 nostri
2651 4782 2918 4846 secundo,
3002 4781 3290 4852 ipsiusque
3368 4783 3756 4851 praenominati

430 4889 528 4945 per
584 4875 680 4929 has
742 4884 955 4930 nostras
997 4875 1206 4930 litteras
1263 4876 1492 4932 omnino
1553 4877 1935 4932 interdicimus
1989 4884 2044 4932 et

429 4961 807 5032 prohibemus,
851 4979 1040 5019 eorum
1074 4963 1211 5017 nihil
1250 4965 1319 5018 ab
1374 4964 1457 5019 eis
1505 4965 1589 5020 vel
1628 4964 2042 5020 successoribus

426 5054 645 5109 illorum
677 5054 822 5130 exigi
861 5056 928 5109 ab
983 5056 1169 5128 aliqua
1209 5073 1405 5133 magna
1462 5074 1737 5130 parvaque
1778 5072 2036 5129 persona,

428 5163 550 5218 quae
580 5146 829 5216 illisjure
860 5153 914 5202 et
939 5148 1190 5222 legaliter
1215 5158 1555 5221 compertum
1593 5150 1933 5222 [competunt
1965 5148 2034 5221 η.

428 5237 1054 5311 Insuperinterdicimus
1101 5249 1160 5298 ut
1198 5259 1300 5299 nec
1348 5243 1699 5313 portaticum,
1742 5257 1923 5313 neque
1965 5242 2041 5297 ri-

498 5424 566 5494 (I)
617 5422 1134 5506 [archiepiscopatus
1182 5429 1670 5506 Magdeburgensis
1711 5431 2033 5506 instituendi

424 5509 564 5570 Opus
592 5494 918 5570 subJoanne
942 5494 1401 5570 X'llcazptuni'scd
1428 5494 1670 5558 novndum
1695 5503 2030 5567 absolutum,

425 5566 646 5644 tandem
682 5565 735 5618 in
769 5566 974 5636 duplici
1000 5565 1424 5644 Altavennatensi
1478 5574 1713 5629 concilio
1747 5565 2030 5644 peractum

422 5633 801 5725 fgit.LlIlorurn
851 5633 1216 5725 conciliorum
1271 5645 1617 5725 aliud‘ﬁprrili
1675 5633 1869 5725 mense
1898 5644 2029 5725 anni

422 5704 526 5782 967
558 5706 826 5782 habitum_
859 5716 962 5772 est,
1020 5712 1317 5782 eidemque
1367 5704 1542 5770 adfuit
1585 5731 1707 5768 cum
1762 5715 1957 5767 Ottone
2011 5713 2028 5766 Ι

425 5776 757 5847 imperatore
802 5776 1040 5835 Joannes
1097 5776 1366 5853 pontifex,
1416 5802 1449 5840 a
1501 5801 1610 5857 quo
1647 5785 1775 5838 data
1814 5787 1899 5835 est
1927 5797 2029 5850 pro

2146 4877 2315 4932 nostri
2372 4874 2674 4946 spiritualis
2732 4872 2829 4927 ﬁlii
2886 4872 3215 4928 sanctissimi
3290 4873 3508 4943 imperii
3583 4882 3759 4941 sexto,

2143 4977 2326 5023 erecta
2354 4976 2456 5033 est,
2489 4974 2544 5021 et
2575 4966 2631 5019 in
2664 4964 2954 5036 pristinum
3008 4965 3275 5019 honorem
3309 4966 3461 5019 omni
3496 4981 3761 5022 reveren-

2144 5058 2219 5113 tia
2270 5056 2510 5112 redacta.
2572 5055 2695 5125 Ipso
2745 5069 2985 5124 namque
3066 5068 3212 5108 anno
3264 5069 3376 5108 una
3441 5054 3758 5122 nobiscum,

2142 5151 2359 5206 favente
2388 5155 2443 5203 et
2466 5147 2851 5203 consentiente
2910 5143 3267 5199 invictissime
3326 5145 3593 5215 praedicto
3654 5147 3761 5201 im-

2143 5247 2415 5311 peratore,
2471 5244 2589 5293 acta
2645 5245 2730 5290 est
2783 5250 2981 5307 magna
3053 5234 3298 5304 synodus
3358 5234 3634 5291 Ravennae
3684 5253 3757 5291 xu

2136 5447 2202 5485 ea
2257 5429 2538 5484 erectione
2596 5426 2743 5481 bulla
2801 5424 3166 5495 subsequens.
3256 5422 3565 5478 Conciliare
3629 5441 3756 5481 vero

2135 5502 2439 5564 decretum,
2502 5499 2651 5570 quod
2698 5497 2883 5570 potius
2940 5493 3246 5570 dicendum
3273 5496 3753 5570 esset_stipulatio

2134 5564 2537 5627 conventionis
2574 5564 2716 5623 inter
2760 5567 3080 5638 episc0pum
3111 5564 3656 5638 Halberstadensem
3705 5576 3758 5624 et

2133 5659 2228 5697 eos
2259 5656 2495 5712 quorum
2553 5635 2817 5712 intererat
2865 5645 2923 5712 ut
2956 5635 3482 5712 archiepiscopatus
3520 5638 3614 5694 ille
3646 5640 3749 5712 eri-

2127 5706 2374 5839 ggget'ur,
2425 5712 2493 5764 ad
2545 5710 2840 5766 concilium
2882 5706 3581 5764 Ravennatense’alterum
3614 5711 3746 5766 anni

2263 5782 2526 5839 pertinet.

2199 5783 2233 5839 8
2259 5782 2526 5853 pertinet.
