3978 6214
208 342 320 397 953

1475 340 1810 395 EPISTOLZE
1850 342 1924 395 ET
1964 341 2277 395 DECRETA.

3437 349 3543 404 954

214 469 330 523 Kal.
363 468 510 531 Maii,
565 467 1027 522 convenientibus
1055 467 1485 537 archiepiscopis
1534 476 1588 522 et
1625 469 1833 539 episco-
1857 477 1986 545 Aet
2037 471 2311 525 scriniarii
2359 480 2561 527 sancta}
2622 472 2880 528 Romanae
2936 475 3191 531 Ecclesia:
3252 478 3307 531 in
3356 494 3543 533 mense

213 562 300 630 pis
330 562 762 631 circumquaque
787 576 849 613 ex
878 560 1025 614 omni
1068 560 1239 625 italia,
1270 560 1638 613 residentibus
1667 560 1828 615 nobis

214 650 268 701 in
329 649 564 702 ecclesia
624 648 767 701 beati
799 648 983 701 Severi
1038 648 1372 703 confessoris
1405 648 1620 711 Christi,
1654 658 1709 702 et
1753 649 1827 702 ibi

212 741 437 794 statutis
507 740 764 793 omnibus
826 741 988 793 rebus
1051 742 1463 805 ecclesiasticis,
1522 742 1825 796 secundum

213 838 415 883 statuta
449 845 741 885 canonum.
793 836 846 882 et
892 830 1111 883 decreta
1154 837 1563 884 antecessorum
1618 838 1829 885 nostro-

216 938 378 985 rum,
444 921 589 973 idem
649 922 1029 975 sanctissimus
1094 921 1392 990 imperator
1442 922 1828 977 ardentissimo

214 1012 384 1081 cmpit
424 1028 607 1067 amore
639 1012 981 1083 perquirere,
1006 1014 1283 1082 quomodo
1312 1022 1497 1068 nostra
1526 1014 1828 1083 apostolica

213 1101 538 1154 auctoritate
606 1117 637 1153 a
686 1100 987 1169 primordio
1039 1116 1239 1155 nomen
1295 1102 1715 1156 Christianitatis
1772 1103 1827 1155 in

214 1188 638 1259 aquilonaribus
690 1188 934 1258 partibus
989 1189 1325 1242 dilateretur.
1377 1190 1483 1243 Nos
1523 1206 1654 1245 vero
1710 1191 1830 1259 ejus

215 1278 461 1331 animum
514 1278 567 1331 in
624 1278 714 1330 Dei
767 1278 990 1332 servitio
1023 1278 1093 1331 ita
1138 1278 1373 1331 miriﬁce
1412 1278 1695 1333 detentum
1726 1280 1829 1331 mi-

217 1380 424 1431 rantes.
478 1372 774 1425 connivere
805 1370 854 1424 ei
890 1372 1116 1441 dignum
1166 1372 1443 1437 duximus,
1500 1379 1827 1438 statuentes,

216 1469 473 1530 prcsente
503 1470 557 1513 et
587 1461 965 1514 consentiente
992 1468 1179 1515 sancta
1216 1462 1448 1530 synodo,
1491 1468 1543 1514 et
1577 1462 1695 1531 ipso
1728 1462 1828 1515 im-

215 1558 493 1617 peratore,
527 1555 586 1601 ut
627 1549 960 1621 Magdeburg
990 1549 1093 1602 sita
1133 1549 1288 1616 juxta
1316 1550 1526 1603 Albiam
1579 1549 1827 1617 fluvium,

211 1638 310 1693 ubi
360 1640 476 1708 ipse
507 1656 536 1691 a
564 1640 674 1694 Deo
707 1640 1035 1694 benedictus
1091 1640 1391 1709 imperator
1416 1656 1615 1711 corpus
1656 1644 1829 1697 sancti

218 1728 452 1781 Mauritii
511 1744 632 1782 cum
685 1730 872 1784 multis
926 1729 1258 1799 martyribus
1311 1730 1718 1796 collocaverat,
1776 1740 1831 1786 et

218 1822 372 1876 mirae
405 1821 800 1895 magnitudinis
826 1823 1115 1877 ecclesiam
1148 1826 1832 1896 construxerat,deinceps

216 1916 539 1984 metrOpolis
573 1915 644 1969 sit
674 1922 728 1969 et
761 1915 1074 1969 nominetur
1117 1917 1437 1971 auctoritate
1489 1917 1634 1971 beati
1687 1919 1827 1972 Petri

212 2006 587 2075 apostolorum
645 2003 929 2073 principis,
992 2014 1047 2058 et
1103 2021 1168 2059 ea
1229 2022 1340 2076 qua
1396 2006 1829 2075 praedecessores

214 2094 386 2148 nostri
452 2092 1004 2162 Constantinopolim,
1081 2101 1407 2149 statuerunt.
1496 2096 1621 2150 Ideo
1698 2098 1826 2167 quia

210 2185 356 2239 ﬁlius
405 2192 609 2250 noster,
667 2200 813 2254 saepe
854 2185 966 2252 jam
1020 2186 1334 2241 nominatus
1381 2188 1525 2253 Otto,
1578 2188 1824 2243 omnium

210 2280 575 2351 Augustorum
626 2277 1075 2351 augustissimus,
1135 2280 1328 2332 tertius
1392 2288 1512 2349 post
1570 2280 1828 2335 Constan-

212 2370 410 2433 tinum,
474 2369 707 2423 maxime
777 2371 1072 2425 Romanam
1166 2372 1461 2425 Ecclesiam
1525 2374 1824 2439 exaltavit,

207 2461 587 2515 concessimus
622 2469 678 2515 ut
715 2478 823 2515 non
882 2462 1159 2529 posterior
1207 2464 1277 2515 sit
1321 2464 1535 2517 caeteris
1592 2464 1821 2518 urbibus

207 2552 663 2621 metrOpolitanis,
700 2554 797 2605 sed
825 2569 947 2607 cum
1006 2554 1199 2623 primis
1240 2554 1435 2623 prima,
1470 2563 1521 2607 et
1572 2571 1692 2608 cum
1731 2572 1823 2608 an-

203 2643 371 2713 tiquis
425 2644 649 2713 antiqua
682 2645 1001 2697 inconvulsa
1048 2653 1386 2715 permaneat.
1435 2644 1823 2718 Suﬁ‘ragancos

203 2750 332 2787 vero
363 2734 542 2787 eidem
576 2736 863 2805 metrOpoli
893 2752 1088 2791 omnes
1120 2738 1454 2789 unanimiter
1488 2738 1822 2806 przeordina-

207 2822 407 2885 vimus,
440 2822 1026 2895 Brandenburgensem
1057 2826 1400 2895 cpiSCOpum,
1443 2836 1497 2879 et
1531 2826 1819 2880 Havelber-

208 2930 459 2985 gensem,
492 2914 559 2966 iis
599 2916 810 2967 cunctis
857 2916 1279 2987 quibuscunque
1328 2919 1627 2987 imperator
1652 2919 1824 2972 voluit

206 3010 258 3063 in
314 3011 447 3063 urbe
533 3010 865 3083 Magdeburg
929 3012 1383 3082 archiepiscopus
1447 3024 1817 3067 consecretur.

208 3105 400 3159 Postea
432 3122 560 3161 vero
590 3108 733 3161 idem
767 3108 1217 3179 archiepiscopus
1243 3117 1296 3162 et
1331 3124 1680 3163 successores
1708 3109 1825 3176 ejus

208 3200 449 3256 habeant
483 3208 807 3272 potestatem
844 3219 939 3271 per
968 3219 1213 3273 congrua
1246 3204 1386 3269 loca,
1429 3205 1519 3257 ubi
1580 3222 1678 3274 per
1708 3204 1826 3259 illo-

207 3308 323 3348 rum
380 3293 825 3361 przedicationem
883 3292 1261 3346 Christianitas
1306 3294 1559 3360 creverit,
1615 3294 1828 3362 episco-

204 3402 302 3456 pos
348 3384 605 3438 ordinare
662 3384 1009 3448 nominatim,
1074 3400 1221 3438 nunc
1287 3392 1341 3439 et
1402 3388 1825 3455 pnesentialiter

204 3480 521 3549 Merseburg
551 3478 682 3543 Cici,
718 3486 770 3532 et
819 3479 1000 3545 Misni,
1051 3496 1080 3532 a
1112 3480 1368 3548 praesenti
1424 3480 1637 3532 decima
1666 3480 1807 3533 indi-

205 3575 353 3628 tione
428 3572 817 3642 perpetualiter
882 3571 1269 3626 conﬁrmamus
1354 3572 1785 3642 permanendum

205 3663 463 3715 Statuens
532 3662 834 3729 apostolica
891 3677 1144 3725 censura,
1212 3662 1313 3715 sub
1375 3661 1544 3715 divini
1623 3660 1815 3731 judicii

205 3750 593 3815 obtestatione,
627 3759 679 3802 et
737 3749 1097 3803 anathematis
1138 3748 1637 3814 interdictionibus,
1686 3748 1819 3802 nulli

209 3843 373 3896 licere
434 3850 744 3896 nostrorum
813 3857 1189 3896 successorum
1252 3850 1417 3913 atque
1476 3841 1818 3912 pontiﬁcum,

208 3933 290 3986 vel
346 3932 438 3986 alii
494 3932 729 3986 cuilibet
780 3947 1047 4001 personae,
1112 3933 1226 3985 haec
1284 3948 1406 4001 qua
1446 3949 1474 3985 a
1530 3932 1691 3986 nobis
1735 3932 1824 4003 pia

207 4024 514 4078 intentione
552 4029 757 4076 statuta
807 4028 933 4075 sunt
972 4021 1025 4074 in
1068 4037 1429 4092 quoscunque
1485 4023 1820 4089 convellere,

207 4118 303 4170 sed
366 4116 547 4185 potius
628 4114 781 4169 firma
850 4114 1149 4169 stabilitate
1216 4114 1535 4170 inconvulsa
1600 4133 1823 4171 manere

208 4206 522 4259 deﬁnimus.
583 4205 638 4257 Si
702 4206 825 4275 quis
881 4214 1085 4269 autem,
1156 4205 1303 4275 quod
1378 4223 1487 4261 non
1546 4207 1825 4261 credimus

210 4295 503 4349 temerario
552 4311 686 4348 ausu
746 4303 935 4349 contra
994 4296 1099 4349 hoc
1151 4303 1395 4350 nostrum
1460 4297 1823 4368 apostolicum

210 4402 373 4459 agere
402 4386 810 4455 przesumpserit
841 4385 1143 4451 decretum,
1178 4387 1312 4441 sciat
1356 4404 1417 4441 se
1461 4390 1825 4443 anathematis

211 4480 443 4533 vinculis
466 4479 809 4544 innodatum,
844 4487 895 4533 et
923 4497 951 4533 a
985 4497 1153 4554 regno
1196 4482 1287 4535 Dei
1320 4482 1581 4546 alienum,
1613 4490 1669 4537 et
1700 4499 1823 4536 cum

216 4568 399 4639 impiis
427 4576 634 4622 aeterno
663 4569 936 4639 supplicio
974 4570 1316 4640 deputatum.
1354 4571 1412 4625 Et
1441 4586 1569 4625 vero
1611 4572 1703 4642 qui
1738 4572 1826 4641 pio

210 4676 398 4715 amore
428 4659 747 4715 observator
802 4662 963 4729 hujus
1004 4664 1172 4717 nostri
1208 4664 1479 4735 privilegii
1536 4664 1823 4727 exstiterit,

214 4749 661 4804 benedictionem
718 4768 749 4804 a
816 4752 1331 4807 misericordissimo
1409 4753 1637 4808 Domino
1715 4754 1826 4807 Deo

214 4851 400 4897 nostro
430 4842 695 4913 consequi
730 4851 1025 4910 mereatur,
1058 4852 1112 4898 et
1141 4845 1264 4899 vita:
1306 4852 1523 4899 seternze
1556 4846 1827 4916 particeps

212 4938 375 5001 atque
404 4948 527 4985 cum
559 4931 763 4985 sanctis
792 4933 1052 4987 omnibus
1079 4936 1200 4988 sine
1232 4936 1337 4988 ﬁne
1369 4938 1601 4989 laetetur.

284 5020 559 5090 Scriptum
593 5038 692 5091 per
723 5038 942 5076 manum
972 5024 1233 5093 Stephani
1278 5026 1497 5091 notarii,
1532 5027 1827 5100 regionarii

291 5214 361 5279 (‘2)
404 5213 478 5266 De
504 5213 605 5268 hac
634 5214 845 5283 synodo
879 5214 936 5267 fit
968 5214 1173 5269 mentio
1213 5213 1358 5283 apud
1388 5214 1826 5268 continuatorem

220 5284 523 5356 chinonis
571 5286 654 5338 his
697 5286 920 5339 verbis:
970 5307 989 5334 α
1035 5288 1189 5339 Anno
1258 5284 1550 5339 Dominicze
1618 5285 1821 5339 incarn.

216 5357 343 5421 967,
390 5356 512 5410 Otto
547 5356 846 5426 imperator
874 5358 1108 5411 natalem
1157 5356 1369 5411 Domini
1403 5356 1731 5410 celebravit:
1775 5362 1829 5409 et

217 5435 445 5501 excepto
477 5428 733 5501 praefecto
764 5428 940 5493 Urbis,
994 5428 1086 5499 qui
1113 5427 1431 5501 aufugerat,
1468 5428 1727 5501 tredecim
1765 5443 1829 5501 ex

220 5499 520 5566 majoribus
576 5499 968 5565 Romanorum,
1016 5498 1124 5570 qui
1181 5498 1435 5553 auctores
1492 5498 1829 5570 exliulsionis

216 5570 424 5624 domini
474 5570 701 5625 Joannis
768 5587 921 5639 papa:
967 5569 1200 5632 fuerant,
1251 5570 1549 5639 suspendio
1604 5569 1827 5623 interire

1930 560 2119 629 Aprili,
2176 570 2230 615 et
2286 560 2472 616 indict.
2522 579 2571 615 χ.
2612 563 2856 617 Joannes
2913 572 3119 619 sanctae
3172 568 3459 623 catholicae
3490 577 3544 623 et

1929 650 2243 718 apostolicae
2300 652 2554 706 Romana:
2594 652 2847 707 Ecclesia:
2900 655 3097 723 praesul
3142 657 3266 711 huic
3319 658 3541 715 decreto

1929 754 1959 790 a
1992 738 2148 792 nobis
2181 738 2318 793 facto
2350 755 2447 809 pro
2469 740 2884 796 confirmatione
2906 743 3227 815 subscripsi.

1999 830 2222 897 Signum
2253 832 2459 886 domini
2481 832 2688 887 Ottom's
2714 838 2951 903 piissimi
2978 839 3344 906 imperatoris.

2002 923 2109 996 Ego
2171 925 2484 980 Rudoaldus
2536 929 2843 997 patriarcha
2908 939 3109 986 sanctae
3172 934 3539 1004 Aquileiensis

1932 1015 2183 1069 Ecclesiae
2217 1017 2461 1082 interfui,
2486 1020 2741 1073 consensi
2775 1027 2827 1075 et
2857 1022 3177 1093 subscripsi.

2691 1126 2781 1179 Ill.

1932 1234 2165 1271 DIPLOMA
2213 1234 2431 1274 JOANNIS
2487 1238 2632 1275 ΡΑΡΞ.
2671 1240 2785 1289 XIII,
2844 1242 2894 1277 IN
2956 1242 3349 1281 RAVENNATENSI
3398 1244 3536 1283 CON-

2000 1305 2141 1344 cmo
2197 1292 2259 1357 (‘2)
2322 1308 2527 1357 DATUM,
2576 1310 2683 1355 ouo
2738 1312 3026 1350 HEROLDUM
3081 1315 3538 1354 samsnuncesseu

2002 1378 2463 1419 ARCHIEPISCOPUM
2496 1382 2721 1419 DBPONIT
2752 1384 2815 1419 ET
2857 1384 3313 1434 BXCOMMUNICAT;
3356 1388 3542 1425 Πιθε-

2004 1448 2166 1487 Ηιϐωί
2197 1450 2331 1488 VERO
2351 1451 2470 1489 Ε]υὸ
2501 1452 2635 1491 LOCO
2664 1453 3128 1495 ARCHIEPISCOPUM
3161 1458 3344 1496 CREAT.

2552 1538 2728 1601 (Anno
2766 1536 2869 1590 967
2900 1540 2914 1603 )

2075 1624 2249 1694 [Apud
2278 1626 2470 1691 MANSI,
2502 1628 2700 1683 Coucil.
2732 1636 2840 1683 tom
2897 1630 3077 1695 XVlll,
3108 1632 3213 1685 col.
3243 1630 3389 1701 499.]

2002 1738 2257 1804 Joannes,
2298 1750 2499 1795 sanctae
2530 1741 2788 1797 Romanae
2840 1750 2893 1797 et
2938 1744 3252 1813 apostolicae
3282 1744 3535 1799 Ecclesia:

1934 1828 2131 1896 praesul
2160 1830 2418 1885 omnibus
2457 1831 2892 1902 archiepiscopis
2918 1842 2971 1887 et
3001 1832 3297 1903 episc0pis,
3333 1835 3537 1887 nostris

1931 1923 2146 1978 dilectis
2176 1926 2229 1979 in
2259 1926 2469 1982 Christo
2500 1928 2777 1993 fratribus,
2809 1930 2953 1999 apud
2993 1936 3234 1983 sanctam
3265 1931 3533 1998 synodum

1932 2015 2203 2072 Ravenna:
2236 2018 2523 2073 nobiscum
2554 2020 2882 2091 aggregatis,
2914 2029 3130 2076 aaternae
3174 2021 3536 2075 beatitudinis

1927 2111 2144 2181 gaudia.

2000 2204 2278 2257 Sanctitati
2320 2220 2382 2257 ac
2436 2205 2716 2259 dilectioni
2774 2212 2961 2259 notum
2994 2215 3192 2259 vestrze
3233 2222 3354 2260 esse
3384 2207 3537 2261 volu-

1930 2306 2069 2355 mus,
2098 2292 2247 2361 quod
2281 2293 2545 2347 Heroldus
2578 2293 2785 2347 dudum
2809 2294 3242 2368 Salisburgensis
3282 2295 3538 2350 Ecclesiae

1927 2381 2395 2451 archiepiscopus,
2455 2390 2643 2436 contra
2689 2384 3008 2437 canonicam
3065 2391 3118 2438 et
3182 2386 3537 2455 apostolicam

1922 2474 2304 2527 auctoritatem
2381 2474 2586 2528 nefaria
2631 2476 3060 2545 praesumptione
3134 2485 3257 2546 post
3316 2493 3540 2531 suorum

1923 2562 2203 2614 oculorum
2267 2562 2619 2617 amissionem
2678 2563 2925 2617 videatur
2986 2580 3198 2618 sacrum
3259 2565 3540 2619 celebrare

1924 2653 2243 2721 mysterium
2273 2670 2285 2706 :
2330 2660 2403 2719 et,
2436 2655 2583 2724 quod
2615 2656 2906 2709 ridiculum
2941 2663 3042 2719 est,
3073 2656 3295 2725 pallium
3325 2664 3539 2728 gestare

1926 2742 2264 2797 solemniter.
2303 2743 2411 2797 Hoc
2442 2760 2679 2814 namque
2707 2760 2815 2799 non
2859 2744 2928 2798 ad
2964 2745 3232 2798 modicam
3269 2746 3540 2799 haereseos

1928 2835 2205 2888 vesaniam
2260 2836 2472 2901 attinet,
2506 2847 2560 2891 et
2604 2838 2766 2891 nobis
2794 2837 3154 2908 omniumque
3186 2837 3412 2893 fratrum
3449 2854 3537 2893 or-

1930 2925 2295 2979 thodoxorum
2357 2927 2661 2996 prudentia}
2710 2928 2877 2981 debet
2932 2928 3103 2981 videri
3156 2928 3541 2991 exsecrabile;

1930 3019 2232 3086 praesertim
2261 3036 2384 3074 cum
2412 3021 2527 3090 ipse
2555 3035 2651 3089 pro
2678 3036 2777 3073 sua
2818 3020 2980 3090 culpa
3008 3030 3065 3074 et
3095 3020 3340 3089 perﬁdiae
3371 3030 3543 3074 teme-

1930 3107 2087 3159 ritate
2130 3109 2448 3162 exoculatus
2505 3112 2597 3174 sit,
2632 3124 2698 3163 eo
2739 3110 2889 3178 quod
2920 3108 3181 3163 ecclesias
3212 3109 3307 3162 Dei
3349 3124 3546 3179 exspo-

1930 3193 2161 3261 liaverit,
2194 3196 2510 3250 thesaurum
2552 3198 2782 3271 paganis
2828 3197 3161 3269 erogaverit,
3194 3214 3431 3268 seseque
3470 3197 3550 3252 eis

1922 3287 2184 3358 junxerit,
2229 3292 2281 3344 in
2340 3291 2768 3347 Christianorum
2821 3308 3015 3347 necem
3073 3300 3127 3345 et
3181 3292 3552 3361 depraedatio-

1928 3408 2073 3455 nem,
2114 3396 2305 3444 contra
2351 3385 2638 3440 dominum
2679 3393 2734 3438 et
2789 3383 3096 3453 piissimum
3158 3382 3544 3451 imperatorem

1912 3497 2072 3536 suum
2114 3478 2390 3532 seniorem
2447 3473 2671 3529 rebellis
2725 3480 2779 3526 et
2820 3471 3058 3526 inﬁdelis
3123 3471 3427 3525 exstiterit:
3488 3473 3550 3525 et

1917 3571 2149 3643 proinde
2179 3586 2209 3623 a
2229 3568 2615 3622 decessoribus
2646 3565 2848 3620 nostris
2879 3569 3081 3618 sanctm
3101 3564 3378 3617 memoriae
3408 3578 3545 3633 pon-

1921 3658 2160 3714 tificibus
2186 3672 2347 3711 omne
2407 3652 2749 3709 sacerdotale
2795 3652 3036 3707 ofﬁcium
3068 3667 3217 3722 saepe
3272 3652 3322 3706 ei
3353 3653 3423 3707 sit
3456 3653 3547 3707 in-

1925 3747 2255 3808 terdictum;
2294 3751 2460 3815 atque
2491 3742 2764 3797 electione
2796 3750 2851 3795 et
2892 3742 3261 3812 postulatione
3293 3742 3540 3796 omnium

1927 3856 2065 3911 pene
2120 3837 2411 3901 nobilium,
2466 3835 2833 3889 Bawariorum
2866 3834 3077 3888 scilicet
3128 3831 3458 3887 clericorum
3491 3842 3547 3888 et

1924 3931 2212 3995 laicorum,
2241 3934 2431 3982 sancta
2462 3927 2706 3981 Romana
2728 3931 2903 3979 mater
2934 3924 3195 3987 Ecclesia,
3228 3939 3339 3976 suae
3362 3930 3546 3977 aucto-

1928 4022 2100 4077 ritatis
2131 4020 2418 4093 privilegio
2459 4018 2792 4073 Fridericum
2852 4017 3028 4071 virum
3083 4014 3457 4071 venerabilem
3491 4022 3547 4069 et

1925 4111 2137 4165 cunctis
2169 4108 2501 4163 laudabilem
2536 4107 2656 4162 loco
2698 4106 2948 4174 ejusdem
3000 4105 3219 4161 Iieroldi
3252 4103 3371 4158 ﬁeri
3399 4119 3547 4159 esse-

1926 4222 2032 4277 que
2064 4203 2546 4272 archiepisc0pum
2580 4200 2805 4255 omnino
2843 4199 3165 4253 decreverit.
3202 4200 3546 4269 Quapropter

1928 4296 2111 4365 itaque
2146 4301 2457 4347 nostrorum
2491 4292 2846 4344 decessorum
2890 4290 3272 4344 auctoritatem
3304 4303 3541 4358 sequen-

1928 4392 2029 4449 tes,
2049 4389 2352 4451 vestraeque
2372 4380 2619 4434 omnium
2650 4377 3011 4433 fraternitatis
3032 4377 3357 4432 assensione
3378 4376 3544 4431 robo-

1930 4474 2051 4539 rati,
2088 4472 2258 4543 ipsius
2299 4469 2516 4524 Heroldi
2570 4468 2884 4522 haereticam
2927 4478 2980 4522 et
3034 4467 3380 4522 temerariam
3417 4482 3542 4535 pra-

1928 4568 2154 4623 vitatem
2194 4564 2389 4620 amodo
2440 4580 2501 4617 ac
2531 4562 2815 4632 deinceips
2865 4563 3188 4617 damnamus
3218 4579 3281 4617 ac
3322 4562 3544 4632 penitus

1929 4662 2278 4717 confutamus
2329 4676 2393 4713 ex
2425 4658 2542 4714 vice
2585 4656 2729 4711 beati
2761 4656 2903 4710 Petri
2936 4654 3202 4725 principis
3259 4653 3540 4723 apostolo-

1932 4769 2071 4819 rum,
2103 4766 2318 4806 necnon
2344 4766 2537 4807 omnes
2566 4754 2861 4819 sequentes
2885 4746 3185 4801 caecitatem
3210 4745 3458 4815 corporis
3488 4751 3545 4800 et

1931 4844 2133 4899 mentis
2167 4843 2287 4911 ejus
2320 4842 2372 4895 in
2407 4842 2497 4898 tali
2527 4838 2952 4910 praesumptione
2980 4854 2991 4890 :
3026 4836 3189 4907 eique
3231 4836 3539 4891 communi-

1931 4947 2120 4992 cantes
2148 4936 2686 4991 excommunicamus
2713 4932 2889 5002 primo
2928 4939 2982 4985 ct
3012 4928 3542 4985 anathematizamus

1930 5044 2106 5099 usque
2134 5029 2202 5083 ad
2235 5028 2608 5099 plenissimam
2651 5022 3109 5078 emendationem.
3171 5021 3404 5103 Insuper
3425 5020 3539 5089 jam

1932 5230 2072 5293 papa
2120 5215 2481 5293 plurimosex
2516 5210 2755 5293 italia‘et
2785 5209 3055 5293 Romania
3086 5205 3379 5293 episcopos
3411 5218 3538 5293 coa-

1931 5277 2188 5349 dunavit;
2224 5291 2276 5338 et
2318 5285 2503 5338 habita
2534 5283 2763 5355 synodo,
2795 5282 2965 5335 multa
2989 5278 3061 5355 ad
3087 5277 3378 5355 utilitatem
3410 5291 3537 5355 san-

1931 5366 2029 5411 cta:
2063 5346 2317 5409 Ecclesize
2355 5346 2638 5409 adinveiiit
2693 5346 2757 5407 Et
2790 5351 3093 5424 apostolico
3121 5347 3315 5425 Joanni
3345 5346 3538 5425 urbem

1932 5437 1985 5481 et
2016 5434 2213 5479 terram
2266 5427 2687 5489 Ravennatium,
2742 5417 2972 5495 aliaque
3002 5420 3307 5495 complura,
3358 5417 3542 5495 multis

1930 5505 2073 5552 retro
2105 5497 2449 5567 temporibus
2481 5486 2740 5549 Romanis
2787 5486 3143 5566 pontiﬁcibus
3181 5490 3379 5567 ablata,
3427 5486 3545 5541 red-

1930 5569 2071 5623 didit
2098 5570 2197 5635 (vel
2221 5565 2402 5638 potius
2460 5565 2853 5638 restitutionem
2876 5568 2997 5636 jam
3029 5569 3153 5618 ante
3197 5565 3399 5638 factam
3428 5574 3543 5638 con-

211 5642 391 5707 jussit.
430 5642 561 5695 [nde
594 5628 954 5713 progrediens
1010 5660 1106 5713 per
1153 5628 1453 5713 S'poletiim,
1502 5641 1828 5713 Ravennam
1927 5628 2483 5713 ﬁrmauit),‘eumque
2517 5636 2643 5690 inde
2678 5628 2905 5691 Romam
2959 5652 3082 5691 cum
3116 5628 3315 5710 magna
3361 5628 3542 5688 laititia

216 5713 376 5767 adiit:
412 5714 600 5784 ibique
638 5711 845 5767 Pascha
879 5711 1166 5769 celebrans
1194 5711 1327 5768 cum
1365 5712 1588 5767 domino
1616 5711 1827 5766 Joanne

1931 5712 2158 5768 remisit.
2205 5733 2225 5761 ii
