3978 6214
202 332 318 387 957

1475 330 1808 386 EPISTOLIE
1849 332 1928 386 ET
1971 331 2282 386 DEGRETA.

3443 330 3551 384 958

206 477 336 516 esse
357 458 742 534 cognovimus,
798 473 896 528 per
946 460 1051 514 hoc
1105 467 1351 514 nostrum
1383 475 1413 513 a
1445 467 1594 529 parte
1625 467 1829 514 sanctae
1856 465 1906 532 Α
1933 459 2200 526 cratione,
2260 465 2315 512 et
2364 455 2723 512 investitione
2772 458 2996 510 sanctze
3035 455 3292 510 Ecclesiae
3321 463 3375 509 et
3400 455 3553 509 sedis

206 553 474 606 Romans:
519 548 776 604 Ecclesiie
809 549 953 602 beati
1010 549 1152 604 Petri
1200 549 1432 618 apostoli
1489 549 1542 602 in
1573 550 1832 619 praedicta

210 648 408 695 sancta
437 637 772 695 Ferrariensi
829 638 1064 691 ecclesia
1115 637 1259 692 beati
1309 637 1548 708 Georgii,
1579 638 1834 692 similiter

208 746 398 786 coram
418 727 632 784 cunctis
660 726 968 781 astantibus
1009 733 1063 780 et
1088 726 1402 781 videntibus
1440 725 1831 782 confirmamus

209 829 574 893 praeceptum,
635 835 870 873 massam
929 817 1187 873 videlicet
1242 819 1611 873 Babilonicam
1660 819 1827 886 illam,

212 932 340 987 quae
393 922 615 970 vocatur
666 912 931 976 Ferraria,
975 911 1030 965 in
1064 928 1172 983 qua
1203 912 1321 982 ipsa
1360 920 1549 967 sancta
1595 913 1831 969 ecclesia

214 1005 365 1060 beati
415 1003 631 1077 Georgii
676 1002 779 1056 sita
810 1009 865 1056 et
906 1011 1226 1056 consecrata
1266 1009 1348 1055 est
1378 1018 1501 1056 cum
1531 1002 1830 1058 duodecim

216 1096 406 1150 fundis
427 1095 542 1148 suis
573 1111 587 1158 ;
621 1092 864 1148 cuialias
893 1107 1088 1145 omnes
1119 1108 1326 1146 massas
1358 1093 1601 1147 minores
1626 1095 1833 1164 positas

217 1187 365 1241 infra
395 1193 641 1242 nostrum
673 1185 927 1238 ducatum
957 1192 1011 1238 et
1059 1184 1382 1238 comitatum
1429 1185 1833 1240 Ferrariensem

218 1294 345 1332 cum
387 1276 542 1330 omni
589 1275 905 1330 obedientia
953 1281 1007 1327 et
1055 1275 1344 1332 securitate
1398 1274 1759 1347 subjugamus
1817 1293 1832 1341 ;

217 1386 453 1424 massam
503 1369 717 1423 scilicet
770 1375 823 1421 et
880 1368 1053 1438 ripam
1114 1367 1461 1433 Pullariolus,
1515 1385 1637 1423 cum
1696 1370 1838 1425 duo-

219 1463 404 1517 decim
437 1462 623 1516 fundis
677 1463 809 1525 suis,
872 1471 926 1516 et
974 1478 1208 1515 massam
1269 1462 1687 1518 Gonstantiacus
1714 1481 1837 1519 cum

223 1551 521 1604 duodecim
554 1551 740 1605 fundis
769 1551 903 1617 suis,
936 1559 989 1605 et
1019 1567 1256 1605 massam
1293 1553 1684 1622 quartisianam
1714 1571 1837 1609 cum

225 1642 525 1695 duodecim
554 1640 738 1696 fundis
780 1643 894 1695 suis
916 1650 998 1706 ;et
1042 1658 1272 1696 massam
1304 1643 1514 1697 Doncro
1537 1661 1660 1698 cum
1693 1645 1838 1700 duo-

222 1732 404 1787 decim
455 1732 640 1787 fundis
688 1735 849 1798 suis;
887 1734 1079 1804 sicque
1140 1751 1373 1788 massam
1433 1736 1686 1791 Petriculi
1716 1754 1839 1792 cum

223 1822 519 1877 duodecim
566 1821 750 1876 fundis
806 1823 920 1876 suis
952 1841 966 1889 ;
997 1831 1049 1876 et
1107 1840 1338 1877 massam
1374 1824 1659 1895 Popularis
1711 1843 1834 1881 cum

225 1915 521 1969 duodecim
563 1913 749 1968 fundis
778 1915 929 1978 suis;
976 1915 1234 1969 similiter
1277 1933 1512 1971 massam
1545 1919 1749 1985 Guruli,
1783 1929 1838 1975 et

217 2027 457 2064 massam
487 2010 907 2080 Salectamjcum
947 2011 1136 2083 viginti
1185 2019 1422 2082 quatuor
1462 2012 1646 2067 fundis
1673 2015 1788 2068 suis
1822 2034 1834 2081 ;

1822 2058 1835 2081 9

219 2109 527 2155 etmassam
568 2101 898 2166 Seneticam,
959 2108 1012 2154 et
1065 2101 1413 2156 Castilionem
1479 2119 1603 2157 cum
1656 2104 1835 2158 omni-

222 2191 326 2242 bus
385 2188 570 2241 fundis
627 2189 741 2241 suis
773 2205 786 2251 ;
820 2188 1076 2242 similiter
1131 2198 1185 2242 et
1234 2206 1470 2244 massam
1502 2191 1835 2246 Firmianum

217 2295 342 2333 cum
366 2278 627 2332 omnibus
673 2277 880 2343 fundis,
921 2286 975 2331 et
1025 2279 1377 2348 pertinentiis
1407 2281 1541 2336 suis.
1573 2282 1676 2335 Has
1704 2282 1835 2352 qui-

217 2372 346 2425 dem
379 2387 573 2425 omnes
604 2388 809 2426 massas
832 2388 956 2426 cum
989 2373 1482 2442 omnibusjuribus
1515 2376 1621 2429 sibi
1665 2378 1838 2446 perti-

221 2460 502 2522 nentibus,
536 2460 677 2514 sicut
698 2477 728 2514 a
757 2461 962 2515 sanctis
994 2462 1197 2515 nostris
1225 2463 1556 2532 supradictis
1585 2474 1838 2520 anteces-

219 2553 441 2608 soribus
483 2552 538 2605 in
579 2551 802 2622 praefata
827 2563 1015 2608 sancta
1044 2554 1378 2609 Ferrariensi
1412 2558 1648 2611 ecclesia
1692 2560 1836 2614 beati

219 2641 438 2714 Georgii
479 2639 732 2713 largitum
783 2641 901 2696 fore
964 2644 1326 2716 cognovimus
1357 2662 1369 2697 :
1407 2644 1482 2699 ita
1521 2652 1575 2698 et
1607 2663 1706 2701 nos
1739 2666 1838 2718 per

221 2736 327 2789 hoc
358 2743 628 2800 nostrum,
658 2734 799 2789 sicut
830 2751 996 2805 supra
1036 2736 1239 2789 dictum
1291 2744 1394 2801 est,
1427 2738 1481 2791 in
1513 2746 1701 2794 sancta
1734 2755 1837 2794 no-

223 2836 336 2882 stra
366 2827 625 2891 ecclesia,
668 2835 721 2882 et
752 2826 850 2880 tibi
893 2827 1155 2897 przedicto
1181 2828 1409 2884 Martino
1465 2831 1749 2899 confratri,
1784 2843 1839 2889 et

222 2922 491 2992 episcopo
535 2928 743 2986 nostro,
787 2927 842 2973 et
890 2921 1304 2975 successoribus
1350 2923 1456 2976 tuis
1489 2923 1629 2978 infra
1662 2933 1834 2980 totum

217 3015 476 3067 ducatum
505 3021 669 3082 atque
700 3012 1042 3078 comitatum,
1086 3020 1138 3066 et
1167 3015 1549 3084 episcOpatum
1586 3025 1834 3072 nostrum

219 3101 626 3155 Ferrariensem
677 3101 730 3154 in
761 3100 994 3171 singulis
1027 3103 1242 3167 massis,
1273 3104 1564 3168 ecclesias,
1586 3106 1833 3171 clericos,
1862 3137 1910 3204 Ο

219 3195 589 3264 presbyteros,
622 3194 882 3248 diaconos
909 3194 1168 3248 ordinare
1198 3204 1252 3248 et
1281 3209 1626 3250 consecrare.
1661 3199 1837 3269 Super

218 3292 334 3345 haec
351 3291 578 3361 quidem
609 3290 815 3354 omnia,
847 3291 1107 3344 omnibus
1136 3299 1243 3345 tam
1276 3293 1644 3362 praesentibus
1671 3313 1832 3366 quam

218 3382 564 3448 absentibus,
626 3391 811 3436 notum
872 3382 990 3436 ﬁeri
1033 3383 1308 3448 volumus,
1371 3401 1469 3455 per
1514 3387 1832 3456 praedictum

219 3474 599 3545 episcopatum
629 3473 1057 3540 Ferrariensem,
1082 3481 1135 3529 et
1180 3477 1472 3531 ecclesiam
1507 3477 1558 3531 S.
1592 3478 1834 3552 Georgii,

224 3573 276 3618 et
306 3570 360 3618 te
395 3563 679 3617 Martinum
712 3562 1054 3632 episcopum,
1084 3570 1316 3634 tuosque
1365 3563 1578 3619 futuros
1607 3580 1835 3618 succes-

223 3669 401 3718 cores,
442 3652 754 3722 episcopos,
810 3658 1099 3722 utramque
1181 3653 1495 3722 parochiam
1545 3663 1833 3724 perpetuo.

227 3747 367 3801 sicut
404 3745 704 3815 supradicti
765 3745 933 3798 nostri
983 3751 1364 3800 antecessores
1420 3746 1733 3801 habuerunt
1787 3754 1841 3802 et

226 3845 522 3892 tenuerunt
561 3836 615 3888 in
658 3852 758 3889 suo
799 3835 1047 3890 dominio
1089 3855 1104 3896 :
1167 3836 1240 3890 ita
1299 3843 1352 3890 et
1385 3852 1485 3892 nos
1513 3837 1568 3891 in
1594 3839 1742 3908 jure,
1789 3846 1842 3892 et

225 3928 492 3992 dominio,
526 3944 623 3982 seu
643 3927 930 4001 privilegio
950 3935 1151 3982 sanctae
1197 3936 1395 3983 nostra;
1443 3929 1702 3984 Romanae
1736 3932 1839 3986 Ec—

226 4019 410 4073 clesia:
432 4017 581 4071 beati
627 4017 770 4071 Petri
804 4018 1060 4086 apostoli,
1093 4027 1146 4071 et
1175 4027 1360 4074 nostro
1417 4027 1843 4090 nostrorumque

225 4127 606 4167 successorum
663 4126 882 4180 semper
928 4117 1199 4164 tenemus.
1250 4110 1313 4164 Ut
1362 4111 1406 4164 si
1461 4127 1680 4180 semper
1732 4111 1836 4165 sub

227 4210 411 4258 nostra
433 4200 725 4267 electione,
753 4201 1124 4266 ordinatione,
1150 4200 1519 4266 investitione,
1549 4208 1603 4255 et
1651 4217 1842 4256 conse-

228 4295 495 4362 cratione,
526 4299 580 4346 et
612 4293 888 4348 districtu.
921 4293 980 4346 Et
1011 4307 1121 4347 non
1153 4292 1311 4346 liceat
1361 4307 1600 4361 unquam
1633 4293 1842 4346 nemini

232 4393 299 4445 de
330 4390 438 4469 t_uis
477 4388 893 4444 successoribus
922 4387 1136 4454 futuris,
1171 4387 1447 4460 eligendis
1477 4387 1532 4440 in
1570 4387 1691 4458 ipso
1721 4388 1844 4459 epi-

229 4483 417 4553 sc0pio
451 4481 731 4554 episc0pis
759 4480 826 4534 ad
856 4479 1060 4534 nullius
1082 4479 1414 4534 electionem
1429 4495 1608 4551 neque
1625 4481 1847 4537 investi-

228 4575 435 4628 tionem
494 4573 580 4626 vel
632 4570 1100 4626 consecrationem
1153 4570 1250 4634 ire,
1313 4569 1421 4622 nisi
1475 4569 1541 4622 ad
1604 4577 1842 4624 nostram

225 4663 630 4719 sanctissimam
660 4661 847 4716 sedem
882 4661 1178 4716 Romanam
1221 4668 1275 4714 et
1302 4659 1660 4729 apostolicam
1693 4660 1842 4714 beati

231 4753 371 4809 Petri
415 4752 653 4824 apostoli
697 4757 1121 4821 nostrorumque
1171 4766 1557 4805 successorum
1593 4768 1608 4815 ;
1641 4759 1694 4805 et
1724 4767 1837 4805 non

229 4848 390 4904 liceat
445 4844 652 4900 nemini
708 4853 1019 4898 nostrorum
1077 4860 1485 4908 successorum,
1539 4845 1622 4898 vel
1679 4843 1842 4897 alicui

233 4936 387 5011 regni
419 4949 632 5006 magnae
653 4948 926 5004 personze,
981 4932 1126 5004 regis
1147 4933 1360 4987 scilicet
1397 4933 1483 4986 vel
1515 4933 1693 4997 ducis,
1714 4932 1840 5002 epi-

232 5026 382 5096 sc0pi
442 5039 621 5093 neque
674 5021 1098 5092 archiepiscopi,
1134 5023 1279 5076 hunc
1310 5021 1593 5092 prmlatum
1627 5024 1842 5094 episco-

235 5137 363 5191 pum
394 5127 449 5174 et
479 5118 767 5172 ecclesiam
810 5117 985 5171 sancti
1034 5116 1271 5190 Georgii,
1324 5133 1504 5188 neque
1555 5119 1846 5189 episcopos

231 5224 259 5262 a
291 5208 560 5267 dominio.
594 5215 648 5261 et
674 5207 819 5275 jure,
853 5214 909 5261 et
952 5205 1246 5272 electione,
1281 5205 1660 5273 ordinatione,
1693 5208 1848 5263 inve-

230 5302 474 5367 stitione,
519 5298 960 5364 consecratione,
1012 5298 1267 5353 districtu
1329 5306 1532 5354 sanctae
1591 5301 1846 5356 Romana:

234 5396 490 5452 Ecclesia-2
517 5395 663 5450 beati
706 5395 847 5449 Petri
887 5393 1122 5466 apostoli
1155 5410 1430 5464 separare.
1486 5395 1539 5450 Si
1575 5413 1697 5468 quae
1720 5413 1850 5457 vero

233 5502 469 5556 persona
522 5486 685 5554 hujus
729 5487 900 5541 nostri
960 5487 1138 5557 regni,
1190 5486 1337 5559 regis
1364 5487 1446 5541 vel
1477 5487 1653 5555 ducis,
1685 5505 1852 5558 parva

230 5577 312 5630 vel
335 5592 555 5651 magna,
590 5576 731 5631 hanc
759 5576 1132 5648 supradictam
1165 5582 1406 5630 nostram
1440 5575 1849 5633 Ferrariensem

234 5679 475 5726 sanctam
499 5673 788 5728 ecclesiam
841 5673 983 5727 beati
1030 5671 1246 5744 Georgii
1303 5687 1332 5725 a
1358 5671 1482 5742 jure
1514 5679 1569 5726 et
1601 5673 1849 5729 dominio

234 5768 287 5817 et
310 5771 583 5834 potestate
605 5765 994 5836 episcOporum
1044 5777 1292 5828 suorum,
1324 5762 1620 5829 electione,
1649 5779 1849 5821 conse-

1867 1767 1916 1834 Β

1933 551 2191 607 Romanm
2213 550 2357 605 beati
2392 549 2532 604 Petri
2555 548 2790 618 apostoli
2820 547 3180 617 separaverit,
3216 546 3300 600 vel
3331 546 3551 600 aliena-

1933 643 2092 708 verit,
2142 651 2234 696 aut
2283 642 2328 696 si
2387 641 2454 695 de
2509 640 2769 694 omnibus
2817 655 2937 710 quae
2991 655 3024 692 a
3084 644 3273 692 sancta
3301 637 3550 692 Romana

1937 731 2174 786 Ecclesia
2203 729 2309 784 sibi
2333 736 2460 784 sunt
2488 729 2611 782 data
2644 734 2697 782 et
2723 727 2921 781 tradita
2951 726 3263 780 diminuere
3306 725 3393 780 vel
3424 740 3546 780 mo-

1933 822 2127 878 lestare
2153 819 2389 875 tentabit
2419 818 2528 873 ullo
2585 817 2771 880 modo,
2820 817 2904 872 vel
2947 817 3171 889 ingenio
3212 831 3455 886 unquam
3489 815 3545 869 in

1933 914 2118 985 aliquo
2147 920 2392 982 tempore
2438 909 2801 965 anathematis
2850 909 3069 963 vinculo
3127 924 3155 961 a
3187 914 3338 978 parte
3369 906 3551 961 omni-

1936 1003 2172 1074 potentis
2204 1001 2319 1065 Dei,
2378 1008 2432 1054 et
2471 1001 2643 1054 beatae
2675 998 2904 1073 virginis
2936 997 3136 1060 Mariae,
3166 1003 3219 1051 et
3259 996 3547 1050 beatorum

1936 1090 2306 1161 apostolorum
2340 1089 2485 1142 Petri
2523 1095 2578 1142 et
2631 1087 2803 1152 Pauli,
2839 1094 2892 1140 et
2917 1085 3160 1140 omnium
3209 1092 3550 1147 sanctorum,

1937 1191 1992 1237 et
2024 1190 2205 1237 nostra
2263 1187 2524 1251 perpetuo
2579 1180 2886 1253 alligamus,
2949 1179 3035 1233 cui
3081 1193 3275 1231 omnes
3318 1176 3409 1246 qui
3454 1176 3552 1229 ad-

1937 1280 2093 1326 erant
2125 1271 2200 1324 ibi
2235 1271 2633 1341 responderunt
2663 1269 2914 1322 dicentes
2943 1285 2954 1320 :
2988 1267 3124 1331 Fiat,
3154 1264 3264 1318 ﬁat.
3311 1265 3549 1328 Quorum

1939 1360 2164 1414 nomina
2215 1367 2341 1413 sunt
2402 1358 2491 1412 hic
2515 1357 2569 1410 in
2615 1367 2768 1427 parte
2813 1356 3112 1426 descripta,
3146 1355 3200 1407 id
3231 1364 3314 1408 est
3343 1354 3398 1406 in
3431 1352 3548 1423 pri-

1942 1451 2077 1505 mis:

2012 1541 2273 1596 Martinus
2319 1539 2616 1610 episcOpus
2640 1546 2840 1592 sancta:
2886 1535 3225 1590 Sutrinensis
3275 1534 3550 1599 Ecclesiae,

2012 1635 2172 1689 Wido
2197 1634 2489 1703 episc0pus
2511 1639 2710 1684 sanctae
2729 1629 3038 1684 Scrsenatis
3069 1627 3344 1682 Ecclesiae.

2013 1721 2570 1792 Joannesepiscopus
2592 1726 2794 1773 sanctae
2820 1717 3187 1772 Corneliensis
3206 1714 3476 1769 Ecclesiae.

2016 1817 2143 1870 Azio
2191 1811 2652 1885 protoscrinarius
2704 1818 2757 1865 et
2805 1809 3171 1880 apocrisarius
3199 1816 3400 1862 sancta:
3444 1805 3553 1860 Ro-

1941 1926 2113 1964 manae
2149 1908 2424 1962 Ecclesia.

2009 2000 2250 2054 Joannes
2272 1997 2379 2050 dux
2409 1995 2564 2050 urbis
2587 1995 2793 2055 Romae,
2818 1993 2912 2063 qui
2944 1998 3165 2046 vocatur
3194 1987 3546 2042 Gambaruto.

2010 2091 2318 2160 Stephanus
2348 2088 2645 2142 iniculator
2674 2085 2829 2138 urbis
2845 2085 3046 2138 Romae.

2011 2185 2118 2238 Nec
2139 2201 2247 2239 non
2281 2183 2479 2237 Paulus
2508 2181 2784 2256 gloriosus
2805 2179 2994 2247 judex.

2009 2274 2320 2348 Vigojudex
2351 2271 2728 2327 Ferrariensis.

2008 2366 2200 2419 Petrus
2230 2365 2442 2418 dativus
2470 2364 2630 2417 istius
2662 2360 2899 2416 civitatis
2933 2359 3225 2413 Ravennae.

2007 2458 2251 2512 Joannes
2279 2456 2493 2510 dativus
2511 2452 2892 2509 Ferrariensis.

2010 2547 2116 2600 Leo
2144 2545 2359 2599 dativus
2377 2544 2444 2598 de
2477 2543 2695 2597 civitate
2736 2539 3015 2595 Faventia.

2011 2639 2201 2692 Petrus
2229 2647 2281 2692 et
2303 2637 2616 2706 Stephanus
2646 2633 2809 2688 dativi
2843 2633 3051 2686 Ferrar.

2013 2735 2203 2788 Petrus
2234 2747 2437 2786 comes.

2012 2827 2305 2891 Garardus,
2338 2833 2396 2879 et
2423 2823 2682 2878 llirardus
2709 2822 2774 2875 de
2806 2819 3123 2875 comitibus.

2013 2923 2330 2985 Arderatus,
2364 2927 2417 2974 et
2449 2918 2774 2973 Rambertus
2795 2914 3042 2990 germani
3068 2911 3362 2968 comitibus

2011 3013 2255 3066 Joannes
2286 3010 2396 3064 dux
2426 3009 2495 3063 de
2517 3009 2765 3064 Romano

2007 3109 2250 3162 Joannes
2283 3113 2338 3160 et
2368 3105 2670 3158 Almericus
2698 3098 2946 3176 germani
2975 3097 3069 3150 ﬁlii
3100 3098 3202 3150 sui,

2011 3196 2210 3249 Paulus
2242 3202 2295 3248 et
2326 3193 2520 3247 Petrus
2547 3192 2787 3247 ducibus
2811 3185 3149 3245 Travesaria.

2007 3287 2200 3340 Petrus
2231 3283 2378 3339 ﬁlius
2409 3284 2514 3354 ipsi
2538 3283 2713 3337 Pauli.

2010 3377 2346 3433 Romualdus
2387 3377 2514 3430 dux.

2009 3467 2210 3522 Paulus
2236 3464 2382 3519 ﬁlius
2412 3463 2710 3518 Vitabiani.

2008 3561 2250 3616 Joannes
2271 3556 2464 3612 consul
2485 3563 2537 3609 et
2569 3555 2854 3625 patricius.

2014 3652 2274 3709 Heraldus
2307 3649 2452 3704 ﬁlius
2476 3647 2680 3703 Jaraldi
2704 3665 2769 3701 ex
2800 3663 3006 3719 genere
3038 3648 3267 3704 ducum.

2013 3748 2318 3804 Atelbertus
2347 3751 2401 3799 et
2422 3743 2646 3817 Sergius
2675 3743 2922 3815 germani
2957 3744 3190 3797 ducibus

2015 3841 2257 3896 Andreas
2289 3837 2431 3890 ﬁlius
2457 3834 2736 3905 quondam
2769 3835 2991 3890 amabil.
3029 3833 3248 3889 dativus

2016 3929 2314 3988 Deusdedit
2344 3929 2411 3982 de
2445 3928 2610 3981 Ponte
2644 3928 2911 3999 Augusto.

2019 4024 2257 4079 Gasirius
2285 4021 2426 4075 ﬁlius
2449 4017 2683 4073 Joannis
2714 4016 2979 4072 consulis.

2013 4116 2200 4171 Vitalis
2225 4116 2293 4169 de
2317 4115 2489 4168 Liuto.

2013 4207 2255 4261 Joannes
2297 4210 2349 4256 et
2395 4200 2575 4255 Luicio
2626 4195 2897 4271 germani,
2965 4195 3063 4249 lilii
3092 4195 3374 4266 quondam
3413 4196 3560 4249 Ana-

1945 4296 2096 4351 stasii
2130 4292 2389 4349 consulis.

2019 4388 2320 4445 Leotarius.

2021 4478 2214 4533 Petrus
2243 4477 2311 4530 de
2341 4473 2501 4529 Malo.

2020 4569 2318 4625 Mauricius
2347 4567 2518 4637 Spaza
2549 4561 2788 4618 inferno.

2021 4663 2210 4718 Vitalis
2243 4660 2390 4714 ﬁlius
2415 4657 2605 4713 Vitalis
2644 4656 2710 4710 de
2735 4652 2943 4707 Marino

2190 4755 2263 4805 De
2293 4748 2670 4803 tabellionibus
2700 4746 2877 4798 autem
2917 4741 3053 4795 cives
3082 4741 3320 4793 Ravenn.

2013 4841 2256 4896 Joannes
2287 4837 2483 4893 consul
2512 4837 2579 4890 de
2603 4833 2847 4899 tabellio,
2887 4829 2980 4902 qui
3007 4832 3229 4884 vocatur
3268 4826 3411 4880 Uter.

2017 4928 2596 5002 Stephanustabellio.

2016 5021 2332 5078 Dominicus
2363 5018 2608 5084 tabellio,
2639 5014 3007 5088 Appollinaris
3035 5009 3274 5075 tabellio,

2019 5114 2239 5188 Sergius
2268 5109 2512 5174 tabellio,

2408 5203 2482 5253 De
2529 5200 2823 5253 cancellari
2828 5202 2872 5253 is
2904 5201 3102 5252 autem.

2021 5293 2206 5372 Vitalis
2228 5290 2591 5347 cancellarius

2025 5387 2283 5444 Martinus
2308 5379 2675 5437 cancellarius
2705 5388 2760 5434 et
2789 5396 3030 5435 sarsore.

2023 5481 2130 5535 Leo
2155 5473 2540 5533 cancellarius.

2025 5576 2210 5631 Sarius
2229 5573 2298 5628 de
2327 5570 2593 5625 Cisterno.

2025 5669 2341 5727 Dominicus
2389 5673 2444 5721 et
2497 5657 2808 5717 Bernardus
2863 5656 3192 5711 cancellarii
3251 5657 3321 5711 de
3373 5654 3566 5710 arbore

1953 5763 2242 5820 Gaudenti.
2266 5761 2358 5817 lsti
2393 5772 2588 5816 omnes
2607 5754 2674 5809 de
2701 5750 2922 5808 civitate
2943 5745 3252 5816 Ravenna.]
