3978 6214
448 314 557 370 959

1786 335 2056 391 JOANNIS
2098 339 2215 395 Xlll
2257 341 2445 397 ΡΑΡᾹΞ

3684 358 3802 415 960

522 436 597 491 De
627 438 1066 498 Ferraricnsibus
1116 454 1321 514 autem,
1355 451 1592 509 Joannes
1619 457 2063 531 archipresbyter
2091 468 2134 532 Λ
2164 464 2309 537 regis
2340 465 2619 523 abbatissa
2647 469 2897 538 ejusdem
2938 476 3282 544 monasterii,
3311 485 3366 534 et
3395 479 3653 536 subditas
3687 483 3796 538 tibi

450 534 654 583 sanctae
686 531 1047 588 Ferrariensis
1079 538 1352 595 Ecclesiae.

521 617 816 688 Lopicinus
850 624 1291 684 archidiaconus.

520 705 711 761 Petrus
775 710 1076 780 presbyter,
1150 716 1419 791 Georgius
1494 726 1803 795 presbyter,
1857 730 2061 787 Bonizo

451 796 758 867 presbyter,
826 807 881 853 et
935 802 1304 871 primicerius,
1367 810 1610 867 Joannes
1667 817 2058 875 archisubdia-

448 902 593 941 00m.

1112 970 1188 1022 De
1210 970 1366 1026 laicis

518 1070 624 1126 Leo
652 1072 722 1127 de
747 1076 964 1131 Andrea
990 1082 1201 1138 consul.

522 1162 757 1221 Refredo
797 1168 910 1223 filio
938 1172 1079 1239 ejus,
1114 1174 1222 1229 Leo
1253 1180 1467 1234 consul.

518 1254 813 1330 Gregorius
832 1261 899 1315 de
940 1263 1202 1334 Daniclis,
1251 1276 1305 1323 et
1349 1271 1489 1327 alius
1518 1273 1815 1348 Gregorius
1840 1280 2053 1346 consul,

448 1347 639 1404 Petrus
661 1354 854 1408 consul
885 1355 1029 1412 filius
1063 1360 1260 1417 Leonis
1297 1369 1561 1433 consulis,
1595 1371 1882 1426 Anselmus
1920 1390 2056 1429 con-

444 1438 527 1491 sul
558 1439 703 1494 filius
734 1443 1073 1511 Raimbaldo.
1110 1451 1311 1508 Paulus
1363 1459 1573 1523 consul,
1607 1461 1699 1531 qui
1730 1471 1955 1519 vocatur
1984 1466 2052 1519 de

448 1527 711 1597 Nastasia,
739 1533 980 1591 Joannes
1009 1543 1102 1611 qui
1131 1552 1356 1600 vocatur
1408 1549 1476 1603 de
1499 1550 1755 1607 Cristinia
1780 1572 1794 1618 ;
1827 1565 1882 1611 et
1912 1557 2053 1613 alio-

447 1632 561 1669 rum
599 1619 881 1677 hominum
912 1627 1225 1699 multitudo,
1251 1650 1482 1705 quorum
1514 1641 1739 1697 nomina
1759 1653 1908 1700 esset
1937 1646 2053 1703 lon-

442 1719 570 1773 gum
605 1706 672 1759 ad
705 1710 1079 1769 scribendum.

1219 1828 1274 1885 V.

445 1920 669 1963 JOANNIS
701 1928 849 1966 PAPE
898 1931 993 1970 XIII
1025 1934 1193 1974 BULLA
1231 1939 1298 1975 Αῐ)
1358 1942 1669 1986 GEIIBERGAM
1726 1951 2051 1995 ABBATISSAM

969 2005 1512 2052 GANDERSHEIMENSEI

1079 2085 1251 2151 (Anno
1276 2088 1426 2161 968.)

446 2163 998 2260 Aq‘qttpnelmajore
1034 2181 1083 2229 et
1110 2181 1338 2260 lminore
1376 2192 1616 2253 rogatus,
1670 2196 2054 2260 parthenonem

840 2235 894 2252 η,
1414 2235 1616 2253 την,
1670 2235 2053 2260 μηηυηυηιυ.

516 2235 1354 2335 Gtiudcrsheimensemntuendum
1375 2262 1603 2327 suscipit
1621 2268 1671 2316 et
1699 2266 1815 2333 ejus
1839 2283 2053 2335 posses-

512 2320 685 2361 seones
704 2326 941 2381 Jamque
967 2322 1265 2386 conﬁrmat.

588 2400 759 2470 [Apud
790 2403 980 2471 MANSI,
1017 2412 1239 2481 Concil.,
1274 2424 1403 2472 tom.
1435 2420 1617 2490 XVIII,
1648 2428 1753 2482 col.
1780 2429 1928 2502 529.]

510 2500 751 2560 J0man
780 2510 1097 2583 episcopus,
1138 2535 1329 2578 servus
1380 2543 1662 2585 servorum
1696 2535 1811 2601 Dei,
1843 2540 2051 2593 meritis

442 2595 495 2641 et
534 2594 820 2663 sanguinis
873 2600 1120 2659 claritate
1170 2612 1438 2679 rutilanti,
1479 2617 1859 2679 dilectissimae
1891 2629 2050 2681 nobis

444 2678 495 2731 in
531 2680 743 2740 Christo
761 2687 887 2743 lilia:
919 2692 1234 2765 ϐεκθεκθιε,
1266 2678 1570 2763 venerabili
1602 2712 1895 2771 abbatissae
1931 2734 2051 2773 mo-

442 2779 664 2831 nasterii
692 2791 1002 2841 sanctorum
1062 2796 1440 2856 conl'essorum
1495 2805 1801 2864 Innocentii
1829 2821 1883 2867 et
1907 2815 2050 2869 Ana-

441 2865 613 2929 stasii,
647 2872 791 2939 quod
825 2875 1215 2939 Gandersheim
1271 2902 1638 2961 nuncupatur,
1670 2906 2047 2971 atqueposte-

444 3047 821 3112 apostolicam.

515 3136 707 3235 Sipiis
760 3145 898 3199 votis
946 3165 1010 3204 ac
1066 3156 1319 3223 petitioni
1371 3177 1654 3223 assensum
1715 3175 2043 3245 przebemus,

441 3226 806 3327 omnipotenti
860 3236 971 3292 Deo
994 3256 1093 3295 nos
1125 3246 1341 3313 placere
1371 3256 1667 3313 credimus.
1704 3226 2048 3336 DuaprOpter

439 3329 709 3422 pmversis
737 3333 941 3381 sanctae
973 3332 1257 3391 catholicae
1307 3340 1563 3400 Ecclesia:
1593 3348 1740 3415 tiliis,
1768 3329 2046 3422 presenti-

438 3399 541 3455 bus
565 3409 618 3457 et
636 3404 852 3477 futuris,
882 3423 1068 3471 notum
1102 3437 1223 3477 esse
1265 3429 1517 3487 volumus
1560 3439 1707 3508 quod
1741 3399 1799 3494 in
1830 3445 2041 3513 synodo

583 3500 729 3567 apud
760 3518 958 3603 corpus
986 3510 1285 3572 beatissimi
1317 3522 1458 3578 Petri
1491 3500 2044 3606 apostolorum'prin-

435 3596 576 3681 cipis
602 3595 719 3641 acta
748 3599 830 3646 est
861 3594 917 3649 in
944 3614 1133 3656 mense
1165 3606 1505 3681 Decembris,
1524 3594 1579 3671 et
1611 3594 1911 3679 indictione
1940 3643 2042 3681 un-

434 3668 668 3772 decima,
701 3681 965 3739 amabiles
989 3688 1102 3745 Deo
1132 3708 1195 3748 ac
1223 3668 1534 3766 spirituales
1572 3704 1672 3761 filii
1704 3713 1897 3778 nostri,
1922 3713 2041 3770 Otto

437 3762 611 3830 major
634 3777 693 3881 et
722 3772 919 3842 minor,
975 3785 1342 3844 serenisssimi
1390 3793 1751 3866 imperatores
1790 3806 2040 3881 Augusti,

438 3862 625 3881 ...πυ-ιιι
654 3858 783 3881 ΖΑΔ-η
898 3877 905 3881 -
1023 3873 1032 3881 ·

436 3857 789 3955 apostolicam
820 3873 1205 3934 paternitatem
1270 3857 1508 3941 nostram
1564 3857 2039 3955 humiliterﬁgbse-y

436 3960 588 4047 crare
619 3950 827 4060 dignati
874 3972 1023 4027 sunt,
1079 3982 1262 4024 coram
1294 3976 1724 4055 archiepiscOpis
1753 3991 2041 4060 etepisco-

438 4038 546 4107 pis,
593 4040 847 4101 videlicet
891 4051 1092 4110 Italicis
1124 4067 1179 4114 et
1222 4038 1659 4140 nltramontanis,
1693 4038 1925 4136 numero
1954 4084 2050 4138 tri-

433 4130 585 4234 ginta
616 4141 669 4187 et
699 4152 815 4202 sex,
841 4151 1114 4210 quatenus
1144 4154 1426 4221 praefatum
1460 4171 1854 4226 monasterium
1908 4176 2051 4231 Gan-

423 5152 607 5208 neque
635 5157 710 5262 ei:
741 5147 970 5210 decimis
985 5165 1041 5214 et
1069 5169 1519 5233 possessionibus
1560 5147 1834 5250 ejusdem‘
1865 5194 2028 5262 quid-

423 5244 583 5262 ηηςπη
626 5233 670 5262 οε
718 5236 731 5262 :
768 5242 856 5262 -13.
923 5246 933 5257 ο

419 5244 585 5298 quam
626 5233 732 5290 sibi
765 5242 967 5316 aliquis
1028 5266 1278 5328 usurpet,
1312 5279 1421 5320 non
1469 5285 1585 5339 rex,
1616 5290 1727 5332 non
1758 5233 2024 5355 marchio,

419 5330 530 5355 nnn
563 5333 747 5355 onmno
805 5346 908 5355 *υ*
982 5354 988 5355 ί
1045 5340 1055 5350 ⁸

419 5330 533 5370 non
563 5333 768 5393 comes,
803 5346 912 5388 non
968 5340 1283 5416 episcOpus,

990 5564 1005 5587 ,
1038 5541 1092 5622 et
1123 5541 1226 5630 nec
1276 5541 1496 5596 nonnisi
1519 5552 1612 5602 tua
1637 5559 1694 5605 et
1731 5553 1870 5622 ejus,
1900 5575 2025 5630 quae

421 5599 522 5708 pio
553 5593 802 5689 tempore
832 5608 1099 5679 regularis
1155 5617 1341 5691 fuerit,
1391 5629 1685 5704 abbatissa,
1717 5593 2025 5708 sdbri’aqfi:

1252 5715 1321 5768 ad
1376 5717 1598 5782 laudem
1624 5733 2023 5804 omnipotentis

2076 1781 2129 1849 Β

2163 567 2379 608 sorores
2407 555 2476 609 ad
2515 557 2756 613 caelestis
2806 561 2997 631 patriae
3025 565 3231 637 gaudia
3279 569 3591 639 expetenda
3623 571 3795 626 insti-

2163 660 2291 715 gare
2319 646 2578 715 prudenti
2610 648 2929 721 magisterio
2987 669 3096 708 non
3162 663 3359 710 cesset.
3423 658 3505 715 Sit
3559 676 3794 732 semper

2162 734 2369 789 eisdem
2401 738 2681 792 sororibus
2730 738 2959 796 facultas
2982 743 3099 798 sive
3152 745 3376 803 licentia
3412 765 3477 804 ex
3532 750 3655 822 ipsa
3686 768 3795 808 sua

2162 824 2590 896 congregatione
2618 832 2743 896 post
2772 829 2985 885 obitum
3012 832 3302 890 abbatissae
3332 837 3494 892 aliam
3529 840 3638 894 sibi
3669 858 3795 896 ma-

2161 918 2320 975 trem,
2367 913 2673 967 secundum
2754 917 3001 991 regulam
3077 935 3254 989 suam,
3312 924 3674 992 substituere,
3736 936 3795 983 et

2159 1018 2324 1073 quam
2352 1003 2662 1078 digniorem
2698 1007 2939 1064 viderint
2992 1012 3109 1082 pari
3136 1013 3326 1070 animo
3356 1025 3412 1071 et
3450 1033 3735 1075 consensu
3773 1039 3789 1074 :

2160 1091 2398 1147 habeant
2435 1101 2764 1165 potestatem
2814 1099 3038 1174 eligere.
3112 1099 3518 1163 Confirmamus
3564 1124 3698 1166 vero
3732 1119 3793 1165 et

2158 1184 2583 1241 corroboramus
2612 1187 2716 1258 ipsi
2756 1197 2947 1246 sancto
2998 1196 3336 1252 monasterio
3364 1213 3564 1255 omnes
3593 1217 3684 1255 res
3729 1210 3790 1257 et

2158 1276 2540 1344 possessiones
2590 1278 2825 1335 mobiles
2850 1291 2905 1336 et
2956 1283 3294 1353 immobiles,
3327 1305 3466 1360 quas
3496 1308 3647 1347 nunc
3674 1293 3787 1347 ha-

2158 1366 2269 1431 bet,
2292 1376 2346 1421 et
2378 1368 2433 1421 in
2456 1376 2636 1434 antea,
2669 1371 2781 1427 Deo
2810 1374 3138 1443 opitulante,
3172 1377 3379 1433 habere
3437 1381 3605 1437 debet
3634 1399 3787 1454 quo-

2156 1455 2290 1509 libet
2314 1458 2438 1523 jure
2467 1458 2869 1529 acquisitionis,
2903 1461 2975 1515 ita
3013 1471 3073 1517 ut
3120 1466 3342 1521 amodo‘
3401 1474 3457 1522 et
3511 1485 3688 1540 usque
3722 1471 3786 1526 in

2155 1544 2319 1601 ﬁnem
2367 1548 2570 1603 saecula
2618 1549 2984 1624 [saeculorum]
3045 1554 3275 1611 licenter
3328 1573 3423 1613 eas
3469 1566 3657 1616 teneat
3718 1572 3785 1619 et

2154 1636 2457 1707 possideat,
2490 1641 2737 1695 omnium
2773 1643 3057 1699 hominum
3114 1648 3559 1707 contradictione
3590 1668 3782 1710 remo-

2153 1736 2224 1784 ta.
2254 1730 2310 1784 Si
2342 1732 2468 1803 quis
2497 1740 2682 1788 autem
2712 1742 2904 1791 contra
2936 1738 3100 1807 hujus
3131 1742 3301 1797 nostri
3334 1746 3627 1815 apostolici
3655 1748 3781 1819 pri-

2153 1823 2339 1899 vilegii
2399 1825 2625 1880 tutelam
2684 1844 2849 1901 agere
2904 1834 3214 1900 tentaverit,
3266 1844 3321 1890 et
3367 1851 3433 1891 ex
3466 1838 3554 1893 his
3598 1857 3785 1912 quaaa

2156 1913 2319 1967 nobis
2345 1914 2568 1970 decreta
2588 1925 2736 1984 sunt,
2770 1919 2955 1992 aliqua
2984 1930 3299 1993 pervertere
3332 1927 3557 1983 molitus
3583 1930 3779 1997 fuerit,

2155 2005 2303 2059 hunc
2335 2021 2460 2061 cum
2490 2008 2696 2064 auxilio
2758 2019 2963 2067 sanctae
3009 2021 3064 2068 et
3118 2014 3421 2072 individua!
3469 2018 3778 2090 Trinitatis,

2155 2100 2209 2146 et
2242 2093 2549 2149 interventu
2598 2096 2772 2152 beatae
2824 2099 3002 2156 Maria:
3059 2118 3281 2174 semper
3336 2105 3587 2182 virginis,
3645 2124 3774 2165 om-

2156 2185 2418 2256 niumque
2462 2195 2800 2255 sanctorum,
2827 2206 2891 2245 ex
2932 2194 3255 2250 auctoritate
3285 2196 3591 2254 beatissimi
3624 2200 3774 2257 Petri

2153 2274 2525 2342 apostolorum
2566 2276 2839 2348 principis
2870 2295 2994 2335 cum
3039 2298 3272 2338 assensu
3326 2289 3777 2357 comprovincia-

2153 2363 2284 2417 lium
2319 2364 2661 2433 pontificum,
2716 2375 2770 2423 et
2822 2372 3070 2425 omnium
3113 2373 3279 2442 hujus
3334 2386 3536 2433 nostra:
3567 2389 3776 2438 sanctae

2152 2457 2302 2511 sedis
2331 2458 2802 2534 suffraganeorum
2865 2466 3250 2538 episcoporum
3318 2476 3778 2532 excommunica-

2152 2565 2292 2615 mus,
2335 2557 2390 2604 et
2421 2568 2451 2604 a
2484 2551 2767 2607 liminibus
2798 2566 3001 2611 sanctae
3048 2559 3143 2613 Dei
3176 2560 3454 2628 Ecclesiae,
3487 2566 3777 2623 omnium-

2150 2656 2256 2709 que
2310 2640 2744 2699 Christianorum
2798 2649 3059 2705 societate
3111 2660 3433 2723 separantes
3467 2664 3774 2727 perpetua-

2153 2731 2276 2785 Iiter
2303 2735 2849 2791 anathematizamus.
3211 2809 3217 2815 ‘

2220 2820 2493 2890 Scriptum
2555 2841 2653 2893 per
2706 2842 2901 2880 manus
2943 2828 3208 2899 Stephani
3239 2835 3516 2891 soriniarii
3550 2846 3762 2894 sanctae

2153 2911 2407 2967 Romana
2440 2914 2715 2981 Ecclesiae,
2744 2918 2799 2971 in
2830 2934 3022 2975 mense
3053 2929 3107 2976 et
3139 2923 3445 2983 indictione
3477 2945 3646 2999 supra
3674 2930 3773 2985 di-

2147 3010 2233 3055 cta
2260 3003 2554 3057 undecima
2611 3006 2753 3059 Bene
2803 3008 2999 3064 valete.
3046 3011 3164 3067 Dat.
3224 3014 3617 3073 Kal.Januarii
3661 3036 3766 3091 per

2073 3101 2340 3166 Cmanus
2394 3091 2645 3147 Widonis
2696 3095 2947 3167 episcopi
2993 3107 3197 3155 sanctae
3257 3102 3431 3174 Sylvas
3502 3106 3771 3165 Candidze

2148 3181 2426 3247 Ecclesiae,
2456 3193 2510 3237 et
2538 3184 2944 3242 bibliothecarii
2982 3197 3187 3245 sanctae
3234 3193 3387 3249 sedis
3423 3200 3772 3267 apostolica,

2146 3289 2311 3338 anno,
2363 3274 2472 3329 Deo
2526 3277 2788 3347 propitio,
2857 3279 3210 3349 pontiﬁcatus
3267 3285 3478 3342 domini
3536 3289 3776 3347 Joannis

2146 3366 2343 3419 summi
2376 3366 2655 3435 pontiﬁcis
2708 3375 2763 3423 et
2810 3370 3139 3427 universalis
3170 3376 3313 3430 tertii
3367 3378 3573 3434 decimi
3615 3399 3775 3454 papae

2148 3451 2201 3504 in
2255 3455 2627 3511 sacratissima
2668 3458 2801 3511 sedc
2883 3458 3029 3514 beati
3082 3460 3226 3516 Petri
3279 3468 3516 3535 apostoli
3576 3451 3767 3538 tertio,

2146 3544 2539 3614 imperatoribu
2615 3549 2984 3605 serenissimis
3026 3551 3266 3609 dominis
3322 3555 3522 3613 Ottone
3552 3562 3769 3629 majore

2144 3644 2199 3692 et
2250 3638 2483 3693 minore.
2540 3642 2698 3696 Anno
2755 3643 2969 3714 imperii
3022 3646 3247 3714 majoris
3294 3657 3468 3716 sexto,
3528 3654 3770 3712 minoris

2144 3746 2274 3787 vero
2306 3733 2502 3803 primo.
2539 3735 2597 3789 In
2627 3751 2819 3791 mense
2852 3745 2906 3792 et
2929 3738 3233 3797 indictione
3261 3745 3560 3802 undecima

2909 3847 2994 3902 VI.

2139 3947 2361 3987 JOANNIS
2384 3949 2532 3988 PAPE
2560 3950 2654 3988 XIII
2696 3951 2863 3990 BULLA
2904 3952 3007 3991 PRO
3035 3954 3371 3998 MONASTERIO
3414 3959 3458 3999 S.
3504 3962 3765 4003 lAXIUINI

2782 4023 3090 4063 TREVIRENSI
3100 4047 3111 4060 .

2777 4100 2954 4168 (Anno
2982 4100 3130 4171 968.)

2437 4185 2611 4256 [Apud
2638 4187 2829 4253 MANSI,
2852 4190 2944 4244 ubi
2970 4205 3159 4259 supra,
3192 4193 3298 4248 col.
3326 4193 3472 4267 531.]

2062 4500 2117 4568 Ι)
2143 4485 2503 4555 apostolicam
2531 4487 2973 4546 benedictionem
2993 4500 3049 4547 et
3074 4493 3328 4550 salutem.

2210 4575 2470 4652 Congruit
2524 4582 2827 4651 apostolico
2885 4584 3271 4653 moderamini,
3340 4589 3433 4659 pia
3475 4591 3758 4665 religione

2139 4662 2481 4733 pollentibus
2530 4667 2798 4724 benevola
2841 4672 3226 4743 compassione
3280 4662 3633 4747 succurrere,
3708 4689 3763 4738 et

2137 4755 2479 4822 poscentium
2510 4756 2710 4811 animis
2746 4758 2909 4814 alacri
2961 4760 3257 4817 devotione
3311 4763 3602 4835 impartire
3664 4787 3755 4825 as-

2134 4858 2355 4899 sensum
2389 4863 2404 4909 ;
2434 4862 2499 4901 ex
2528 4847 2632 4903 hoc
2653 4848 2798 4903 enim
2828 4850 2967 4905 lucri
3024 4852 3370 4922 potissimum
3402 4872 3434 4910 a
3465 4858 3759 4917 conditore

2134 4933 2380 4988 omnium
2412 4936 2523 4989 Deo
2554 4936 2745 5006 procul
2768 4937 2939 4992 dubio
2978 4949 3387 5008 promerentur,
3420 4942 3554 4998 dum
3585 4961 3760 5002 vene-

2134 5026 2331 5082 rabilia
2365 5027 2484 5081 loca
2511 5035 2825 5098 Opportune
2854 5029 3110 5084 ordinata
3134 5031 3203 5085 ad
3231 5033 3520 5089 meliorem
3544 5035 3758 5094 fuerint

2130 5126 2331 5175 statum
2364 5121 2609 5176 reducta.
2647 5122 2816 5192 Igitur
2865 5123 2993 5193 quia
3028 5123 3359 5196 religiositas
3397 5134 3493 5182 tua
3522 5130 3663 5199 petit
3692 5139 3756 5188 ut

2131 5212 2465 5267 monasterio
2520 5220 2632 5277 tuo,
2703 5212 2851 5284 quod
2911 5213 2967 5268 in
3037 5214 3306 5272 suburbio
3345 5217 3660 5276 Trevirensi
3696 5223 3752 5278 in

2131 5300 2397 5355 honorem
2443 5300 2747 5357 beatissimi
2801 5301 3137 5358 confessoris
3193 5302 3393 5361 Christi
3460 5307 3743 5366 Maximini

2127 5393 2501 5442 constructum
2548 5405 2670 5444 esse
2729 5389 3097 5464 dignoscitur,
3158 5393 3230 5447 ob
3299 5399 3743 5455 conservandam

2125 5476 2225 5531 ﬁlii
2253 5484 2418 5549 atque
2448 5480 2707 5536 fratribus
2726 5482 2810 5536 vel
2841 5482 3252 5539 successoribus
3269 5487 3385 5542 suis
3416 5492 3742 5547 monasticae

2125 5566 2537 5637 tranquillitatis
2612 5585 2858 5624 normam
2913 5579 3118 5627 sanctae
3153 5575 3471 5643 apostolica
3520 5588 3746 5647 nostrae,

2122 5658 2211 5712 cui
2243 5663 2465 5713 auctore
2496 5660 2610 5716 Deo
2652 5662 3037 5732 praesidemus,
3101 5666 3358 5723 Ecclesiae
3387 5669 3745 5746 privilegium

2121 5747 2518 5815 concedamus,
2542 5756 2652 5806 tua:
2698 5753 2948 5823 petitioni
2988 5756 3263 5817 benevola
3314 5759 3630 5819 intentione
3654 5780 3746 5821 as-
