3978 6214
195 328 303 385 961

1472 333 1802 388 EPISTOL/E
1848 334 1923 387 ET
1962 333 2279 390 DECRETA.

3434 357 3540 412 962

198 478 430 516 sensum
480 460 895 515 accommodare
926 463 1257 527 curavimus,
1281 464 1647 518 decernentes
1690 480 1821 535 apo-
1850 465 2155 535 Aecclesia
2188 468 2245 521 Β.
2290 468 2429 523 Petri
2483 472 2751 544 principis
2799 477 3196 545 apostolorum,
3245 484 3541 540 assidenti-

200 551 413 604 stolicae
456 549 799 603 auctoritatis
859 560 1156 619 praecepto,
1208 560 1266 606 ut
1322 553 1676 625 congregatio
1710 554 1819 607 Deo

200 645 509 708 sanctoque
564 637 857 691 Maximino
918 638 1175 711 religiose
1227 640 1569 705 deserviens,
1600 640 1760 693 sicuti
1791 656 1821 693 a

204 726 537 781 charissimo
594 724 705 780 tilio
738 733 926 780 nostro
979 727 1194 792 Ottone,
1240 730 1567 799 czeterisque
1598 730 1823 803 regibus

208 818 640 888 imperatoribus
697 818 1022 872 Francorum
1091 836 1409 874 concessum
1459 830 1561 885 est,
1595 822 1820 874 liberam

206 908 476 977 deinceps
506 908 747 961 habeant
780 916 1108 978 potestatem
1155 910 1376 963 creandi
1420 910 1559 963 inter
1574 925 1632 963 se
1655 926 1821 980 quem

206 1002 516 1057 secundum
550 1002 719 1055 Deum
748 1001 853 1054 sibi
882 1001 1135 1055 abbatem
1188 1003 1475 1077 elegerint,
1511 1020 1613 1056 nec
1640 1003 1824 1073 aliqua

206 1096 510 1164 cujuslibet
530 1095 815 1166 dignitatis
844 1111 1077 1165 persona
1102 1096 1240 1150 infra
1267 1098 1681 1161 monasterium,
1716 1096 1821 1149 nisi

206 1205 238 1242 a
268 1194 321 1241 te
353 1187 529 1241 aliove
565 1186 764 1240 abbate
786 1202 1105 1241 successore
1136 1196 1229 1241 tuo
1260 1196 1505 1251 vocatus,
1553 1186 1822 1259 quidquid

209 1294 312 1349 pro
338 1294 440 1332 suo
486 1278 641 1332 libitu
697 1277 951 1333 ordinare
1006 1283 1089 1331 vel
1153 1286 1359 1333 temere
1391 1294 1649 1333 exercere
1681 1295 1825 1349 pra}-

208 1376 410 1420 sumat.
461 1366 727 1419 Praeterea
784 1366 1084 1435 apostolica
1116 1375 1299 1421 nostra
1339 1368 1663 1422 auctoritate
1695 1382 1822 1421 om-

212 1457 861 1512 nimodisinterdicimus
915 1474 983 1511 ne
1036 1458 1123 1511 cui
1169 1474 1410 1529 unquam
1462 1459 1713 1513 Ecclesia)
1745 1460 1828 1513 vel

209 1547 332 1602 sedi
365 1546 711 1611 concambio,
771 1548 854 1601 vel
903 1546 1009 1601 alio
1041 1548 1225 1618 aliquo
1276 1548 1498 1619 negotio
1540 1549 1828 1613 subdatur,

212 1640 311 1694 sed
348 1638 441 1693 tali
495 1638 748 1692 libertate
796 1645 849 1691 et
898 1638 1266 1703 immunitate,
1318 1640 1459 1694 sicut
1512 1640 1831 1693 Prumiense

1923 552 2025 607 bus
2061 557 2463 628 angustissimis
2498 560 2691 630 imper.
2726 563 3013 617 Ottonibus
3062 569 3351 639 utrisque;
3396 591 3539 630 anno

1922 641 2131 697 scilicet
2164 644 2401 715 imperii,
2423 648 2645 716 majoris
2666 661 2841 718 sexto,
2871 653 3101 708 minoris
3132 657 3328 725 primo,
3364 660 3531 716 iidem

1922 735 2302 807 gloriosissimi
2355 740 2523 811 impp.
2596 744 2941 813 postularunt
2976 763 3005 800 a
3050 748 3207 802 nobis
3265 762 3540 821 quatenus

1926 830 2315 883 monasterium
2356 834 2504 902 quod
2551 852 2649 905 pro
2696 837 2943 892 remedio
2974 839 3277 895 animarum
3315 861 3535 900 suarum

1927 921 2178 989 primitus
2205 926 2470 987 construi,
2511 935 2565 982 et
2604 928 2658 982 in
2700 930 2910 984 honore
2944 932 2997 985 Β.
3033 932 3261 989 Joannis
3288 953 3537 1011 evange-

1926 1007 2062 1063 listte
2093 1014 2401 1066 consecrari
2426 1013 2692 1083 fecerunt,
2724 1034 2891 1088 super
2925 1020 3098 1090 ripam
3134 1022 3399 1092 ﬂuminis,
3433 1007 3533 1081 icui

1926 1112 2127 1151 nomen
2170 1108 2251 1153 est
2282 1100 2454 1167 Albia,
2481 1104 2536 1156 in
2562 1104 2781 1160 civitate
2799 1106 3039 1175 Missina,
3072 1109 3177 1165 sita
3205 1111 3461 1168 videlicet
3482 1116 3537 1169 in

1926 1186 2207 1254 provincia
2237 1205 2359 1259 quae
2390 1190 2589 1246 dicitur
2616 1192 2956 1262 Talemense,
2991 1198 3077 1251 cui
3127 1199 3291 1253 etiam
3354 1218 3539 1258 mona-

1925 1278 2096 1332 sterio
2167 1280 2344 1334 virum
2402 1285 2798 1354 venerabilem,
2856 1290 3079 1344 nomine
3144 1291 3538 1365 Burcliardum,

1928 1369 2232 1425 honorifice
2284 1373 2669 1442 przefccerunt,
2712 1379 3015 1451 privilegiis
3040 1385 3358 1452 apostolicae
3393 1389 3541 1443 sedis

1933 1456 2288 1518 decoraretur
2320 1470 2413 1526 ;ut
2460 1464 2561 1517 sub
2596 1465 2983 1532 jurisdictione
3025 1480 3228 1525 sancta:
3290 1475 3545 1531 Ecclesiae

1935 1560 2157 1614 nostrze,
2199 1552 2287 1605 cui
2319 1554 2429 1607 Deo
2461 1563 2684 1611 auctore
2740 1560 3119 1627 praesidemus,
3162 1567 3544 1634 constitutum,

1935 1641 2141 1695 nullius
2185 1643 2410 1697 alterius
2482 1647 2735 1701 Ecclesia:
2812 1651 3116 1707 ditionibus
3171 1656 3543 1713 submittatur.

215 1730 620 1785 monasterium
668 1739 975 1801 cmteraque
1020 1730 1137 1785 loca
1183 1731 1406 1805 regalia,
1465 1730 1733 1786 inoffense
1780 1731 2034 1835 etBPro
2062 1749 2170 1803 qua
2220 1750 2275 1787 re
2325 1735 2430 1804 piis
2475 1736 2765 1792 desideriis
2816 1739 3061 1796 faventes
3082 1744 3181 1797 hac
3230 1757 3416 1800 nostra
3447 1764 3546 1802 au-

215 1819 616 1891 perpetualiter
640 1836 862 1890 semper
893 1820 1118 1875 fruatur.
1154 1823 1273 1891 Ipse
1318 1831 1498 1877 autem
1533 1823 1685 1877 locus
1709 1837 1826 1877 mo-

217 1907 445 1962 nasterii
479 1908 798 1977 perenniter
863 1908 966 1962 sub
1034 1909 1431 1965 mundiburdio
1490 1926 1682 1983 regum
1741 1910 1827 1963 vel

217 2000 614 2069 imperatorum
644 1998 904 2063 filiorum,
934 2002 1141 2055 scilicet
1169 2008 1373 2055 sanctae
1424 2002 1680 2056 Romana}
1728 2002 1828 2056 Ec—

210 2089 397 2143 clesiae
418 2096 691 2159 praecepto
746 2090 1047 2159 apostolico
1101 2091 1360 2157 jubemus
1412 2098 1469 2144 ut
1510 2101 1828 2161 permaneat

213 2178 352 2231 nulli
386 2194 627 2249 unquam
660 2193 910 2248 personae
942 2178 1345 2244 beneficiarius,
1380 2180 1828 2236 autinvadendus

214 2276 424 2339 pateat,
465 2269 563 2323 sed
612 2268 680 2323 ad
730 2285 863 2323 usus
908 2276 962 2323 et
1017 2270 1468 2340 tranquillitatem
1527 2272 1827 2327 monacho-

212 2377 331 2415 rum
380 2362 455 2415 ibi
511 2360 615 2415 sub
674 2362 858 2433 regula
901 2363 953 2414 S.
1005 2362 1286 2416 Benedicti
1316 2362 1425 2416 Deo
1475 2363 1827 2417 militantium

212 2452 423 2523 absque
478 2452 644 2506 ullius
697 2452 1131 2508 contradictione
1200 2453 1439 2507 libenter
1494 2462 1830 2523 permaneat.

217 2541 295 2594 Ad
346 2542 627 2595 cumulum
685 2557 908 2611 quoque
955 2542 1038 2596 vel
1093 2552 1448 2614 augmentum
1520 2545 1835 2599 monasticae

218 2630 639 2701 tranquillitatis
692 2631 1002 2698 adjicimus,
1068 2649 1137 2686 ne
1183 2649 1290 2704 qua
1327 2634 1621 2702 cujuslibet
1652 2635 1837 2708 digni-

217 2720 343 2775 tatis
392 2735 631 2790 persona
662 2719 962 2791 quidquam
1016 2722 1101 2775 vel
1156 2721 1443 2775 minimum
1474 2723 1713 2777 alienare
1742 2724 1828 2777 vel

218 2810 472 2863 minuere
504 2809 573 2863 de
605 2810 771 2863 rebus
800 2810 1049 2864 ecclesiae
1106 2820 1421 2880 praesumat,
1482 2820 1588 2866 tam
1649 2829 1714 2866 ex
1746 2812 1831 2866 his

214 2918 336 2971 quae
389 2901 555 2955 modo
580 2902 910 2956 monasterio
942 2911 1035 2956 tuo
1066 2902 1263 2957 collata
1292 2912 1442 2969 sunt,
1473 2920 1635 2975 quam
1668 2922 1734 2959 ex
1750 2904 1835 2957 his

216 3010 337 3064 qua:
370 2992 558 3047 czeteri
622 2994 815 3048 fideles
861 2995 915 3047 in
949 2994 1067 3047 dies
1115 2994 1363 3050 collaturi
1405 3006 1551 3051 sunt.
1610 2998 1665 3051 Si
1712 2998 1837 3069 quis

214 3090 421 3144 autem,
458 3083 601 3153 quod
635 3084 799 3149 absit,
861 3082 1070 3137 nefario
1133 3100 1265 3137 ausu
1324 3102 1661 3155 praésumere
1719 3087 1836 3141 haec

215 3194 337 3248 quae
366 3194 397 3230 a
426 3177 587 3230 nobis
626 3178 692 3230 ad
734 3177 949 3230 Iaudem
986 3178 1077 3230 Dei
1109 3179 1507 3248 omnipotentis
1540 3197 1638 3250 pro
1670 3181 1839 3235 stabi-

216 3268 367 3323 litate
403 3268 514 3335 jam
571 3268 701 3323 dicti
748 3269 1077 3323 venerabilis
1138 3271 1377 3324 eienobii
1434 3280 1637 3327 statuta
1692 3282 1839 3341 sunt,

217 3359 522 3430 infringere
574 3367 667 3413 aut
716 3359 769 3412 in
834 3362 1409 3431 quocumqueviolare
1449 3365 1741 3432 studuerit,
1776 3382 1841 3420 ex

218 3452 544 3507 auctoritate
596 3452 689 3505 Dei
737 3452 1137 3522 omnipotentis
1194 3470 1291 3524 per
1342 3455 1710 3511 interventum
1779 3458 1834 3512 B.

219 3541 361 3596 Petri
395 3541 768 3609 apostolorum
810 3541 1095 3611 principis,
1142 3545 1302 3610 cujus
1362 3545 1479 3599 vice
1539 3546 1837 3617 fungimur,

220 3643 273 3687 et
306 3633 524 3688 'nostrae
582 3633 940 3687 humanitatis
986 3634 1305 3703 apostolicae
1358 3637 1836 3696 constitutionem.

220 3734 273 3779 et
294 3740 582 3779 assensum
620 3725 868 3780 omnium
927 3728 1499 3796 comprovincialium,
1568 3730 1685 3784 sive
1716 3730 1839 3785 suf-

219 3812 601 3886 fraganeorum
632 3813 1016 3882 episcoporum
1039 3816 1416 3869 anathematis
1446 3816 1666 3871 vinculo
1690 3818 1840 3873 inex-

222 3902 546 3957 tricabiliter
579 3902 909 3957 innodamus

291 3990 567 4061 Scriptum
626 4008 724 4061 per
782 4008 976 4045 manus
1015 3993 1281 4064 Stephani
1314 3995 1585 4050 scriniarii
1634 4006 1839 4052 sanctze

225 4079 481 4134 Romanae
537 4080 811 4135 Ecclesiae.
856 4080 1075 4135 Lectum
1131 4083 1185 4136 in
1252 4086 1464 4153 synodo
1523 4086 1711 4141 Romae
1744 4088 1840 4141 ha-

226 4170 353 4237 bita,
394 4171 769 4225 assidentibus
795 4172 936 4227 divis
1004 4173 1428 4229 imperatoribus
1479 4176 1676 4232 Ottone
1731 4177 1841 4232 Ma-

229 4278 367 4334 gno,
416 4261 642 4332 filioque
697 4262 817 4329 ejus
864 4263 1167 4334 aequivoco.
1224 4281 1391 4332 anno,
1444 4266 1663 4336 imperii
1726 4285 1843 4323 ma-

220 4350 365 4417 joris
411 4358 589 4417 sexto,
632 4351 871 4421 junioris
922 4353 1118 4423 primo.
1163 4354 1357 4409 Datum
1414 4372 1466 4409 1v
1518 4356 1699 4411 Nonas
1750 4358 1842 4413 Ja-

228 4444 436 4499 nuarii.

976 4536 1085 4592 Vll.

230 4642 398 4681 BULLA
423 4643 641 4683 JOANNIS
685 4645 833 4683 ΡΑΡᾸΞ
880 4647 973 4684 XIII
1020 4646 1123 4686 PRO
1173 4648 1510 4691 MONASTERIO
1538 4653 1589 4692 Β.
1621 4652 1846 4693 JOANNIS

713 4717 1077 4757 EVANGELIST/E
1098 4720 1337 4759 MISNENSI
1350 4746 1361 4759 .

864 4794 1041 4862 (Anno
1068 4794 1217 4863 968.)

514 4899 689 4970 [Apud
719 4900 909 4969 MANSI,
934 4904 1030 4957 ubi
1053 4918 1245 4974 supra,
1277 4908 1382 4963 col.
1405 4908 1551 4979 532.]

297 5014 352 5068 Si
384 5030 609 5084 semper
668 5023 797 5071 sunt
828 5019 1185 5075 concedenda
1230 5038 1354 5093 quae
1408 5023 1518 5092 piis
1548 5024 1843 5081 desideriis

231 5110 562 5177 congruunt,
598 5111 802 5174 quanto
860 5107 1206 5176 potissimum
1257 5126 1378 5182 quae
1427 5113 1600 5168 divini
1663 5115 1843 5170 cultus

236 5192 601 5262 praerogativa
634 5201 955 5260 noscuntur,
988 5212 1097 5251 non
1146 5207 1272 5252 sunt
1301 5201 1529 5257 omnino
1570 5203 1849 5277 abrogan-

237 5278 342 5344 da;
374 5294 497 5349 quae
528 5287 657 5335 sunt
705 5299 735 5335 a
783 5282 1133 5355 largitoribus
1178 5302 1287 5342 non
1318 5290 1496 5344 solum
1546 5294 1849 5361 poscenda,

236 5369 332 5422 sed
362 5370 412 5423 vi
436 5370 717 5427 charitatis
768 5376 958 5444 procul
1013 5377 1181 5432 dubio
1239 5380 1510 5453 exigenda
1572 5382 1599 5435 ?
1660 5384 1849 5439 Habita

239 5458 402 5530 igitur
444 5464 656 5532 synodo
732 5472 786 5519 et
844 5468 1138 5524 multorum
1183 5474 1581 5530 vcnerahilium
1632 5477 1847 5532 Patrum

238 5548 805 5624 coepiscoporumque
860 5565 1175 5613 nostrorum
1247 5569 1545 5630 conventu,
1597 5565 1849 5621 Romaein

316 5711 393 5783 (4)
416 5711 548 5768 Vide
588 5714 812 5791 Ducang
838 5718 1010 5775 Gloss.
1048 5721 1101 5773 in
1124 5722 1566 5792 Onercoupunga.

1930 1824 2179 1878 ctoritate
2213 1824 2265 1878 id
2312 1827 2459 1897 quod
2524 1831 2838 1899 exposcitur
2894 1832 3111 1888 effectui
3165 1837 3545 1907 mancipamus

1931 1915 2347 1986 interponentes
2378 1926 2559 1974 tamen
2585 1938 2648 1976 ea
2679 1939 2802 1994 quae
2829 1925 3029 1995 etﬁipsi
3065 1927 3344 1999 principes
3372 1931 3542 1985 nostri

1931 2006 2238 2063 innumeris
2286 2012 2589 2086 privilegiis
2618 2016 2847 2084 cupiunt
2877 2020 3100 2089 exponi,
3150 2028 3203 2075 et
3248 2023 3457 2076 cunctis
3485 2024 3542 2077 in

1930 2098 2137 2155 Christo
2188 2102 2447 2157 fidelibus
2495 2106 2780 2161 manifesta
2834 2107 2971 2164 fieri.
3001 2112 3147 2165 More
3197 2115 3545 2184 antiquorum

1930 2187 2099 2258 impp.
2130 2190 2185 2242 hi
2208 2190 2317 2245 duo
2374 2192 2759 2262 imperatores,
2798 2204 2953 2266 pater
2986 2207 3044 2252 et
3072 2199 3236 2264 filius,
3273 2202 3430 2255 nobis
3456 2219 3549 2256 as-

1928 2282 2197 2346 sidentes,
2229 2284 2486 2339 Misnensi
2521 2288 2866 2358 episcopatui
2919 2292 3209 2345 terminum
3276 2294 3550 2363 imposue-

1931 2385 2079 2443 runt,
2112 2380 2447 2435 nominando
2492 2381 2631 2436 ﬁnes
2658 2391 2712 2437 et
2755 2385 3247 2442 determinationes
3278 2387 3547 2455 locorum,

1936 2469 2077 2523 sicut
2100 2470 2241 2524 infra
2272 2480 2511 2526 tenetur.
2555 2474 2652 2527 Ubi
2683 2483 2846 2544 caput
2877 2483 2929 2529 et
2956 2474 3078 2530 fons
3108 2484 3193 2531 est
3217 2493 3395 2547 aquae,
3420 2494 3545 2547 qua

1938 2563 2138 2618 dicitur
2153 2564 2359 2621 Odera:
2396 2566 2525 2621 inde
2571 2569 2725 2638 quasi
2777 2579 2925 2623 recta
2969 2571 3057 2623 via
3086 2587 3262 2641 usque
3289 2572 3356 2625 ad
3381 2578 3547 2641 caput

1938 2655 2146 2720 Albia};
2182 2657 2308 2709 inde
2341 2658 2597 2711 deorsum
2649 2660 2705 2713 in
2735 2661 3133 2715 occidentalem
3172 2669 3403 2732 partem,
3456 2663 3547 2716 ubi

1933 2742 2129 2797 divisio
2148 2745 2376 2797 duarum
2405 2746 2694 2817 regionum
2730 2756 2815 2802 est
2855 2749 3056 2803 Behem
3091 2757 3142 2804 et
3172 2750 3417 2805 Nisinen.
3453 2752 3557 2804 lbi-

1936 2832 2061 2885 dem
2091 2832 2234 2887 ultra
2262 2833 2497 2900 Albiam,
2544 2842 2597 2888 et
2654 2852 2753 2905 per
2812 2837 3002 2891 silvam
3038 2838 3092 2891 in
3154 2840 3552 2894 occidentalem

1939 2930 2172 2993 partem,
2219 2941 2392 2996 usque
2423 2926 2489 2979 ad
2517 2934 2679 2996 caput
2732 2928 2931 2995 Mildae,
2974 2938 3027 2983 et
3057 2930 3137 2984 sic
3177 2931 3429 2985 deorsum
3460 2947 3558 3000 per

1938 3014 2131 3069 ambas
2154 3016 2344 3088 plagas
2397 3018 2646 3085 ejusdem
2712 3019 2978 3085 fluminis,
3008 3038 3183 3093 usque
3233 3024 3362 3076 dum
3389 3022 3552 3076 Milda

1866 3136 1914 3204 η
1940 3104 2105 3158 intrat
2129 3105 2181 3157 in
2217 3105 2427 3159 Albiam
2462 3109 2587 3173 (nec
2635 3123 2742 3162 non
2784 3110 2855 3163 ob
2916 3111 3019 3164 hoc
3067 3111 3308 3165 diximus
3330 3112 3383 3164 in
3416 3111 3563 3165 occi-

1945 3196 2147 3250 dentali
2184 3199 2365 3271 plaga,
2396 3199 2522 3268 quia
2556 3202 2741 3255 multae
2782 3202 2923 3256 villae
2974 3205 3251 3273 pertinent
3282 3205 3350 3258 ad
3372 3205 3562 3258 orien-

1945 3285 2080 3337 tales
2100 3285 2267 3338 urbes
2300 3285 2440 3340 infra
2476 3288 2734 3341 eumdem
2776 3290 3121 3361 terminum),
3155 3302 3208 3346 et
3233 3292 3313 3346 sic
3338 3308 3558 3347 sursum

1942 3382 1995 3428 et
2016 3375 2154 3428 ultra
2187 3376 2529 3444 provinciam
2561 3378 2749 3447 Nizizi,
2774 3380 2839 3433 ad
2869 3380 3049 3451 ipsum
3102 3383 3393 3435 terminum
3441 3384 3563 3438 sine

1942 3466 2131 3521 dubio.
2162 3467 2271 3521 Nec
2308 3482 2421 3522 non
2453 3468 2506 3521 in
2538 3469 2707 3523 altera
2730 3479 2883 3540 parte
2912 3472 3113 3537 Luzici;
3162 3481 3217 3527 et
3248 3474 3475 3543 Selpoli,
3509 3485 3567 3531 et

1941 3562 2018 3615 sic
2044 3578 2217 3631 usque
2247 3562 2315 3615 ad
2359 3563 2633 3617 civitatem
2666 3564 2906 3635 Sulpize,
2954 3568 3101 3620 illam
3130 3568 3390 3623 videlicet
3414 3569 3555 3625 infra

1942 3657 2194 3710 eumdem
2232 3658 2549 3723 terminum,
2602 3666 2653 3713 et
2704 3660 2837 3715 inde
2880 3662 2935 3715 in
2965 3678 3160 3732 aquam
3208 3680 3330 3733 quae
3358 3664 3561 3719 dicitur

1942 3748 2135 3811 Odera,
2187 3757 2242 3802 et
2296 3749 2377 3803 sic
2417 3748 2593 3804 Odera
2642 3768 2882 3817 sursum,
2924 3769 3098 3823 usque
3132 3755 3197 3807 ad
3226 3762 3390 3825 caput
3412 3757 3559 3824 ejus.

1942 3836 2141 3890 Omnes
2183 3853 2313 3891 vero
2345 3838 2809 3908 quemadmodum
2844 3841 2896 3894 hi
2936 3852 3234 3911 praesentes
3256 3843 3560 3913 imperato-

1943 3941 2030 3979 res
2050 3925 2305 3979 statuisse
2335 3925 2593 3993 fatentur,
2626 3928 2720 3998 qui
2762 3929 2899 3982 intra
2932 3930 3092 3983 istum
3132 3931 3425 3985 terminum
3462 3934 3561 3989 ha-

1942 4013 2139 4079 bitant,
2171 4014 2225 4067 in
2253 4015 2402 4068 omni
2435 4014 2709 4070 fertilitate
2749 4024 2927 4083 teme,
2953 4016 3163 4091 frugum
3197 4021 3547 4089 etpecudum

1942 4106 1998 4159 in
2021 4114 2252 4179 argento
2286 4114 2339 4160 et
2391 4108 2746 4175 vestimento,
2780 4127 2882 4165 nec
2909 4127 3038 4175 non,
3089 4113 3237 4182 quod
3269 4111 3555 4168 Teutonici

1944 4196 2160 4262 dicunt,
2203 4197 2471 4252 Ubercota
2503 4199 2596 4268 (4),
2620 4206 2673 4252 et
2693 4199 2939 4273 Relunga
2970 4200 3303 4256 familiarum
3326 4202 3558 4272 insuper

1942 4298 2054 4347 tota
2078 4291 2334 4357 utilitate,
2373 4302 2428 4346 et
2454 4292 2510 4346 in
2555 4293 2816 4348 omnibus
2846 4295 3029 4360 rebus,
3055 4294 3259 4366 quibus
3303 4296 3563 4349 mortales

1942 4388 2186 4448 utuntur,
2218 4382 2274 4435 in
2316 4381 2549 4435 diversis
2588 4382 2770 4437 modis
2826 4383 3245 4447 decimationes,
3280 4400 3418 4454 quas
3449 4384 3563 4440 Deo

1859 4503 1919 4573 D
1947 4483 2142 4531 cuncta
2154 4476 2739 4550 gubernandidebent,
2765 4478 2833 4532 ad
2850 4478 3207 4533 Misinensem
3236 4478 3557 4542 Ecclesiam,

1949 4570 2124 4641 primo
2151 4570 2281 4635 Deo,
2316 4569 2517 4624 deinde
2546 4570 2601 4623 S.
2634 4570 2834 4625 Joanni
2884 4572 3257 4645 evangelista},
3300 4572 3561 4627 universa

1947 4658 2227 4714 dubietate
2284 4658 2475 4729 procul
2523 4668 2750 4724 remota,
2810 4660 3147 4729 persolvant,
3216 4660 3455 4715 referant
3509 4668 3563 4715 et

1947 4751 2200 4805 reddant.
2234 4750 2537 4820 (Testantur
2566 4750 2730 4804 etiam
2782 4751 2949 4805 iidem
2982 4758 3286 4821 praesentes
3316 4752 3558 4806 nobilis-

1946 4839 2071 4893 simi
2102 4840 2462 4910 imperatores
2489 4840 2753 4910 quasdam
2794 4857 2881 4895 res
2921 4841 3005 4895 sui
3033 4842 3176 4909 juris
3200 4857 3267 4896 ac
3296 4841 3559 4912 proprie-

1945 4936 2073 4990 tatis
2091 4936 2271 4991 eidem
2299 4944 2500 4993 sanctae
2532 4937 2812 4992 Misinensi
2845 4937 3117 5001 Ecclesiae,
3152 4938 3239 4992 cui
3261 4940 3553 4993 venerabi-

1945 5023 2012 5077 lis
2037 5025 2336 5096 episcOpus
2396 5027 2739 5081 Burcbardus
2782 5042 3018 5097 praeesse
3048 5026 3413 5099 dignoscitur,
3452 5045 3552 5098 pro

1945 5117 2195 5172 remedio
2247 5118 2549 5173 animarum
2601 5136 2821 5174 suarum
2877 5119 2937 5174 in
2992 5119 3272 5189 proprium
3313 5120 3554 5186 dedisse,

1951 5208 2055 5263 hoc
2080 5215 2165 5263 est
2190 5209 2521 5264 tributorum
2562 5226 2789 5266 suorum
2833 5211 2889 5266 in
2948 5211 3192 5283 quinque
3240 5210 3561 5283 regionibus

1951 5312 2133 5371 partes
2158 5302 2424 5369 decimas,
2450 5305 2506 5357 in
2536 5304 2884 5374 Talemence,
2908 5307 2963 5360 in
3002 5307 3145 5371 Nisa,
3185 5307 3242 5361 in
3273 5306 3558 5373 Milezane,

1951 5390 2005 5443 in
2038 5388 2250 5455 Luzice,
2284 5391 2339 5443 in
2358 5392 2591 5447 Diedesa
2624 5412 2637 5447 :
2668 5402 2729 5449 ut
2758 5402 3085 5467 anteaquam
3142 5411 3324 5451 comes
3348 5411 3565 5449 earum-

1951 5479 2075 5532 dem
2101 5478 2387 5549 regionum
2421 5489 2631 5549 partem
2666 5485 2772 5537 sibi
2824 5486 2893 5538 ab
2940 5485 3077 5555 ipsis
3128 5500 3443 5541 concessam
3465 5500 3563 5538 au—

1952 5568 2085 5623 ferat
2114 5576 2279 5639 atque
2300 5566 2614 5635 distribuat,
2648 5570 2897 5627 decimas
2936 5589 3038 5643 per
3068 5580 3243 5631 totum
3266 5592 3328 5631 ac
3355 5590 3453 5646 per
3478 5574 3565 5628 in-
