3978 6214
161 351 262 404 965
1421 335 1755 391 EPISTOIJE
1797 335 1871 388 E'I‘
1910 333 2074 387 DECR
2087 333 2220 387 ETA.

3383 344 3487 396 966

1801 468 1850 534 Α
1879 478 1988 516 sus.
2026 461 2347 532 Quicunque
2378 477 2508 518 vero
2539 465 2799 534 praedicto
2831 475 3167 530 monasterio
3197 477 3252 531 in
3284 495 3491 554 augen-

1883 551 1969 604 dis
1996 551 2158 604 rebus
2193 551 2278 604 vel
2329 553 2593 626 religione
2625 556 2904 624 adjutores
2948 563 3277 632 exstiterint,
3341 551 3496 626 (ibri-

1885 649 2027 694 stum
2061 639 2345 695 Dominum
2395 649 2447 695 et
2477 650 2719 698 sanctam
2765 647 2884 714 ejus
2940 648 3266 706 Genitricem
3327 665 3494 728 atque

1889 731 2079 786 beatos
2110 734 2480 803 apostolorum
2516 737 2795 806 principes
2822 738 3026 794 habere
3055 752 3375 799 mereantur
3395 747 3495 800 ad-

1883 821 2113 889 jutores.
2151 820 2196 874 Ε
2232 829 2426 876 contra
2464 834 2646 879 autem
2701 826 3017 899 quicunque
3076 834 3350 887 temerarii
3408 836 3492 890 vel

1893 909 2128 964 audaces
2157 913 2549 967 monasterium
2581 923 2674 969 aut
2717 916 2926 986 fratres,
2957 921 3073 975 sive
3100 923 3376 993 quaslibet
3409 942 3496 978 res

1893 999 1960 1053 ad
1989 1015 2083 1055 eos
2114 1001 2457 1071 pertinentes
2488 1003 2687 1059 laedere
2719 1015 2811 1061 aut
2843 1024 3109 1079 usurpare
3140 1029 3498 1085 praesumpse-

1895 1095 2025 1161 rint,
2059 1097 2183 1152 illos
2212 1115 2309 1169 per
2347 1102 2702 1171 apostolicam
2738 1111 3058 1174 potestatem
3089 1109 3248 1164 nobis
3289 1128 3388 1182 per
3411 1114 3498 1184 ip-

1895 1200 1987 1239 sos
2015 1201 2045 1239 a
2085 1186 2194 1240 Deo
2226 1203 2543 1243 concessam
2577 1191 2679 1244 sub
2709 1194 3074 1251 anathematis
3121 1199 3363 1267 vinculo,
3396 1203 3501 1257 nisi

1898 1277 2252 1347 resipuerint,
2295 1298 2470 1353 usque
2512 1284 2565 1337 in
2614 1285 2758 1340 diem
2791 1286 2986 1352 judicii
3019 1289 3348 1364 obligemus.
3386 1294 3499 1348 0b-

1897 1371 2245 1426 servantibus
2302 1373 2419 1427 hac
2457 1376 2631 1448 gratia
2670 1387 2724 1431 et
2773 1395 2871 1448 pax
2925 1380 3120 1437 Christi
3180 1385 3509 1456 multiplice-

1901 1468 2008 1524 tur,
2032 1468 2138 1515 etc.

905 469 1037 522 VIII.

234 581 457 620 JOANNIS
486 579 576 615 .\'Ill
611 576 956 615 PIIIVILI-ZGIEM
991 575 1090 610 PRO
1116 571 1447 609 MONASTERIO
1482 569 1702 620 DOLENSI

643 648 899 685 namessas
933 644 1309 682 nlrazmomsls.
1556 619 1566 631 ’

800 727 978 788 (Anno
1009 722 1151 778 968.7

349 819 563 873 Dolens:
596 817 919 870 monasterio
955 814 1298 881 privilegium
1349 809 1604 863 concedit.

249 911 424 982 [Apud
460 911 519 964 D.
554 910 808 970 Bououa'r
863 905 1093 968 Recucil,
1121 911 1253 958 tom.
1299 902 1383 965 IX,
1413 917 1536 975 pag.
1568 899 1712 969 236.]

245 1021 483 1074 Jossnes
517 1018 1028 1088 episc0pus'_servus
1058 1029 1337 1067 servorum
1373 1012 1487 1074 Dei,
1532 1011 1791 1084 religioso

180 1113 360 1166 abbati
395 1112 729 1165 Rmsmmuo
762 1108 1012 1162 Dolensis
1041 1106 1279 1161 cu-nobii
1323 1105 1376 1158 in
1423 1106 1635 1158 honore
1666 1119 1792 1157 san-

181 1211 278 1258 ctae
309 1202 593 1276 genitricis
643 1201 818 1254 Mariae
845 1207 899 1252 et
931 1200 1210 1251 beatorum
1243 1195 1615 1265 apostolorum
1650 1193 1791 1246 Petri

183 1301 235 1348 et
281 1292 430 1346 Pauli
457 1290 773 1354 constructi,
806 1290 1039 1358 ejusque
1069 1283 1484 1339 successoribus
1515 1283 1572 1336 in
1604 1297 1796 1352 perpe-

185 1393 357 1437 tuum.

259 1471 583 1542 Apostolicae
617 1466 978 1523 moderamini
1018 1465 1185 1518 totius
1218 1463 1796 1517 Erclesiaa—ecuracom-

189 1566 351 1620 missa
389 1571 492 1626 est,
524 1571 577 1615 et
617 1559 820 1612 idcirco
861 1555 1109 1627 quisquis
1161 1553 1346 1606 divina
1385 1550 1798 1620 dispensatione
1973 1552 2242 1623 Scriptum
2294 1571 2393 1626 per
2449 1573 2670 1612 manum
2733 1560 3002 1616 Theodori
3055 1566 3252 1620 notarii
3308 1576 3510 1623 sancta

192 1659 246 1710 in
276 1664 464 1710 sancta
493 1655 738 1707 Romana
761 1653 893 1703 sede
926 1649 1191 1710 succedit,
1217 1663 1445 1699 necesse
1484 1653 1568 1698 est
1600 1643 1801 1696 utubi-
1905 1641 2162 1696 Romanae
2219 1644 2490 1700 Ecclesiae.
2548 1647 2603 1701 in
2658 1664 2846 1704 mense
2887 1651 3154 1720 Januarii,
3209 1655 3512 1711 indictione

193 1761 409 1814 cunque
443 1742 708 1812 possibile
742 1739 924 1799 fuerit,
953 1737 1238 1790 utilitatem
1271 1734 1516 1802 ejusdem
1551 1731 1802 1786 Ecclesia
1831 1759 1882 1825 Β
1906 1734 2218 1789 undecima.

197 1840 470 1904 procuret.
493 1835 834 1898 QuaprOpter
857 1825 1246 1880 monasterium
1281 1823 1621 1892 praedictum,
1654 1821 1801 1891 quod

202 1925 348 1978 Ebbo
377 1924 480 1994 pia
512 1921 788 1975 memoriae
819 1918 1129 1985 aedificavit,
1161 1918 1233 1970 ita
1262 1925 1318 1970 ut
1347 1932 1377 1969 a
1396 1915 1804 1985 praedecessore

197 2021 380 2068 nostro
433 2029 530 2081 per
575 2009 956 2064 auctoritatem
990 2005 1264 2078 privilegii
1295 2004 1562 2058 sancitum
1595 2010 1700 2067 est,
1734 2002 1804 2054 li-

196 2106 388 2160 berum
415 2104 484 2158 ab
517 2102 667 2157 omni
693 2099 1068 2154 dominatione
1101 2099 1500 2168 cujuscumque
1533 2113 1805 2166 persona,

2671 1831 2752 1883 IX.

1903 1929 2124 1969 JOANNIS
2173 1931 2321 1970 ΡΑΡᾸΞ
2370 1917 2464 1971 XIII
2517 1935 2681 1972 BULLA
2722 1937 2790 1973 AD
2823 1937 3170 1977 ADALBERTL'M
3211 1940 3516 1980 MAGDEBUII-

2371 2005 2571 2043 GENSEM
2593 2007 3076 2048 ARCHIEI’ISCOPUM.

2535 2085 2713 2153 (Anno
2744 2087 2888 2153 968)

197 2209 288 2252 aut
343 2196 488 2268 regis
539 2193 795 2247 videlicet
845 2201 939 2246 aut
978 2191 1245 2260 episc0pi,
1289 2198 1380 2244 aut
1424 2191 1682 2257 filiorum,
1723 2189 1808 2243 vel

200 2289 451 2353 tiliarum,
485 2285 570 2340 vel
603 2284 1036 2355 prOpinquorum
1071 2282 1244 2351 ipsius
1278 2281 1518 2335 Ebbonis
1547 2297 1670 2334 esse
1711 2281 1812 2334 de-

200 2378 494 2441 cernimus,
523 2385 577 2428 ct
600 2390 687 2427 res
713 2389 907 2427 omnes
936 2388 1071 2442 quas
1098 2371 1183 2424 vel
1215 2387 1360 2424 nunc
1385 2371 1589 2424 habere
1615 2370 1810 2423 viden-

203 2482 288 2527 tur
333 2466 612 2530 monachi,
655 2465 742 2519 vel
799 2463 1063 2533 deinceps
1115 2463 1317 2515 ibidem
1360 2462 1570 2515 collata
1610 2461 1814 2515 fuerint

204 2563 320 2618 sine
380 2560 492 2614 ulla
550 2554 984 2612 contradictione
1065 2553 1407 2623 possideant.
1469 2551 1813 2606 Vodillonem

205 2665 424 2723 quoque
447 2648 630 2701 villam
653 2660 777 2699 cum
817 2643 930 2696 suis
960 2641 1324 2713 appendiciis,
1362 2657 1393 2695 a
1432 2640 1670 2694 Gerardo
1708 2656 1814 2694 no-

205 2743 296 2798 bili
329 2742 450 2796 viro
481 2740 756 2803 collatam,
798 2735 978 2789 eidem
1019 2735 1138 2788 loco
1182 2733 1437 2787 similiter
1464 2732 1704 2786 attribuo
1731 2733 1816 2786 vel

206 2839 489 2897 conﬁrmo.
525 2835 796 2904 Capellam
824 2832 988 2887 etiam
1019 2830 1194 2884 sancti
1225 2829 1500 2897 Germani,
1529 2827 1817 2882 ecclesiam

212 2947 430 3004 quoque
463 2936 666 2982 sancta
688 2925 888 2991 Maria,
922 2939 1023 2978 nec
1068 2938 1178 2977 non
1209 2921 1380 2975 sancti
1413 2921 1678 2992 Dionysii,
1707 2937 1822 2975 ma-
1925 2925 1991 2978 ad
2024 2925 2198 2980 Deum
2230 2927 2609 2982 conversionis
2651 2926 2877 2983 fundata
2930 2937 3078 2995 sunt,
3119 2930 3404 3004 privilegio
3439 2946 3539 2985 no-

209 3027 430 3082 suilium
462 3023 624 3077 etiam
654 3022 708 3074 in
730 3022 935 3075 honore
963 3018 1136 3072 sancti
1156 3015 1470 3082 Salvatoris,
1499 3022 1654 3086 prata
1676 3030 1822 3086 quo-
1927 3024 2053 3070 stra
2102 3017 2444 3072 auctoritatis
2490 3019 2772 3074 munimus
2825 3028 2880 3075 et
2919 3020 3262 3087 decoramus,
3318 3022 3422 3076 hoc
3475 3022 3541 3075 ad

211 3134 316 3188 que
345 3117 398 3168 in
435 3115 642 3168 honore
666 3111 838 3165 sancti
863 3108 1061 3173 Boniti,
1094 3107 1244 3161 oleas
1265 3105 1505 3176 denique
1537 3106 1592 3158 in
1615 3105 1824 3159 honore
1854 3125 1904 3194 Ο
1929 3118 2246 3180 provectum
2308 3117 2361 3164 et
2407 3112 2608 3166 divina
2668 3112 2952 3185 religionis
3007 3116 3213 3170 cultum
3269 3115 3547 3184 pertinere

1911 2177 2208 2250 Primatatm
2239 2177 2326 2229 illi
2355 2178 2493 2229 inter
2517 2181 2792 2232 mai-versos
2822 2179 3137 2244 Germaniae,
3161 2184 3437 2250 praesules,
3471 2190 3518 2237 et

1981 2248 2239 2315 aqualem
2270 2264 2386 2300 cum
2408 2251 2694 2316 pri-niurias
2724 2251 2915 2305 Gallia
2941 2248 3189 2307 honorarit
3219 2257 3513 2308 constituit.

2377 2355 2587 2425 (Massa,
2615 2359 2794 2412 Concil
2833 2358 3062 2427 XIX,5.]

1983 2467 2220 2523 Joannes
2247 2471 2560 2542 episcopus,
2590 2489 2779 2528 servus
2839 2489 3121 2528 servorum
3152 2474 3269 2539 Dei,
3321 2473 3526 2528 dilecto

1918 2557 2080 2612 nobis
2109 2557 2166 2611 in
2214 2558 2425 2615 Christo
2477 2561 2758 2630 confratri,
2808 2564 3150 2628 ADALBERTO,
3194 2563 3248 2616 S.
3298 2563 3524 2635 Magde-

1920 2649 2214 2720 burgensis
2245 2652 2498 2708 Ecclesia
2529 2655 2964 2726 archiepiscopo,
3009 2656 3063 2709 in
3105 2657 3334 2710 Domino
3360 2663 3527 2710 aeter-

1920 2754 2044 2792 nam
2078 2741 2335 2795 salutem.

1994 2832 2048 2885 Si
2081 2847 2145 2886 ea
2164 2833 2282 2889 loca
2306 2851 2427 2906 qua
2445 2835 2512 2889 ad
2540 2835 2769 2890 salutem
2794 2837 3029 2890 maxime
3058 2835 3243 2906 populi
3275 2845 3329 2890 et
3358 2837 3536 2910 gentis

213 3205 384 3260 sancti
417 3202 662 3272 Sulpitii,
707 3199 972 3269 capellam
1024 3195 1559 3262 nihilominusjuxta
1589 3201 1824 3247 castrum

212 3300 359 3354 Dolis
393 3315 423 3351 a
452 3296 762 3350 Britonibus
791 3300 1180 3357 constructam,
1215 3297 1337 3360 post
1369 3289 1583 3342 illorum
1616 3288 1827 3341 disces-

214 3406 333 3443 sum
376 3385 749 3441 attribuimus.
795 3382 1068 3452 Capellam
1105 3395 1344 3450 ,quoque
1385 3377 1566 3432 Sancti
1615 3376 1828 3430 Martini

219 3479 357 3534 infra
389 3477 856 3540 Castrumfortem,
888 3473 1050 3527 etiam
1085 3469 1370 3524 ecclesiam
1401 3468 1455 3521 in
1489 3482 1627 3540 pago
1655 3466 1832 3520 Picta-

217 3572 414 3635 viensi,
467 3569 671 3623 salinas
719 3581 941 3638 quoque
1001 3563 1055 3616 in
1109 3576 1250 3634 pago
1305 3559 1563 3623 Alnensi;
1613 3558 1832 3613 alodum

220 3661 386 3715 etiam
415 3656 761 3711 Lavariacum
793 3669 916 3708 cum
949 3651 1131 3706 Monte
1161 3650 1398 3714 Futario,
1426 3663 1551 3702 cum
1579 3646 1837 3701 omnibus

221 3751 388 3805 rebus
436 3763 574 3820 quas
602 3745 690 3801 vel
742 3759 889 3798 nunc
939 3742 1168 3807 habent,
1213 3740 1297 3796 vel
1360 3739 1626 3809 deinceps
1668 3738 1836 3792 iidem

219 3842 474 3899 monachi
514 3837 753 3894 habituri
797 3844 943 3902 sunt,
1002 3842 1061 3889 ut
1089 3835 1200 3904 jam
1232 3831 1494 3900 diximus,
1529 3831 1634 3885 sibi
1667 3830 1838 3901 perti-

222 3935 506 3998 nentibus,
538 3932 612 3986 ita
641 3929 748 3984 sibi
780 3927 1084 3990 vindicent,
1118 3934 1177 3980 ut
1207 3923 1414 3978 nullius
1443 3925 1672 3979 omnino
1705 3922 1841 3978 sub—

219 4028 499 4096 iiciantur,
542 4023 646 4078 nisi
669 4022 928 4076 Romanae
961 4018 1101 4084 sedi,
1125 4017 1266 4072 sicut
1298 4017 1351 4070 in
1375 4017 1637 4086 pradicto
1670 4024 1843 4071 testa-

227 4123 412 4174 mento
444 4113 657 4186 prafati
686 4110 930 4165 Ebbonis
974 4108 1305 4164 continetur.
1343 4107 1453 4162 Hoc
1473 4122 1604 4181 ergo
1637 4123 1739 4162 nos
1760 4107 1846 4160 in-

230 4221 469 4278 tuentes,
526 4208 748 4264 easdem
797 4221 907 4273 res,
967 4221 1090 4276 qua
1139 4203 1392 4277 legaliter
1442 4203 1845 4267 conceduntur,

231 4305 412 4360 eidem
444 4299 700 4356 coenobio
729 4315 826 4368 per
864 4304 1108 4351 nostram
1141 4293 1500 4364 apostolicam
1551 4295 1852 4349 auctorita-

230 4403 339 4451 tem
394 4391 804 4449 conﬁrmamus.
861 4387 1124 4441 Abbatem
1190 4400 1318 4440 vero
1371 4385 1739 4439 communiter
1794 4393 1849 4441 et

231 4484 559 4559 regulariter
631 4481 906 4536 viventem
973 4479 1092 4532 sine
1164 4477 1330 4532 ullius
1386 4477 1846 4542 contradictione,

235 4587 625 4645 quemcunque
656 4570 725 4624 de
774 4569 908 4640 ipsis
933 4567 1138 4622 saniori
1170 4565 1400 4621 consilio
1432 4564 1708 4635 eligerint,
1741 4565 1846 4620 sibi

235 4667 558 4740 praliciant.
585 4665 737 4730 Quod
759 4665 803 4718 si
826 4663 1026 4735 aliquis
1056 4678 1156 4733 per
1171 4677 1371 4715 munus
1391 4667 1484 4714 aut
1511 4675 1607 4729 per
1627 4661 1849 4715 inanem

235 4760 490 4831 gloriam,
541 4755 1044 4821 consentientibus,
1120 4753 1267 4824 quod
1323 4752 1483 4819 absit,
1543 4752 1850 4819 monachis,

240 4848 483 4917 irrepere
506 4845 816 4908 tentaverit,
853 4845 997 4898 hunc
1027 4843 1187 4898 talem
1212 4841 1382 4896 veluti
1414 4840 1586 4894 furem
1611 4851 1664 4894 et
1687 4841 1856 4895 latro-

240 4951 365 4989 nem
400 4951 497 5004 per
523 4934 880 5003 apostolicum
929 4932 1279 4986 interdictum
1336 4929 1726 4999 prohibemus;
1759 4929 1856 4982 sed

243 5032 312 5084 ab
356 5030 494 5100 ipsis
541 5029 812 5098 personis,
841 5027 1045 5098 quibus
1085 5027 1276 5080 beatus
1309 5025 1636 5079 Benedictus
1677 5024 1730 5077 in
1762 5024 1863 5079 hac

249 5140 306 5177 re
343 5128 671 5193 potestatem
731 5119 942 5184 tribuit,
984 5119 1146 5173 talem
1187 5117 1314 5190 eligi
1347 5117 1718 5186 praecipimus,
1769 5116 1862 5187 qui

255 5214 443 5269 domui
500 5213 591 5266 Dei
625 5214 766 5266 bene
801 5228 1037 5282 praeesse
1088 5211 1326 5274 studeat,
1369 5216 1442 5275 et,
1490 5209 1636 5263 sicut
1664 5208 1866 5263 dictum

252 5314 358 5370 est,
419 5305 782 5360 communiter
810 5304 974 5370 vivat,
1022 5311 1076 5358 et
1127 5302 1387 5357 fratribus
1430 5311 1592 5372 prout
1632 5301 1872 5372 potuerit

1874 4432 1929 4500 D

1931 3203 2083 3258 nullo
2115 3204 2278 3259 modo
2303 3205 2642 3259 dubitamus.
2680 3207 2849 3277 [gitur
2873 3208 3003 3278 quia
3035 3209 3223 3264 sedem
3267 3210 3550 3283 Magdeb.,

1929 3298 2016 3351 cui
2069 3299 2178 3353 Deo
2207 3311 2432 3354 auctore
2465 3300 2752 3370 praesides,
2796 3310 2986 3355 nostra
3027 3311 3357 3371 tuOrumque
3391 3317 3548 3355 com-

1932 3391 2350 3461 provincialium
2426 3391 2747 3446 auctoritate
2831 3391 3359 3461 archiepiscopalem
3429 3407 3551 3446 esse

1935 3479 2298 3545 decrevimus,
2342 3497 2506 3551 quem
2540 3481 2683 3535 inter
2713 3487 2937 3535 cateras
2971 3481 3239 3534 Ecclesias
3269 3482 3549 3548 ordinem,

1934 3568 2202 3641 vigorem,
2257 3570 2548 3639 primatum
2585 3579 2641 3624 et
2689 3569 3000 3640 aquitatem
3047 3568 3250 3624 habere
3277 3571 3332 3623 in
3369 3579 3558 3641 poste-

1938 3675 2056 3712 rum
2085 3658 2306 3722 debeat,
2341 3659 2655 3728 apostolicae
2691 3659 2838 3714 sedis
2861 3658 3154 3732 privilegio
3189 3659 3390 3713 muniri
3421 3676 3552 3713 san-

1939 3749 2132 3804 ximus.
2181 3751 2276 3805 Dei
2314 3752 2484 3822 igitur
2531 3750 2930 3822 omnipotentis
2972 3751 3322 3817 auctoritate,
3382 3757 3437 3805 et
3497 3752 3554 3806 Β.

1941 3838 2105 3907 Petri,
2159 3840 2531 3910 apostolorum
2571 3841 2856 3911 principis,
2905 3848 2958 3895 et
2997 3848 3203 3907 nostra,
3237 3850 3290 3895 te
3320 3849 3558 3912 tuosque

1941 3947 2290 3988 successores
2320 3932 2375 3985 in
2424 3939 2775 4003 perpetuum,
2809 3938 2865 3986 et
2904 3933 3200 3987 Ecclesiam
3230 3939 3376 3986 tuam
3436 3947 3562 3986 om-

1945 4023 2091 4077 nium
2114 4022 2470 4078 ecclesiarum
2485 4022 3032 4093 archiepiscoporum
3065 4030 3120 4078 et
3147 4022 3560 4093 episcOporum,

1947 4117 2039 4188 qui
2073 4116 2130 4170 in
2166 4115 2453 4170 Germania
2479 4123 2626 4183 sunt,
2655 4117 2894 4172 ordinati
2939 4117 2992 4170 in
3025 4117 3297 4184 sedendo,
3328 4117 3384 4170 in
3409 4116 3559 4186 judi-

1949 4205 2146 4276 cando,
2163 4206 2216 4260 in
2233 4203 2631 4272 confirmando,
2667 4206 2722 4259 in
2742 4205 3169 4272 subscribendo,
3196 4207 3252 4260 in
3269 4205 3560 4260 sententiis

1953 4299 2150 4354 dandis
2181 4297 2444 4369 omnique
2481 4299 2855 4355 ecclesiastico
2887 4298 3083 4354 ordine
3132 4299 3426 4368 primatum
3459 4298 3563 4353 ha-

1957 4388 2087 4443 bere
2116 4389 2382 4444 volumus.
2429 4388 2624 4443 Eorum
2655 4403 2786 4443 vero
2817 4387 2911 4458 qui
2954 4397 3084 4442 sunt
3114 4388 3171 4441 in
3196 4387 3386 4453 Gallia,
3431 4387 3566 4442 item

1956 4482 2355 4555 Mogonciens.,
2403 4481 2711 4536 Trevirens.
2743 4489 2798 4536 et
2840 4481 3150 4536 Coloniens.
3207 4481 3464 4537 Ecclesia
3511 4482 3568 4535 in

1952 4570 2211 4626 omnibus
2243 4586 2427 4642 parem
2458 4570 2719 4625 honorem
2773 4578 2828 4624 et
2856 4569 3094 4623 similem
3122 4570 3370 4642 vigorem
3426 4584 3570 4638 pra-

1952 4666 2093 4720 senti
2127 4667 2416 4740 privilegio
2466 4664 2873 4722 confirmamus.
2915 4663 3202 4730 Caeterum,
3261 4680 3413 4720 more
3463 4664 3575 4720 R0-

1956 4771 2133 4809 mana
2157 4755 2439 4822 Ecclesia,
2483 4754 2779 4810 Ecclesiam
2812 4763 2953 4808 tuam
3014 4753 3306 4808 duodecim
3339 4753 3571 4824 presby-

1960 4852 2125 4910 teros,
2167 4853 2220 4899 et
2249 4853 2459 4916 septem
2483 4845 2766 4911 diaconos,
2797 4850 2851 4899 et
2871 4842 3064 4916 viginti
3091 4848 3328 4913 quatuor
3353 4839 3572 4895 subdia-

1960 4947 2130 4986 conos
2181 4935 2510 4999 cardinales,
2553 4934 2645 5006 qui
2693 4932 2954 4988 sandaliis
3008 4941 3063 4987 et
3121 4930 3295 4985 lisinis
3349 4936 3576 4984 utantur

1964 5019 2170 5074 habere
2211 5022 2484 5076 volumus.
2518 5024 2694 5093 Super
2722 5023 2826 5076 hoc
2853 5036 2983 5077 vero
3015 5020 3207 5075 iisdem
3239 5019 3576 5089 presbyteris

1967 5120 2019 5167 et
2071 5111 2367 5165 abbatibus
2420 5113 2670 5167 ecclesiae
2721 5113 2903 5167 Sancti
2947 5111 3174 5167 Joannis
3221 5111 3478 5180 Baptista
3521 5110 3574 5164 in

1969 5202 2235 5258 suburbio
2295 5202 2544 5270 ejusdem
2594 5203 2830 5258 civitatis
2889 5210 3212 5259 constructa
3264 5201 3468 5256 tunicas
3497 5200 3577 5256 uti

1971 5290 2346 5348 concedimus.
2383 5288 2593 5352 Quibus
2619 5293 2867 5362 exceptis
2897 5303 2950 5347 et
2998 5291 3274 5362 episcopis
3308 5305 3476 5361 super
3505 5291 3582 5344 al-

258 5398 524 5466 prodesse
554 5397 730 5470 magis
755 5412 917 5467 quam
950 5411 1186 5466 praessc
1211 5394 1446 5448 studeat.
1477 5393 1871 5448 (.onstituimus

259 5493 424 5547 etiam
459 5493 637 5547 eidem
662 5493 913 5548 canobio
942 5492 1231 5546 ecclesiam
1261 5492 1442 5546 Sancti
1478 5491 1697 5546 Lusoris
1714 5506 1874 5562 quam

264 5584 434 5638 iidem
466 5584 721 5638 monachi
755 5584 881 5638 dato
908 5583 1084 5654 pretio
1111 5599 1141 5637 a
1171 5580 1344 5636 nobili
1376 5579 1492 5633 viro
1519 5579 1742 5633 Simone
1781 5594 1882 5648 per

268 5676 621 5749 chirographi
667 5682 1056 5729 testamentum
1111 5677 1599 5742 comparaverunt,
1648 5675 1708 5723 ut
1745 5668 1882 5722 nihil

271 5760 384 5821 illis
409 5763 650 5833 amplius
697 5763 1010 5834 requiratur
1050 5761 1155 5815 nisi
1189 5761 1382 5815 decem
1408 5757 1710 5815 solidorum
1743 5771 1882 5812 cen-

1975 5393 2090 5440 tare
2119 5383 2174 5436 in
2203 5382 2468 5436 honorem
2501 5381 2558 5432 B.
2582 5379 2814 5436 Mauritii
2843 5383 3156 5439 dedicatum
3189 5383 3408 5436 missam
3434 5381 3582 5436 cele-

1978 5475 2137 5529 brare
2167 5469 2368 5542 aliquis
2420 5467 2570 5522 nullo
2601 5468 2767 5523 modo
2819 5479 3135 5539 prasumat,
3186 5470 3334 5543 quod
3375 5484 3488 5525 non
3517 5469 3584 5523 ad

1981 5564 2315 5637 superbiam,
2335 5561 2430 5616 sed
2450 5560 2517 5614 ad
2541 5559 3009 5615 locisanctitatem
3027 5563 3256 5633 speciali
3281 5563 3590 5619 reverentia

1985 5657 2241 5732 prasenti
2271 5652 2557 5727 privilegio
2598 5650 2898 5718 munimus,
2952 5663 3008 5707 et
3057 5655 3406 5711 decoramus.
3455 5656 3594 5720 Qua-

1985 5758 2234 5823 prOpter,
2265 5747 2432 5804 frater
2472 5741 2794 5810 fraterrime,
2845 5742 3258 5801 Dominicorum
3303 5746 3599 5803 salubriter
