3978 6214
441 325 543 382 967

1781 308 2049 365 JOANNIS
2090 308 2205 362 XIII
2247 308 2433 362 ΡΑΡᾹΞ

3677 320 3790 377 968

447 464 803 519 reminissens
852 455 1259 515 mandatorum,
1308 450 1383 504 ita
1412 450 1467 503 in
1522 447 1830 504 commissa
1878 448 2057 519 plebis
2083 454 2131 517 Α
2229 446 2284 499 Si
2326 462 2549 517 semper
2601 447 2957 504 concedenda
3001 458 3130 507 sunt
3185 466 3309 523 quae
3340 453 3447 524 piis
3486 454 3793 511 desideriis

446 554 714 627 regimine
736 548 1121 617 lucrandisque
1153 542 1441 598 animabus
1472 540 1717 615 invigila,
1749 547 1807 595 ut
1832 540 2063 596 Redem-

450 642 589 712 ptori
623 646 807 694 nostro
836 636 1071 691 fructum
1101 634 1261 689 bonae
1277 630 1635 702 operationis.
1670 630 1722 684 in
1751 644 1860 701 quo
1888 630 2058 686 laetari

447 733 644 804 possis,
670 729 946 785 exhibeas.

513 823 787 893 Scriptum
836 837 934 891 per
980 834 1201 873 manum
1249 815 1511 886 Stephani
1543 814 1816 869 scriniarii
1854 822 2057 873 sancta

441 915 592 971 sedis
619 914 955 984 apostolicae,
986 911 1040 965 in
1083 926 1272 965 mense
1302 906 1543 972 Octobri,
1578 905 1768 962 indict.
1802 923 1895 960 χιι.

727 1130 927 1167 ALTERA
958 1127 1186 1166 EJL'SDEI
1231 1127 1300 1165 AD
1334 1125 1556 1165 εωωιηι
1583 1124 1769 1162 ΒυιιΑ.

1027 1204 1200 1272 (Anno
1230 1200 1471 1269 eodem.)

447 1296 902 1351 Uomecrationem
926 1294 1293 1361 episcoporum
1317 1292 1557 1343 omnium
1586 1293 1728 1344 inter
1754 1290 1975 1344 Albium
2009 1293 2059 1343 et

514 1367 722 1432 Solam,
757 1368 954 1434 jusque
982 1364 1127 1432 polii
1152 1363 1239 1415 illi
1281 1366 1331 1416 et
1368 1363 1760 1417 successoribus
1791 1362 2004 1416 tribuit.

929 1450 1135 1521 [Massa
1158 1450 1353 1503 (.‘onct'l.
1388 1466 1476 1503 χιχ
1493 1448 1568 1518 5.]

509 1544 749 1599 Joannes
792 1542 1106 1612 episc0pus,
1141 1556 1333 1595 servus
1358 1555 1640 1595 servorum
1682 1539 1800 1607 Dei,
1843 1539 2055 1594 charis—

442 1637 583 1691 simo
606 1635 865 1691 confratri
899 1641 1084 1688 nostro
1116 1635 1455 1694 ADALBERTO,
1488 1644 1690 1686 sancta:
1720 1632 2052 1706 Magdebur-

439 1727 628 1801 gensis
684 1725 935 1780 Ecclesiae
994 1723 1393 1794 archiprmsuli,
1428 1722 1483 1776 in
1524 1722 1755 1777 Domino
1793 1730 2053 1778 aeternam
2081 1692 2128 1760 Β

442 1817 695 1871 salutem.

512 1912 591 1965 Ita
613 1919 687 1977 te,
718 1910 883 1965 frater
912 1908 1236 1965 charissime
1262 1915 1320 1962 et
1348 1907 1678 1978 coepiscOpe
1712 1915 1919 1977 noster,
1947 1908 2055 1963 vita

442 2018 735 2073 moresque
766 2002 842 2056 tui
878 2002 1142 2056 hactenus
1169 2000 1427 2054 idoneum
1461 2000 1770 2061 reddidere,
1804 2010 1862 2055 ut
1884 2001 2052 2055 multa

443 2093 542 2147 tibi
566 2094 816 2158 credere,
850 2093 1005 2163 plura
1030 2092 1193 2146 etiam
1225 2091 1589 2155 committere,
1626 2092 1767 2146 sicut
1790 2091 1935 2147 bono
1968 2092 2057 2145 di-

441 2189 771 2259 spensatori,
805 2203 915 2243 non
940 2187 1272 2241 haesitemus.
1306 2186 1479 2261 Igitur
1506 2186 1636 2257 quia
1674 2186 1741 2240 ad
1783 2188 2055 2257 pastorale

437 2285 656 2339 culmen
689 2284 867 2354 plebis
899 2290 1027 2349 tuae,
1061 2289 1115 2337 et
1144 2282 1687 2353 comprovincialium
1730 2289 1968 2349 tuorum,
1996 2291 2050 2337 et

436 2380 625 2427 nostra
678 2381 799 2442 post
847 2373 1013 2426 Deum
1049 2379 1101 2425 te
1152 2371 1446 2425 auctoritas
1495 2370 1789 2439 promovit,
1837 2381 1891 2425 et
1921 2371 2051 2441 quia

436 2472 583 2519 tanta
613 2466 924 2519 Sclavorum
950 2464 1108 2534 plebs
1133 2463 1271 2518 ultra
1302 2461 1500 2517 ﬂuvios
1530 2462 1735 2516 Albiam
1771 2472 1825 2517 et
1848 2463 2049 2529 Salam,

435 2557 648 2612 scilicet
672 2557 780 2611 Deo
812 2556 1025 2611 noviter
1046 2555 1334 2625 acquisita,
1367 2555 1556 2624 paucis
1587 2555 1901 2623 pastoribus
1938 2556 2048 2609 mi-

439 2649 587 2703 nime
620 2649 759 2704 tueri
793 2656 991 2719 potest,
1033 2648 1267 2718 qualiter
1310 2647 1590 2717 episcopis
1616 2656 1723 2701 tuae
1752 2647 1869 2702 sedi
1919 2647 2054 2701 sub-

434 2744 597 2811 jectis
652 2743 942 2813 parochias
976 2741 1378 2796 rationabiliter
1432 2748 1486 2795 et
1523 2750 1682 2796 caute
1738 2742 1951 2797 dividas
2000 2751 2054 2798 et

443 2830 765 2895 distribuas,
800 2836 906 2884 tuae
936 2828 1371 2899 dispensationis
1396 2835 1451 2883 et
1475 2829 1827 2883 discretionis
1847 2830 2054 2884 exami-

437 2922 492 2975 ni
534 2921 859 2987 committo;
906 2928 959 2974 et
988 2922 1093 2974 hoc
1122 2919 1462 2973 serenissimi
1493 2919 1791 2988 spiritualis
1822 2920 1918 2975 ﬁlii
1948 2938 2054 2977 no-

438 3014 537 3067 stri
572 3009 920 3082 imperatoris
958 3007 1207 3081 Augusti,
1254 3008 1349 3077 qui
1381 3007 1628 3078 ejusdem
1662 3016 1766 3063 tua:
1797 3010 2051 3065 Ecclesiae

2163 543 2493 612 congruunt,
2523 545 2728 608 quanto
2783 539 2956 611 magis
2995 557 3059 595 ea
3105 557 3227 612 quae
3271 558 3367 613 pro
3397 544 3573 599 divini
3602 547 3792 602 cultus

2162 632 2472 713 constantia
2502 633 2782 702 pertinere
2814 644 3135 701 noscuntur,
3164 637 3486 694 omnimodo
3514 655 3627 694 non
3649 650 3789 697 sunt

2160 728 2430 799 neganda.
2485 728 2545 781 Et
2572 728 2698 783 ideo
2745 729 2881 783 sciat
2910 731 3155 785 omnium
3203 740 3508 788 vestrorum
3551 734 3787 790 bonitas

2158 823 2320 887 atque
2359 815 2630 871 industria
2668 817 2799 887 quia
2846 818 2932 872 vir
2972 818 3139 873 Deum
3173 819 3375 875 timens
3430 831 3487 875 et
3535 822 3786 892 inclytus

2158 922 2365 973 comes,
2417 908 2640 963 nomine
2672 908 2846 973 Oliba,
2894 910 3123 964 veniens
3161 919 3372 966 oratum
3423 912 3653 967 Romam
3709 913 3781 967 ad

2160 996 2599 1052 beatissimorum
2653 998 3024 1069 apostolorum
3072 1000 3217 1055 Petri
3245 1007 3300 1056 et
3331 1001 3481 1056 Pauli
3507 1002 3784 1057 sacratis-

2159 1086 2297 1140 sima
2340 1101 2592 1157 corpora,
2625 1088 2919 1159 postulavit
2966 1105 2997 1143 a
3044 1089 3207 1144 nobis
3258 1098 3318 1144 ut
3374 1090 3785 1146 monasterium

2159 1180 2308 1251 quod
2355 1188 2579 1237 vocatur
2619 1182 2831 1249 Arulas,
2887 1190 3260 1239 constructum
3318 1201 3349 1238 a
3381 1184 3551 1240 fratre
3576 1185 3666 1240 avi
3692 1187 3785 1240 sui

2159 1272 2227 1326 ad
2270 1273 2536 1328 honorem
2596 1274 2811 1329 Domini
2872 1282 2928 1329 et
2982 1291 3203 1346 semper
3253 1276 3485 1351 virginis
3542 1277 3788 1350 genitri-

2158 1364 2236 1419 cis
2268 1364 2467 1431 Mariaé,
2501 1367 2737 1437 positum
2767 1368 3037 1423 territorio
3064 1370 3355 1425 comitatus
3375 1371 3783 1426 Rossilionen-

2156 1455 2253 1521 sis,
2286 1456 2340 1510 in
2382 1456 2503 1512 loco
2536 1459 2629 1529 qui
2660 1458 2829 1512 Vallis
2884 1459 3071 1529 Asperi
3122 1469 3366 1527 vocatur,
3393 1461 3552 1530 juxta
3595 1461 3779 1532 ripam

2156 1546 2402 1602 ﬂuminis
2426 1548 2603 1616 Theti,
2625 1551 2772 1621 quod
2796 1551 3007 1626 vulgari
3049 1553 3258 1607 nomini
3282 1554 3445 1608 etiam
3479 1570 3779 1625 nuncupa-

2157 1642 2263 1702 tur,
2325 1637 2427 1691 sub
2479 1645 2743 1708 perpelua
2798 1638 3143 1695 immunitate
3189 1651 3501 1699 sanctorum
3549 1643 3776 1697 Patrum

2158 1745 2278 1783 cum
2308 1728 2632 1785 defensione
2663 1740 2865 1785 sanctae
2897 1740 3098 1787 nostrae
3128 1734 3279 1788 sedis
3303 1734 3623 1804 apostolicae
3657 1750 3783 1788 ma~

2159 1823 2399 1878 nendum
2429 1824 2875 1889 decerneremus,
2913 1844 3035 1881 cum
3066 1827 3325 1883 omnibus
3358 1828 3525 1882 rebus
3556 1836 3612 1882 et
3642 1843 3783 1898 pos-

2156 1915 2503 1969 sessionibus
2531 1916 2638 1970 sibi
2674 1917 3097 1987 pertinentibus.
3133 1918 3289 1973 Unde
3317 1917 3562 1973 inclinati
3591 1917 3785 1988 preci-

2158 2002 2260 2057 bus
2277 2003 2397 2071 ejus
2426 2004 2771 2070 humilitatis,
2809 2021 2906 2075 per
2947 2006 3089 2060 hanc
3120 2016 3362 2061 nostram
3409 2007 3777 2078 apostolicam

2157 2102 2211 2148 et
2260 2093 2633 2149 inviolabilem
2681 2096 3109 2165 praeceptionem
3145 2097 3438 2152 statuimus
3493 2097 3548 2151 id
3584 2098 3772 2168 ipsum

2158 2187 2252 2241 Dei
2284 2188 2574 2242 Genitricis
2611 2189 3007 2244 monasterium
3040 2207 3105 2244 ex
3140 2190 3355 2265 integro
3397 2207 3497 2262 pro
3528 2207 3631 2245 sua
3658 2198 3778 2245 sta-

2152 2275 2360 2331 bilitate
2385 2277 2777 2347 perpetualiter
2829 2277 2896 2332 ad
2939 2278 3207 2333 ditionem
3254 2286 3423 2351 atque
3473 2280 3773 2335 tuitionem

2153 2376 2355 2421 sancta:
2378 2368 2566 2421 matris
2584 2368 2835 2423 Ecclesiae
2862 2369 3081 2439 persisti
3110 2369 3337 2436 debere,
3379 2369 3778 2426 conﬁrmantes

2154 2457 2231 2511 illi
2256 2473 2455 2512 omnes
2485 2474 2572 2513 res
2598 2475 2735 2530 quas
2758 2459 2878 2529 jure
2900 2469 2954 2514 et
2985 2461 3384 2516 rationabiliter
3412 2461 3520 2515 sibi
3555 2478 3587 2515 a
3619 2463 3778 2533 prin-

2155 2548 2303 2619 cipio
2349 2549 2648 2620 pertinent,
2683 2557 2737 2605 et
2763 2566 2938 2622 usque
2970 2551 3023 2605 in
3077 2551 3240 2606 tinem
3272 2553 3453 2608 saaculi
3487 2555 3778 2624 pertinere

2155 2640 2381 2707 debent,
2412 2642 2469 2696 in
2499 2641 2675 2708 cellis,
2707 2643 2978 2707 ecclesiis,
3026 2644 3388 2709 ornamentis,
3433 2645 3609 2699 sacris
3632 2646 3782 2701 vasis

2153 2740 2208 2786 et
2229 2733 2605 2799 ustensilibus,
2638 2732 2693 2787 in
2706 2733 2875 2800 villis,
2902 2735 3064 2803 casis,
3084 2736 3278 2801 servis,
3297 2735 3534 2805 ancillis,
3562 2736 3784 2791 libertis

2154 2828 2208 2874 et
2237 2819 2575 2887 aﬂranticiis,
2599 2822 2779 2892 aquis,
2805 2839 2927 2877 cum
2961 2822 3095 2893 ipsis
3123 2839 3391 2893 aquarum
3440 2840 3505 2878 ex
3537 2831 3777 2895 utraque

2156 2919 2307 2982 parte
2336 2912 2576 2982 riparum
2628 2915 2955 2988 verdigariis
2974 2922 3030 2969 et
3082 2915 3565 2983 eireumjacentiis,
3605 2915 3773 2970 terris

2153 3009 2207 3056 et
2233 3002 2528 3072 aquimolis
2556 3019 2678 3058 cum
2715 3005 2828 3059 suis
2875 3004 3199 3075 caputaquis
3246 3012 3302 3060 et
3330 3004 3469 3075 ipsis
3496 3006 3770 3076 aquaedu-

438 3101 697 3156 fundator
740 3106 794 3153 et
833 3105 1023 3152 auctor
1066 3104 1167 3160 est,
1219 3112 1369 3160 cura,
1428 3096 1714 3169 diligentia
1753 3104 1806 3153 et
1837 3099 2051 3167 judicio
2075 3125 2123 3193 Ο
2150 3090 2331 3146 ctibus
2349 3108 2413 3146 ac
2441 3091 2688 3161 piscariis
2710 3093 3079 3164 omnibusque
3100 3092 3236 3148 locis
3265 3093 3428 3149 cultis
3448 3094 3770 3161 etincultis,

439 3192 578 3259 ﬁeri,
615 3208 713 3262 per
770 3190 1057 3262 praesentis
1107 3188 1380 3262 privilegii
1440 3189 1725 3244 munimen
1766 3199 1946 3246 statuo
1995 3200 2050 3247 et

437 3286 724 3344 confirmo.
784 3287 838 3341 Si
872 3301 1004 3358 ergo
1033 3284 1102 3340 ab
1154 3283 1456 3354 apostolica
1499 3283 1653 3347 sede,
1692 3285 1779 3339 cui
1812 3285 1920 3340 Deo
1959 3303 2051 3341 au-

437 3391 586 3437 ctore
618 3380 889 3451 praesideo
922 3379 1180 3435 Ecclesiae
1213 3386 1318 3433 tua:
1358 3394 1709 3443 concessum,
1745 3386 1803 3433 ut
1830 3381 1899 3434 ab
1929 3380 2049 3448 ejus

436 3473 745 3529 rectoribus
775 3472 1045 3543 episcopi,
1074 3470 1168 3542 qui
1216 3470 1360 3525 ultra
1384 3471 1595 3525 Albiam
1621 3478 1676 3526 et
1705 3471 1882 3526 Salam
1913 3487 2050 3527 con-

435 3563 632 3626 stituti,
665 3572 718 3616 et
746 3561 1117 3617 constituendi
1144 3568 1292 3625 sunt,
1326 3568 1448 3631 post
1478 3560 1673 3616 futuris
1705 3562 2051 3631 temporibus

437 3661 849 3718 consecrentur,
893 3660 948 3707 et
974 3652 1081 3722 ipsi
1128 3652 1377 3722 ejusdem
1412 3659 1521 3707 tuae
1552 3653 1764 3708 scilicet
1794 3652 2051 3707 Ecclesiae

437 3744 908 3814 archiepiSCOpus,
926 3744 1069 3798 sicut
1082 3758 1178 3814 pro
1195 3750 1443 3814 tempore
1458 3742 1682 3810 fuerint,
1702 3748 2050 3807 consecrent,

438 3838 533 3910 qui
564 3836 788 3908 pallium
836 3838 1142 3892 secundum
1187 3851 1397 3891 morem
1429 3837 1686 3891 Romanae
1727 3836 1981 3891 Ecclesiae
2023 3852 2055 3890 a

440 3936 625 3985 nostra
679 3930 813 3985 sede
844 3929 1133 3999 recipiant.
1186 3928 1363 3995 Unde,
1403 3927 1569 3982 frater
1588 3927 1932 3993 charissime,
1967 3928 2052 3982 di-

438 4018 732 4074 lectionem
768 4019 854 4089 [τη
887 4016 1262 4086 dilectionem]
1310 4023 1459 4072 tuam
1490 4016 1764 4072 admoneo
1786 4023 1841 4072 et
1884 4016 2048 4073 obte-

438 4117 573 4178 stor,
593 4117 652 4164 ut
677 4110 862 4163 animo
894 4109 971 4162 sis
990 4107 1281 4173 sollicitus,
1313 4124 1383 4162 ne
1412 4107 1620 4179 aliquid
1651 4106 1757 4161 sibi
1776 4108 2053 4163 commodi

439 4203 568 4257 dato
603 4208 696 4256 aut
724 4198 917 4274 gratia,
951 4198 1218 4270 quaelibet
1240 4198 1549 4269 supplicato
1582 4214 1941 4269 personarum
1995 4198 2050 4253 in

437 4292 607 4346 sacris
657 4287 947 4344 ordinibus
987 4288 1259 4354 vindices,
1297 4287 1396 4342 sed
1444 4288 1649 4371 ad'hoc
1686 4288 1927 4343 officium
1960 4287 2053 4342 ille

442 4384 793 4455 perducatur,
847 4396 1009 4453 quem
1063 4397 1278 4437 morum
1330 4381 1568 4455 gravitas
1620 4381 1971 4437 commendet
2000 4390 2129 4470 etD

439 4473 564 4528 vita:
596 4471 886 4542 praeterita:
913 4470 1076 4526 actio.
1120 4469 1350 4526 Oramus
1396 4476 1579 4524 autem
1611 4469 2049 4540 omnipotentem

442 4565 613 4620 Deum
646 4570 705 4620 ut
733 4580 831 4618 sua
859 4570 910 4617 te
950 4562 1257 4618 munitione
1286 4561 1641 4635 circumagat,
1680 4568 1735 4616 et
1759 4562 2054 4618 sacerdotii

438 4664 754 4729 susceptum
788 4654 1029 4713 officium
1058 4654 1321 4726 operibus
1357 4654 1589 4725 implere
1619 4654 1906 4709 concedat.

509 4752 714 4807 Actum
747 4765 845 4821 per
869 4764 1067 4805 manus
1087 4746 1352 4818 Stephani
1381 4736 1654 4801 scriniarii
1676 4752 1731 4801 et
1752 4745 2053 4802 bibliothe-

435 4840 791 4898 cariisanctae
846 4838 1104 4894 Romanae
1145 4834 1406 4891 Ecclesiae
1460 4834 1517 4889 in
1567 4849 1761 4889 mense
1811 4833 2049 4904 Octobri,

436 4930 736 4986 indictione
775 4933 1037 4984 statutum
1069 4924 1416 4983 duodecima.

1203 5016 1289 5070 XI.

541 5124 763 5165 JOANNIS
792 5122 942 5163 ΡΛΡΒ
965 5124 1060 5162 χιιι
1089 5102 1431 5162 PBIVILEGIUM
1470 5120 1575 5162 PRO
1612 5121 1945 5164 IONASTERIO

1100 5195 1382 5234 ARULENSI.

1067 5270 1243 5341 (Anno
1273 5268 1419 5339 968.)

511 5361 686 5435 [Apud
713 5362 773 5418 D.
809 5362 1082 5429 Bouousr,
1112 5363 1336 5427 Recueil,
1368 5367 1500 5416 tom.
1536 5359 1621 5428 IX,
1655 5374 1780 5432 pag.
1806 5357 1959 5428 1178.]

505 5471 747 5527 Joannes
782 5470 1098 5540 episcopus,
1130 5486 1324 5527 servus
1361 5486 1644 5528 servorum
1672 5469 1790 5535 Dei,
1818 5468 2049 5524 univer-

431 5560 509 5615 sis
530 5558 726 5613 Christi
774 5558 1032 5616 ﬁdelibus
1086 5560 1458 5632 praesentibus
1481 5568 1537 5617 et
1564 5559 1784 5628 futuris,
1815 5558 2049 5615 salutem

437 5648 495 5700 in
527 5647 762 5703 Domino
794 5656 1138 5718 perpetuam.

2108 3170 2123 3190 ¹
2152 3190 2350 3237 etcum
2373 3184 2645 3238 universis
2666 3186 2879 3253 usibus,
2905 3186 3236 3252 redditibus,
3270 3202 3368 3241 seu
3381 3186 3770 3241 decimationi-

2150 3276 2255 3332 bus
2281 3286 2335 3333 et
2366 3278 2624 3333 tributis:
2668 3279 3080 3351 promulgantes
3106 3281 3269 3335 etiam
3321 3280 3440 3334 huic
3468 3280 3680 3341 omnia,
3723 3286 3779 3334 et

2150 3386 2496 3441 quaecunque
2548 3370 2801 3444 lcgaliter
2827 3371 2934 3426 dici
2965 3378 3018 3427 et
3070 3371 3344 3427 nominari
3395 3378 3647 3442 possunt,
3680 3386 3783 3443 per

2153 3461 2291 3519 fines
2319 3470 2373 3518 et
2400 3463 2664 3520 terminos
2701 3481 2830 3519 suos
2864 3465 3190 3521 inconcussa
3221 3472 3274 3520 et
3322 3465 3609 3520 indemnis
3666 3483 3783 3521 ma—

2153 3570 2284 3610 nere
2314 3556 2382 3610 ad
2438 3555 2742 3611 dominium
2791 3557 2964 3628 ipsius
2994 3556 3132 3611 sacri
3159 3557 3425 3623 coenobii,
3473 3565 3528 3613 et
3556 3558 3774 3614 utilita-

2153 3652 2262 3700 tem
2290 3645 2559 3721 regularis
2588 3645 2802 3699 abbatis
2841 3662 2939 3700 seu
2972 3647 3368 3702 monachorum
3401 3647 3609 3703 ibidem
3657 3649 3770 3705 Deo

2152 3735 2529 3791 servientium.
2556 3737 2783 3808 Quoquo
2810 3744 3057 3808 tempore
3079 3754 3428 3810 nequaquam
3456 3738 3682 3794 licentia
3702 3740 3775 3795 sit

2153 3826 2316 3881 alicui
2348 3827 2633 3898 episcopo,
2665 3827 2814 3893 duci,
2848 3828 3054 3893 comiti,
3088 3835 3181 3882 aut
3206 3828 3303 3882 ulli
3335 3828 3622 3883 hominum
3656 3846 3775 3885 ma-

2151 3931 2275 3988 gna
2305 3931 2595 3987 parvasque
2626 3931 2877 3987 personae
2907 3916 3115 3988 aliquid
3159 3917 3228 3971 de
3266 3916 3525 3972 omnibus
3559 3935 3686 3989 qus:
3717 3920 3766 3974 ei

2154 4010 2431 4080 pertinent
2459 4018 2513 4065 et
2542 4011 2597 4064 in
2652 4017 2813 4065 antea
2846 4011 3125 4081 pertinere
3164 4011 3386 4078 debent,
3424 4012 3640 4080 tollere,
3674 4024 3769 4069 aut

2153 4101 2425 4158 violenter
2452 4101 2760 4173 possidere,
2810 4102 2927 4157 sive
2956 4103 3012 4156 in
3067 4119 3342 4174 quoquam
3376 4103 3685 4159 molestiam
3715 4112 3769 4160 et

2154 4194 2600 4249 contrarietatem
2632 4192 2813 4249 facere
2847 4211 2862 4259 ;
2895 4194 2993 4249 sed
3013 4203 3210 4249 cuncta
3235 4194 3463 4251 mobilia
3491 4203 3547 4250 et
3574 4195 3768 4251 immo—

2152 4285 2287 4340 bilia
2324 4286 2655 4361 generaliter
2701 4293 2757 4341 et
2799 4286 3014 4359 integre
3042 4287 3191 4342 salva
3232 4303 3330 4343 seu
3382 4287 3596 4362 integra
3644 4305 3769 4359 per—

2153 4379 2348 4434 sistant
2378 4379 2445 4433 ad
2474 4394 2633 4433 usum
2665 4385 2721 4433 et
2753 4378 3159 4433 incrementum
3192 4378 3369 4449 ipsius
3398 4379 3537 4434 sacri
3572 4395 3768 4434 mona-

2154 4467 2305 4524 sterii
2333 4467 2438 4522 sub
2464 4466 2809 4537 protectione
2840 4474 3039 4522 nostra;
3092 4466 3240 4522 sedis
3269 4466 3586 4537 apostolicae
3632 4483 3765 4539 per-

2154 4557 2337 4629 petuis
2356 4555 2702 4628 temporibus
2727 4571 2758 4609 a
2789 4555 3047 4625 praesenti
3076 4554 3377 4611 indictione
3402 4556 3487 4610 12.
3524 4555 3767 4611 Dicimus

2154 4652 2321 4708 etiam
2346 4659 2405 4707 ut
2433 4650 2605 4706 abbas
2653 4651 2746 4722 qui
2790 4650 2997 4705 ibidem
3029 4665 3128 4721 pro
3166 4658 3417 4721 tempore
3470 4649 3657 4716 fuerit,
3697 4651 3763 4717 si,

2153 4744 2301 4816 quod
2328 4743 2491 4811 absit,
2523 4759 2555 4797 a
2585 4741 2823 4816 regulari
2851 4742 3135 4814 proposito
3166 4750 3222 4797 et
3245 4741 3592 4798 institutione
3616 4741 3765 4797 beati

2153 4831 2435 4887 Benedicti
2484 4829 2803 4897 deviaverit,
2845 4831 2962 4886 sive
3011 4846 3098 4886 res
3149 4829 3468 4886 monasterii
3516 4829 3763 4899 ejusdem

2153 4918 2496 4982 alienaverit,
2528 4917 2805 4974 licentiam
2834 4917 3037 4974 habeat
3063 4918 3359 4989 praedictus
3397 4932 3586 4973 comes
3612 4917 3767 4972 Oliba

2151 5011 2269 5068 sive
2297 5012 2383 5068 sui
2415 5010 2671 5067 eumdem
2699 5010 2953 5066 abbatem
2979 5010 3293 5081 expelleudi
3320 5009 3488 5076 foras,
3517 5016 3573 5064 et
3615 5010 3762 5080 quod

2151 5105 2221 5160 ab
2273 5119 2341 5160 eo
2380 5104 2683 5160 alienatum
2707 5102 2873 5159 fuerit
2893 5103 2962 5159 ad
2990 5103 3273 5175 proprium
3309 5102 3399 5173 jus
3443 5100 3762 5169 revocandi,

2153 5203 2208 5253 et
2259 5212 2359 5268 pro
2404 5196 2528 5267 ipso
2580 5196 2751 5252 alium
2792 5196 2903 5251 Deo
2954 5195 3184 5269 dignum
3242 5194 3498 5249 abbatem
3556 5195 3767 5250 consti-

2151 5288 2366 5354 tuendi,
2399 5288 2701 5358 approbata
2726 5287 2804 5342 rei
2833 5286 3081 5342 veritate.
3116 5285 3519 5342 Constituentes
3547 5290 3765 5357 aposto-

2153 5379 2257 5435 lica
2277 5395 2512 5436 censura
2530 5380 2632 5434 sub
2652 5378 2824 5436 divini
2851 5377 3047 5447 judieii
3102 5376 3474 5434 obtestatione
3502 5376 3621 5431 haec
3645 5390 3765 5446 quae

2152 5484 2183 5522 a
2213 5468 2376 5525 nobis
2406 5470 2628 5523 decreta
2651 5476 2782 5524 sunt
2807 5467 3089 5540 perpetuis
3116 5464 3763 5538 temporibusinviolabi-

2153 5559 2282 5615 liter
2311 5559 2380 5613 ab
2408 5558 2669 5614 omnibus
2706 5557 3073 5615 observanda.
3108 5557 3163 5613 Si
3211 5557 3338 5629 quis
3362 5564 3571 5624 autem,
3614 5557 3760 5629 quod

2154 5664 2265 5706 non
2291 5648 2591 5718 credimus,
2623 5649 2916 5707 temerario
2946 5663 3087 5705 ausu
3115 5640 3379 5706 adversus
3408 5648 3642 5719 hujusce
3662 5663 3765 5705 no-
