3978 6214
192 315 306 371 969

1425 305 1754 362 ΕΡΙδΤΟιΑε
1795 305 1871 359 ET
1912 303 2303 359 DIPI.OMATA.

3429 313 3534 366 9'70

190 452 321 497 stne
379 441 772 512 praeceptionis
830 440 1030 493 seriem
1059 437 1352 492 contraire‘
1385 435 1813 506 praesumpserit,
1840 446 1888 508 Α
1919 433 2166 500 pergitnr
2198 432 2265 484 ad
2300 432 2492 505 jugum
2534 432 2602 485 de
2633 432 2904 496 Cleirano,
2939 441 2993 485 et
3052 433 3161 488 itur
3191 437 3258 489 ad
3292 445 3534 492 montem

192 538 340 591 sciat
370 553 454 603 se,
487 537 591 592 nisi
619 536 930 604 resipuerit,
956 534 1166 601 judicio
1199 533 1291 584 Dei
1337 529 1733 600 omnipotentis
1764 536 1816 582 et

192 627 473 695 praedictae
503 641 726 694 semper
757 624 989 696 virginis
1017 622 1107 675 Dei
1137 621 1420 693 genitricis
1449 619 1652 682 Mariae,
1684 617 1814 670 bea-

193 714 644 783 tissimorumque
675 715 1050 782 apostolorum
1104 710 1246 763 I’etri
1301 709 1448 762 Pauli
1485 714 1537 760 et
1568 706 1814 760 omnium

193 807 589 874 episcoporum
626 811 936 873 nostraeque
967 800 1292 855 humilitatis
1323 798 1666 862 auctoritate,
1692 812 1815 849 cum

192 897 461 952 omnibus
517 897 702 966 impiis
757 903 1023 965 perpetuo
1057 893 1318 946 incendio
1349 903 1403 944 et
1441 887 1814 944 indissolubili

192 990 546 1042 anathemate
586 989 924 1040 damnatum.
982 988 1044 1038 At
1087 1000 1215 1038 vero
1269 985 1362 1054 qui
1416 982 1738 1036 observator
1763 986 1815 1032 et

191 1085 382 1131 custos
412 1077 532 1144 ejus
560 1077 612 1129 in
648 1084 760 1129 toto
801 1074 1092 1138 exstiterit,
1139 1073 1367 1145 gratiam
1415 1079 1470 1124 et
1501 1069 1816 1123 misericor-

192 1167 347 1219 dium
381 1183 410 1218 a
443 1165 650 1219 cmlesti
686 1182 813 1236 rege
846 1165 1110 1226 obtineat,
1145 1162 1504 1231 omniumque
1560 1165 1818 1229 peccato-

195 1272 318 1310 rum
351 1272 576 1310 suorum
630 1257 684 1310 in
743 1255 999 1326 praesenti
1058 1253 1458 1307 absolutionem
1517 1259 1571 1305 et
1618 1250 1672 1304 in
1724 1248 1815 1303 fu-

195 1355 321 1400 turo
353 1352 614 1399 zeternam
655 1344 884 1417 gloriam
945 1359 1068 1397 cum
1139 1340 1342 1394 sanctis
1371 1339 1584 1412 angelis
1613 1352 1815 1391 conse-

192 1446 415 1508 quatur.

267 1527 543 1595 Scriptum
610 1542 708 1595 per
758 1540 978 1578 manum
1043 1523 1239 1578 Leonis
1272 1521 1490 1587 notarii,
1520 1518 1820 1591 regionarii

193 1624 363 1687 atque
395 1617 665 1670 scriniarii
696 1616 846 1670 sedis
879 1614 1195 1685 apostolicae
1217 1615 1271 1666 in
1298 1628 1488 1666 mense
1513 1607 1820 1672 Decembri,

197 1709 506 1763 indictione
542 1709 623 1764 12.
663 1708 807 1762 Bene
835 1709 1030 1762 valete.

952 1838 1064 1891 XII.

192 1966 418 2005 JOANNIS
477 1967 623 2004 PAR-li
674 1967 765 2003 XIII
829 1965 1164 2003 I‘IIIVILI-ZGIU.“
1223 1964 1323 2000 PRO
1377 1958 1717 1999 MONASTERIO
1768 1959 1812 1994 S.

692 2036 972 2074 MICIIAEIJS
1007 2037 1070 2072 DI-l
1099 2035 1327 2072 ΟΟΧΛΝΟ.

826 2121 1001 2180 (Anno
1044 2119 1193 2182 968.)

454 2225 692 2296 (Mutat,
730 2228 923 2294 Papiri
967 2200 1346 2294 diplomafichi
1379 2223 1418 2287 I,
1453 2221 1563 2290 52.]

266 2356 510 2410 Joannes
540 2356 856 2426 episcopus,
913 2373 1102 2410 servus
1133 2372 1413 2410 servorum
1466 2354 1582 2418 Dei,
1617 2353 1818 2405 dilecto

199 2448 362 2502 nobis
391 2449 444 2502 in
471 2449 684 2502 Christo
716 2448 829 2501 lilio
863 2447 1118 2514 Wantao,
1162 2448 1422 2520 religioso
1462 2444 1646 2499 abbati
1678 2445 1813 2497 sacri

199 2539 527 2593 monasterii
562 2539 743 2592 Sancti
778 2539 1055 2594 Michaelis
1094 2538 1420 2611 Archangeli
1444 2545 1497 2592 et
1529 2533 1818 2589 BeatiGer—

198 2633 369 2697 mani,
405 2634 553 2703 quod
605 2633 766 2687 situm
799 2641 882 2688 est
914 2633 966 2686 in
1014 2633 1153 2687 valle
1187 2631 1499 2686 Confluenti
1537 2637 1592 2684 et
1619 2627 1817 2682 inloco

201 2727 293 2797 qui
359 2726 631 2789 Coxanus,
677 2743 738 2780 ac
788 2742 885 2796 per
933 2733 984 2780 te
1035 2725 1449 2781 successoribus
1499 2724 1605 2778 tuis
1668 2735 1821 2794 regu-

201 2817 416 2872 laribus
467 2816 762 2871 abbatibus
818 2817 1070 2885 ejusdem
1131 2817 1416 2870 monachis
1469 2813 1709 2869 coenobii
1765 2812 1819 2866 in

206 2914 534 2978 perpetuum
568 2908 924 2978 apostolicam
953 2907 1401 2962 benedictionem
1425 2914 1478 2960 et
1497 2905 1746 2976 gratiam.

275 2997 408 3050 Cum
443 3012 654 3069 magna:
688 2996 850 3050 nobis
887 2996 1276 3050 sollicitudinis
1325 3011 1456 3049 cura
1506 2993 1723 3048 insistat
1753 2993 1820 3046 ad

1916 525 2006 595 qui
2054 525 2253 578 dicitur
2284 526 2548 592 Lacarias,
2583 536 2636 580 et
2667 527 2746 581 sic
2771 527 2990 581 ducitur
3022 545 3119 598 per
3152 529 3330 599 ipsum
3358 548 3535 603 usque

1919 613 1973 666 in
2008 623 2247 667 montem
2277 615 2588 685 qnidicitur
2646 615 2956 688 Categonis,
2978 618 3249 671 etdeinde
3267 620 3334 672 ad
3365 622 3529 674 meri-

1917 705 2069 758 diem
2098 705 2451 759 descenditur
2480 723 2580 776 per
2611 707 2824 760 Serram
2857 725 3028 776 super
3060 709 3237 763 locum
3264 711 3356 780 qui
3391 712 3534 767 dici—

1919 803 2008 848 tur
2038 795 2314 862 Miliarias,
2349 804 2401 849 et
2433 797 2752 866 pervenitur
2793 799 2860 851 ad
2904 800 3128 853 Crucem
3149 817 3315 870 super
3345 803 3526 856 villam

1918 906 2039 959 qua:
2069 889 2454 944 diciturCurtis
2488 909 2499 942 :
2530 892 2730 944 deinde
2751 894 2997 946 tenditur
3025 911 3199 964 usque
3234 896 3299 948 ad
3337 913 3528 966 rupem

1917 978 2029 1031 sive
2063 978 2292 1032 Cherum
2327 978 2567 1044 Clarinti,
2600 990 2654 1034 et
2682 982 2896 1036 venitur
2927 999 3026 1052 per
3062 985 3430 1040 summitatem
3465 987 3532 1041 de

1919 1070 2078 1123 Serra
2111 1086 2283 1140 usque
2315 1071 2366 1123 in
2395 1071 2566 1124 rivum
2628 1071 2976 1138 Merdarium,
3019 1084 3072 1129 et
3099 1076 3315 1130 ducitur
3357 1094 3532 1148 usque

1923 1159 1975 1213 in
2006 1161 2232 1214 fluvium
2265 1161 2357 1231 qui
2391 1162 2588 1216 dicitur
2613 1163 2791 1231 Tecle,
2825 1175 2880 1219 et
2919 1182 2949 1218 a
2986 1177 3140 1236 parte
3218 1167 3395 1234 Circii,
3431 1171 3536 1223 hoc

1921 1255 2092 1309 estab
2151 1255 2479 1310 occidentali
2540 1256 2716 1311 fronte
2775 1259 2990 1312 venitur
3021 1260 3074 1312 in
3117 1268 3339 1315 stratam
3393 1263 3533 1316 viam

1922 1349 2197 1418 publicam
2228 1367 2393 1419 quam
2417 1351 2608 1404 dicunt
2628 1352 2765 1405 Duas
2791 1352 3038 1415 Sorores,
3056 1363 3109 1408 et
3133 1354 3536 1428 veniturusque

1927 1441 1978 1494 in
2012 1441 2321 1494 Literanum
2394 1458 2491 1511 per
2542 1443 2712 1512 ipsam
2746 1444 2885 1496 viam
2919 1444 3195 1514 publicam
3225 1451 3238 1500 ἑ
3273 1447 3476 1501 deinde
3506 1464 3537 1501 a

1927 1542 2078 1603 parte
2109 1534 2408 1604 aquilonali
2439 1536 2540 1589 sub
2558 1535 2756 1590 Sancto
2771 1537 2948 1591 Felice
2983 1539 3316 1607 tenditur,et
3349 1558 3538 1611 perve-

1926 1623 2070 1676 nitur
2100 1639 2273 1692 usque
2308 1623 2360 1676 in
2395 1623 2610 1677 alodem
2645 1623 2858 1679 Sancta)
2887 1626 3090 1683 Marias.
3127 1629 3259 1682 Item
3290 1629 3421 1682 alibi
3451 1647 3538 1684 ec-

1923 1717 2145 1770 elesiam
2177 1718 2360 1771 Sancti
2411 1717 2622 1771 Martini
2649 1735 2772 1773 cum
2821 1720 2950 1774 villa
2995 1721 3063 1775 de
3111 1721 3382 1788 Cleirano,
3411 1741 3536 1778 cum

1924 1810 2122 1864 finibus
2146 1818 2198 1865 et
2221 1811 2546 1878 adjacentiis
2573 1813 2708 1866 suis.
2733 1799 2866 1868 Item
2894 1815 3076 1869 villam
3102 1817 3388 1871 (lastellani
3411 1834 3532 1872 cum

1919 1903 2134 1956 duabus
2166 1901 2419 1956 ecclesiis
2450 1903 2524 1956 ibi
2556 1903 2817 1970 fundatis,
2865 1905 2967 1961 hoc
2995 1914 3078 1962 est
3103 1909 3275 1962 sancti
3307 1910 3534 1964 Andreae

1919 2001 1974 2046 et
2001 1993 2176 2046 beatze
2207 1992 2387 2045 Mariae
2417 2009 2638 2062 semper
2677 1995 2928 2067 virginis,
2959 2013 3081 2051 eum
3141 1999 3300 2053 alode
3329 2016 3450 2066 suo,
3481 2010 3535 2054 et

1921 2098 2042 2136 cum
2075 2081 2304 2136 decimis
2331 2091 2385 2135 et
2432 2081 2690 2150 primitiis
2719 2084 2856 2149 suis,
2891 2092 2945 2139 et
2985 2075 3106 2140 cum
3165 2087 3314 2141 omni
3337 2096 3532 2142 ornatu

1921 2187 2127 2225 earum.
2165 2172 2283 2240 Ipsa
2309 2172 2438 2224 villa
2469 2172 2645 2240 posita
2667 2181 2749 2227 est
2774 2174 2916 2228 inter
2947 2175 3163 2238 aftines,
3185 2177 3302 2232 sive
3335 2176 3534 2232 affron-

1919 2264 2172 2329 tationes,
2217 2263 2267 2316 id
2292 2273 2373 2316 est
2413 2279 2477 2320 ex
2519 2279 2628 2318 una
2691 2275 2845 2335 parte
2879 2267 3253 2324 interminium
3283 2271 3350 2325 de
3381 2270 3534 2324 Moli-

1919 2355 2031 2427 gio,
2060 2356 2144 2408 vel
2181 2356 2231 2408 in
2263 2355 2379 2425 ipsa
2412 2353 2722 2420 Petraficta,
2753 2365 2808 2412 et
2861 2376 2926 2414 ex
2965 2361 3071 2414 alia
3103 2370 3256 2430 pnite
3313 2362 3368 2414 in
3417 2361 3532 2432 ipsa

1919 2460 2040 2497 arca
2067 2445 2134 2498 de
2169 2444 2451 2507 Casalone.
2483 2459 2535 2504 et
2583 2448 2730 2502 vadit
2763 2464 2859 2518 per
2889 2447 3134 2513 Comam,
3187 2466 3294 2520 qua
3342 2451 3531 2519 pergi-

1920 2537 2004 2585 tur
2025 2533 2091 2586 ad
2149 2533 2351 2588 flumen
2404 2537 2544 2591 Tede
2579 2556 2593 2602 ;
2633 2539 2700 2592 de
2760 2537 2919 2592 tertia
2968 2545 3119 2608 parte
3161 2538 3326 2592 habet
3385 2539 3534 2608 ipsos

1920 2625 2130 2678 casales
2170 2627 2238 2680 de
2292 2627 2580 2701 Mengone.
2641 2631 2773 2684 Item
2805 2645 2836 2682 a
2881 2637 3072 2700 quarta
3129 2630 3422 2684 terminum
3463 2631 3533 2685 de

1923 2710 2104 2766 Canoa
2150 2714 2234 2766 vel
2280 2714 2588 2782 Petralicta,
2636 2725 2690 2771 et
2734 2717 2954 2771 venitur
3017 2734 3189 2788 usque
3221 2718 3276 2772 in
3326 2717 3532 2772 flumen

1921 2799 2085 2864 Tede,
2121 2811 2174 2855 et
2203 2803 2345 2858 ultra
2378 2805 2557 2874 ipsum
2589 2805 2793 2859 flumen
2823 2812 3090 2876 quantum
3123 2808 3342 2862 tenebat
3361 2808 3535 2862 Xeno-

1925 2890 2116 2946 fredus
2146 2909 2330 2948 comes
2362 2896 2414 2948 in
2440 2896 2532 2950 die
2562 2896 2747 2951 obitus
2807 2897 2916 2962 sui,
2939 2905 2993 2951 et
3022 2898 3204 2952 villam
3234 2897 3532 2966 Torrentis,

1926 2995 2049 3034 cum
2090 2981 2316 3047 finibus,
2349 2985 2599 3039 terminis
2631 2987 2744 3040 sive
2776 2985 3100 3054 adjacentiis
3124 2988 3259 3052 suis,
3281 2989 3418 3042 sicut
3437 3004 3538 3059 per

198 3087 541 3163 vigilandum
600 3103 699 3158 pro
747 3086 1020 3142 univorsis
1075 3086 1332 3141 Ecclesiig
1384 3086 1502 3151 Dei,
1535 3102 1605 3139 ne
1635 3084 1820 3155 aliqua
1845 3105 1894 3170 Ω
1921 3073 2248 3144 scripturam
2462 3078 2858 3134 monasterium
2913 3079 3116 3134 habere
3155 3078 3390 3134 videtur.

199 3193 390 3233 earum
437 3179 785 3232 necessitatis
825 3179 1092 3247 jacturam
1135 3179 1189 3231 in
1242 3188 1518 3249 posterum
1562 3175 1815 3246 patiatur,
1859 3168 1886 3170 '7
1921 3168 2023 3221 lam
2076 3168 2342 3242 Tarcfagii
2377 3186 2443 3223 ex
2502 3171 2736 3244 integro,
2794 3180 2847 3225 et
2888 3173 3108 3227 alodem
3153 3173 3220 3227 de
3291 3173 3536 3249 Moligio,

199 3270 428 3345 dignum
452 3269 707 3324 ducimus
736 3270 956 3340 pietatis
988 3269 1183 3324 intuitu
1217 3269 1335 3324 loca
1364 3269 1432 3322 ad
1465 3267 1819 3336 omnipoten-

197 3362 267 3416 tis
300 3361 396 3415 Dei
427 3362 695 3416 honorem
738 3359 882 3415 bene
925 3361 1178 3416 ordinata
1208 3360 1496 3431 apostolici
1545 3356 1818 3430 privilegii

199 3461 532 3510 auctoritate
573 3455 797 3520 muniri,
832 3463 887 3508 et
929 3471 1052 3508 cum
1079 3453 1339 3509 omnibus
1370 3469 1492 3526 quae
1524 3453 1589 3506 ad
1616 3468 1674 3506 se
1692 3467 1817 3521 per-

198 3545 380 3600 tinent
435 3543 602 3598 rebus
676 3544 1011 3600 confirmari.
1088 3545 1257 3618 Igitur
1322 3544 1452 3615 quia
1507 3542 1818 3596 interventu

199 3632 348 3688 Olive
385 3632 682 3687 laudabilis
707 3641 762 3688 et
789 3631 1065 3707 magnifici
1095 3633 1314 3687 comitis
1338 3630 1624 3702 postulasti
1665 3646 1695 3683 a
1726 3645 1820 3683 no-

201 3726 304 3792 bis,
341 3734 616 3796 quatenus
649 3723 1167 3780 reconfirmaremus
1198 3725 1297 3778 tibi
1346 3724 1566 3794 tuisque
1589 3737 1819 3778 succes-

199 3814 423 3870 soribus
453 3814 799 3889 regularibus
845 3813 1138 3868 abbatibus
1192 3811 1512 3883 praedictum
1544 3817 1824 3868 monaste-

202 3907 366 3972 rium,
395 3906 546 3977 quod
572 3923 704 3961 suus
724 3905 896 3961 frater
917 3906 1078 3961 bona;
1108 3905 1384 3960 memoria:
1429 3919 1616 3960 comes
1643 3904 1824 3959 Xeno-

204 3999 391 4056 fredus
420 4016 517 4071 pro
549 4016 736 4056 amore
761 4000 1006 4057 crelestis
1037 3999 1223 4070 patriae
1281 3998 1585 4065 renovavit,
1619 3997 1828 4054 dotavit

201 4097 253 4144 et
278 4089 452 4154 auxit,
487 4089 800 4162 aggregatis
818 4090 1104 4144 monachis
1131 4089 1197 4142 ad
1218 4088 1435 4142 laudem
1470 4092 1525 4142 et
1540 4085 1823 4142 servitium

201 4177 444 4233 cmlestis
473 4176 618 4250 regis
643 4184 697 4231 et
744 4177 1012 4232 honorem
1063 4176 1448 4246 praedictorum
1478 4183 1821 4240 sanctorum,

200 4265 461 4320 videlicet
483 4265 802 4336 archangeli
834 4265 1115 4320 Michaelis
1145 4272 1199 4319 et
1225 4263 1480 4319 Germani
1537 4261 1820 4318 confesso-

203 4350 296 4418 ris,
327 4351 578 4407 inclinati
597 4353 707 4408 tuis
730 4354 962 4424 ejusque
993 4354 1270 4425 precibus,
1305 4353 1359 4408 id
1391 4353 1567 4422 ipsum
1597 4368 1826 4406 venera-

202 4437 312 4494 bile
341 4441 739 4496 monasterium
791 4458 958 4512 super
1018 4443 1194 4514 ripam
1254 4441 1522 4497 Literanis
1571 4439 1820 4495 fluminis

204 4530 583 4596 constitutum,
634 4547 756 4586 cum
789 4531 1049 4586 omnibus
1081 4532 1288 4587 finibus
1317 4541 1371 4586 et
1405 4531 1654 4586 terminis
1683 4530 1819 4594 suis,

205 4623 576 4694 omnibusque
596 4624 764 4678 rebus
793 4625 1092 4680 mobilibus
1119 4633 1173 4679 et
1197 4624 1575 4680 immobilibus
1595 4639 1830 4698 genera-

205 4709 328 4765 liter
354 4721 409 4765 et
457 4712 510 4764 in
556 4712 832 4783 integrum
864 4712 969 4766 sibi
1003 4713 1435 4781 pertinentibus,
1484 4713 1552 4766 ad
1584 4728 1740 4766 usum
1774 4719 1829 4766 et

202 4799 540 4870 stipendium
597 4801 935 4873 regularium
976 4800 1205 4856 fratrum
1253 4801 1459 4856 ibidem
1507 4817 1655 4855 nunc
1699 4800 1829 4854 etin

205 4903 489 4964 posterum
535 4895 644 4949 Deo
681 4896 1035 4950 servientium
1069 4894 1542 4958 reconlirmamus,
1577 4895 1832 4950 corrobo-

205 5001 407 5051 ramus,
430 4993 484 5039 et
533 4987 791 5055 praesenti
844 4987 1185 5056 protectione
1209 4986 1311 5040 sub
1343 4988 1604 5041 continua
1629 4987 1829 5040 immu-

204 5075 368 5131 nitate
405 5076 740 5144 stabilimus,
791 5078 934 5132 sicut
968 5095 999 5132 a
1031 5078 1424 5132 decessoribus
1457 5077 1662 5133 nostris
1704 5093 1831 5131 san-

204 5165 462 5220 ctissimis
489 5165 847 5235 pontiﬁcibus
871 5176 1039 5239 atque
1064 5166 1546 5222 Christianissimis
1600 5167 1833 5220 Franco-

203 5271 320 5310 rum
344 5256 574 5330 regibus
600 5258 824 5312 videtur
851 5258 1238 5314 conﬁrmatum
1266 5274 1364 5313 seu
1389 5257 1829 5313 corroboratum.

208 5349 266 5404 In
294 5350 493 5421 primis
520 5351 706 5407 villam
747 5352 978 5408 Cotoleti
1023 5359 1077 5408 et
1114 5351 1298 5407 villam
1363 5350 1645 5415 Tauriani,
1707 5366 1830 5405 cum

207 5442 450 5497 ecclesia
482 5443 666 5498 Sancti
696 5444 980 5500 Fructuosi
1004 5452 1060 5500 et
1097 5443 1354 5500 omnibus
1387 5442 1556 5497 rebus
1582 5441 1686 5496 sibi
1711 5457 1837 5512 per-

206 5532 534 5590 tinentibus.
563 5536 699 5590 Item
723 5535 909 5590 villam
949 5551 1071 5608 quae
1115 5535 1316 5590 dicitur
1343 5534 1539 5598 Cortis,
1573 5540 1628 5586 et
1656 5531 1844 5587 omnia

210 5625 385 5693 posita
420 5624 564 5681 inter
587 5627 686 5682 hos
709 5625 908 5682 affines
939 5627 995 5681 in
1027 5625 1261 5681 circuitu
1297 5622 1648 5689 monasterii,
1680 5621 1733 5676 id
1758 5630 1842 5676 est

211 5713 276 5767 ab
299 5715 557 5774 orientali
588 5723 742 5787 parte
794 5716 924 5772 finis
957 5733 1057 5788 per
1114 5714 1484 5770 summitatem
1514 5711 1697 5773 Serre,
1731 5727 1840 5780 qua

547 5846 845 5907 Pyram“
899 5843 1232 5907 CXXXV.

1915 3257 2305 3327 quantumipsi
2358 3259 2693 3313 monasterio
2753 3260 3013 3330 pertinet.
3071 3261 3206 3315 Item
3268 3271 3536 3331 quantum

1920 3343 2154 3412 pertinet
2175 3344 2223 3396 ei
2256 3344 2496 3398 dealode
2519 3346 2590 3400 de
2617 3345 2903 3409 Moseddo,
2933 3355 2988 3402 et
3028 3356 3294 3418 quantum
3323 3349 3371 3402 ei
3404 3365 3534 3418 per-

1919 3435 2051 3489 tinet
2073 3434 2142 3488 de
2187 3434 2345 3488 alode
2386 3435 2456 3489 de
2512 3435 2832 3500 Arbuzolos,
2863 3444 2921 3491 et
2946 3437 3276 3502 Planizolos,
3311 3447 3364 3493 et
3392 3439 3540 3496 inter

1919 3524 2088 3588 rivos,
2117 3531 2172 3577 et
2229 3524 2282 3577 in
2335 3524 2463 3578 villa
2513 3525 2764 3591 Mosetto,
2795 3535 2849 3580 et
2911 3526 2966 3580 in
2997 3526 3127 3581 villa
3160 3526 3406 3600 Felgaria
3437 3545 3538 3599 per

1922 3611 2058 3667 fines
2078 3612 2410 3667 etterminos
2439 3627 2589 3668 suos.
2625 3615 2756 3668 Item
2799 3614 2850 3667 in
2902 3614 3042 3668 valle
3073 3614 3400 3670 Sauriniano
3432 3632 3533 3671 ec-

1922 3702 2142 3756 clesiam
2173 3702 2354 3756 Sancti
2404 3702 2680 3757 Michaelis
2717 3719 2840 3758 cum
2871 3703 3130 3758 omnibus
3173 3703 3338 3758 rebus
3377 3705 3443 3758 ad
3474 3721 3537 3760 se

1925 3789 2351 3860 pertinentibus.
2375 3791 2430 3844 In
2456 3790 2719 3846 comitatu
2751 3806 2991 3862 namque
3020 3791 3536 3848 Feniliorensicon-

1925 3885 2204 3940 firmamus
2259 3901 2456 3940 omnes
2513 3901 2600 3940 res
2639 3885 2744 3957 ipsi
2797 3885 3132 3941 monasterio
3164 3886 3535 3956 pertinentes,

1928 3978 1982 4032 in
2008 3977 2148 4033 valle
2177 3977 2486 4033 Conﬂuenti
2531 3994 2725 4034 omnes
2764 3995 2850 4033 res
2898 3978 3001 4032 sibi
3030 3977 3375 4049 pertinentes
3405 3994 3530 4032 cum

1928 4068 2131 4124 finibus
2161 4078 2215 4123 et
2243 4069 2493 4124 terminis
2540 4069 2675 4124 suis.
2739 4070 2871 4124 Item
2937 4069 2992 4123 in
3024 4069 3281 4125 comitatu
3338 4070 3536 4124 Sarda-

1927 4160 2106 4214 niensi
2140 4161 2265 4214 villa
2287 4161 2470 4226 Orutz,
2499 4177 2620 4215 eum
2652 4160 2797 4215 villis
2835 4168 2888 4214 et
2917 4161 3290 4216 villarunculis
3318 4161 3450 4222 suis,
3483 4165 3536 4215 ei

1925 4273 2046 4311 cum
2065 4257 2327 4312 omnibus
2357 4257 2679 4325 adjacentiis
2737 4272 2948 4323 earum,
2981 4265 3040 4312 et
3075 4257 3292 4312 alodem
3319 4257 3389 4312 de
3428 4257 3537 4310 An-

1924 4352 2102 4425 gulos,
2125 4367 2249 4406 cum
2281 4352 2403 4421 ipso
2435 4351 2700 4420 Mercato,
2728 4359 2783 4407 et
2813 4368 2936 4407 cum
2962 4349 3169 4406 finibus
3200 4361 3254 4406 et
3285 4352 3534 4407 terminis

1920 4447 2034 4501 suis
2067 4463 2080 4508 ;
2113 4446 2296 4500 villam
2331 4446 2586 4520 Laginam
2611 4463 2734 4501 cum
2767 4447 2999 4501 ecclesia
3024 4447 3209 4502 Sancti
3241 4445 3536 4512 Vincentii,

1922 4544 2118 4592 etcum
2148 4537 2353 4592 finibus
2406 4546 2461 4592 et
2507 4539 2757 4592 terminis
2813 4539 2971 4605 suis;
3005 4540 3190 4595 villam
3245 4538 3535 4610 Ballogarii

1929 4639 2050 4678 cum
2082 4625 2316 4680 ecclesia
2383 4626 2566 4681 Sancti
2623 4625 2863 4687 Thomze.
2907 4633 3104 4682 etcum
3134 4628 3275 4682 villis
3303 4627 3536 4682 etvilla-

1931 4713 2172 4768 runculis
2200 4714 2336 4779 suis,
2367 4724 2421 4768 et
2450 4731 2574 4768 cum
2604 4715 2864 4770 omnibus
2894 4716 3149 4772 terminis
3186 4716 3318 4779 suis,
3358 4726 3412 4770 et
3439 4717 3542 4770 vil-

1932 4804 2036 4856 lam
2089 4803 2282 4868 Laren,
2339 4803 2707 4871 Mazunculas,
2749 4813 2803 4859 et
2832 4804 3013 4870 Talax,
3047 4812 3102 4860 et
3140 4805 3386 4869 Ozenias,
3413 4821 3535 4859 cum

1931 4893 2165 4950 ecclesia
2195 4893 2380 4949 Sancti
2435 4894 2721 4963 Stephani,
2754 4902 2809 4949 et
2839 4895 3118 4950 Saltonem
3150 4912 3273 4951 cum
3305 4896 3542 4950 ecclesia

1931 4984 2113 5040 Sancti
2155 4984 2410 5050 Mauritii,
2437 4991 2489 5038 et
2519 4984 2835 5054 parochiam
2865 4985 3046 5040 Sancti
3088 4986 3232 5041 Petri
3263 4986 3332 5039 de
3363 4985 3544 5040 Infur-

1932 5083 2071 5142 cato,
2103 5085 2158 5131 et
2183 5074 2469 5129 ecclesiam
2519 5074 2814 5130 Salvatoris
2870 5076 2939 5130 de
2971 5077 3194 5147 Sponna
3215 5093 3339 5132 cum
3389 5077 3545 5132 deci-

1931 5165 2037 5220 mis
2066 5173 2121 5222 et
2145 5165 2402 5236 primitiis
2427 5164 2558 5230 suis,
2589 5171 2643 5218 et
2672 5165 2854 5220 villam
2888 5165 3144 5222 Vulcarca
3187 5184 3307 5222 cum
3339 5166 3544 5222 ﬁnibus

1933 5258 2069 5312 suis.
2104 5259 2435 5333 Aragolisam
2461 5258 2756 5312 cumalode
2779 5265 2832 5312 et
2856 5257 3088 5312 ecclesia
3114 5259 3296 5314 Sancti
3325 5258 3539 5314 Jacobi.

1939 5347 2127 5402 Buluir
2156 5364 2280 5402 cum
2311 5348 2545 5404 ecclesia
2596 5347 2806 5402 Sanctae
2862 5348 3106 5414 Caecilia),
3143 5356 3197 5403 et
3249 5365 3374 5403 cum
3425 5349 3544 5419 ipso

1945 5438 2096 5504 Poio,
2132 5439 2394 5508 parochia
2414 5439 2593 5494 Sancti
2621 5438 2842 5494 Thomae
2861 5454 2981 5510 quae
3013 5446 3096 5493 est
3119 5438 3176 5492 in
3203 5437 3545 5510 Ventegiola,

1944 5545 2069 5584 cum
2101 5529 2336 5585 decimis
2365 5539 2418 5586 et
2458 5531 2716 5601 primitiis
2762 5532 2897 5587 suis.
2932 5531 3064 5585 Item
3096 5545 3290 5586 omnes
3318 5546 3406 5584 res
3446 5527 3550 5599 ipsi

1946 5617 2283 5672 monasterio
2313 5618 2721 5687 pertinentesin
2754 5619 3016 5675 comitatu
3036 5617 3400 5685 Sardiniensi,
3428 5631 3549 5672 cum

1943 5707 2149 5762 finibus
2174 5708 2306 5774 suis,
2337 5715 2391 5759 et
2442 5708 2493 5760 in
2528 5710 2788 5763 comitatu
2846 5711 3168 5787 \‘ergad‘ano
3232 5712 3445 5770 alodem
3487 5708 3552 5762 de

3043 5850 3115 5911 31
