3978 6214
449 296 547 350 971

1780 294 2048 349 JOANNIS
2092 295 2206 350 XIII
2245 296 2452 351 PAPIE.

3682 307 3796 360 972

450 422 770 497 Spongiola,
804 430 859 477 et
885 428 1068 476 monte
1096 421 1280 495 Nigro,
1304 429 1358 475 et
1385 438 1581 477 omnes
1603 423 1793 478 alodes
1813 425 1918 495 ipsi
1949 440 2064 480 mo-
2092 432 2140 497 Α
2169 430 2317 502 quod
2344 446 2453 485 non
2481 430 2780 497 credimus,
2811 432 2941 486 huic
2996 439 3184 489 nostro
3228 434 3534 505 apostolico
3560 436 3795 507 privile»

450 511 692 565 nasterio
724 510 1085 581 pertinentes,
1132 516 1187 563 et
1242 509 1295 563 in
1344 510 1480 563 valle
1528 508 1851 566 Conﬁuente
1882 513 2065 567 villam

451 600 1213 665 Folionum,Setimdianum,
1273 600 1686 668 Cornelianum,
1746 603 2066 671 Vernetum,

448 692 769 757 Cirisacum,
802 691 1113 758 Arrianum,
1144 692 1344 765 Auger,
1376 693 1587 759 Ilenne,
1620 701 1675 748 et
1697 693 1751 747 in
1775 694 1900 748 villa
1930 696 2068 749 Evu-

452 783 520 848 lo,
554 782 782 847 Juliulo,
817 781 1128 851 Campilias.
1164 783 1480 849 Flazonum,
1523 786 1741 851 Saorra,
1775 781 2061 849 Foliolum,

446 870 808 937 Torrendum,
841 876 895 923 et
922 870 1137 937 Pinum,
1158 870 1557 937 Portinianum,
1587 881 1643 927 et
1662 872 2059 938 Mascaronem,

447 972 503 1017 et
528 978 724 1016 omnes
755 961 891 1016 alias
921 978 1010 1016 res
1047 963 1297 1030 ejusdem
1351 964 1685 1018 venerabilis
1740 966 2060 1020 monasterii

449 1056 659 1127 positas
691 1057 745 1111 in
777 1055 917 1110 valle
944 1055 1276 1113 Conﬁuenti.
1310 1059 1443 1113 Item
1498 1059 1552 1113 in
1604 1060 1866 1115 comitatu
1903 1060 2061 1114 Feni-

446 1145 704 1211 lionensi,
728 1145 1021 1200 ecclesiam
1049 1146 1259 1200 Sanctae
1318 1146 1502 1205 Crucis
1560 1163 1683 1202 cum
1730 1150 1980 1217 castello,
2011 1156 2063 1203 et

444 1234 705 1288 omnibus
750 1233 919 1288 rebus
965 1234 1033 1288 ad
1087 1250 1145 1289 se
1200 1234 1625 1305 pertinentibus.
1701 1237 1759 1291 In
1806 1239 2062 1294 comitatu

450 1328 843 1382 Rossilionensi
880 1335 935 1382 et
960 1328 1176 1383 alodem
1218 1330 1287 1383 de
1320 1330 1474 1385 Petra
1507 1331 1692 1397 calcis,
1742 1332 1924 1387 Sancti
1962 1334 2064 1387 Fe-

446 1416 586 1482 licis,
620 1416 907 1479 Miliarum,
945 1417 1148 1483 Insula,
1201 1417 1524 1483 Tunorium,
1565 1420 1761 1473 vallem
1817 1420 2059 1476 Ventuo-

445 1524 581 1571 sam,
617 1507 944 1567 Corvariam,
977 1507 1268 1579 Nitiagum,
1321 1507 1514 1561 Poium
1576 1508 1833 1576 Vuscani,
1882 1520 1937 1565 et
1969 1511 2057 1565 in-

446 1600 702 1653 terminio
727 1600 796 1653 de
828 1599 974 1653 Valle
1001 1599 1213 1668 Asperi,
1264 1606 1319 1653 et
1349 1600 1487 1653 valle
1519 1600 1849 1665 Continenti,
1879 1602 2057 1671 ipsum

2168 522 2282 593 gio,
2330 522 2383 575 in
2436 521 2623 593 aliquo
2663 524 2973 578 contrarius
3028 540 3152 579 esse
3207 527 3645 598 prasumpserit,
3677 528 3791 582 nisi

2170 629 2235 666 ex
2268 620 2379 668 toto
2412 614 2724 683 resipuerit,
2789 615 2926 669 sciat
2973 631 3033 669 se
3087 615 3463 685 maledictum,
3522 619 3794 689 reproba-

2170 708 2304 767 tum,
2364 709 2530 771 atque
2586 703 3129 768 anathematizatum,
3172 712 3227 758 et
3266 721 3298 759 a
3349 706 3619 761 societate
3649 705 3793 761 ﬁde-

2170 790 2300 844 lium
2321 790 2513 844 Christi
2546 798 2830 847 etsanctae
2862 792 2955 847 Dei
3011 793 3266 848 Ecclesiae
3330 801 3675 865 separatum,
3731 804 3793 849 et

2165 897 2288 936 cum
2316 882 2577 937 omnibus
2628 883 2813 954 impiis
2843 885 2964 939 sine
3014 882 3124 939 ﬁne
3144 884 3548 953 damnandum,
3568 893 3624 941 et
3657 902 3790 956 per-

2164 979 2328 1043 petuo
2348 974 2605 1029 incendio
2634 991 2756 1029 cum
2788 975 2928 1029 Juda
2968 975 3230 1031 traditore
3284 978 3789 1043 concremandum,

2163 1078 2227 1115 ex
2254 1062 2575 1117 auctoritate
2608 1063 2701 1117 Dei
2757 1063 3174 1134 omnipotentis,
3203 1071 3257 1119 et
3288 1064 3434 1121 beati
3468 1065 3615 1120 Petri
3647 1080 3793 1136 apo-

2166 1148 2429 1203 stolorum
2492 1148 2776 1220 principis,
2829 1157 3127 1222 nostroque
3184 1153 3493 1223 apostolico
3543 1152 3766 1222 judicio

2165 1240 2263 1304 Qui
2293 1256 2423 1295 vero
2455 1241 2569 1295 hzec
2625 1257 2747 1313 quae
2778 1258 2809 1296 a
2857 1242 3019 1297 nobis
3066 1242 3289 1298 decreta
3314 1251 3444 1300 sunt
3501 1245 3791 1300 custodire

2165 1340 2219 1385 et
2249 1332 2546 1406 diligenter
2569 1334 2862 1389 observare
2890 1336 3181 1405 studuerit,
3210 1337 3623 1394 benedictionis
3648 1356 3786 1411 gra--

2164 1422 2289 1476 tiam
2338 1440 2367 1478 a
2418 1424 2936 1482 misericordissiino
2995 1428 3228 1485 Domino
3286 1444 3385 1501 per
3441 1437 3687 1485 nostram
3719 1439 3781 1485 et

2160 1514 2408 1569 omnium
2457 1524 2769 1572 sanctorum
2834 1520 3298 1576 interventionem
3355 1520 3624 1592 consequi
3657 1536 3788 1576 me-

2162 1615 2364 1673 reatur,
2415 1616 2470 1661 et
2510 1609 2711 1680 gaudia
2764 1618 3044 1680 perpetuae
3099 1611 3460 1667 beatitudinis
3509 1612 3787 1686 angelicis

443 1691 657 1745 alodem
689 1691 758 1744 de
799 1689 947 1743 Valle
981 1705 1176 1760 magna
1196 1706 1318 1743 cum
1362 1687 1500 1743 fines
1548 1698 1603 1745 el
1637 1691 1902 1745 terminos
1930 1708 2058 1746 suos
2080 1736 2129 1805 Β
2153 1699 2377 1767 junctus
2398 1700 2711 1774 agminibus
2731 1702 3157 1759 valeatfeliciter
3181 1703 3455 1761 obtinere.

445 1786 537 1805 [μί-
572 1784 583 1805 \
616 1783 667 1805 Ι..
710 1782 959 1805 --...ῙΑ-ι--
996 1781 1377 1805 ηε-..1...-..-..,.ε
1414 1782 1495 1805 ,1-
1522 1782 1626 1805 1-..
1668 1783 1728 1805 .l-
1767 1783 2049 1805 n_‘.-___-
2234 1792 2261 1805 η
2334 1792 2343 1801 -
2394 1800 2403 1805 -
2966 1796 3013 1805 .-..
3100 1797 3111 1805 .
3216 1796 3226 1805 .
3336 1803 3342 1805 Α
3416 1797 3448 1805 ..

443 1784 583 1853 (εἰς.)
614 1783 672 1836 In
704 1782 961 1837 comitatu
996 1781 1378 1853 Bisulgunensi
1412 1782 1629 1836 alodem
1664 1783 1733 1837 de
1766 1783 2055 1839 Centenno

442 1888 564 1925 cum
594 1871 796 1925 ﬁnibus
848 1880 902 1924 et
941 1870 1190 1925 terminis
1240 1869 1377 1935 suis,
1410 1871 1492 1924 vel
1544 1870 1599 1923 in
1640 1871 1763 1925 aliis
1790 1872 1928 1927 locis
1959 1887 2059 1942 po-

440 1961 562 2014 sita.
598 1961 727 2015 Item
755 1961 807 2013 in
840 1959 1099 2015 comitatu
1166 1959 1473 2013 Ausonensi
1533 1959 1749 2015 alodem
1810 1960 1878 2014 de
1925 1959 2061 2014 Sali-

443 2048 684 2113 foras,et
709 2048 875 2102 alium
898 2048 1114 2103 alodem
1165 2046 1260 2119 qui
1309 2046 1410 2101 fuit
1441 2046 1701 2101 Oddonis.
1743 2047 1865 2102 Haec
1891 2047 2061 2121 igitur

442 2136 648 2199 omnia,
683 2152 804 2208 qua:
846 2135 987 2201 istis,
1043 2136 1159 2190 sive
1190 2136 1311 2190 aliis
1337 2136 1622 2191 vocabulis
1652 2146 2057 2207 nuncupantur,

441 2233 495 2280 et
512 2241 704 2281 omnes
733 2242 820 2279 res
866 2224 922 2279 in
981 2240 1313 2296 quocunque
1353 2225 1473 2280 loco
1532 2226 1759 2297 positas,
1794 2242 1918 2298 quae
1948 2226 2057 2280 dici

443 2325 497 2372 et
523 2317 795 2372 nominari
825 2323 1077 2387 possunt,
1107 2324 1298 2388 etquae
1330 2333 1478 2372 nunc
1518 2333 1696 2388 usque
1730 2317 1911 2372 eidem
1940 2333 2062 2373 mo-

445 2406 685 2461 nasterio
716 2405 1013 2476 pertinent,
1039 2414 1095 2459 et
1122 2405 1177 2459 in
1215 2413 1377 2461 antea
1436 2422 1534 2477 per
1563 2405 1786 2477 aliquod
1818 2406 2057 2477 conqui-

442 2500 606 2554 situm
638 2515 814 2570 usque
846 2497 899 2552 in
930 2497 1096 2553 ﬁnem
1151 2498 1360 2564 seculi,
1393 2499 1509 2554 sive
1556 2515 1655 2570 per
1681 2498 1908 2565 litteras,
1943 2498 2061 2554 sive

442 2590 564 2645 sine
595 2589 812 2655 litteris,
880 2590 1160 2660 pertinere
1216 2590 1445 2656 debent,
1502 2590 1915 2660 tibilpraadicto
1950 2589 2062 2645 ﬁlio

444 2685 629 2733 nostro
660 2676 884 2731 Warino
932 2677 1139 2743 abbati,
1180 2676 1706 2747 succcssoribusque
1739 2677 1847 2732 tuis
1878 2677 2062 2734 omni-

443 2767 608 2822 modo
638 2765 1019 2827 concedimus,
1053 2773 1107 2819 et
1137 2780 1235 2835 per
1285 2765 1429 2818 hanc
1486 2772 1725 2819 nostram
1754 2760 2059 2834 protectio-

444 2859 927 2931 nem~perenniter
987 2857 1398 2922 conﬁrmamus,
1449 2873 1572 2911 cum
1640 2856 1824 2919 terris,
1866 2854 2063 2920 vineis,

443 2950 676 3022 campis,
706 2950 899 3020 pratis,
932 2948 1175 3020 pascuis,
1231 2947 1406 3013 silvis,
1454 2946 1723 3012 ecclesiis,
1778 2946 1944 3012 villis,
1976 2961 2069 3000 ca-

447 3045 545 3110 sis,
578 3042 851 3106 zediﬁciis,
896 3040 1057 3095 cultis
1104 3050 1159 3095 et
1204 3040 1446 3105 incultis,
1500 3039 1659 3111 aquis
1679 3048 1732 3094 et
1752 3037 2065 3110 aquimolis,

445 3130 697 3196 decimis,
726 3129 1006 3200 primitiis,
1040 3137 1094 3183 et
1112 3128 1383 3183 universis
1418 3128 1612 3182 usibus
1652 3134 1705 3182 et
1736 3126 2064 3190 redditibus,

446 3235 572 3275 cum
614 3219 789 3273 servis
842 3228 897 3273 et
960 3217 1194 3281 ancillis,
1230 3215 1553 3271 aldionibus
1594 3226 1648 3270 et
1694 3215 1979 3280 aldcabus,
2014 3222 2066 3267 et

445 3331 569 3370 cum
608 3312 868 3369 omnibus
924 3328 1045 3383 qua:
1084 3311 1191 3366 dici
1240 3321 1295 3365 et
1341 3310 1612 3366 nominari
1664 3317 1913 3380 possunt.
1942 3309 2065 3363 Sta-

448 3414 662 3461 tuentes
688 3406 804 3471 Dei,
826 3413 1075 3460 etnostra
1104 3403 1576 3469 auctoritate,imo
1599 3410 1655 3457 et
1671 3408 2059 3472 protestantes,

447 3504 506 3552 ut
536 3497 717 3551 nullus
744 3512 855 3562 rex,
893 3495 1076 3549 nullus
1125 3494 1439 3564 episcopus,
1484 3495 1667 3548 nullus
1706 3492 1838 3557 dux,
1877 3492 2064 3546 nullus

448 3604 656 3655 comes,
687 3587 774 3643 vel
820 3587 1149 3652 vicecomes,
1200 3585 1462 3655 nullaque
1520 3584 1807 3640 hominum
1858 3599 2058 3658 magna

447 3680 533 3735 vel
559 3695 724 3750 parva
746 3692 982 3749 persona
1037 3677 1242 3731 audeat
1294 3675 1390 3728 tibi
1424 3682 1479 3728 et
1503 3673 1925 3729 successoribus
1953 3673 2065 3729 tuis

444 3775 788 3844 violentiam,
833 3782 926 3828 aut
970 3772 1413 3828 contrarietatem
1460 3769 1698 3841 aliquam
1756 3769 1935 3825 facere
1995 3768 2066 3823 de

442 3866 714 3923 universis
740 3866 926 3930 rebus,
977 3880 1101 3934 quae
1158 3879 1325 3933 supra
1355 3862 1612 3933 leguntur
1644 3859 2063 3932 pertinentibus

444 3957 551 4028 ipsi
572 3955 908 4011 monasterio
943 3954 1090 4008 Beati
1159 3952 1437 4007 Michaelis
1476 3958 1529 4006 et
1559 3952 1743 4006 Sancti
1773 3951 2053 4006 Germani.

443 4053 627 4124 Neque
655 4050 818 4105 alicui
841 4064 1031 4104 eorum
1064 4048 1223 4103 liceat
1273 4047 1526 4102 homines
1574 4054 1788 4102 vestros
1826 4046 2056 4109 liberos,

439 4152 535 4200 aut
561 4159 771 4208 servos,
802 4142 924 4196 sine
952 4139 1233 4195 voluntate
1298 4145 1480 4193 vestra
1508 4140 1827 4205 molestare,
1853 4139 1970 4194 sive
2003 4138 2058 4192 in

439 4237 722 4293 servitium
749 4236 989 4291 trahere.
1029 4234 1137 4289 Sed
1188 4232 1388 4287 amodo
1440 4248 1618 4305 usque
1645 4233 1698 4287 in
1743 4232 1907 4287 ﬁnem
1946 4247 2052 4285 sae-

440 4329 549 4384 culi
603 4328 779 4383 isdem
830 4336 1015 4382 vester
1078 4326 1234 4380 locus
1262 4339 1385 4379 cum
1437 4325 1699 4379 omnibus
1754 4340 1878 4396 quae
1944 4322 2051 4376 sibi

2091 3085 2139 3152 C

2232 1792 2502 1862 Scriptum
2544 1810 2645 1863 per
2701 1811 2921 1849 manum
2964 1796 3229 1866 Stephani
3257 1797 3452 1852 notarii
3483 1797 3785 1869 regionarii

2160 1891 2215 1937 et
2243 1884 2733 1940 scriniariisanctze
2774 1887 2922 1939 sedis
2952 1888 3290 1957 apostolicae,
3339 1888 3395 1941 in
3442 1904 3634 1943 mense
3668 1890 3778 1943 De-

2161 1975 2427 2041 cembrio,
2452 1984 2506 2030 et
2534 1977 2836 2032 indictione
2882 1978 3233 2033 duodecima.
3275 1979 3422 2034 Bene
3451 1980 3649 2035 valete.
3678 1980 3790 2034 Per

2163 2066 2268 2127 hoc
2297 2070 2478 2118 tamen
2537 2065 2748 2119 nullum
2799 2064 2954 2120 vobis
2993 2073 3046 2119 et
3100 2066 3282 2121 eidem
3325 2068 3787 2136 monasteriojus

2160 2153 2229 2207 de
2262 2169 2402 2209 novo
2455 2155 2664 2226 acquiri
2717 2155 2987 2222 volumus,
3050 2157 3147 2210 sed
3192 2157 3483 2229 antiquum
3525 2167 3783 2214 tantum-

2161 2248 2326 2303 modo
2362 2248 2696 2303 conservari.
2744 2279 2796 2288 —-
2830 2250 3019 2304 Datum
3064 2249 3289 2305 Viterbii
3344 2266 3440 2305 xm
3476 2250 3593 2306 Kal.
3629 2250 3785 2316 Maii,

2161 2352 2307 2391 anno
2339 2337 2519 2391 tertio.

2854 2427 2943 2481 XII
2976 2429 3077 2482 bis.

2164 2531 2331 2569 ιιυιιΑ
2360 2531 2578 2571 JOANNIS
2620 2532 2765 2572 ΡΛΡΒ
2803 2534 2897 2572 χιιι
2956 2532 3375 2661 Ριιοῶεοετειιιο
3414 2533 3788 2581 ουιιιτειιιιι-

2769 2605 3030 2645 BURGENSI
3138 2615 3168 2651 μ

2769 2605 3030 2645 BURGENSI
3070 2605 3168 2651 (ὅ).

2798 2677 2978 2747 (Anno
3002 2676 3156 2741 969.)

2456 2770 2629 2843 [Apud
2659 2772 2849 2840 Mansi,
2884 2775 3082 2831 Concil.
3126 2772 3311 2840 XVIII,
3346 2770 3496 2843 505.]

2236 2858 2475 2913 Joannes
2502 2859 2818 2932 episcOpus,
2836 2876 3030 2916 servus
3059 2875 3344 2916 servorum
3368 2857 3485 2914 Dei.
3525 2857 3788 2930 Corporis

2169 2954 2225 3000 et
2260 2948 2460 3001 mentis
2490 2948 2860 3021 generositate
2900 2947 3262 3020 praefulgidaa,
3294 2952 3487 3017 utpote
3533 2946 3794 3020 Augusta:

2169 3034 2517 3091 liberalitatis
2568 3036 2891 3093 Μλιιετιιωε
2946 3036 3455 3108 incomparabiliter
3517 3035 3792 3090 laudabili

2167 3130 2461 3186 abbatissae
2510 3131 2846 3187 venerabilis
2902 3131 3223 3187 monasterii
3285 3130 3417 3186 dicti
3456 3130 3792 3204 Quitiligga-

2167 3218 2328 3293 burg,
2362 3226 2416 3273 et
2461 3236 2557 3291 per
2596 3236 2654 3274 se
2692 3220 2952 3275 omnibus
2995 3217 3233 3290 posteris
3281 3219 3411 3285 tuis,
3478 3225 3535 3273 et
3579 3224 3791 3272 sanctae

2165 3308 2579 3381 congregationi
2643 3308 2966 3363 ancillarum
3029 3306 3229 3362 Christi
3306 3307 3383 3361 ibi
3436 3306 3792 3381 degentium.

2163 3417 2419 3474 supernae
2447 3402 2638 3477 gratiae
2662 3401 3063 3473 plenitudinem
3107 3400 3582 3473 apostolicamque
3614 3400 3799 3455 bene-

2166 3493 2491 3548 dictionem.

2237 3589 2369 3654 Quia
2405 3604 2502 3659 per
2528 3588 2747 3643 beatum
2780 3587 3000 3643 Petrum
3041 3587 3420 3659 apostolorum
3452 3585 3794 3658 principem,

2166 3682 2324 3750 cujus
2348 3681 2607 3737 videlicet
2638 3681 2821 3736 minus
2854 3681 3039 3737 idonei
3064 3680 3367 3754 fungimur,
3396 3678 3798 3735 ecclesiasticae

2170 3773 2457 3845 potestatis
2488 3774 2614 3842 jura
2634 3773 2844 3845 ubique
2890 3780 3157 3828 terrarum
3181 3771 3511 3829 auctoritate
3537 3786 3790 3843 evange-

2169 3868 2271 3922 lica
2322 3875 2487 3936 atque
2534 3864 2853 3921 authentica
2920 3871 3235 3921 sanctorum
3288 3862 3510 3918 Patrum
3573 3862 3791 3918 habere

2159 3958 2433 4024 videmur,
2500 3958 2706 4013 idcirco
2764 3956 3083 4028 specialiter
3135 3956 3459 4028 dispensare
3494 3962 3695 4012 cuncta
3720 3954 3789 4011 ad

2159 4048 2554 4118 omnipotentis
2584 4046 2676 4101 Dei
2706 4046 2925 4101 laudem
2941 4044 3372 4102 etorthodoxam
3424 4044 3782 4119 religionem,

2161 4137 2311 4191 nullo
2362 4134 2760 4191 catholicorum
2811 4134 3126 4201 resistente,
3205 4148 3367 4205 posse
3424 4131 3768 4189 conﬁdimus

2163 4232 2401 4304 Ideoque
2435 4231 2763 4285 universitas
2803 4227 3250 4284 Cliristiﬁdelium
3304 4227 3564 4299 cupimus
3606 4234 3667 4283 ut
3693 4243 3790 4284 co-

2152 4332 2381 4401 gnoscat
2401 4324 2638 4395 qualiter
2668 4338 2770 4377 nos
2825 4338 2921 4392 per
2957 4321 3330 4377 interventum
3382 4320 3698 4376 charissimi
3735 4327 3793 4376 et

438 4437 587 4476 nunc
618 4421 916 4492 pertinent,
947 4427 1001 4474 et
1032 4418 1087 4472 in
1128 4429 1291 4474 antea
1313 4419 1586 4490 pertinere
1604 4416 1832 4482 debent,
1866 4416 2050 4489 quiete
2072 4401 2129 4471 Ι)
2154 4415 2451 4487 spiritualis
2467 4413 2565 4468 ﬁlii
2597 4412 2766 4469 nostri
2799 4412 2986 4468 domni
3038 4411 3251 4468 Ottonis
3298 4427 3521 4483 semper
3551 4412 3788 4484 Augusti

438 4522 493 4568 et
516 4512 743 4584 paciﬁce
772 4519 992 4566 maneat
1020 4511 1122 4565 sub
1174 4510 1386 4566 ditione
1427 4517 1631 4565 sanctae
1662 4509 1921 4563 Romanae
1944 4525 2054 4563 ma-

440 4606 540 4661 tris
572 4606 847 4668 Ecclesiaa,
879 4604 1035 4671 cujus
1060 4603 1205 4672 juris
1246 4613 1329 4658 est
1386 4603 1452 4657 ad
1494 4602 1801 4674 regularem
1856 4609 2056 4658 etmo-

439 4698 702 4751 nasticam
735 4695 1208 4768 tranquillitatem,
1232 4695 1485 4750 omnium
1522 4694 1810 4748 hominum
1834 4693 2055 4764 penitus

439 4793 494 4839 et
558 4785 765 4855 ubique
822 4784 1258 4839 contradictione
1314 4791 1546 4838 remota.
1591 4775 1659 4835 'Si
1687 4782 1813 4853 quis
1843 4790 2053 4849 autem,

507 4959 583 5027 (δ)
631 4959 773 5022 Quas
831 4956 995 5011 modo
1061 4955 1295 5025 subjicio
1343 4954 1573 5027 Joannis
1641 4970 1795 5025 papae
1857 4954 2052 5027 littera

439 5026 771 5084 transmissa:
819 5029 887 5082 ad
935 5044 1022 5082 me
1054 5034 1181 5081 sunt
1210 5045 1241 5081 a
1283 5027 1398 5081 viro
1440 5026 1741 5081 clarissimo
1772 5026 2054 5081 Bartholo-

438 5116 576 5154 meeo
611 5101 880 5170 Prospero
905 5098 1612 5171 CamelliniRegi_ensi,sed_
1637 5097 1854 5171 Mutinae
1889 5097 2052 5171 modo

436 5180 654 5244 agente.
688 5168 811 5244 Illas
840 5186 970 5244 vero
1003 5170 1119 5244 ipse
1153 5168 1377 5244 recepit
1407 5186 1439 5223 a
1481 5168 1788 5223 clarissimo
1815 5168 2053 5244 Antonio

440 5238 690 5298 Uldarico
742 5242 920 5303 Eraht,
980 5238 1073 5312 qui
1149 5241 1272 5295 illas
1299 5238 1627 5295 extraxerat
1684 5255 1726 5312 ge
1784 5238 2052 5312 tabulario

437 5313 724 5383 principali
760 5309 1133 5385 Brusvigénsi,
1157 5313 1278 5385 ejus
1308 5327 1450 5385 curae
1497 5309 1809 5385 commisso.
1839 5309 2051 5385 Utrius-

435 5380 546 5454 que
576 5380 774 5436 nomen
797 5382 931 5454 _mi_hi
954 5380 1313 5436 reserandum
1334 5382 1458 5454 fuit,
1492 5389 1550 5437 ut
1577 5381 1863 5454 publicum
1884 5380 2053 5454 sciret

434 5450 643 5526 quibus
695 5452 1045 5521 potissimum
1091 5454 1212 5526 ejus
1252 5453 1465 5522 accepti
1509 5450 1697 5526 gratiae
1743 5450 2050 5526 referenda;

433 5521 565 5576 sint.
582 5522 924 5591 Quanquam,
942 5529 1002 5575 ut
1030 5537 1156 5576 vera
1173 5522 1365 5585 fatear,
1389 5521 1655 5578 nonnulla
1672 5523 1729 5577 in
1757 5521 1827 5576 iis
1853 5537 2051 5576 occur—

435 5598 564 5663 runt
591 5606 713 5663 quae
763 5590 1099 5663 dubietatem
1134 5593 1460 5663 ingenerant
1514 5593 1803 5663 deﬂhujus
1858 5591 2049 5663 scripti

434 5659 754 5713 sinceritate
801 5676 815 5721 ;
859 5676 982 5714 cum
1031 5659 1262 5713 insuetae
1317 5661 1516 5716 Joanni
1556 5662 1672 5716 XIII
1712 5659 2050 5716 formulae—in

2155 4504 2423 4578 genitoris
2451 4503 2549 4566 tui,
2582 4509 2638 4557 et
2662 4500 3024 4556 sanctissimae
3076 4499 3266 4554 matris
3307 4499 3426 4568 ejus
3464 4497 3787 4554 Mahetildae

2157 4600 2412 4672 Augusta:
2433 4593 2802 4651 serenissima
2857 4592 2991 4647 aviae
3036 4599 3165 4658 tua,
3192 4590 3479 4662 praefatum
3515 4590 3790 4655 Quitilin-

2155 4685 2368 4760 gaburg
2424 4684 2606 4738 locum
2659 4681 2898 4754 positum
2932 4680 2988 4735 in
3052 4678 3324 4735 territorio
3362 4678 3662 4746 Saxonico,
3694 4680 3787 4735 cui

2158 4793 2398 4851 praeesse
2427 4775 2636 4830 videris
2687 4772 3035 4844 suscepimus
3084 4771 3187 4828 sub
3238 4769 3364 4841 jure
3412 4778 3469 4825 et
3519 4770 3790 4826 continua

2155 4954 2236 5008 eis
2255 4956 2674 5011 concurrant,ut
2693 4947 3140 5015 illa,nostrw,etc.
3153 4946 3792 5012 ,archifratribus,sicut

2155 5032 2211 5097 et
2240 5031 2438 5097 caetera
2468 5018 3025 5097 statim-inprincipio
3064 5020 3302 5097 corporis
3328 5021 3379 5070 et
3415 5020 3637 5097 mentis,
3668 5027 3768 5097 etc

2155 5094 2429 5149 Nonnulla
2458 5092 2625 5147 etiam
2649 5091 2705 5144 in
2730 5086 3051 5143 nominibus
3075 5086 3467 5159 episcoporum
3488 5086 3789 5143 oﬁ‘endunt

2156 5165 2376 5230 menda,
2410 5179 2533 5234 qua:
2557 5163 2693 5217 forte
2709 5171 2837 5214 sunt
2861 5161 2948 5234 vel
2980 5175 3103 5234 esse
3132 5168 3365 5234 possunt
3391 5160 3782 5234 amanuensis.

2155 5239 2386 5292 Demum
2410 5230 2643 5289 indictio
2676 5234 2835 5303 plane
2860 5231 2951 5286 hic
2969 5230 3105 5303 fallit
3127 5230 3439 5303 _Utcunque
3458 5247 3547 5303 res
3579 5230 3786 5303 habeat

2155 5324 2302 5370 sese,
2356 5300 2783 5376 imprimendain
2818 5300 3250 5376 __lianc__bullam
3314 5301 3550 5376 censui,_
3581 5302 3785 5376 relicto

2153 5372 2453 5433 lectoribus
2478 5375 2709 5429 eruditis
2735 5372 2970 5442 judicio.
2997 5372 3184 5442 Neque
3219 5379 3429 5442 tantum
3456 5373 3593 5426 mihi
3624 5389 3784 5428 sumo

2150 5457 2213 5503 ut
2232 5449 2413 5502 ﬁctam
2458 5450 2597 5501 hanc
2646 5441 2872 5501 bullam.
2928 5441 3189 5513 tanquam
3235 5457 3302 5496 ex
3353 5441 3598 5512 tripode,
3632 5453 3785 5499 certo

2152 5518 2673 5591 pronuntie_m,_cu_m
2732 5514 3036 5591 praesertim
3086 5519 3447 5591 caeteraﬂuae
3473 5514 3786 5589 hiclegun—

2152 5583 2240 5645 tur
2262 5588 2491 5644 Joannis
2513 5587 2629 5641 XIII
2649 5583 2797 5642 aetati
2818 5585 2952 5641 satis
2976 5583 3269 5655 quadrent.
3294 5584 3469 5641 Maris:
