3978 6214
193 323 301 377 973

1424 307 1760 364 EPIS'I‘OI.:E
1803 307 1878 360 ET
1919 306 2308 360 DIPLOMATA.

3422 308 3528 361 974

192 443 430 496 tuitione
477 446 681 494 sancta:
728 439 983 492 Romanae
1040 436 1250 500 matris,
1293 435 1378 487 cui
1433 432 1811 503 praesidemus,
1846 440 1888 502 Α
1921 430 2175 483 Romanae
2215 428 2473 481 Ecclesiae
2508 430 2560 481 in
2592 445 2777 482 mense
2809 430 3010 499 Aprili;
3048 430 3352 485 indictione
3382 441 3533 486 sexta

197 538 487 596 Ecclesiie;
517 529 1596 598 allubescentibusconsentientibusque
1632 526 1684 578 in
1710 527 1813 578 hoc

195 637 396 684 nostrae
437 627 756 698 apostolicae
791 625 1102 695 paternitati
1127 621 1544 677 archifratribus
1573 619 1623 671 in
1651 633 1815 687 syno-

171 701 327 774 Idum
367 721 640 773 Ravenna»
673 717 1002 790 aggregatis,
1037 714 1293 768 videlicet
1333 714 1490 766 Petro
1533 711 1814 764 Ravenna—

198 817 378 870 tcnse.
434 808 678 863 Rodaldo
722 806 1022 866 patriarcha
1077 804 1458 874 Aquilagense,
1495 800 1707 854 caeteris
1762 805 1816 852 et

203 899 486 969 episcopis
554 896 788 951 Widone
858 897 1030 966 Sylvae
1095 881 1462 956 Candidense,
1524 889 1819 943 Benedicto

202 988 526 1051 Portucnse,
605 986 812 1039 Marino
871 983 1191 1043 Lutricensi,
1277 982 1505 1035 Siccone
1566 979 1818 1039 Blesano,

195 1069 411 1136 Joanne
443 1079 725 1148 Spirense,
762 1076 1086 1131 Londoardo
1130 1075 1514 1137 Mindonense,
1553 1069 1820 1124 Lutifrido

201 1171 367 1225 etiam
399 1169 725 1240 Papigense,
770 1165 1106 1234 Luitprando
1155 1162 1546 1225 Cremonense,
1582 1159 1820 1212 Iluberto

207 1265 532 1326 Parmense,
566 1261 798 1330 aliisque
843 1257 1004 1312 simul
1059 1254 1428 1310 confratribus
1460 1252 1660 1307 nostris
1701 1250 1822 1320 epi-

203 1357 391 1427 sc0pis
441 1354 640 1409 Italicis
691 1359 743 1407 et
799 1350 1226 1406 Ultramontanis
1287 1361 1516 1401 numero
1547 1345 1825 1414 quinqua-

200 1451 376 1521 ginta,
437 1449 599 1501 itaut
648 1464 676 1499 a
719 1444 976 1516 praesenti
1033 1441 1247 1496 decima
1288 1440 1649 1494 Kalendarum
1707 1438 1825 1491 Maii

206 1537 312 1593 sub
347 1534 654 1607 patrocinio
696 1540 750 1587 et
781 1532 1014 1586 tuitione
1049 1531 1191 1584 beati
1227 1528 1368 1583 Petri
1401 1527 1666 1597 principis
1695 1541 1828 1596 apo-

206 1626 476 1681 stolorum
515 1625 742 1694 ejusque
782 1620 966 1674 vicarii
1011 1619 1292 1690 perpetuis
1333 1616 1674 1688 temporibus
1704 1631 1826 1668 cum

207 1717 470 1773 omnibus
528 1732 586 1768 se
644 1712 1007 1768 attinentibus
1074 1711 1429 1765 constitutum
1483 1709 1906 1798 locatumqueB

209 1805 532 1877 specialiter
597 1820 716 1857 esse
774 1808 1052 1856 noscatur.
1131 1803 1473 1869 Quapmpter
1540 1797 1828 1850 statuimus

205 1898 512 1970 apostolica
538 1911 795 1958 censura,
825 1901 880 1947 ut
905 1894 1049 1948 idem
1081 1891 1472 1946 monasterium
1505 1888 1828 1942 omnimodo

207 1988 445 2041 liberum
480 1986 701 2048 amodo,
736 1995 790 2038 et
817 2000 991 2054 usque
1026 1984 1077 2036 in
1110 1982 1272 2034 tinem
1302 1979 1485 2033 saeculi
1517 1984 1830 2048 perseveret

208 2093 307 2148 per
351 2075 730 2130 auctoritatem
765 2075 855 2126 Dei
899 2081 952 2126 ct
986 2071 1200 2125 Domini
1235 2070 1402 2123 nostri
1445 2068 1572 2121 Jesu
1608 2067 1828 2128 Christi,

209 2166 304 2236 qui
338 2180 506 2234 super
533 2163 750 2216 Petrum
780 2161 945 2215 habet
1002 2160 1320 2224 Ecclesiam,
1358 2175 1453 2228 per
1483 2173 1646 2228 quem
1678 2155 1833 2222 jube-

214 2271 364 2318 mus,
397 2263 450 2306 et
491 2252 767 2306 monendo
803 2257 1184 2321 protestamur,
1218 2256 1275 2301 ut
1308 2247 1489 2300 nullus
1514 2247 1830 2314 imperator,

215 2362 333 2409 rex,
375 2345 483 2398 dux
515 2345 680 2407 ullus,
740 2358 842 2396 nec
885 2342 1198 2411 episcopus,
1241 2339 1500 2409 nullaque
1541 2335 1834 2403 cujuslibet

212 2437 518 2511 dignitatis,
551 2437 668 2487 sive
716 2434 1023 2504 potestatis,
1067 2432 1148 2484 vel
1198 2448 1390 2492 sacrze,
1425 2431 1509 2483 vel
1543 2427 1834 2482 mundanae

217 2543 476 2598 persona,
511 2526 705 2579 audi-at
760 2525 1007 2592 ejusdem
1042 2523 1144 2577 loci
1184 2522 1490 2576 abbatissas
1545 2517 1835 2573 molestare

213 2625 270 2671 et
299 2616 632 2688 inquietare,
665 2615 778 2667 sive
837 2614 905 2666 de
938 2613 1196 2667 omnibus
1228 2612 1393 2665 rebus
1417 2611 1666 2678 ejusdem
1700 2606 1837 2659 sacri

217 2710 544 2766 monasterii
593 2709 644 2762 in
705 2709 890 2780 aliquo
922 2707 1248 2770 distrahere,
1277 2705 1359 2759 vel
1391 2705 1460 2757 de
1508 2703 1589 2756 his
1620 2717 1740 2772 quae
1772 2699 1839 2753 ad

216 2801 353 2855 illud
389 2799 668 2870 pertinent
700 2798 1031 2850 diminuerc.
1091 2797 1286 2850 Verum
1322 2795 1486 2869 igitur
1511 2791 1755 2862 quietum
1789 2797 1844 2842 et

219 2892 608 2945 inconcussum
680 2889 936 2958 persistat
991 2902 1113 2940 cum
1187 2886 1400 2938 cunctis
1466 2879 1840 2937 subsistentiis

222 2983 361 3047 suis,
414 2998 539 3036 cum
572 2980 747 3034 servis
787 2987 840 3034 et
883 2979 1117 3044 ancillis,
1168 2977 1358 3030 liberis
1411 2986 1465 3029 et
1499 2976 1839 3046 ascriptitiiS,

221 3055 386 3127 terris
418 3071 578 3124 cultis
607 3079 661 3124 et
692 3069 934 3135 incultis,
967 3076 1018 3121 et
1071 3066 1340 3120 universis
1382 3065 1548 3118 rebus
1578 3081 1701 3135 quae
1733 3064 1841 3120 dici

216 3177 270 3221 et
304 3163 576 3218 nominari
621 3170 870 3232 possunt,
929 3177 1065 3232 quas
1118 3174 1264 3212 nunc
1299 3158 1460 3211 habet
1490 3164 1542 3210 et
1588 3157 1640 3210 in
1675 3165 1837 3211 antea
1868 3125 1916 3191 ϐ

222 3255 476 3327 quolibet
516 3261 799 3307 contractu
853 3252 1058 3305 habere
1097 3251 1280 3304 debet.
1327 3252 1468 3302 Sane
1499 3249 1568 3302 ob
1617 3248 1836 3301 mundi-

224 3344 483 3398 burdium
513 3343 588 3396 tui
617 3349 946 3411 tuorumque
982 3355 1076 3410 pro
1106 3339 1410 3393 luminariis
1440 3337 1837 3392 concinnandis

221 3445 348 3492 ante
383 3450 586 3503 corpus
628 3432 874 3504 praedicti
915 3432 1290 3501 apostolorum
1325 3430 1591 3500 principis
1641 3428 1836 3481 libram

225 3541 392 3582 unam
444 3525 678 3594 largenti
737 3524 1017 3576 annuatim
1069 3529 1269 3576 nostra:
1327 3529 1526 3576 sanctae
1587 3521 1841 3575 Romanae

225 3614 486 3671 Ecclesiae
543 3630 574 3667 a
627 3620 679 3667 te
729 3613 1076 3683 posterisque
1134 3612 1260 3676 tuis,
1322 3628 1446 3682 qua:
1501 3612 1681 3665 eidem
1724 3609 1843 3664 loco

227 3718 421 3766 sancto
486 3707 825 3780 przefuerint,
899 3706 1317 3777 persolvendam
1375 3707 1492 3760 fore
1544 3707 1844 3761 sancimus.

230 3807 434 3862 Verum
476 3806 523 3859 si
560 3805 684 3859 fort.
735 3843 746 3856 .
791 3841 805 3856 .
850 3804 953 3858 iter
997 3802 1229 3856 actionis
1265 3802 1586 3856 difficultate
1617 3800 1850 3874 singulis

234 3901 397 3954 annis
427 3898 621 3954 eadem
656 3897 851 3966 pensio
883 3896 1107 3949 minime
1142 3894 1377 3965 persolvi
1397 3894 1656 3964 potuerit,
1686 3893 1862 3947 licen-

233 3991 309 4045 tia
350 3991 422 4044 sit
472 3989 556 4043 vel
611 3994 804 4058 postea
861 3987 1210 4057 temporibus
1253 3985 1376 4039 aliis
1421 3985 1770 4039 coadunatim
1803 3993 1862 4038 ut

241 4083 500 4138 Romanae
536 4079 793 4134 Ecclesiae
825 4079 1242 4132 transmittatur.
1291 4078 1345 4132 Si
1378 4077 1502 4148 quis
1532 4092 1684 4142 vero,
1712 4075 1861 4147 quod

237 4171 468 4224 minime
528 4167 829 4232 credimus,
879 4176 1066 4222 contra
1103 4169 1270 4220 Deum
1322 4167 1526 4220 irritam
1568 4165 1731 4232 hujus
1763 4165 1870 4236 pri_

235 4260 425 4334 vilegii
459 4259 660 4313 seriem
699 4259 756 4312 in
788 4274 1064 4330 quoquam
1123 4275 1290 4330 agere
1333 4257 1644 4318 tentaverit,
1695 4263 1748 4310 et
1781 4257 1868 4310 id-

238 4351 423 4422 ipsum
477 4348 874 4402 monasterium
930 4348 1040 4418 juri
1108 4348 1424 4418 apostolicae
1492 4355 1546 4400 et
1605 4346 1862 4401 Romame

240 4439 502 4495 Ecclesiae
546 4436 762 4491 auferre
819 4443 1048 4492 conatus
1106 4435 1290 4502 fuerit,
1377 4436 1481 4490 nisi
1547 4437 1858 4506 resipuerit,

242 4540 528 4604 perpetuze
561 4532 927 4586 anathematis
983 4531 1204 4586 vinculo
1236 4531 1529 4586 innodatus
1580 4547 1643 4584 ex
1673 4540 1864 4584 aucto-

243 4623 405 4677 ritate
440 4621 534 4674 Dei
568 4621 798 4691 ejusque
831 4620 1030 4674 summi
1059 4620 1340 4692 clavigeri,
1383 4636 1444 4674 ac
1471 4636 1567 4688 per
1596 4628 1860 4682 nostram,

242 4723 300 4769 et.
328 4712 578 4769 omnium
612 4719 924 4766 nostrorum
980 4711 1302 4782 pontiﬁcum
1359 4726 1732 4767 successorum
1763 4712 1868 4764 hu-

243 4805 533 4860 militatem
566 4819 686 4858 cum
726 4803 865 4858 Juda
901 4804 1162 4858 traditore
1199 4804 1414 4858 Domini
1455 4803 1724 4874 perpetim
1757 4801 1870 4855 dia-

243 4895 372 4950 bolo
404 4893 665 4948 societur.
699 4893 799 4957 Qui
840 4899 1022 4946 autem
1056 4892 1378 4947 observator
1433 4892 1554 4960 ejus
1585 4898 1640 4945 et
1685 4897 1868 4945 custos

244 5001 367 5042 esse
399 4985 693 5051 studuerit,
729 4988 974 5040 omnium
1017 4985 1344 5040 delictorum
1377 5000 1598 5039 suorum
1626 4984 1865 5050 veniam,

245 5087 301 5134 et
329 5093 453 5133 cum
509 5076 830 5133 beatissimo
881 5079 1040 5132 Petro
1073 5078 1312 5132 ccetibus
1340 5085 1654 5132 sanctorum
1686 5076 1866 5131 socia-

244 5176 357 5230 tus,
387 5166 590 5238 gaudia
622 5167 742 5221 sine
775 5166 884 5220 fine
919 5167 1184 5238 consequi
1227 5174 1518 5220 mereatur.
1553 5166 1627 5219 De
1673 5171 1872 5220 caetero

250 5257 606 5330 praecipimus
653 5268 712 5312 ut
743 5258 1020 5312 abbatissa
1079 5258 1154 5312 ibi
1198 5275 1480 5330 nunquam
1514 5257 1624 5312 ulla
1674 5256 1779 5311 nisi
1811 5273 1876 5310 ex

249 5351 550 5414 electione,
579 5357 636 5404 et
667 5351 862 5420 gratia,
894 5366 955 5405 ac
985 5350 1267 5405 voluntate
1294 5351 1538 5406 omnium
1568 5357 1874 5405 sanctarum

248 5457 528 5505 sororum,
576 5458 699 5512 quae
761 5442 967 5497 ibidem
1025 5457 1124 5512 pro
1181 5451 1428 5513 tempore
1497 5443 1606 5498 Deo
1673 5441 1879 5496 servire

245 5533 384 5588 visae
407 5533 634 5597 fuerint,
669 5550 699 5588 a
732 5550 1010 5606 quoquam
1042 5533 1333 5589 ordinetur
1365 5543 1459 5589 aut
1488 5534 1876 5590 constituatur.

248 5623 397 5676 Bene
437 5621 646 5676 valete.

320 5721 595 5791 Scriptum
627 5737 728 5792 per
756 5737 980 5779 manum
1033 5723 1299 5792 Stephani
1347 5721 1617 5778 scriniarii
1677 5725 1884 5773 sanctae

1915 517 2129 571 decima
2195 517 2307 570 Dat.
2339 517 2549 570 decima
2595 517 2704 571 Kal.
2738 517 2859 570 Maii
2892 534 2989 586 per
3018 535 3240 572 manum
3285 519 3533 575 Widonis

1918 610 2163 679 cpiscOpi
2195 616 2394 662 SﬂIlCl‘d}
2444 609 2604 662 Silvae
2637 609 2893 663 Candida:
2929 611 3206 675 Ecclesiae,
3239 620 3293 664 et
3318 611 3528 666 biblio-

1918 701 2144 754 thecarii
2195 709 2394 754 sanctae
2423 701 2573 754 sedis
2603 701 2937 771 apostolicae,
2989 717 3157 768 anno,
3191 703 3301 756 Deo
3347 703 3532 772 propi-

1919 792 2016 856 tio,
2047 791 2397 862 pontificatus
2443 792 2651 846 domini
2679 793 2912 848 Joannis
2942 794 3142 847 summi
3176 792 3452 864 pontificis
3479 803 3533 848 et

1923 887 2243 940 universalis
2289 888 2431 941 tertii
2464 887 2663 941 decimi
2695 889 2993 957 provisoris
3030 896 3233 943 sanctae
3275 888 3533 943 Romanae

1924 975 2196 1042 Ecclesiae,
2231 977 2485 1031 videlicet
2528 977 2824 1031 undecimo
2871 978 3118 1045 ejusdem
3168 978 3398 1048 piissimi
3429 979 3525 1031 PP.

1923 1081 2087 1129 anno,
2119 1067 2343 1140 August.
2379 1067 2571 1121 Ottonc
2604 1083 2634 1119 a
2675 1067 2786 1120 Deo
2817 1073 3075 1120 coronato
3130 1067 3320 1139 Magno
3348 1066 3534 1138 impc-

1925 1167 2097 1213 ratore
2125 1176 2272 1214 anno
2299 1169 2452 1214 sexto
2493 1161 2864 1215 monarchiam
2900 1160 3129 1214 Romani
3163 1161 3378 1232 imperii
3411 1161 3536 1216 feli-

1928 1255 2068 1309 citer
2086 1254 2468 1328 gubernante;
2503 1256 2806 1310 indictione
2836 1263 2986 1310 sexta
3015 1256 3252 1314 decima.

2665 1368 2801 1422 XIII.

1928 1470 2148 1509 JOANNIS
2202 1467 2348 1511 PAP/E
2396 1473 2487 1510 XIII
2549 1472 2886 1510 PRIVILEGIUM
2941 1473 3044 1512 PRO
3106 1473 3352 1512 ECCLESIA
3409 1477 3540 1514 TRE-

2621 1545 2848 1582 V'IRENSI.

2554 1618 2734 1686 (Anno
2763 1617 2913 1686 969.)

2005 1709 2179 1779 [Apud
2207 1709 2519 1777 Hontheim,
2553 1714 2694 1765 Hist.
2733 1714 2935 1765 Trevir.
2970 1712 3216 1782 diplom.,
3261 1719 3392 1767 tom.
3427 1714 3467 1776 I,

2581 1820 2706 1878 pag.
2735 1803 2882 1874 305.]

1998 1890 2234 1944 Jomsas
2263 1892 2576 1961 episcopus,
2609 1908 2800 1946 servus
2849 1908 3132 1947 servorum
3177 1893 3286 1958 Dei,
3335 1894 3544 1948 charis-

1929 1980 2082 2032 simis
2112 1981 2272 2034 nobis
2306 1981 2356 2034 in
2393 1980 2603 2036 Christo
2651 1981 2906 2036 fratribus
2936 1982 3207 2036 universis
3249 1982 3543 2053 cpisc0pis,

1932 2086 1993 2124 ac
2024 2070 2188 2124 totius
2218 2070 2504 2142 dignitatis
2553 2080 2604 2124 et
2635 2072 2846 2125 ordinis
2890 2073 3174 2127 catholicis
3217 2073 3372 2138 viris,
3405 2089 3545 2143 prte-

1930 2159 2179 2212 sentibus
2208 2160 2417 2212 scilicet
2447 2168 2501 2214 et
2535 2160 2750 2227 futuris,
2788 2168 3109 2231 perpetuam
3142 2164 3397 2217 salutem.

2006 2251 2138 2314 Quia
2162 2253 2290 2306 licet
2323 2253 2558 2326 indigni,
2584 2255 2784 2309 divime
2804 2262 2982 2309 tamen
3011 2257 3350 2330 dignationis
3376 2258 3548 2329 gratia

1936 2343 2288 2413 disponente,
2317 2345 2370 2397 Β.
2397 2345 2538 2398 Petri
2565 2347 2936 2416 apostolorum
2983 2348 3249 2419 principis
3293 2349 3547 2403 sacratis-

1936 2435 2126 2488 simam
2167 2436 2352 2488 sedem
2387 2437 2809 2509 universaleque
2863 2438 2917 2492 in
2952 2447 3062 2494 toto
3108 2441 3242 2494 orbe
3285 2446 3546 2494 terrarum

1938 2524 2305 2578 ministerium
2323 2528 2693 2597 suscepimus,
2721 2544 2949 2582 necesse
2975 2536 3057 2584 est
3077 2529 3323 2583 omnium
3360 2529 3546 2584 Eccle-

1941 2612 2144 2666 siarum
2176 2621 2234 2667 ut
2285 2614 2759 2688 diligentissimam
2793 2617 3221 2672 sollicitudinem
3263 2618 3336 2671 ita
3362 2618 3546 2672 conti-

1945 2714 2140 2759 nenter
2169 2706 2490 2774 habeamus,
2505 2725 2575 2762 ne
2592 2724 2777 2762 earum
2795 2710 2938 2777 jura,
2961 2710 3283 2765 auctoritate
3300 2711 3549 2776 ejusdem

1943 2800 2316 2869 apostolorum
2369 2803 2635 2872 principis
2683 2811 3120 2875 cmterorumque
3172 2820 3551 2859 successorum

1942 2889 2063 2956 ejus
2101 2891 2500 2944 venerabilium
2558 2892 2772 2946 Patrum
2830 2893 3224 2948 inviolabiliter
3249 2899 3449 2947 statuta
3497 2901 3553 2948 et

1942 2977 2264 3034 confirmata
2310 2988 2498 3036 nostro
2557 2981 2876 3036 minuantur
2903 2997 2967 3036 ac
3016 2991 3244 3053 pereant
3281 2993 3552 3054 tempore,

1940 3071 2038 3124 sed
2099 3070 2280 3140 potius
2319 3071 2676 3126 corroborata
2727 3073 2990 3128 decenter
3034 3083 3343 3148 augeantur
3395 3081 3562 3146 atque

1941 3158 2247 3229 proﬁciant.
2297 3160 2538 3230 Ideoque
2567 3161 2815 3215 omnium
2847 3169 3088 3217 vestrum
3117 3179 3281 3218 nosse
3306 3165 3559 3218 volumus

1937 3250 2283 3302 sanctitatem
2317 3258 2371 3301 et
2395 3249 2743 3313 industriam,
2768 3251 2915 3320 quod
2948 3251 3292 3306 Theoderico
3318 3253 3566 3306 dilectis-

1937 3341 2076 3395 simo
2105 3341 2269 3395 fratre
2293 3349 2479 3396 nostro
2503 3341 2839 3396 'I‘revirensis
2857 3342 3111 3398 Ecclesiae
3132 3344 3559 3414 archiepiscOpo

1938 3430 2195 3485 veniente
2228 3431 2449 3484 Romam
2482 3440 2696 3485 oratum
2728 3431 2796 3484 ad
2826 3438 3142 3486 sanctorum
3173 3432 3557 3503 apostolorum

1943 3518 2152 3584 limina,
2210 3517 2542 3583 audivimus,
2597 3518 2736 3573 sicut
2787 3518 2952 3573 etiam
3011 3520 3225 3590 pridem
3255 3521 3559 3576 audiendo.

1947 3611 2052 3664 imo
2115 3617 2169 3663 et
2219 3608 2452 3678 legendo
2505 3618 2847 3678 compertum
2895 3609 3188 3665 habuimus
3223 3651 3237 3676 ,
3297 3610 3557 3664 eamdem

1947 3701 2119 3772 ipsam
2165 3715 2275 3771 prae
2320 3700 2882 3764 cateris,Galliarum
2941 3702 3192 3756 ecclesiis
3241 3702 3567 3757 Christianae

1950 3794 2230 3865 religionis
2268 3793 2552 3847 exordium
2594 3793 2993 3866 catholicaeque
3035 3793 3162 3848 fidei
3194 3795 3370 3865 prima
3411 3795 3569 3849 rudi-

1960 3894 2143 3941 menta
2173 3884 2483 3956 percepisse
2525 3902 2622 3955 per
2664 3886 3136 3941 sanctissimorum
3179 3887 3420 3941 virorum
3466 3887 3576 3941 Eu-

1961 3979 2153 4045 charii,
2174 3977 2391 4041 Valerii,
2416 3985 2469 4031 et
2499 3977 2724 4031 Materni
2753 3984 2808 4032 et
2838 3985 3160 4033 cancrorum
3189 3978 3566 4050 evangelicam

1963 4072 2287 4136 doctrinam,
2321 4085 2458 4142 quos
2478 4078 2728 4140 tempore
2764 4085 2864 4124 suo
2897 4071 3195 4140 praedictus
3225 4068 3578 4125 beatissimus

1973 4162 2162 4217 Petrus
2209 4162 2486 4232 apostolus
2540 4161 2816 4216 ordinavit
2863 4171 2918 4215 et
2968 4163 3239 4224 instruxit,
3306 4178 3404 4216 nec
3461 4177 3574 4215 non

1970 4257 2100 4312 illuc
2129 4257 2195 4311 ad
2244 4255 2650 4326 praedicandum
2693 4255 2912 4310 direxit.
2959 4255 3116 4310 Unde
3161 4257 3330 4310 totius
3367 4255 3581 4310 ordinis

1968 4358 2166 4406 nostne
2225 4349 2371 4403 sedis
2410 4347 2724 4419 apostolicae
2779 4348 3053 4414 consultu,
3088 4349 3437 4423 gratuitoque
3493 4365 3582 4403 as-

1882 4458 2151 4552 Dsensu,
2194 4441 2319 4509 jura
2367 4439 2798 4511 privilegiorum,
2851 4455 2975 4510 quae
3019 4455 3049 4493 a
3089 4446 3277 4493 sancta
3331 4439 3579 4494 Romana

1981 4551 1985 4552 ,
2058 4543 2069 4552 Α
2176 4533 2402 4552 Πμ-1κκξ-
2469 4531 2705 4552 -A_A_P_A!_
2751 4533 2948 4552 _-_Anf_
3011 4547 3305 4552 _-__-_.._._-A
3355 4531 3579 4552 ..-ιε---ξ.

1964 4543 2136 4590 matre
2175 4533 2413 4588 Ecclesia
2469 4531 2710 4603 praefatis
2747 4533 2951 4587 sanctis
3005 4547 3311 4602 eorumque
3355 4531 3585 4601 reliquis

1966 4624 2411 4688 successoribus,
2472 4623 2524 4676 id
2579 4630 2662 4677 est
2717 4622 2946 4697 Agritio,
3012 4622 3285 4687 Maximio,
3334 4622 3585 4685 Paulino,

1968 4712 2192 4776 Severo,
2237 4711 2490 4766 almificis
2531 4718 2585 4765 et
2639 4710 2954 4781 apostolicis
2999 4710 3149 4775 viris,
3196 4727 3226 4764 a
3276 4709 3585 4781 primordio

1973 4803 2258 4872 hucusque
2289 4804 2606 4857 authentice
2637 4817 2896 4856 concessa
2945 4811 3091 4865 sunt,
3125 4816 3358 4872 quaeque
3415 4799 3584 4854 etiam

1973 4891 2145 4960 ipsius
2194 4892 2432 4946 civitatis
2489 4892 2726 4956 excidio,
2773 4893 3030 4946 incendio
3071 4891 3246 4945 aliove
3278 4906 3407 4944 casu
3447 4906 3588 4944 con-

1969 4992 2188 5056 sumpta
2222 4987 2546 5056 probantur,
2579 4988 2759 5041 eidem
2800 4985 3108 5042 Trevirensi
3141 4984 3398 5038 Ecclesiae
3447 4999 3592 5053 prm-

1970 5080 2227 5149 dictoque
2256 5078 2406 5132 fratri
2445 5089 2632 5135 nostro
2683 5080 3043 5145 Theodorico;
3085 5088 3138 5132 et
3169 5092 3265 5147 per
3297 5090 3421 5129 eum
3452 5089 3593 5127 cun-

1977 5171 2078 5226 ctis
2107 5169 2280 5240 ipsius
2322 5172 2758 5235 successoribus,
2802 5169 3210 5232 reconﬁrmare,
3259 5163 3591 5220 recorrobo-

1979 5279 2098 5316 rare
2147 5271 2200 5315 et
2249 5261 2400 5314 omni
2458 5262 2624 5316 modo
2682 5263 2973 5318 restituere
3034 5262 3258 5333 dignum
3316 5257 3594 5322 duximus,

1979 5355 2342 5408 decernentes
2387 5369 2486 5422 per
2535 5353 2697 5420 hujus
2756 5354 2930 5409 nostri
2989 5352 3276 5426 apostolici
3325 5347 3594 5421 privilegii

1981 5443 2371 5500 validissimam
2425 5443 2906 5512 constitutionem,
2966 5451 3024 5498 ut
3073 5444 3515 5515 quandocumque
3567 5454 3599 5491 a

1986 5541 2172 5589 nostra
2203 5531 2496 5604 principali
2535 5538 2590 5585 et
2619 5531 2927 5600 apostolica
2953 5532 3088 5585 sede
3131 5532 3444 5602 episcopus,
3479 5542 3605 5598 pre-

1988 5627 2194 5698 sbyter,
2234 5625 2322 5682 vel
2351 5625 2636 5689 diaconus,
2668 5621 2754 5676 vel
2783 5621 3181 5690 subdiaconus,
3214 5625 3334 5678 sive
3373 5620 3609 5694 quilibet

1991 5720 2306 5777 ordinarius
2355 5717 2566 5793 legatus
2618 5714 2695 5769 rei
2755 5712 3139 5767 ecclesiasticas
3196 5730 3297 5768 seu
3349 5713 3610 5788 cogendae
