3978 6214
445 305 547 362 9⁵ῑῦ

1764 304 2034 358 JOANNIS
2077 306 2196 360 XIII
2240 306 2444 361 PAP/E.

3681 307 3793 364 9'76

445 433 640 503 synodi
690 448 854 505 causa
886 421 955 484 in.
985 431 1232 491 Galliam,
1278 431 1697 485 Germaniamve
1751 434 2059 491 destinatus
2087 444 2135 509 Α
2163 438 2500 503 studuerint,
2549 437 2959 492 benedictionis
3010 438 3239 508 gratiam
3295 447 3349 494 et
3389 439 3795 494 misericordia

444 523 623 582 tuerit,
644 521 982 576 Trevirensis
1005 521 1204 593 prasul
1248 529 1365 592 post
1386 522 1693 592 quemlibet
1714 526 2053 580 ordinarium

446 618 681 687 legatum
711 617 771 668 A.
798 617 848 668 S.
899 615 1133 684 primum
1167 615 1309 668 inter
1348 616 1487 670 alios
1541 619 1829 686 pontilices
1878 621 2052 675 locum

445 705 710 759 obtineat.
766 705 826 758 Et
865 704 909 757 si
961 705 1160 758 missus
1212 705 1468 759 Romana
1512 706 1767 760 Ecclesia
1799 706 2055 771 defuerit,

444 795 698 849 similiter
757 804 880 866 post
939 794 1326 866 imperatorem
1383 796 1496 850 sive
1558 813 1741 870 regem
1803 797 2054 863 sedendi,

443 882 772 936 sententiam
805 883 1087 947 edieendi,
1121 890 1175 937 et
1203 874 1473 955 synodale'
1493 884 1763 952 judicium
1791 886 2056 940 canonice

446 974 851 1046 promulgandi,
883 975 1172 1044 primatum
1219 976 1449 1043 habeat;
1484 984 1671 1047 utpote
1703 979 1757 1032 in
1792 978 1899 1032 illis
1929 996 2054 1050 par-

445 1067 592 1121 tibus
615 1068 848 1121 vicarius
874 1073 1072 1122 nostra
1095 1069 1242 1122 sedis
1271 1070 1586 1140 apostolica
1626 1070 1824 1124 merito
1856 1071 2059 1124 consti-

444 1163 609 1209 tutus.
639 1155 824 1226 Neque
849 1155 996 1209 enim
1019 1155 1250 1228 dignum
1280 1164 1360 1211 est
1392 1165 1448 1211 ut
1475 1157 1620 1211 illius
1649 1157 1896 1212 ecclesia
1919 1174 2062 1228 pra-

445 1247 529 1300 θυι
570 1247 754 1318 aliquo
795 1254 1041 1318 tempore
1091 1249 1304 1302 eateris
1335 1265 1442 1303 non
1487 1249 1754 1303 habeatur
1784 1251 2060 1320 pralatus,

446 1338 602 1404 cujus
635 1338 811 1391 honor
849 1338 904 1390 in
945 1337 1051 1391 illis
1083 1339 1333 1408 partibus
1371 1339 1630 1406 sub'ipso
1680 1341 2053 1409 apostolorum

450 1428 700 1497 principe
733 1428 940 1481 exstitit
968 1428 1302 1498 primitivus.
1334 1429 1456 1483 Pari
1486 1431 1906 1501 quoque'modo
1931 1447 2059 1484 san-

446 1519 620 1573 cimus
675 1533 869 1574 omnes
915 1520 1188 1589 parochiis
1245 1522 1366 1588 ejus
1419 1521 1686 1593 degentes
1737 1522 1850 1574 sive
1906 1522 2057 1575 ordi-

445 1610 724 1664 nationem
777 1618 831 1664 et
899 1612 1299 1680 promotionem
1346 1613 1642 1683 cujuslibet
1700 1612 2058 1666 ecclesiastici

442 1699 646 1772 gradus
684 1716 713 1751 a
762 1699 1023 1770 pontifice
1077 1701 1252 1770 ipsius
1304 1701 1696 1770 percipientes,
1745 1701 1925 1754 eidem
1959 1701 2061 1771 ipsi

444 1792 652 1846 matriei
684 1792 960 1858 Ecclesia,
984 1794 1358 1864 episcoquue
1388 1795 1536 1848 illius
1562 1795 1768 1848 debere
1797 1795 2062 1849 canonice
2094 1767 2139 1834 Β

449 1883 690 1952 placere,
733 1884 968 1955 obsequi
1000 1891 1054 1938 et
1086 1885 1210 1952 jure
1243 1886 1491 1940 obedire.
1528 1887 1810 1956 Siquidem
1842 1887 2064 1940 decreto

445 1972 500 2027 Β.
541 1976 836 2029 Clementis
876 1992 1031 2046 papa
1072 1993 1238 2046 super
1278 1979 1382 2031 hoc
1414 1978 1486 2030 ita
1539 1985 1755 2031 cautum
1812 1978 2062 2030 videtur:

451 2086 474 2114 α
515 2065 567 2117 Si
587 2065 745 2119 vobis
763 2066 1041 2135 episcOpis
1057 2082 1167 2120 non
1191 2068 1504 2122 obedierint
1522 2083 1717 2121 omnes
1735 2067 2064 2138 presbyteri,

445 2153 688 2218 diaconi,
715 2153 1042 2208 subdiaconi
1071 2171 1134 2208 ae
1163 2155 1361 2226 reliqui
1391 2155 1575 2210 clerici
1608 2156 1814 2222 cuncti,
1855 2172 2070 2210 omnes—

443 2261 550 2317 que
597 2245 871 2315 principes
905 2254 1010 2300 tam
1053 2247 1276 2314 majoris
1322 2249 1536 2302 ordinis
1565 2265 1726 2320 quam
1767 2251 2069 2332 inferioris,

444 2343 605 2406 atque
635 2336 832 2407 reliqui
883 2337 1092 2406 pepuli,
1128 2338 1302 2391 tribus
1349 2347 1402 2392 et
1434 2339 1657 2412 lingua,
1689 2357 1800 2394 non
1849 2342 2069 2396 obtem-

443 2427 774 2496 peraverint,
829 2443 858 2482 a
913 2428 1205 2483 liminibus
1235 2436 1439 2484 sancta
1470 2430 1565 2483 Dei
1599 2430 1861 2486 Ecclesia
1903 2432 2068 2486 alieni

441 2526 621 2584 erunt,
650 2519 871 2574 dicente
903 2520 1169 2575 Domino:
1205 2522 1308 2587 Qui
1339 2539 1427 2576 vos
1457 2523 1637 2586 audit,
1681 2539 1762 2577 me
1816 2524 1998 2588 audit,
2022 2527 2070 2575 et

443 2615 543 2681 qui
579 2628 670 2666 vos
719 2615 950 2682 spernit,
1001 2629 1084 2667 me
1136 2617 1368 2683 spernit.
1416 2636 1436 2661 ι
1486 2616 1631 2668 lnter
1691 2615 1805 2669 hac
1843 2629 2066 2685 quoque

443 2702 651 2764 omnia,
673 2719 794 2772 qua
826 2704 893 2756 ad
924 2719 1073 2772 sape
1105 2704 1306 2758 dictam
1348 2705 1729 2758 Trevirensem
1767 2703 2066 2758 Ecclesiam

445 2790 588 2844 intra
640 2797 694 2843 et
738 2798 890 2843 extra
921 2790 1198 2844 civitatem
1242 2791 1516 2860 pertinere
1551 2790 1831 2854 videntur,
1877 2791 1932 2845 id
1982 2799 2066 2846 est

443 2879 709 2934 ecclesias
756 2896 879 2933 cum
913 2879 1187 2934 universis
1218 2879 1382 2933 rebus
1413 2879 1519 2933 sibi
1570 2880 1932 2934 attinentibus
1968 2897 2065 2934 seu

442 2971 796 3033 monasteria,
826 2978 933 3024 tam
969 2972 1362 3024 monachorum
1404 2987 1566 3042 quam
1598 2971 1902 3045 virginum,
1943 2989 2066 3042 qua

443 3078 509 3114 ex
543 3059 830 3129 praeeptis
859 3059 975 3112 sive
1006 3061 1227 3130 scriptis
1279 3075 1465 3130 regum
1519 3077 1617 3116 seu
1666 3062 2062 3132 imperatorum

2162 528 2562 598 plenitudinem
2597 527 2650 579 in
2686 526 3005 581 calestibus
3053 527 3247 581 castris
3299 528 3443 582 inter
3483 529 3791 584 electorum

2161 633 2444 670 numerum
2496 615 2794 670 etﬁcaeiter
2833 632 2863 668 a
2896 614 3127 670 Domino
3169 616 3280 670 Deo
3339 617 3607 688 consequi
3667 633 3793 672 me-

2161 715 2402 761 reantur.

2231 798 2502 868 Scriptum
2548 813 2644 865 per
2686 813 2907 851 manum
2955 797 3225 867 Stephani
3272 797 3470 853 notarii
3505 808 3562 852 et
3603 799 3793 871 regio-

2159 890 2295 943 narii
2330 897 2383 943 et
2412 888 2679 942 scriniarii
2713 897 2916 943 saneta
2949 888 3098 942 sedis
3129 890 3453 959 apostolica
3487 889 3540 943 in
3591 906 3790 944 mense

2157 983 2416 1037 Januario
2457 991 2511 1037 et
2557 983 2748 1037 indict.
2806 1000 2902 1037 xu.
2948 983 3077 1037 Data
3118 1001 3167 1036 χι
3206 984 3433 1038 Kalend.
3469 983 3786 1049 Februarii,

2165 1091 2262 1143 per
2309 1090 2528 1127 manum
2562 1073 2806 1127 Sicconis
2837 1073 3082 1143 episcOpi
3145 1083 3350 1128 sancta
3398 1074 3458 1127 N.
3497 1074 3788 1145 [Blerana]

2167 1162 2419 1216 Ecclesia
2440 1162 2506 1215 ad
2530 1162 2701 1215 vicem
2731 1162 2997 1215 Guidoms
3021 1161 3270 1232 epise0pi
3304 1169 3358 1216 et
3377 1163 3792 1217 bibliothecarii

2165 1260 2367 1304 saneta
2389 1251 2536 1303 sedis
2559 1251 2895 1320 apostolicae.
2931 1254 3105 1314 Anno,
3144 1251 3254 1305 Deo
3295 1252 3557 1322 prepitio,
3593 1253 3792 1322 ponti-

2160 1339 2352 1392 ticatus
2385 1338 2594 1391 domini
2635 1338 2865 1392 Joannis
2897 1337 3177 1408 pontificis
3207 1346 3261 1393 et
3301 1340 3632 1394 universalis
3663 1341 3784 1394 Xlll

2161 1446 2315 1500 papa
2374 1430 2426 1482 in
2491 1429 2860 1482 sacratissima
2917 1431 3049 1483 sede
3107 1431 3166 1483 D.
3240 1430 3382 1484 Petri
3436 1432 3674 1502 apostoli
3736 1449 3791 1486 iv

2163 1520 2279 1590 [ul.,
2311 1521 2385 1590 ιιι]
2436 1521 2533 1585 (9),
2589 1520 2802 1590 imperii
2849 1528 3032 1575 autem
3084 1522 3293 1576 domini
3334 1522 3548 1577 Ottonis
3595 1524 3783 1591 majo-

2166 1610 2239 1662 ris
2268 1625 2364 1670 vu,
2390 1609 2618 1663 minoris
2646 1624 2774 1663 vero
2807 1626 2863 1674 ιι,
2897 1615 2950 1663 et
2991 1610 3180 1664 indict.
3212 1626 3305 1665 xu.

2843 1804 2846 1810 ,
2905 1738 3034 1792 xw.

2164 1845 2398 1883 JOANNES
2456 1847 2548 1883 XIII
2605 1845 2941 1883 THEODORICO
2997 1846 3420 1886 ARCEIEPISCOPO
3470 1850 3792 1889 TIEVIRENSI

2665 1917 2831 1953 PALLIJ
2885 1917 3020 1954 USUM
3052 1917 3282 1954 TRIBUJT.

2797 1989 2970 2054 (Anno
2999 1987 3149 2056 969.)

2243 2087 2322 2155 [ln
2352 2083 2640 2138 Tabulario
2665 2083 2814 2156 regio
2849 2084 3119 2138 Berolino.
3149 2084 3219 2138 Ex
3237 2086 3463 2140 schedis
3494 2086 3714 2159 Pertzii]

2925 2215 3029 2270 XV.

2173 2323 2552 2360 BENEVENTANA
2611 2323 2771 2359 SEDES
2838 2323 3353 2362 ARCHIEPISCOPATUS
3407 2323 3601 2362 τιτυιο
3662 2325 3797 2364 KNS!-

2879 2395 3094 2432 GNITUR.

2799 2470 2976 2536 (Anno
3010 2471 3152 2536 969.)

2583 2569 2796 2638 [Manu
2849 2571 3044 2624 Concil.
3087 2570 3222 2634 XIX,
3257 2571 3372 2640 19.]

2241 2694 2490 2749 Jomses
2520 2696 2834 2766 episcopus,
2867 2713 3058 2752 servus
3082 2714 3362 2753 servorum
3397 2697 3512 2761 Dei,
3547 2699 3800 2755 dilectis-

2168 2780 2308 2835 simo
2329 2781 2488 2836 nobis
2510 2782 2855 2851 Lasounpno,
2879 2785 3182 2839 venerabili
3205 2792 3366 2857 atque
3397 2786 3592 2842 merito
3615 2787 3795 2842 bono-

2172 2872 2331 2927 rabili
2374 2875 2876 2931 Beneventanensis
2905 2885 2958 2931 et
2998 2877 3300 2948 Sipontina
3332 2879 3366 2932 S
3423 2878 3699 2947 Ecclesia,
3737 2888 3796 2934 et

2170 2963 2334 3018 modo
2366 2979 2465 3034 per
2503 2974 2702 3020 nostra
2729 2965 3047 3036 apostolica
3102 2966 3445 3021 auctoritatis
3474 2967 3800 3023 concessio-

2171 3072 2294 3110 nem
2329 3057 2763 3127 archiepiscopo.

443 3124 558 3200 sive
590 3124 909 3200 eoruindem
965 3124 1316 3201 fundatorum
1341 3124 1696 3215 auctoritate,
1740 3124 1807 3203 ad
1839 3167 1899 3203 se
1936 3165 2064 3220 per-
2089 3124 2138 3190 (ἶ
2238 3144 2367 3197 Cum
2397 3124 2608 3198 eertum
2632 3124 2703 3198 sit
2729 3146 2839 3200 Deo
2861 3144 3241 3200 servientibus
3265 3143 3568 3200 ineffabilia
3600 3149 3797 3202 aterni

444 3235 623 3289 tinent
653 3242 706 3289 et
737 3234 1014 3305 pertinere
1056 3234 1284 3297 debent,
1313 3245 1364 3288 et
1393 3235 1662 3306 quidquid
1705 3237 1934 3292 omnino
1967 3237 2060 3290 illa

445 3324 566 3394 ipsa
595 3323 830 3378 ecclesia
862 3323 1069 3394 ubique
1120 3332 1174 3377 et
1205 3339 1430 3395 quoquo
1463 3324 1660 3378 merito
1712 3325 1958 3394 possidet
2010 3331 2064 3378 et

447 3415 730 3486 possidere
761 3416 946 3482 debet,
989 3417 1324 3489 generaliter
1359 3424 1415 3471 et
1452 3417 1774 3487 specialiter
1803 3416 2067 3471 concedi-

448 3524 607 3571 mus;
647 3507 1121 3578 reformamusque
1171 3506 1399 3577 prafato
1437 3507 1776 3562 Theodorico
1817 3507 1968 3561 fratri
2011 3515 2066 3561 et

446 3598 779 3668 coepiseOpo
838 3605 1025 3653 nostro
1057 3597 1281 3668 suisque
1312 3599 1726 3652 successoribus
1767 3598 1832 3652 ad
1866 3612 2067 3668 perpe-

445 3698 592 3745 tuam
647 3697 849 3743 sancta
910 3689 1252 3743 Trevirensis
1311 3689 1570 3743 Ecclesia
1625 3689 2063 3744 dominationem

446 3791 608 3853 atque
642 3781 909 3836 ditionem
940 3796 1039 3850 per
1071 3781 1236 3848 hujus
1266 3788 1465 3835 nostra
1505 3780 1824 3851 apostolica
1858 3797 2068 3851 prace-

443 3873 650 3944 ptionis
679 3873 875 3928 seriem
905 3888 935 3926 a
959 3872 1215 3942 prasenti
1246 3889 1318 3925 xu
1347 3871 1654 3926 indictione
1697 3881 1750 3926 et
1780 3888 1960 3944 usque
1991 3872 2060 3926 ad

440 3959 606 4017 ﬁnem
651 3961 839 4017 saculi
879 3961 1188 4015 valituram.
1246 3959 1441 4013 Contra
1476 3977 1640 4030 quam
1673 3960 1718 4014 si
1770 3960 1894 4031 quis
1926 3960 2060 4030 quid

440 4050 688 4122 quolibet
725 4050 891 4104 modo
940 4064 1102 4120 agere
1126 4048 1556 4118 prasumpserit,
1609 4056 1663 4102 et
1712 4048 1860 4116 quod
1913 4048 2061 4116 juste

438 4147 492 4192 et
522 4138 790 4192 canonice
823 4153 852 4190 a
884 4137 1046 4191 nobis
1076 4137 1359 4191 decretum
1389 4145 1492 4204 est,
1526 4139 1582 4190 in
1625 4137 1812 4208 aliquo
1853 4136 2054 4190 infrin-

437 4247 567 4306 gere
598 4230 908 4295 tentaverit,
939 4230 1076 4284 sciat
1107 4247 1165 4284 se
1187 4247 1252 4284 ex
1285 4230 1380 4284 Dei
1401 4231 1798 4301 omnipotentis
1827 4240 1882 4286 et
1910 4247 2057 4301 pra-

438 4322 566 4376 dicti
616 4320 921 4376 beatissimi
954 4325 1328 4392 apostolorum
1381 4321 1650 4392 principis
1693 4321 2054 4392 omniumque

2166 3235 2320 3308 regni
2378 3236 2609 3306 praimia
2667 3236 2952 3298 reservari,
3004 3236 3163 3290 nobis
3210 3243 3392 3290 tamen
3425 3251 3657 3291 necesse
3700 3244 3794 3291 est

2171 3325 2366 3378 borum
2404 3323 2678 3379 beneficia
2706 3325 2788 3379 eis
2819 3324 3086 3392 tribuere,
3119 3331 3178 3379 ut
3209 3323 3264 3378 in
3305 3324 3399 3379 Dei
3432 3324 3692 3380 laudibus
3725 3341 3790 3380 ex

2170 3413 2615 3466 remuneratione
2672 3413 2890 3467 valeant
2941 3411 3320 3483 multipliciter
3380 3413 3662 3468 insudare.
3733 3415 3797 3468 Et

2168 3499 2300 3570 quia
2342 3500 2848 3554 Beneventanensis
2895 3501 3154 3567 Ecclesia,
3217 3501 3273 3554 in
3322 3501 3651 3556 exercendis
3695 3502 3796 3556 Dei

2170 3589 2426 3643 laudibus
2478 3606 2678 3664 magno
2727 3597 2924 3645 conatu
2985 3589 3190 3661 piaque
3236 3589 3510 3662 religione
3566 3590 3797 3657 insistit,

2169 3689 2335 3753 atque
2383 3698 2511 3755 erga
2549 3681 2914 3736 reverentiam
2965 3688 3171 3736 sancta
3222 3687 3277 3735 et
3315 3680 3639 3752 apostolica
3677 3682 3792 3736 Ro-

2169 3791 2346 3828 mana
2406 3773 2660 3828 Ecclesia
2710 3773 2988 3843 pracipue
3031 3770 3365 3826 exuberasse
3403 3773 3792 3844 cognovimus,

2167 3861 2313 3934 quod
2335 3860 2496 3916 nobis
2528 3860 2657 3914 olim
2685 3860 2832 3930 apud
2853 3876 2973 3914 eam
3007 3859 3358 3914 manentibus
3387 3860 3619 3917 omnino
3649 3876 3793 3917 con-

2165 3961 2271 4008 stat
2298 3953 2617 4017 inventum;
2651 3951 2923 4008 debemus
2944 3952 3129 4024 itaque
3160 3967 3226 4006 ex
3246 3952 3446 4006 ardore
3475 3952 3794 4020 eharitatis,

2163 4053 2327 4117 atque
2369 4045 2553 4100 studio
2608 4044 2781 4099 divini
2833 4044 3013 4100 cultus
3061 4060 3183 4098 eam
3226 4059 3393 4099 causa
3443 4043 3676 4100 honoris
3729 4062 3794 4102 ac

2158 4133 2479 4192 reverentia
2535 4132 2914 4188 sublimiorem
2948 4133 3094 4187 inter
3121 4139 3349 4188 caeteras
3397 4133 3685 4189 ordinare.
3730 4134 3794 4190 Et

2157 4228 2416 4300 quoniam
2465 4234 2654 4281 sancta
2692 4225 2856 4280 sedes
2903 4232 2988 4280 est
3041 4225 3134 4280 ubi
3191 4225 3338 4280 beati
3387 4227 3788 4282 Bartholomai

2158 4315 2392 4388 apostoli
2417 4331 2618 4386 corpus
2649 4315 2969 4386 requiescit,
3019 4314 3217 4369 merito
3265 4313 3428 4369 decet
3477 4323 3783 4388 augmento

434 4417 750 4465 sanctorum
781 4425 844 4464 ac
874 4408 1079 4463 deinde
1111 4416 1294 4463 nostra
1316 4410 1642 4464 auctoritate
1672 4409 2046 4464 damnandum
2069 4435 2127 4503 Β
2156 4409 2334 4464 cultus
2360 4407 2645 4478 amplioris
2675 4405 2963 4476 decorare,
2987 4405 3252 4478 quoniam
3280 4411 3335 4460 et
3356 4406 3426 4460 ad
3451 4406 3559 4460 hoc
3585 4405 3792 4463 divina

435 4507 490 4553 et
517 4496 1112 4564 anathematizandum,
1144 4505 1199 4551 et
1235 4513 1360 4551 cum
1388 4497 1648 4551 omnibus
1675 4496 1860 4565 impiis
1887 4503 2048 4550 ater-

435 4591 522 4645 nis
551 4590 839 4660 suppliciis
859 4589 1260 4659 deputandum.
1281 4590 1378 4654 Qui
1412 4604 1542 4643 vero
1560 4589 1665 4643 hoc
1695 4587 2047 4660 privilegium

435 4688 689 4736 nostrum
728 4681 1045 4736 observare.
1106 4680 1400 4736 custodire.
1455 4679 1760 4750 adimplere
1812 4677 2050 4734 fideliter

505 4865 580 4935 (9)
608 4866 827 4935 Imperii
851 4870 1025 4918 autem
1055 4865 1264 4918 domini
1289 4863 1498 4935 Ottonis
1536 4863 1768 4935 majoris
1799 4879 1894 4917 vu.
1928 4864 2044 4918 An-

436 4933 570 4990 num
594 4933 804 4991 Ottonis
833 4953 902 4989 vu
935 4937 1216 4990 Browerus
1265 4933 1523 4988 emendat
1551 4934 1604 4987 in
1639 4951 1757 4988 vui.
1792 4935 1956 4989 Recte
1990 4935 2044 4988 id

432 5007 688 5078 quidem:
748 5013 934 5077 posset
987 5014 1169 5061 tamen
1235 5005 1361 5078 inde
1421 5004 1792 5078 severioribus
1840 5005 2045 5078 criticis

433 5076 582 5131 nasci
623 5076 758 5132 ansa
787 5079 889 5131 hoc
915 5077 1160 5148 diploma
1187 5092 1250 5130 ex
1274 5076 1667 5148 chronologieo
1695 5076 1830 5148 vitio
1860 5076 2046 5148 impu;

470 5149 668 5212 nandi;
711 5149 854 5202 sicut
883 5146 1026 5203 idem
1072 5147 1164 5201 ille
1196 5163 1350 5202 error
1389 5146 1674 5202 materiam
1723 5146 2042 5217 disputandi

471 5219 658 5272 ederat
688 5219 758 5271 el.
806 5219 1036 5274 Eekhart
1087 5223 1149 5273 in
1197 5219 1459 5274 Animad.
1492 5221 1564 5272 ad
1613 5221 1704 5273 Fr.
1765 5219 2043 5273 Schannat

429 5291 590 5362 piae.
613 5290 800 5362 _Fu_l_(t,,
830 5305 884 5362 ιι.
907 5291 996 5362 29,
1023 5306 1147 5362 pag.
1190 5290 1260 5342 42
1287 5306 1460 5360 seqq.,
1484 5290 1757 5362 adversus
1788 5288 2039 5362 ejusdem

425 5359 657 5429 Joannis
685 5358 801 5410 Xlll
848 5358 1074 5426 bullam,
1097 5358 1264 5413 'anno
1311 5358 1583 5429 superiori
1625 5359 1876 5415 ecclesia
1908 5359 2036 5412 Ful-

426 5428 587 5500 densi
619 5443 937 5500 concessam
982 5446 1080 5500 pro
1113 5429 1349 5500 primatu
1379 5428 1660 5484 abbatiali.
1693 5431 1757 5483 At
1787 5429 1913 5500 quis
1944 5445 2042 5482 ne-

425 5496 532 5574 scit
560 5510 738 5574 annos
760 5496 1022 5574 .Ottonum
1063 5496 1170 5552 tam
1207 5499 1260 5552 in
1297 5500 1455 5574 italia
1486 5516 1648 5570 quam
1691 5496 1980 5574 Gerfnania
2011 5516 2044 5553 a

427 5564 660 5638 notariis
690 5563 929 5638 subinde
974 5584 1262 5638 perperam
1291 5568 1460 5623 fuisse
1504 5563 1865 5624 numeratos:
1900 5570 2043 5624 adeo

425 5636 576 5682 certe
605 5636 668 5682 ut
688 5633 1000 5697 respublica
1033 5633 1300 5689 litteraria
1331 5638 1609 5709 ingentem
1641 5648 1785 5694 esset
1816 5653 2044 5707 passura

2153 4495 2520 4552 miserationis
2558 4503 2812 4566 respectu
2852 4510 3038 4550 curam
3078 4493 3364 4568 regiminis
3401 4495 3786 4565 suscepimus,

2151 4598 2207 4644 et
2234 4589 2303 4642 ad
2355 4587 2668 4642 exhibenda
2718 4587 2828 4641 Deo
2869 4586 3063 4641 sedula
3119 4583 3366 4648 servitia,
3429 4590 3486 4640 et
3545 4601 3788 4644 canoras

2153 4677 2344 4732 laudes
2376 4675 2637 4746 potentia
2667 4691 2780 4730 sua
2811 4675 3041 4730 devotos
3071 4671 3341 4728 debemus
3369 4671 3611 4729 sollicite
3642 4674 3789 4732 invi-

2150 4870 2414 4942 stragem,
2566 4861 2768 4942 charta
2799 4860 3066 4942 qualibet
3117 4866 3174 4914 ut
3203 4859 3407 4942 spuria
3450 4857 3786 4940 abjieienda

2149 4931 2350 4997 forent,
2380 4931 2598 5000 quoties
2641 4931 2932 4988 chronicas
2963 4932 3220 4986 Ottonum
3255 4939 3412 4984 notas
3463 4931 3653 5000 spurie
3688 4947 3780 4986 re-

2149 5002 2350 5057 ferunt.
2388 5001 2496 5056 Hoc
2527 5003 2842 5058 observavit
2894 5004 3037 5056 inter
3065 5003 3202 5056 alios
3244 5001 3540 5054 Kettnerus
3573 5003 3774 5072 Antig.

2147 5074 2533 5146 Quidlinburg.
2598 5090 2720 5146 pag.
2761 5073 2888 5146 697,
2932 5073 3048 5144 qui,
3105 5081 3412 5146 postquam
3446 5071 3501 5124 in
3557 5071 3785 5146 concin-

2149 5145 2330 5198 nanda
2359 5161 2460 5199 sua
2495 5142 2729 5199 Historia
2786 5142 3063 5214 integrum
3113 5143 3214 5196 loci
3266 5142 3781 5214 archivumperlu-

2145 5222 2392 5281 strasset,
2417 5216 2658 5288 ingenue
2687 5215 2861 5288 fassus
2892 5224 2974 5268 est
3006 5229 3128 5288 sese
3156 5215 3209 5288 in
3243 5213 3610 5288 conciliandis
3633 5214 3783 5269 Otto-

2147 5302 2278 5340 num
2337 5282 2514 5352 annis,
2567 5286 2869 5357 praesertim
2925 5284 3511 5357 cumjindictionibus,
3575 5282 3779 5357 frustra

2146 5357 2470 5411 desudasse.
2519 5354 2591 5411 Eo
2634 5364 2812 5410 autem
2875 5355 3139 5408 remotior
3182 5354 3349 5409 debet
3409 5369 3534 5408 esse
3575 5355 3645 5407 ab
3677 5355 3781 5409 hac

2150 5434 2336 5481 nostra
2363 5427 2543 5482 omnis
2581 5426 2999 5481 subornationis
3027 5425 3290 5494 suspicio,
3321 5425 3472 5495 qnod
3502 5440 3624 5478 eam
3667 5425 3779 5479 sibi

2149 5497 2454 5552 exbibitam
2518 5505 2750 5552 testetur
2809 5497 2913 5550 Leo
2972 5496 3038 5548 1X
3097 5495 3407 5550 indubitato
3447 5495 3776 5565 diplomate,

2148 5567 2300 5638 quod
2327 5568 2398 5622 ad
2431 5585 2634 5622 annum
2668 5568 2804 5622 1049
2835 5566 3160 5620 referemus.
