3978 6214
214 356 330 410 97⁸7

1455 355 1784 411 EPISTOL/E
1825 357 1902 411 ΕΤ
1942 359 2182 414 DIPLOM
2193 361 2334 413 ΑΤΛ.

3454 369 3558 424 978

217 487 339 537 tare
399 483 586 552 Itaque
619 482 1040 552 praesidentibus
1073 482 1236 536 nobis
1292 483 1346 535 in
1394 489 1580 536 sancta
1633 482 1846 552 synodo
1879 489 1921 552 Α
1950 499 2079 556 gare
2109 493 2203 538 aut
2251 482 2554 550 destruere,
2589 485 2672 539 vel
2711 485 2954 556 aliquam
2983 484 3254 552 jacturam
3313 494 3408 541 aut
3452 503 3569 542 mo-

217 583 344 630 acta
397 584 522 630 ante
579 575 990 629 confessionem
1053 576 1198 629 beati
1263 576 1404 629 l’etri
1470 575 1844 646 apostolorum

222 667 495 737 principis
543 667 780 736 septimo
843 667 1110 720 Kalendas
1162 667 1374 730 Junias,
1440 665 1737 737 propositis
1792 665 1846 718 in

222 755 410 809 medio
477 755 841 808 sacrosanctis
899 762 1132 825 quatuor
1188 755 1520 828 Evangeliis,
1578 760 1847 824 praesente

221 845 454 900 domino
513 845 708 899 Ottone
758 844 1156 916 gloriosissimo
1205 845 1538 915 imperatore
1593 851 1844 917 augusto,

222 934 606 1003 Romanaque,
677 943 862 988 nostro
910 931 1043 989 tilio.
1098 949 1197 986 nec
1232 949 1338 987 non
1385 933 1643 988 Romanis
1681 939 1846 1002 atque

224 1021 454 1082 Italicis,
499 1030 552 1074 ct
593 1021 1033 1076 occidentalibus
1076 1023 1346 1096 religiosis
1398 1021 1841 1093 quaunplurimis,

222 1122 391 1183 atque
427 1112 591 1166 etiam
627 1113 916 1167 catholicis
947 1124 999 1166 et
1029 1114 1453 1183 sapientissimis
1484 1113 1652 1167 totius
1692 1111 1842 1166 ordi-

225 1203 314 1257 nis
341 1203 507 1268 viris;
548 1205 766 1258 hortatu
811 1205 1084 1274 siquidem
1128 1205 1370 1278 benigno
1413 1205 1586 1275 ipsius
1635 1202 1843 1274 praefati

225 1295 439 1349 domini
471 1296 882 1350 clementissimi
929 1296 1280 1366 imperatoris
1313 1295 1547 1366 augusti,
1581 1311 1688 1348 una
1722 1311 1843 1348 cum

222 1400 505 1437 consensu
549 1384 962 1438 infradictorum
1023 1384 1338 1454 praesulum,
1390 1395 1554 1455 atque
1604 1383 1854 1438 sacerdo-

227 1487 370 1542 tum,
411 1476 772 1546 omniumque
813 1476 1140 1529 clericorum
1172 1476 1224 1529 S.
1267 1477 1328 1530 R.
1373 1475 1434 1529 E.
1472 1475 1564 1546 qui
1627 1475 1856 1530 inferius

224 1567 696 1636 subscripserunt,
751 1565 952 1636 quibus
997 1606 1008 1618 .
1056 1610 1064 1619 .
1114 1608 1125 1620 .
1171 1567 1609 1620 Beneventanam
1653 1568 1839 1621 cathe-

228 1656 381 1709 dram
416 1656 555 1710 velle
589 1655 851 1717 exaltare,
887 1655 1384 1709 intervenientibus
1415 1655 1670 1708 videlicet
1704 1655 1839 1708 Lan-

228 1745 438 1814 dulpho
473 1745 875 1798 Bcneventanae
907 1752 959 1797 et
1001 1744 1269 1813 Capuanae
1326 1744 1540 1797 urbium
1574 1743 1840 1812 principe,

228 1853 327 1889 seu
367 1836 577 1906 Spoleti
617 1843 671 1888 et
695 1835 966 1888 Camerini
990 1835 1219 1888 ducatus
1253 1835 1568 1888 marchione
1600 1842 1652 1888 et
1683 1834 1840 1899 duce,

227 1929 502 2000 simulque
521 1936 574 1981 et
605 1927 924 1997 Landulpho
957 1927 1422 1981 excellentissimo
1451 1927 1700 1996 principe
1735 1926 1844 1979 lilio

230 2025 370 2091 ejus,
405 2041 563 2078 usum
605 2023 752 2093 pallii
788 2023 903 2084 tibi,
953 2022 1173 2093 praefato
1208 2023 1428 2092 praesul,
1462 2022 1528 2076 ad
1570 2021 1686 2075 sola
1717 2021 1844 2074 mis-

229 2132 411 2169 sarum
443 2114 713 2169 solemnia
739 2114 1056 2187 peragenda
1108 2114 1504 2176 concessimus,
1539 2113 1750 2166 scilicet
1789 2112 1842 2165 in

231 2211 316 2263 his
349 2208 764 2273 festivitatibus,
810 2208 861 2261 id
893 2217 996 2272 est,
1041 2207 1093 2260 in
1134 2208 1414 2262 nativitate
1445 2205 1684 2269 Domini,
1721 2206 1845 2275 Epi-

237 2301 474 2372 phaniae,
506 2299 912 2354 Puriftcationis
954 2307 1156 2356 sanctae
1196 2299 1290 2353 Dei
1332 2298 1618 2372 genitricis
1649 2304 1701 2351 et
1730 2297 1844 2350 Vir-

225 2389 371 2461 ginis
421 2389 624 2452 Mariae,
651 2388 908 2442 similiter
947 2397 1000 2442 et
1034 2388 1087 2441 in
1118 2388 1547 2441 Annuntiatione
1595 2387 1843 2453 ejusdem

227 2480 399 2532 beatae
441 2478 640 2540 Mariae,
670 2486 724 2530 et
756 2477 810 2530 in
844 2475 1086 2546 paschali
1128 2474 1444 2539 festivitate,
1478 2481 1531 2528 et
1564 2475 1615 2527 in
1644 2475 1842 2527 Ascen-

229 2569 387 2623 sione
419 2568 659 2633 Domini,
689 2574 741 2620 et
784 2567 1128 2628 Pentecoste,
1162 2575 1214 2618 et
1255 2564 1552 2618 festivitate
1587 2564 1639 2616 S.
1676 2564 1842 2618 Joan-

237 2660 320 2713 nis
352 2660 626 2730 Baptistae,
659 2666 714 2712 et
745 2659 797 2712 in
833 2658 1096 2712 natalitiis
1125 2659 1410 2711 beatorum
1443 2656 1843 2726 apostolorum,

230 2759 282 2806 et
314 2752 369 2805 in
403 2751 790 2820 Assumptione
821 2751 993 2804 beatae
1033 2750 1231 2812 Mariae,
1265 2748 1577 2819 pariterque
1608 2747 1660 2800 in
1696 2747 1846 2800 Nati-

231 2845 395 2898 vitate
439 2843 708 2909 ejusdem,
739 2843 1014 2914 simulque
1063 2849 1117 2896 et
1147 2842 1200 2894 in
1254 2840 1611 2895 Dedicatione
1642 2847 1843 2894 sanctae

232 2932 492 2987 Ecclesiae
527 2931 604 2985 tui
635 2931 1164 3002 archiepiscopatus,
1185 2947 1286 2985 nec
1308 2947 1416 2985 non
1447 2938 1499 2984 et
1522 2930 1574 2983 in
1603 2929 1692 2983 die
1711 2946 1843 2984 con-

229 3023 574 3086 secrationis,
609 3029 661 3076 et
690 3022 1108 3076 consecratione
1141 3023 1570 3090 episcOporum;
1607 3021 1845 3074 tribuen-

231 3123 311 3168 tes
343 3112 440 3166 tibi
475 3111 700 3181 insuper
729 3127 851 3164 cum
894 3127 960 3165 eo
1003 3118 1329 3180 potestatem
1361 3119 1413 3165 et
1463 3111 1726 3164 honorem
1761 3126 1842 3162 ar-

229 3203 697 3272 chiepiscOpatus,
725 3203 797 3256 ita
823 3210 880 3257 ut
910 3202 1222 3257 fraternitas
1263 3211 1374 3262 tua.
1409 3211 1460 3256 ct
1491 3217 1841 3256 successores

230 3296 305 3350 tui
331 3295 472 3350 infra
498 3311 649 3348 suam
684 3293 987 3356 ditecesim,
1040 3295 1094 3347 in
1131 3293 1266 3348 locis
1297 3294 1502 3365 quibus
1555 3293 1684 3347 olim
1723 3292 1840 3345 fue-

230 3391 368 3449 rant,
393 3399 613 3452 semper
639 3382 692 3435 in
721 3391 1044 3452 perpetuum
1078 3383 1377 3453 episc0pos
1410 3391 1718 3445 consecret,
1745 3379 1837 3451 qui

227 3481 422 3527 vestrae
470 3471 792 3539 subjaceant
835 3470 1029 3524 ditioni
1084 3471 1296 3524 scilicet
1339 3480 1540 3523 sanetae
1597 3469 1838 3538 Agathae,

230 3559 490 3626 Abellini,
522 3559 963 3624 Quintodecimo,
992 3558 1198 3623 Ariani,
1233 3559 1434 3623 Asculi,
1480 3557 1680 3622 Bibini,
1715 3557 1840 3610 Vul-

232 3654 473 3718 turariae,
517 3654 720 3720 Larini,
778 3655 1064 3720 Thelesiae,
1122 3654 1290 3707 Alil'ac.
1327 3654 1638 3721 Adjecimus
1674 3653 1838 3707 etiam

231 3752 289 3796 ut
320 3742 490 3796 utaris
514 3742 681 3812 pallio
713 3742 766 3796 in
799 3742 1188 3797 festivitatibus
1221 3743 1272 3794 Β.
1302 3742 1583 3796 Michaelis
1606 3743 1841 3796 archan-

229 3833 358 3902 geli,
390 3840 444 3887 et
465 3833 821 3888 translatione
854 3835 892 3886 B
941 3833 1323 3887 Bartholommi
1347 3833 1602 3904 apostoli.
1635 3833 1839 3887 Posteri

229 3941 358 3979 vero
386 3933 492 3979 tuae
526 3925 782 3980 Ecclesiae
809 3936 1054 3981 rectores
1080 3935 1201 3997 post
1229 3927 1441 3980 obitum
1467 3934 1616 3981 tuum
1644 3943 1840 3982 conse-

229 4016 529 4071 crationem
566 4017 739 4086 ipsius
763 4018 1292 4088 archiepiscopatus,
1317 4036 1379 4072 ac
1403 4020 1665 4074 honorem
1690 4019 1840 4089 pallii

230 4106 296 4158 ab
328 4105 429 4158 hac
463 4111 650 4159 sancta
678 4111 732 4159 et
758 4106 1082 4176 apostolica,
1123 4107 1208 4161 cui
1246 4109 1353 4162 Deo
1384 4117 1606 4162 auctore
1648 4108 1840 4162 deser-

161 4240 166 4242 -
229 4199 340 4266 vio,
366 4199 498 4254 sede
531 4200 855 4270 percipiant.
892 4199 1400 4274 Conﬁrmamusque
1427 4203 1522 4257 tibi
1551 4219 1840 4259 successo-

230 4293 493 4363 ribusque
515 4292 620 4344 tuis
648 4291 902 4346 similiter
934 4293 1226 4362 Sipontum
1255 4303 1306 4348 et
1341 4296 1628 4350 ecclesiam
1656 4297 1710 4348 Β.
1749 4297 1838 4349 .‘li-

229 4381 436 4436 chaelis
474 4380 788 4455 archangeli
841 4382 893 4435 in
925 4381 1105 4436 Monte
1137 4385 1405 4456 Gargano,
1441 4392 1494 4438 et
1547 4385 1840 4438 Varranum

228 4470 497 4541 Oppidum
529 4485 651 4524 cum
701 4469 914 4535 massis,
957 4476 1011 4524 et
1041 4471 1204 4536 villis,
1260 4482 1313 4526 et
1370 4472 1626 4527 omnibus
1675 4474 1845 4543 perti-

229 4561 433 4616 nentiis
454 4560 811 4615 ecclesiarum
861 4579 1105 4629 suarum,
1137 4563 1373 4634 qualiter
1421 4566 1488 4618 ab
1519 4574 1840 4620 antecesso-

230 4657 381 4710 ribus
409 4656 610 4710 nostris
648 4673 748 4727 per
778 4658 1194 4712 conces~ionem
1245 4660 1656 4735 privilegiorum
1714 4678 1845 4733 pos-

226 4747 394 4802 sideri
442 4747 715 4802 videntur.
769 4749 1026 4803 Statuens
1080 4749 1308 4820 insuper
1365 4753 1667 4822 apostolica
1721 4770 1843 4808 cen-

228 4853 353 4890 sura
381 4836 485 4890 sub
513 4836 683 4891 divini
707 4837 899 4905 judicii
945 4839 1338 4899 obtestatione,
1373 4850 1425 4894 et
1458 4842 1654 4894 validis
1678 4850 1842 4914 atque

230 4926 508 4981 atrocibus
565 4926 932 4981 anathematis
981 4927 1489 5002 interdictionibus.
1554 4937 1610 4984 ut
1659 4932 1842 4985 nullus

231 5038 471 5094 unquam
504 5021 735 5090 alicujus
767 5021 1051 5094 dignitatis
1080 5030 1350 5093 potestate
1385 5025 1647 5093 praeditus
1680 5027 1841 5082 homo

233 5122 549 5185 praesumat,
601 5115 683 5168 vel
717 5115 881 5169 etiam
935 5132 1284 5187 quaecunque
1317 5135 1512 5191 magna
1570 5137 1843 5192 parvaque

232 5221 468 5276 persona
496 5221 720 5276 quoquo
753 5207 916 5261 modo
950 5207 1147 5262 audeat
1178 5209 1480 5268 destruere.
1529 5211 1655 5264 dum
1719 5229 1845 5282 pro-

228 5295 372 5350 fecto
422 5294 742 5365 perenniter
788 5295 1149 5369 irrcfragabili
1201 5299 1324 5368 jure
1380 5301 1732 5356 decernimus
1787 5314 1844 5360 ut

227 5386 480 5440 ordinata
512 5385 566 5439 in
600 5401 699 5439 suo
756 5402 876 5440 esse
907 5396 1165 5442 maneant
1193 5407 1204 5442 :
1248 5389 1292 5443 si
1352 5401 1557 5455 tamen,
1592 5402 1648 5446 ut
1678 5411 1843 5465 supra

228 5477 435 5533 dictum
455 5483 560 5545 est,
591 5493 940 5532 successores
968 5479 1042 5532 tui
1072 5496 1102 5532 a
1135 5487 1319 5535 sancta
1355 5483 1598 5538 Romana
1629 5495 1682 5539 et
1707 5503 1842 5556 apo-

227 5566 420 5622 stolica
446 5566 577 5621 sede
609 5568 1084 5622 consecrationem
1109 5578 1162 5623 et
1191 5586 1346 5623 usum
1378 5573 1525 5641 pallii
1554 5574 1841 5628 decretali-

230 5661 312 5709 ter
369 5657 622 5726 accipere
663 5671 773 5710 non
806 5655 1135 5710 distulerint.
1193 5657 1244 5710 Si
1277 5659 1399 5728 quis
1429 5668 1630 5721 autem,
1694 5664 1840 5732 quod

237 5761 346 5801 non
375 5753 649 5818 Optamus,
686 5745 894 5800 nefario
918 5763 1054 5801 ausu
1086 5749 1496 5818 praesumpserit
1529 5750 1644 5803 haec
1673 5750 1841 5805 refra-

1873 1795 1923 1863 Β

1951 571 2161 625 lestiam
2205 570 2425 637 inferre,
2465 572 2536 626 sit
2575 572 2940 627 anathematis
2992 573 3568 640 vinculisinnodatus,

1949 665 2148 712 etcum
2176 659 2393 713 diabolo
2434 667 2489 714 et
2524 661 2644 728 ejus
2671 660 3030 716 atrocissimis
3073 661 3310 731 pompis,
3360 669 3415 716 et
3444 679 3567 718 cum

1948 748 2087 803 Juda
2146 751 2421 820 proditore
2456 752 2667 806 Domini
2729 751 2898 806 nostri
2949 753 3081 806 Jesn
3113 752 3330 819 Christi,
3373 761 3565 828 aeterni

1948 844 2203 914 supplicii
2239 844 2497 899 incendio
2553 845 3011 899 concremandus.
3065 848 3127 898 At
3175 862 3303 901 vero
3336 849 3426 917 qui
3473 848 3564 918 pio

1949 933 2146 987 intuitu
2205 933 2527 988 observator
2577 945 2631 988 et
2659 934 2713 988 in
2767 934 3025 988 omnibus
3067 935 3333 988 exstiterit
3379 946 3559 991 custo-

1945 1023 2104 1078 diens
2134 1025 2449 1092 hujusmodi
2481 1025 2766 1096 apostolici
2822 1025 3082 1091 instituti,
3126 1025 3190 1078 ad
3225 1028 3430 1080 cultum
3468 1029 3560 1082 Dei

1949 1114 2268 1184 respiciens,
2329 1115 2736 1169 benedictionis
2792 1116 3019 1184 gratiam
3073 1133 3102 1170 a
3157 1117 3561 1171 misericordis-

1947 1206 2087 1259 simo
2148 1207 2374 1261 Domino
2423 1208 2532 1261 Deo
2591 1215 2782 1262 nostro
2827 1207 3214 1278 multipliciter
3251 1224 3563 1281 consequa-

1956 1305 2060 1360 tur,
2095 1307 2149 1351 et
2179 1297 2300 1351 vitae
2317 1306 2538 1353 aeternae
2565 1299 2838 1368 particeps
2867 1297 3011 1353 effici
3043 1306 3318 1352 mereatur
3372 1303 3564 1354 Amen.

2028 1390 2295 1459 Scriptum
2329 1407 2425 1459 per
2455 1407 2674 1444 manum
2714 1390 2977 1461 Stephani
3008 1391 3280 1446 scriniarii
3321 1392 3374 1445 S.
3411 1392 3471 1446 Β.
3508 1392 3564 1446 Ε.

1957 1482 2011 1534 in
2036 1497 2226 1534 mense
2256 1481 2398 1545 Maii,
2433 1481 2624 1536 indict‘.
2655 1481 2738 1536 12.

2029 1569 2138 1643 Ego
2167 1570 2408 1624 Joannes
2466 1578 2668 1625 sanctae
2698 1571 2980 1625 catholicae
3012 1580 3066 1625 et
3096 1573 3413 1641 apostolicae
3463 1574 3564 1629 Βοο

1945 1678 2117 1715 manae
2149 1662 2400 1717 Ecclesiae
2430 1663 2546 1716 Xlll
2580 1679 2720 1733 papa
2761 1663 2817 1716 in
2864 1664 2965 1717 hoc
2997 1664 3284 1738 privilegio
3315 1681 3344 1718 a
3399 1666 3559 1720 nobis

1946 1750 2287 1821 promulgata
2319 1767 2484 1804 manu
2517 1752 2738 1821 prepria
2768 1751 2977 1806 snbscr.

2018 1844 2056 1908 1-
2081 1846 2116 1909 1L
2144 1843 2368 1916 Signum
2397 1843 2546 1897 dom.
2581 1843 2791 1897 Ottonis
2820 1844 3046 1912 piissimi
3082 1844 3444 1914 imperatoris.

2020 1935 2173 1989 Sicos
2213 1976 2226 1991 .
2272 1979 2283 1990 .
2330 1977 2342 1988 .
2389 1975 2401 1989 .
2445 1937 2699 1990 Ecclesiae
2741 1937 2794 1990 in
2838 1921 2948 1991 hoc
2970 1937 3252 2009 privilegio
3294 1938 3553 1992 consensi

1947 2033 2000 2080 et
2023 2027 2234 2085 subscr.

2017 2118 2257 2172 Joannes
2286 2119 2582 2189 episcopus
2620 2119 2886 2175 Galisanae
2919 2121 3060 2175 Eccl.

2017 2211 2256 2266 Joannes
2285 2211 2579 2282 episc0pus
2609 2212 2912 2284 Anagninae
2946 2213 3083 2267 Eccl.

2019 2300 2262 2355 Marinus
2292 2299 2590 2370 episcopus
2621 2310 2822 2354 sanctae
2854 2301 3108 2354 Surensis
3143 2300 3282 2355 Eccl.

2023 2389 2350 2444 Benedictus
2371 2389 2667 2459 epiSCOpus
2688 2397 2893 2444 sanctae
2913 2390 3319 2444 Terracinensis
3345 2391 3485 2444 Eccl.

2021 2485 2123 2540 Leo
2153 2485 2447 2555 episcopus
2463 2493 2664 2538 sanctae
2699 2485 2960 2540 Ostiensis
2990 2486 3130 2539 Eccl.

2021 2578 2348 2632 Benedictus
2378 2577 2674 2646 episcopus
2695 2586 2894 2632 sanctae
2936 2577 3249 2632 Portuensis
3275 2578 3415 2632 Eccl.

2020 2671 2311 2742 Gregorius
2339 2671 2632 2741 episcopus
2653 2678 2856 2724 sanctae
2889 2671 3216 2724 Albanensis
3249 2670 3390 2724 Eccl.

2017 2767 2257 2822 Joannes
2287 2766 2581 2836 episcopus
2609 2773 2812 2820 sanctae
2845 2765 3184 2819 Salernitatae
3219 2765 3357 2818 Eccl.

2015 2855 2254 2911 Joannes
2299 2855 2522 2909 humilis
2575 2855 2870 2925 episcopus
2928 2863 3128 2908 sanctae
3184 2851 3560 2907 Castranensis

1949 2946 2226 3000 Ecclesiae.

2016 3037 2257 3091 Joannes
2313 3036 2608 3106 episcopus
2661 3042 2862 3089 sanctae
2917 3033 3250 3087 Sarsinaten.
3306 3033 3560 3086 Ecclesiae.

1865 3155 1919 3226 c
1944 3127 2202 3182 consensi
2227 3134 2282 3180 et
2312 3127 2523 3181 subscr.

2015 3215 2329 3284 Stephanus
2371 3215 2668 3286 episcopus
2698 3221 2902 3268 sanctae
2935 3212 3254 3266 Ficodensis
3313 3210 3565 3265 Ecclesiae

1941 3307 2216 3363 consensi

2015 3397 2407 3452 Constantinus
2438 3398 2606 3468 episc.
2655 3437 2666 3450 .
2715 3435 2728 3448 .
2768 3437 2782 3452 .

2019 3490 2234 3563 lgnizzo
2269 3491 2566 3561 episcopus
2598 3489 2811 3544 Floren.
2848 3488 2986 3542 Eccl.

2021 3578 2293 3632 llubertus
2324 3579 2620 3650 episcopus
2665 3621 2676 3632 .
2726 3619 2738 3631 .
2787 3621 2797 3631 .
2840 3575 3160 3646 subscripsi.

2019 3669 2299 3724 Guifridus
2330 3671 2626 3740 episcopus
2655 3678 2857 3724 sanctae
2885 3667 3276 3724 Virodunensis
3311 3666 3453 3722 Eccl.

2016 3760 2316 3834 Sigulphus
2370 3768 2572 3815 sancta
2627 3759 2959 3815 Placentinae
3008 3757 3262 3813 Ecclesiae
3308 3757 3560 3813 consensi

1944 3857 1998 3905 et
2029 3847 2355 3918 subscripsi.

2021 3935 2387 4010 Luitgrandus
2415 3935 2711 4006 episcopus
2739 3933 2980 3989 interfui.

2024 4031 2194 4084 Bozzo
2221 4028 2514 4097 episcopus
2543 4034 2744 4081 sanctae
2772 4026 3019 4082 Astensis
3048 4026 3189 4081 Eccl.
3214 4025 3487 4081 consensi.

2019 4118 2286 4173 Abraham
2317 4122 2517 4171 sanctae
2570 4115 2940 4187 Frinsigensis
2985 4115 3237 4171 Ecclesiae
3266 4114 3564 4185 cpiscopus

1943 4209 2218 4268 consensi.

2019 4303 2266 4357 Baterius
2307 4302 2606 4373 episcopus
2651 4305 2856 4354 sanctae
2910 4299 3220 4353 Marsicanae
3256 4298 3393 4353 Eccl.
3428 4314 3562 4352 con-

1945 4397 2092 4456 sensi
2127 4404 2179 4451 et
2205 4393 2525 4464 subscripsi.

2022 4486 2354 4559 Beginaldus
2383 4492 2586 4537 sanctae
2630 4482 3020 4537 Rubilanensis
3067 4483 3320 4537 Ecclesiae
3353 4481 3567 4551 episco-

1951 4598 2050 4652 pus
2080 4577 2333 4634 consensi
2368 4583 2420 4630 et
2449 4573 2771 4642 subscripsi.

2021 4673 2306 4728 Albericus
2341 4671 2395 4724 S.
2431 4667 2674 4722 Reatina:
2722 4667 2978 4721 Ecclesiae
3007 4667 3302 4738 cpiscopus
3346 4666 3561 4723 subscr.

2020 4762 2323 4817 Domninus
2373 4755 2830 4825 archipresbyter.
2895 4755 2950 4808 S.
2996 4755 3054 4808 Β.
3116 4755 3170 4807 Ε.
3225 4755 3479 4810 consensi
3510 4765 3570 4812 et

1944 4854 2157 4910 subseri
2167 4853 2272 4924 psi.

2021 4945 2366 5001 Crescentius
2397 4939 2679 5012 presbyter
2707 4935 2858 4990 card.
2911 4936 2966 4988 S.
3002 4935 3064 4988 Β.
3114 4935 3168 4995 Ε.
3219 4936 3473 4990 consensi
3510 4946 3568 4992 et

1947 5036 2273 5106 subscripsi.

2013 5130 2457 5201 'lheophylactus
2505 5125 2538 5176 S
2594 5123 2655 5176 Β.
2713 5118 2996 5192 presbyter
3025 5119 3283 5172 consensi
3327 5128 3379 5172 et
3434 5121 3561 5174 sub-

1947 5219 2164 5291 scripsi.

2022 5311 2350 5366 Benedictus
2367 5300 2854 5362 archidiaconasS.
2883 5299 2941 5352 ll.
2970 5299 3027 5352 E.
3057 5297 3332 5353 consensi.

2018 5403 2128 5474 Ego
2175 5399 2485 5456 Bonifacius
2537 5393 2759 5450 humilis
2789 5391 3053 5445 diaconus
3103 5390 3155 5441 S.
3213 5389 3273 5442 R.
3321 5387 3376 5441 E.
3434 5405 3572 5446 con-

1951 5493 2118 5548 sensi.
2466 5548 2478 5563 ,

2020 5587 2124 5640 Leo
2156 5584 2425 5637 diaconus
2455 5582 2507 5634 S.
2546 5580 2604 5633 R.
2643 5579 2698 5631 Ε.
2724 5575 2999 5631 consensi.

2014 5677 2259 5730 Joannes
2290 5671 2664 5726 subdiaconus
2692 5668 2748 5720 S.
2781 5667 2843 5720 Β.
2889 5665 2942 5718 Ε.
2973 5664 3246 5720 consensi.

2016 5772 2210 5826 Datum
2241 5785 2311 5821 vn
2334 5766 2446 5821 Kal.
2475 5764 2622 5819 Junii
2649 5779 2746 5832 per
2777 5778 2999 5816 manum
3023 5762 3287 5818 Guidonis
3309 5761 3554 5834 episcopi
