3978 6214
402 326 508 379 979

1725 314 1995 369 IOANNIS
2037 315 2154 369 XIII
2196 316 2397 370 ΡΑΡᾹΞ.

3635 322 3756 379 980

405 464 608 511 sanctae
656 452 1067 507 Silvaecandidae
1123 452 1399 513 Ecclesiae,
1439 460 1493 503 et
1525 448 1776 503 bibliotb.
1808 453 2011 501 sanctae
2041 449 2091 516 Α
2115 446 2310 501 sultior
2330 454 2384 501 et
2414 445 2790 501 honorabilior
2821 454 3005 501 nostra
3057 448 3361 518 apostolica
3409 451 3763 507 auctoritate

407 544 557 597 sedis
585 540 919 611 apostolicae,
952 554 1098 591 anno
1130 538 1376 607 pontitic.
1408 536 1617 590 domini
1652 534 1821 589 nostri
1848 534 2016 587 Ioan—

408 632 493 685 nis
542 631 655 683 XIII
692 644 847 699 papae
880 645 950 682 IV.
986 626 1333 696 imperatoris
1371 626 1583 679 Ottonis
1640 623 1855 689 Majoris
1887 621 1937 683 7,
1965 628 2018 673 et

406 723 631 780 Minoris
673 740 731 786 ιι,
766 722 955 775 indict.
989 718 1304 789 supradicta
1334 718 1682 780 duodecima,
1731 731 1877 771 anno
1914 716 2020 769 Do-

406 814 625 869 minicae
650 811 1046 867 Incarnationis
1064 810 1188 864 969.

1148 922 1278 976 XVI.

475 1035 691 1074 JOANNIS
723 1034 871 1071 PAPE
907 1033 997 1070 XIII
1039 1029 1383 1068 Ρκινιιεϐιωί
1450 1027 1553 1066 1³Πο
1604 1025 1947 1066 IONASTERIO

1063 1100 1334 1139 PULDENSI.

1043 1175 1218 1242 (Anno
1248 1173 1395 1238 969.)

487 1271 660 1341 [Apud
692 1269 925 1333 Dronke,
967 1269 1094 1322 Cod.
1136 1268 1356 1337 diplom.
1392 1267 1573 1327 Fuld.,
1609 1281 1732 1338 pag.
1784 1263 1888 1320 330
1918 1264 1953 1334 .]

482 1363 717 1417 Joannes
746 1361 1062 1431 episcOpus,
1095 1375 1287 1413 servus
1331 1373 1609 1412 servorum
1654 1357 1769 1421 Dei,
1820 1356 2027 1410 charis-

415 1453 556 1505 simo
588 1450 747 1505 nobis
787 1451 841 1503 in
876 1448 1086 1502 Christo
1126 1446 1240 1501 tilio
1273 1446 1630 1499 Wamsnxmo
1670 1446 1809 1499 sacri
1840 1459 2028 1499 coeno-

416 1548 495 1601 bii
528 1544 811 1601 Fuldensis
837 1543 1020 1597 abbati
1068 1542 1487 1616 religiosissimo
1535 1547 1590 1593 et
1635 1556 1731 1610 per
1760 1555 1884 1594 eum
1917 1555 2031 1593 31118

417 1634 835 1690 successoribus
859 1630 1156 1686 abbatibus
1190 1630 1244 1683 in
1276 1638 1605 1700 perpetuum

2120 544 2439 605 permaneat
2513 536 2906 607 Constituimus
2956 552 3180 608 quoque
3231 555 3330 608 per
3374 539 3540 608 hujus
3569 541 3762 594 nostri

2119 628 2327 682 decreti
2362 628 2616 699 paginam
2657 638 2716 682 ut
2771 628 3087 699 quicunque
3144 630 3439 699 cujuslibet
3486 632 3765 687 ecclesiae

2122 720 2322 789 praesul
2379 721 2463 774 vel
2522 737 2853 792 quacunque
2905 722 3173 795 dignitate
3215 723 3443 793 praedita
3501 739 3767 795 persona

2123 809 2269 861 hunc
2318 808 2491 862 nostri
2558 809 2828 885 privilegii
2890 817 3137 866 tenorem
3195 827 3360 883 quem
3412 813 3766 868 auctoritate

2124 898 2423 952 beatissimi
2457 900 2831 969 apostolorum
2866 901 3133 973 principis
3162 903 3322 972 cujus
3352 904 3474 958 vice
3506 904 3767 973 fruimur

2124 987 2513 1042 conﬁrmamus
2551 999 2603 1042 et
2645 990 3150 1057 recorroboramus,
3205 991 3416 1047 violare
3476 970 3768 1048 eftrans-

2126 1083 2280 1156 gredi
2316 1084 2623 1147 tentaverit,
2656 1085 2949 1139 anathema
2978 1086 3048 1140 sit
3085 1096 3142 1140 et
3173 1086 3305 1142 iram
3341 1088 3434 1142 Dei
3488 1090 3770 1159 omnipo-

2128 1176 2295 1229 tentis
2328 1176 2613 1231 incurrens
2643 1192 2672 1229 a
2700 1184 2846 1230 coetu
2892 1177 3143 1231 omnium
3174 1185 3489 1232 sanctorum
3525 1178 3768 1234 alienus

2128 1264 2321 1319 existat
2350 1274 2404 1319 et
2433 1265 2793 1320 nihilominus
2833 1266 3042 1336 praefati
3076 1269 3392 1323 monasterii
3447 1268 3705 1341 dignitas
3738 1287 3772 1324 a

2130 1356 2293 1411 nobis
2350 1356 2562 1411 indulta
2626 1358 3020 1427 perpetualiter
3086 1359 3347 1414 inviolata
3426 1369 3769 1431 permaneat

2130 1448 2433 1518 apostolica
2463 1448 2518 1501 in
2550 1448 2809 1503 omnibus
2839 1449 3164 1514 auctoritate
3196 1452 3454 1509 subnixa.

2203 1542 2472 1611 Scriptum
2500 1558 2595 1613 per
2626 1559 2844 1597 manum
2879 1544 3145 1615 Stephani
3178 1546 3448 1600 scriniarii
3480 1554 3533 1602 et
3568 1547 3770 1621 regio—

2134 1632 2271 1685 narii
2301 1640 2503 1686 sanctae
2540 1632 2797 1686 Romanae
2832 1632 3107 1699 Ecclesiae,
3143 1634 3196 1687 in
3253 1650 3443 1689 mense
3491 1635 3766 1691 Octobrio

490 1727 1013 1811 Desideriumquod
1054 1726 1122 1780 ad
1173 1725 1460 1799 religionis
1512 1724 1855 1795 propositum
1911 1739 2032 1776 san-
2063 1765 2108 1831 Β
2132 1733 2185 1777 et
2226 1723 2528 1777 indictione
2563 1724 2717 1778 tertia
2745 1724 2980 1779 decima.

418 1818 1009 1889 ctorumquelocorum
1060 1815 1414 1869 stabilitatem
1457 1814 1733 1884 pertinere
1766 1822 2033 1867 monstra-

422 1920 507 1966 tur
535 1913 654 1965 sine
697 1911 882 1981 aliqua
908 1915 990 1963 est
1022 1909 1130 1962 Deo
1170 1916 1391 1961 auctore
1433 1922 1583 1961 mora
1612 1904 2032 1976 perliciendum,

422 2006 479 2054 ut
509 2017 572 2053 ex
604 2000 708 2054 hoc
722 1999 875 2069 vigor
896 1996 1181 2069 religionis
1200 2003 1404 2048 sanctae
1429 1994 1729 2048 roboretur
1753 2001 1808 2047 et
1826 1994 2032 2047 eisdem

419 2088 622 2142 sanctis
666 2087 800 2141 locis
838 2086 985 2139 salus
1049 2091 1103 2138 et
1134 2084 1470 2137 indemnitas
1518 2082 1820 2143 solidetur;
1875 2080 2037 2136 nobis

422 2191 643 2247 quoque
703 2174 836 2229 lucri
891 2172 1233 2243 potissimum
1318 2169 1603 2241 praemium
1663 2185 1695 2222 a
1749 2170 2037 2224 conditore

422 2272 668 2328 omnium
702 2271 810 2324 Deo
846 2268 900 2322 in
932 2250 1117 2338 regnis
1154 2265 1472 2320 caelestibus
1505 2263 1820 2319 ascribatur.
1873 2262 2041 2333 lgitur

423 2365 554 2437 quia
582 2379 679 2433 per
710 2363 1080 2416 interventum
1123 2357 1311 2413 domni
1353 2357 1564 2412 Ottonis
1593 2354 2037 2411 excellentissimi

425 2454 770 2527 piissimique
803 2451 1151 2523 imperatoris
1180 2450 1432 2521 Augusti,
1465 2448 1747 2519 nostrique
1779 2445 2043 2517 spiritalis

426 2547 526 2600 filii
581 2554 635 2601 et
665 2551 868 2599 sanctae
928 2543 1182 2597 Ecclesiae
1230 2541 1559 2603 defensoris,
1612 2538 2045 2610 praenominatus

433 2633 808 2688 Werinharius
837 2632 1008 2686 abbas
1049 2630 1345 2701 postulavit
1383 2646 1413 2683 a
1444 2629 1603 2683 nobis
1632 2635 1904 2699 quatenus
1944 2644 2042 2681 ve-

426 2726 671 2781 nerabile
727 2724 1122 2778 monasterium
1174 2721 1263 2776 cui
1324 2736 1563 2791 praeesse
1622 2720 1839 2773 videtur
1895 2718 2044 2789 quod

425 2820 554 2874 olim
589 2834 619 2871 a
658 2824 859 2870 sanctae
910 2815 1187 2870 memoriae
1222 2812 1500 2867 Bonifacio
1543 2812 1805 2881 episc0po
1842 2810 1909 2864 ad
1942 2810 2046 2863 ho-

427 2924 618 2963 norem
651 2906 744 2961 Dei
802 2912 854 2958 et
890 2903 1100 2957 Domini
1150 2901 1321 2955 nostri
1355 2900 1651 2955 Salvatoris
1683 2900 1736 2952 in
1788 2900 1908 2954 loco
1949 2898 2043 2970 qui

426 3004 652 3051 vocatur
683 2994 921 3049 Boeonia
970 3008 1099 3065 erga
1131 2991 1305 3060 ripam
1350 2990 1596 3044 ﬂuminis
1626 2989 1882 3044 Wultaha
1911 3006 2047 3043 con-

426 3093 693 3141 structum
729 3083 997 3157 privilegii
1051 3098 1276 3135 summae
1309 3080 1459 3135 sedis
1499 3080 1817 3151 apostolicae
1856 3080 2046 3134 infulis

427 3179 751 3233 decoretur:
786 3184 839 3229 et
871 3175 1011 3229 sicut
1059 3189 1158 3244 per
1208 3172 1536 3228 sanctissimi
1594 3189 1747 3243 papae
1776 3171 2044 3225 Zacharize

426 3267 874 3324 constitutionem
907 3266 1252 3335 aliorumque
1286 3263 1687 3318 venerabilium
1722 3262 2041 3334 pontificum

430 3360 900 3432 praedecessorum
932 3357 1403 3426 decessorumque
1432 3362 1741 3409 nostrorum
1772 3360 2045 3425 praecepta

427 3454 624 3508 ditioni
652 3459 853 3507 sanctae
904 3458 1124 3516 nostrae,
1157 3450 1245 3505 cui
1296 3452 1405 3505 Deo
1434 3458 1654 3504 auctore
1685 3449 2046 3514 deservimus,

429 3543 684 3597 Ecclesiae
699 3542 1048 3612 subpositum
1064 3548 1167 3605 est,
1183 3539 1259 3594 ita
1276 3540 1558 3610 perpetuis
1574 3538 1917 3609 temporibus
1933 3554 2050 3608 per-

428 3639 640 3685 severet
671 3639 724 3685 et
755 3630 959 3684 nullius
991 3645 1233 3701 unquam
1274 3629 1503 3683 alterius
1543 3628 1797 3683 Ecclesiae
1821 3628 2050 3697 jurisdi-

428 3722 707 3777 ctionibus
729 3721 1101 3776 submittatur.
1128 3722 1496 3791 Quapropter,
1522 3720 1628 3789 piis
1651 3720 1948 3774 desideriis
1970 3720 2047 3773 fa-

429 3825 643 3882 ventes,
694 3815 796 3868 hac
842 3821 1029 3867 nostra
1083 3812 1406 3866 auctoritate
1456 3810 1507 3863 id
1543 3812 1693 3881 quod
1737 3812 2051 3882 exposcitur

429 3904 599 3979 digno
630 3902 850 3958 effectui
875 3902 1287 3972 mancipamus;
1322 3900 1559 3971 ideoque
1576 3916 1798 3956 omnem
1826 3902 2049 3970 cujusli-

428 3998 521 4052 bet
547 3998 799 4052 Ecelesiae
815 3995 1159 4050 sacerdotem
1183 3994 1238 4047 in
1264 3992 1493 4064 praefato
1516 3995 1858 4049 monasterio
1878 3994 2048 4049 ditio—

428 4107 552 4145 nem
581 4090 884 4163 quamlibet
937 4089 1144 4143 habere
1187 4096 1284 4143 aut
1311 4088 1691 4143 auctoritatem
1734 4096 1934 4160 praeter
1959 4105 2049 4143 se-

430 4185 556 4239 dem
588 4184 947 4253 apostolicam
983 4182 1371 4253 prohibemus:
1406 4181 1478 4235 ita
1518 4190 1580 4235 ut
1610 4182 1715 4235 nisi
1748 4182 1816 4235 ab
1845 4181 2046 4236 abbate

429 4278 745 4333 monasterii
800 4278 964 4333 fuerit
1018 4278 1276 4333 invitatus
1334 4294 1437 4332 nec
1490 4276 1782 4331 missarum
1839 4276 2044 4331 ibidem

428 4371 697 4426 solemnia
729 4371 1003 4442 quispiam
1048 4378 1344 4440 praesumat
1389 4369 1707 4424 omnimodo
1741 4368 2040 4435 celebrare,

2208 1813 2399 1866 Datum
2435 1828 2481 1864 vl
2536 1812 2661 1865 ldus
2715 1812 3058 1876 Novembris,
3094 1828 3192 1884 per
3229 1830 3451 1869 manum
3501 1813 3769 1869 Widonis

2137 1904 2382 1974 episcOpi
2444 1910 2498 1957 et
2528 1903 2929 1958 bibliothecarii
2978 1913 3182 1959 sanctae
3222 1906 3371 1960 sedis
3409 1906 3765 1975 apostolicae,

2136 2009 2282 2047 anno
2316 1992 2667 2063 pontificatus
2695 1993 2883 2047 domni
2910 1994 3080 2048 nostri
3112 1993 3343 2049 Joannis
3374 1995 3517 2048 tertii
3552 1995 3765 2048 decimi

2140 2097 2295 2152 papae
2322 2091 2537 2153 quarto,
2568 2081 2785 2152 imperii
2816 2098 2946 2136 vero
2978 2083 3166 2137 domni
3199 2084 3369 2138 nostri
3401 2083 3621 2138 Ottonis
3652 2084 3765 2136 Au-

2138 2171 2281 2244 gusti
2310 2170 2532 2239 majoris
2577 2180 2770 2227 octavo
2820 2179 2873 2225 et
2900 2171 3133 2227 minoris
3162 2173 3430 2240 secundo,
3494 2172 3767 2227 indictio-

2142 2277 2211 2316 ne
2237 2278 2352 2315 XIII.

2867 2353 3026 2410 XVII.

2140 2462 2354 2501 JOANNIS
2392 2462 2486 2499 XIII
2519 2463 2863 2501 PRIVILEGIUM
2910 2462 3013 2501 ΡΙιο
3047 2462 3384 2502 MONASTERIO
3410 2465 3455 2500 δ.
3490 2463 3765 2501 νιΝοεΝτιι

2830 2534 3050 2571 Μετεκει
3061 2561 3071 2572 .

2776 2608 2953 2673 (Anno
2981 2608 3132 2675 970.)

2151 2718 2321 2789 [Apud
2369 2718 2540 2780 Pertz,
2592 2720 2827 2772 Monum.
2871 2719 3045 2774 Germ.
3099 2718 3227 2771 hist.
3291 2716 3467 2789 Scrip.
3504 2723 3635 2772 tom.
3673 2717 3763 2781 IV,

2800 2828 2925 2885 pag.
2961 2810 3105 2882 471.]

2216 2919 2457 2974 Joaaass
2478 2920 2797 2990 episcolius,
2830 2936 3021 2974 servus
3047 2934 3328 2980 servorum
3362 2918 3481 2985 Dei,
3518 2918 3767 2974 dilectis-

2146 3009 2284 3064 simo
2317 3012 2619 3071 Daonsalco
2649 3008 2760 3065 lilio
2785 3019 2971 3064 nostro
2990 3017 3193 3064 sanctae.
3228 3007 3483 3063 Metensis
3505 3008 3763 3064 Ecclesiae

2071 3134 2119 3200 Ο
2148 3102 2391 3171 ινιτξιιδυιί.

2219 3191 2347 3243 Cum
2382 3190 2435 3244 in
2477 3191 2768 3245 exarandis
2807 3191 2900 3245 Dei
2944 3190 3196 3264 Laudibus
3243 3190 3430 3244 debita
3470 3189 3765 3261 pastoralis

2147 3282 2413 3352 compulit
2436 3282 2828 3337 sollicitudinis
2858 3298 3006 3349 cura,
3032 3297 3268 3354 quaeque
3309 3282 3377 3336 ad
3405 3282 3760 3336 stabilitatem

2150 3376 2362 3446 piorum
2411 3374 2810 3448 dignoscuntur
2884 3360 3161 3445 pertinere
3212 3375 3457 3428 locorum
3526 3374 3767 3429 ubertim

2152 3470 2520 3543 promulgare,
2545 3477 2598 3523 et
2623 3469 2943 3539 apostolicae
2973 3469 3335 3524 institutionis
3368 3469 3423 3522 in
3460 3468 3761 3542 privilegiis

2149 3569 2315 3632 atque
2346 3560 2583 3615 decretis
2611 3577 2847 3615 censura
2872 3561 3238 3616 confirmare:
3270 3560 3532 3615 convenit
3561 3576 3760 3630 nempe

2151 3665 2252 3704 nos
2279 3650 2581 3720 apostolico
2612 3651 2990 3705 moderamine
3022 3658 3213 3705 sancta
3249 3649 3589 3705 venerabilia
3623 3650 3756 3713 loca,

2149 3760 2272 3815 quae
2324 3742 2529 3797 dudum
2582 3742 2797 3798 fuerant
2830 3743 2885 3797 in
2927 3742 3100 3797 ruinis
3130 3758 3439 3817 magnaque
3470 3740 3664 3813 inopia
3703 3758 3762 3797 ac

2152 3840 2472 3902 paupertate
2522 3833 2800 3905 degentia,
2858 3841 3167 3903 Opportune
3217 3830 3497 3895 ordinare,
3559 3846 3657 3884 seu
3696 3831 3757 3885 ad

2149 3921 2433 3976 meliorem
2479 3920 2599 3975 sine
2630 3919 2800 3974 dubio
2855 3926 3053 3974 statum
3096 3920 3421 3990 perducere,
3462 3919 3758 3988 praesertim

2149 4014 2245 4068 ubi
2278 4013 2370 4068 illa
2401 4019 2663 4089 petuntur
2704 4028 2828 4083 quae
2884 4028 2994 4066 non
3027 4012 3092 4065 ad
3135 4011 3486 4066 commodum
3547 4019 3756 4081 tempo-

2148 4107 2282 4173 rale,
2341 4104 2438 4161 sed
2502 4106 2572 4160 ad
2631 4113 2951 4176 perpetuam
3016 4104 3423 4175 providentiam
3491 4105 3761 4174 pertinent

2146 4200 2317 4252 Deum
2346 4197 2709 4253 servientium
2736 4195 3067 4262 animarum,
3098 4194 3312 4249 scilicet
3343 4202 3401 4249 ut
3431 4195 3761 4250 venerabilis

2148 4291 2317 4350 locus,
2353 4287 2448 4359 qui
2500 4303 2532 4341 a
2576 4286 2877 4340 Deoderico
2920 4284 3279 4339 dilectissimo
3315 4281 3428 4339 filio
3477 4291 3662 4339 nostro
3709 4286 3760 4339 in

2148 4397 2257 4436 uno
2300 4378 2662 4453 conglobatus
2708 4385 2873 4448 atque
2923 4392 3172 4430 annexus
3231 4382 3338 4437 est,
3370 4391 3494 4429 cum
3530 4377 3756 4448 prapriis

428 4471 488 4518 ut
521 4462 767 4533 profecto
794 4463 948 4529 juxta
980 4463 1033 4516 id
1063 4465 1209 4534 quod
1238 4463 1545 4533 subjectum
1580 4462 1897 4532 apostolicae
1928 4464 2043 4517 sedi

2149 4469 2695 4546 congregationibus,
2724 4484 2846 4540 quae
2895 4467 3222 4541 regulariter
3253 4466 3310 4520 in
3366 4466 3592 4536 psalmis
3617 4468 3756 4538 bym-

430 4551 688 4606 Iirmitate
719 4551 991 4626 privilegii
1026 4552 1301 4618 consistit,
1354 4553 1683 4607 inconcusse
1725 4553 1876 4606 omni
1909 4559 2048 4607 tem-

431 4659 561 4713 pore
595 4643 843 4697 dolatum
878 4650 1199 4714 permaneat
1222 4644 1357 4699 locis
1391 4651 1447 4697 et
1476 4643 1642 4697 rebus
1672 4643 2054 4698 univzersaliter

432 4745 541 4791 tam
575 4737 657 4791 eis
690 4754 826 4809 quas
879 4754 908 4791 a
959 4738 1261 4808 primordio
1310 4738 1416 4792 sibi
1463 4738 1741 4793 vindicare
1774 4739 1939 4793 debet
1969 4739 2051 4794 vel

435 4843 574 4897 quas
606 4826 876 4881 moderno
911 4836 1155 4898 tempore
1202 4833 1353 4881 tenet
1383 4837 1437 4881 et
1491 4828 1735 4897 possidet
1765 4844 1927 4899 quam
1975 4829 2055 4883 eis

437 4938 574 4991 quas
607 4921 805 4977 futuris
838 4922 1184 4993 temporibus
1226 4923 1281 4977 in
1323 4922 1612 4994 jusipsius
1670 4924 1812 4978 sacri
1864 4939 2053 4979 mona-

435 5010 588 5065 sterii
616 5011 803 5065 divina
837 5012 1184 5082 providentia
1210 5029 1415 5087 augere
1445 5031 1508 5068 ex
1539 5015 1702 5070 donis
1734 5023 1786 5069 et
1808 5015 2052 5070 oblatio-

431 5102 597 5156 nibus
644 5102 988 5174 decimisque
1020 5104 1396 5175 quorumlibet
1450 5105 1643 5161 Christi
1686 5106 1929 5161 fidelium
1961 5122 2054 5163 vo-

430 5195 595 5250 luerit
615 5196 826 5266 absque
857 5195 1028 5252 ullius
1052 5214 1305 5268 personze
1336 5199 1775 5255 contradictione
1799 5198 2057 5255 firmitate

430 5293 699 5356 perpetua
739 5286 1069 5356 perfruatur.
1100 5290 1437 5358 Adjicientes
1487 5300 1668 5347 autem
1724 5307 1822 5364 pro
1852 5308 2055 5367 magno

428 5390 615 5429 amore
649 5374 858 5445 praefati
893 5376 1125 5444 piissimi
1159 5385 1212 5431 et
1243 5379 1697 5434 Christianissimi
1738 5380 1926 5435 domni
1956 5380 2053 5435 Ot-

430 5464 579 5520 tonis
612 5466 962 5535 imperatoris
1008 5469 1235 5543 Augusti
1297 5470 1615 5537 specialiter
1667 5472 2052 5527 constituimus

427 5559 487 5605 ut
519 5550 695 5605 isdem
737 5550 1023 5608 Fuldensis
1054 5556 1225 5609 abbas
1256 5565 1384 5609 ante
1415 5556 1555 5612 alios
1585 5561 1813 5614 abbates
1862 5560 2049 5614 Galliae

427 5650 526 5688 seu
569 5635 874 5688 Germaniae
907 5641 1198 5704 primatum
1240 5642 1472 5694 sedendi
1504 5644 1558 5698 in
1599 5648 1747 5702 omni
1786 5648 1904 5700 loco
1937 5663 2047 5716 quo

430 5726 772 5780 conveniant
820 5726 1086 5796 obtineat,
1119 5748 1339 5786 necnon
1373 5740 1426 5786 et
1464 5739 1895 5794 archimandrita
1919 5754 2047 5796 con-

2154 4566 2240 4619 nis
2257 4572 2310 4619 et
2338 4563 2678 4619 orationibus
2706 4563 2815 4616 Deo
2848 4560 3114 4615 Salvatori
3143 4567 3328 4614 nostro
3375 4559 3505 4613 Iesu
3564 4560 3761 4615 (lhristo

2156 4655 2450 4730 pervigiles
2474 4653 2735 4709 excubias
2757 4652 3041 4716 exhibent,
3075 4651 3143 4706 ab
3178 4651 3495 4706 insolentiis
3524 4653 3756 4707 exterio-

2156 4749 2307 4803 ribus
2352 4746 2808 4807 circummunitae,
2836 4745 3044 4818 jugiter
3099 4744 3317 4798 valeant
3358 4743 3433 4813 pii
3469 4743 3750 4799 famulatus

2154 4843 2338 4900 officia
2367 4843 2420 4897 in
2451 4841 2783 4898 monasterio
2828 4840 3031 4923 Sancti.
3068 4838 3339 4894 Vincentii
3370 4838 3664 4903 exhibere;
3707 4846 3754 4894 et

2156 4933 2418 5005 quoniam
2450 4938 2666 4986 constat
2689 4937 2836 4985 tuam
2855 4929 3278 5001 religiositatem
3303 4928 3468 4999 hujus
3497 4928 3753 5001 privilegii

2156 5020 2515 5091 apostolicam
2548 5017 3023 5074 conﬁrmationem
3055 5018 3331 5088 postulare
3368 5033 3400 5070 a
3430 5016 3611 5081 nobis,
3646 5033 3759 5087 pro-

2159 5117 2281 5182 pter
2330 5108 2742 5163 immutationes
2784 5107 3167 5177 temporalium
3249 5121 3432 5159 rerum
3488 5105 3756 5176 variosque

2163 5200 2444 5255 hominum
2473 5214 2653 5264 casus,
2678 5196 3041 5251 munitionem
3073 5196 3246 5250 sancti
3280 5193 3552 5249 Vincentii
3578 5193 3753 5249 Christi

2158 5289 2412 5360 martyris
2453 5304 2574 5343 cum
2616 5286 2875 5342 omnibus
2907 5289 2974 5340 ad
3010 5286 3154 5340 idem
3183 5285 3575 5341 monasterium
3606 5287 3758 5358 perti-

2156 5378 2438 5445 nentibus,
2473 5386 2639 5450 atque
2666 5374 3175 5432 corroborationem
3200 5375 3276 5429 tui
3302 5384 3520 5445 tuaeque
3546 5390 3752 5447 congre-

2153 5468 2392 5543 gationis
2423 5475 2478 5521 et
2507 5481 2887 5521 successorum
2919 5472 3142 5519 tuorum
3198 5464 3251 5517 iu
3280 5469 3608 5534 perpetuum
3650 5463 3750 5518 ﬁeri

2151 5561 2509 5625 censuimus;
2557 5568 2848 5630 quatenus,
2888 5574 3034 5612 nunc
3063 5557 3258 5612 sicuta
3300 5566 3353 5611 te
3383 5556 3748 5627 disponuntur,

2151 5650 2225 5703 ita
2256 5649 2312 5703 in
2343 5655 2623 5719 posterum
2652 5662 2827 5716 usque
2868 5646 2922 5700 in
2974 5646 3137 5701 linem
3173 5652 3592 5711 conserventur,
3622 5654 3666 5701 et
3689 5655 3740 5701 ut

2149 5740 2244 5793 illa
2290 5738 2648 5811 congregatio
2686 5737 3015 5793 inconcussa
3054 5738 3111 5792 in
3156 5753 3326 5793 unum
3385 5752 3742 5808 perseverans:
