3978 6214
200 386 302 438 981

1437 385 1767 440 EPISTOLA‘I
1807 385 1886 439 ET
1926 385 2318 440 DlPLOMATA.

3439 385 3543 440 982

201 512 430 565 sedulas
479 513 671 566 laudes
729 512 836 565 Deo
895 512 1206 581 persolvere
1247 513 1440 574 valeat,
1489 519 1541 566 et
1582 514 1741 567 sicuti
1790 514 2069 582 aAanno
2100 514 2340 586 denique
2381 515 2448 568 ab
2499 513 2880 568 lncarnatione
2937 511 3150 567 Domini
3205 513 3378 567 nostri
3409 513 3538 568 Jesu

204 601 319 654 Deo
361 617 550 655 eorum
587 601 767 655 studia
803 600 1010 653 imbuta
1039 609 1184 664 sunt,
1219 599 1427 673 jugiter
1471 618 1820 670 perseverare.

203 690 391 754 liceat,
426 698 588 761 atque
637 690 741 744 sub
795 706 905 744 uno
942 690 1140 744 abbate
1193 692 1304 757 jam
1358 692 1650 761 praedictus
1678 693 1830 745 locus

1229 784 1496 837 Vincentii
1558 785 1830 838 inilivisus

203 877 276 930 sit
316 887 371 930 et
413 877 648 932 indivisa
692 880 1066 953 congregatio.
1119 880 1224 932 Nec
1281 881 1537 951 cuiquam
1600 880 1826 936 licentia

203 781 562 846 constitutus,
608 782 660 835 in
720 783 926 836 honore
991 785 1162 836 sancti

205 966 536 1036 ['iraebeattir.
601 976 658 1021 ut
734 968 1015 1042 refugiens
1093 969 1332 1039 rigorem
1397 968 1659 1023 studiosae.
1715 971 1822 1024 Slbl

205 1057 434 1128 regulze,
470 1059 573 1110 hoc
605 1057 841 1128 illucque
904 1068 1148 1130 vagetur,
1213 1060 1291 1112 vel
1327 1059 1450 1112 aliis
1480 1077 1537 1112 se
1571 1060 1820 1114 conferre

205 1153 443 1199 conetur
487 1147 874 1209 monasteriis;
937 1150 1081 1218 quod
1132 1165 1160 1200 a
1222 1148 1381 1202 nobis
1421 1157 1615 1202 contra
1658 1166 1822 1222 regu-

205 1235 313 1288 lam
341 1234 444 1288 sub
476 1235 842 1288 anathematis
881 1236 1100 1290 vinculo
1163 1238 1507 1306 prohibetur.
1573 1239 1823 1310 Quapro-

206 1330 332 1392 pter
393 1330 698 1376 statuentes
750 1331 914 1393 atque
988 1325 1398 1396 promulgantes
1472 1342 1654 1380 coram
1716 1329 1824 1381 Deo

208 1421 264 1468 et
294 1415 526 1468 terribili
584 1417 704 1484 ejus
755 1415 937 1469 futuro
1011 1417 1286 1483 examine,
1357 1435 1455 1487 per
1507 1419 1670 1486 hujus
1725 1437 1824 1474 nov

208 1507 308 1559 stri
353 1505 623 1579 privilegii
673 1508 956 1575 apostolici
1020 1519 1182 1579 atque
1246 1511 1524 1564 constituti
1569 1513 1822 1585 paginam

210 1597 511 1660 sancimus,
574 1608 626 1650 et
683 1599 826 1651 beati
914 1599 1053 1653 Petri
1109 1602 1482 1670 apostolorum
1559 1604 1825 1674 principis

209 1691 536 1744 auctoritate
605 1691 976 1757 decernimus,
1064 1700 1227 1764 atque
1310 1695 1646 1749 obtestamur
1715 1707 1822 1750 tam

1931 601 2122 657 Christi
2151 604 2268 656 970.

1932 804 2144 856 Locutio
2201 803 2543 858 Pramestinw
2597 800 2836 852 civitatis
2892 799 3045 864 factu-
3092 814 3124 850 ιι
3161 799 3364 850 Joanne
3420 799 3543 850 XIII

1999 873 2229 928 domina:
2255 875 2562 941 Stephauiw
2608 871 2866 923 senati-ﬁci
2921 871 3017 922 sub
3055 885 3240 921 annua
3286 871 3540 936 pensione

1997 959 2169 1012 decem
2244 946 2538 999 solidorum
2619 943 2743 994 auri
2806 943 3058 996 Romanae
3123 941 3370 994 Ecclesia:
3445 941 3541 1005 fa-

1995 1022 2204 1083 cicada.

2564 1085 2742 1154 (Anno
2783 1081 2934 1150 970.)

2213 1202 2538 1274 [.Vlunarom,
2573 1197 2766 1264 Antiq.
2799 1194 2923 1247 Ital.
2962 1193 3053 1256 lll,
3079 1191 3227 1262 235.]

1998 1341 2234 1394 Joaxaes
2263 1334 2579 1404 episcopus,
2629 1343 2817 1382 servus
2847 1341 3132 1379 servorum
3163 1325 3276 1390 Dei,
3303 1324 3545 1378 dilectis-

1930 1433 2082 1486 sima).
2142 1430 2197 1482 in
2241 1425 2470 1480 Domino
2502 1421 2629 1476 ﬁliae
2669 1419 2981 1473 STEPHANIE
3013 1416 3332 1470 clarissim-ce
3383 1433 3549 1470 sena-

1931 1520 2076 1584 trici,
2111 1517 2327 1586 tuisque
2356 1512 2483 1566 filiis
2505 1528 2567 1565 ac
2601 1507 2917 1578 nepotibus.

2000 1605 2336 1672 Quotiesilla
2367 1618 2396 1655 a
2426 1600 2586 1654 nobis
2615 1597 2781 1652 tribui
2820 1603 3114 1665 sperantur
3157 1611 3279 1666 quae
3343 1594 3539 1648 rationi

1928 1702 2310 1756 incunctanter
2347 1691 2706 1758 conveniunt,
2754 1687 2939 1741 animo
3003 1701 3104 1740 nos
3149 1686 3309 1740 decet
3354 1685 3543 1740 libenti

211 1783 528 1852 apostolicae
582 1785 729 1837 sedis
782 1784 994 1839 futuros
1041 1786 1327 1856 pontiﬁces
1393 1805 1669 1860 quamque
1728 1790 1821 1860 qui
1852 1791 2252 1886 Bconcedere,
2297 1795 2351 1842 et
2397 1783 2705 1856 petentium
2764 1778 3056 1833 desideriis
3095 1793 3400 1852 congruum
3433 1777 3543 1830 im-

211 1875 584 1945 episcopalem
645 1877 1150 1932 administraverint
1200 1881 1494 1946 actionem,
1539 1882 1622 1935 vel
1657 1881 1821 1934 etiam

212 1984 412 2038 magna
444 1985 722 2040 parvaque
755 1985 993 2039 persona
1025 1980 1118 2024 aut
1143 1971 1412 2041 quispiam
1445 1972 1823 2043 cujuscunque

211 2059 589 2134 sitdignitatis
629 2063 890 2133 pneditus
921 2071 1208 2133 potestate,
1235 2081 1297 2118 ea
1327 2082 1448 2135 quae
1483 2082 1512 2118 a
1563 2067 1824 2135 pra-dicto

211 2153 513 2207 Deoderico
541 2153 743 2207 dilecto
776 2153 886 2208 filio
906 2163 1088 2209 nostro
1124 2156 1210 2226 pie
1242 2157 1542 2211 venerabili
1575 2158 1694 2212 loco
1724 2166 1826 2212 tra-

211 2245 324 2299 dita
357 2253 523 2315 atque
549 2260 811 2298 concessa
866 2246 1086 2311 fuerint,
1129 2264 1352 2318 quoquo
1411 2249 1574 2302 modo
1631 2266 1659 2302 a
1686 2265 1826 2320 quo-

208 2349 370 2403 quam
398 2332 678 2386 licentiam
733 2333 987 2398 habeant,
1022 2335 1224 2404 szepius
1274 2337 1613 2390 nominatum
1647 2338 1824 2392 locum

209 2423 394 2476 Sancti
428 2422 697 2476 Vincentii
731 2423 783 2475 in
805 2440 970 2476 unum
1005 2425 1302 2478 adunatum
1328 2434 1492 2497 atque
1511 2427 1828 2496 spiritaliter

208 2513 525 2583 apostolica:
548 2514 880 2568 exarationis
902 2516 1041 2584 stylo
1070 2517 1360 2584 conjuncta
1392 2518 1495 2584 disj
1507 2534 1714 2590 ungere
1737 2519 1822 2572 vel

209 2605 418 2676 aliquid
441 2605 640 2658 exinde
669 2605 925 2660 alienare.
955 2607 1014 2660 Et
1047 2608 1179 2661 illud
1211 2610 1605 2663 monasterium
1639 2611 1823 2664 Sancti

210 2695 481 2751 Vincentii
509 2697 808 2766 respiciens
837 2697 905 2750 sit
937 2697 1003 2750 ad
1049 2698 1237 2751 sedem
1281 2699 1652 2769 episcopalem
1696 2717 1826 2770 pro-

216 2787 526 2856 tomartyris
556 2786 753 2840 Christi
778 2787 1040 2857 Stephani
1067 2788 1349 2855 jubemus,
1383 2799 1548 2861 atque
1577 2791 1747 2845 abbas
1772 2792 1826 2845 in

216 2885 482 2949 potestate
516 2879 761 2947 episcopi
793 2879 963 2948 ipsius
993 2878 1095 2932 loci
1129 2880 1420 2950 eligendus
1460 2881 1547 2934 sit.
1600 2882 1653 2935 Si
1699 2900 1827 2939 vero

213 2967 509 3036 episc0pus
549 2965 804 3029 defuerit,
866 2965 1026 3019 liceat
1075 2967 1257 3021 abbati
1294 2968 1347 3021 in
1395 2969 1603 3023 festivis
1633 2971 1830 3026 diebus

214 3057 279 3110 ad
308 3056 498 3110 sedem
532 3056 902 3126 episc0palem
934 3058 1219 3120 accedere,
1252 3059 1438 3130 ibique
1470 3077 1593 3114 cum
1625 3063 1826 3116 dalma-

1927 1884 2113 1956 pertiri
2141 1879 2480 1953 suffragium.
2527 1877 2590 1929 At
2631 1874 2757 1927 ideo
2810 1871 2938 1942 quia
2968 1869 3285 1941 postulastis
3309 1886 3338 1922 a
3363 1869 3543 1934 nobis,

1927 1984 2198 2046 quatenus
2246 1972 2502 2025 daremus
2541 1974 2594 2019 et
2645 1962 3082 2019 concederemus
3113 1969 3277 2030 atque
3307 1959 3544 2012 tradere-

1926 2081 2048 2118 mus
2090 2062 2210 2125 tibi,
2267 2060 2489 2128 tuisque
2522 2054 2650 2108 filiis
2689 2069 2750 2106 ac
2808 2049 3130 2119 nepotibus,
3167 2065 3262 2118 per
3303 2056 3542 2102 nostram

1925 2154 2283 2226 apostolicam
2324 2148 2729 2210 auctoritatem,
2799 2143 3078 2198 civitatem
3151 2141 3541 2194 Praenestinam

1926 2264 2049 2302 cum
2073 2245 2332 2301 omnibus
2387 2236 2761 2312 pertinentiis,
2793 2251 2915 2289 cum
2971 2232 3122 2288 omni
3184 2232 3402 2302 publica
3452 2231 3546 2284 da-

1928 2343 2077 2398 tione
2109 2345 2161 2392 et
2181 2334 2484 2393 functione,
2517 2345 2639 2400 quze
2680 2327 2747 2382 ad
2798 2325 3225 2395 snprascriptam
3260 2323 3539 2378 civitatem

1931 2428 2353 2504 pertinet,inter
2397 2422 2590 2478 affines
2643 2428 2696 2474 et
2752 2418 3015 2473 terminos
3069 2431 3242 2470 novos
3295 2423 3349 2469 et
3403 2415 3546 2470 anti—

1925 2539 2084 2597 quos,
2120 2521 2172 2574 id
2215 2525 2297 2573 est
2325 2517 2510 2578 Rivus,
2568 2512 2658 2584 qui
2683 2511 2993 2582 appellatur
3025 2511 3208 2574 Satus,
3237 2525 3267 2562 a
3301 2508 3547 2597 secundo

1929 2596 2211 2678 Lavisana,
2234 2619 2289 2666 et
2335 2625 2365 2662 a
2405 2608 2566 2663 tertio
2597 2606 2766 2660 latere
2815 2604 3159 2659 Monticellus
3210 2604 3278 2657 de
3314 2596 3548 2656 Maximo

1930 2716 1986 2761 et
2043 2707 2322 2773 ajquarto
2380 2698 2549 2750 latere
2596 2695 2738 2748 Pons
2784 2692 2851 2744 de
2910 2689 3109 2754 Cicala,
3159 2697 3212 2743 et
3271 2705 3302 2741 a
3353 2688 3548 2759 quinto

1930 2801 2099 2854 latere
2131 2798 2280 2866 Aqua
2326 2792 2462 2856 Alta,
2507 2796 2563 2842 et
2619 2804 2647 2841 a
2679 2793 2833 2841 sexto
2870 2785 3036 2839 latere
3084 2783 3248 2837 Vallis
3281 2783 3348 2836 de
3376 2785 3549 2852 tlapo-

1933 2894 2092 2955 ratie,
2127 2897 2182 2942 et
2212 2903 2242 2940 a
2261 2883 2498 2954 septimo
2529 2881 2697 2934 latere
2726 2878 2880 2932 Mons
2909 2878 3001 2948 qui
3031 2876 3233 2930 dicitur
3279 2876 3344 2929 de
3372 2875 3547 2945 Capo-

1934 2983 2168 3046 ratic,et
2207 2993 2237 3030 a
2289 2975 2525 3045 septimo
2579 2973 2748 3025 latere
2790 2970 2943 3024 Mons
2972 2968 3065 3039 qui
3108 2966 3310 3020 dicitur
3335 2967 3403 3020 de
3450 2967 3549 3020 Fo-

1934 3076 2082 3129 lianu
2137 3070 2292 3126 Unde
2311 3065 2691 3129 concedimus,
2725 3062 3010 3124 tradimus,
3059 3071 3113 3113 et
3141 3077 3170 3112 a
3193 3058 3448 3129 praesenti
3485 3059 3551 3111 14

219 3145 323 3200 tica
369 3152 424 3199 et
465 3145 748 3211 sandaliis,
813 3161 948 3216 quas
979 3147 1055 3200 illi
1105 3148 1390 3216 mittimus,
1425 3151 1620 3205 missas
1677 3154 1828 3206 cele-

1942 3165 2240 3219 indictione
2287 3159 2710 3214 corroboramus
2756 3170 2854 3226 per
2898 3155 3038 3207 hanc
3097 3160 3297 3206 nostra:
3330 3156 3556 3220 aposto-

215 3239 395 3292 brare.
425 3237 478 3290 Si
510 3237 634 3307 quis
665 3237 1056 3309 interea,quod
1086 3255 1192 3294 non
1215 3242 1511 3309 credimus,
1538 3246 1824 3300 temerario

215 3341 349 3379 ausu
381 3331 572 3380 contra
600 3341 663 3380 ea
691 3343 812 3398 quae
838 3327 906 3380 ab
940 3330 1039 3382 hac
1089 3337 1275 3383 nostra
1306 3332 1628 3386 auctoritate
1655 3335 1741 3404 pie
1772 3343 1826 3389 et

217 3417 448 3471 ﬁrmiter
487 3433 583 3487 per
600 3418 704 3472 hoc
734 3406 974 3473 nostrum
1010 3421 1354 3495 privilegium
1389 3423 1656 3494 disposita
1676 3434 1822 3490 sunt,

215 3512 485 3569 contraire
511 3515 821 3580 tentaverit,
855 3516 938 3569 vel
969 3517 1105 3583 haec,
1147 3534 1270 3588 quae
1305 3535 1334 3571 a
1369 3521 1628 3589 praedicto
1651 3522 1830 3576 Theo-

218 3605 404 3660 derico
437 3605 638 3660 dilecto
671 3605 783 3660 ﬁlio
844 3615 1050 3673 nostro,
1096 3609 1420 3665 Metcnsium
1464 3615 1716 3683 pnes-ulc,
1761 3616 1828 3668 ad

218 3698 436 3752 laudem
466 3698 560 3751 Dei
595 3714 692 3768 pro
724 3699 1022 3754 stabilitate
1050 3702 1162 3769 jam
1217 3703 1348 3758 dicti
1394 3707 1710 3760 monasterii
1745 3707 1828 3760 vi-

217 3787 417 3842 delicet
445 3787 618 3842 sancti
669 3787 936 3842 Vincentii
994 3797 1191 3844 statuta
1242 3801 1370 3846 sunt
1411 3793 1704 3865 refragare,
1737 3812 1829 3849 au-

215 3879 358 3934 ferre
389 3879 470 3934 vel
500 3879 742 3934 alienare
772 3883 1200 3951 praesumpserit,
1229 3884 1363 3938 sciat
1409 3902 1468 3939 se
1509 3887 1828 3942 auctoritate

218 3967 360 4022 beati
396 3967 539 4021 Petri
580 3969 954 4037 apostolorum
1015 3971 1280 4042 principis
1327 3976 1689 4030 anathematis
1714 3977 1832 4030 vino

218 4060 341 4114 culo
373 4059 696 4114 innodatum
728 4070 891 4132 atque
951 4078 1074 4116 cum
1119 4063 1277 4129 Juda,
1315 4067 1576 4121 traditore
1619 4069 1831 4123 Domini

221 4149 391 4202 nostri
416 4147 543 4202 Jesu
589 4149 805 4216 Christi,
857 4151 1043 4203 aeterni
1107 4152 1347 4206 incendii
1396 4155 1667 4226 supplicio
1697 4174 1831 4211 con-

221 4239 598 4294 cremandum.
636 4240 725 4293 Sic
770 4241 1084 4311 deputatus,
1138 4260 1236 4299 nec
1287 4262 1582 4317 unquama
1621 4250 1831 4318 przef'ati

221 4328 587 4383 anathematis
617 4328 852 4382 nexibus
881 4330 953 4384 sit
1004 4331 1307 4386 absolutus.
1345 4335 1406 4386 At
1435 4351 1563 4389 vero
1615 4336 1706 4406 qui
1744 4336 1833 4406 pio

223 4419 422 4475 intuitu
453 4421 775 4476 observator
797 4422 848 4474 in
881 4423 1144 4478 omnibus
1168 4425 1463 4492 exstiterit,
1485 4427 1714 4499 gratiam
1743 4428 1834 4482 be-

1928 3259 2050 3314 licze
2108 3251 2453 3307 auctoritatis
2499 3248 2879 3319 scriptionem,
2926 3244 3171 3298 omnium
3235 3250 3546 3296 nostrorum

1927 3357 2311 3400 successorum
2386 3336 2730 3410 pontificum,
2813 3333 3175 3402 omniumque
3265 3330 3551 3384 hominum

1928 3434 2367 3492 contradictione
2423 3439 2650 3491 remota,
2682 3434 2740 3480 ut
2797 3423 3066 3497 persolvat
3125 3422 3448 3492 pensionem
3493 3423 3547 3475 in

1932 3538 2118 3585 nostro
2149 3526 2347 3597 palatio
2403 3541 2502 3595 per
2529 3523 2777 3594 singulos
2834 3533 3008 3573 annos
3055 3517 3246 3571 decem
3273 3516 3387 3569 auri
3421 3517 3555 3570 soli-

1931 3623 2052 3687 dos,
2085 3617 2412 3673 difficultate
2436 3616 2740 3687 postposita
2760 3631 2772 3674 ;
2793 3625 3146 3681 omnemque,
3188 3625 3295 3680 qua
3318 3608 3549 3682 indiget,

1933 3712 2392 3768 meliorationem.
2449 3725 2547 3762 seu
2596 3706 3000 3767 defensionem,
3037 3700 3419 3756 indifferenter
3447 3717 3544 3756 vos

1933 3805 2054 3858 sine
2070 3801 2236 3855 dubie
2261 3805 2621 3869 procurantes
2659 3795 2912 3850 efficiatis
2942 3812 2955 3858 ;
2987 3794 3248 3864 nullaque
3281 3801 3546 3862 praeterea

1931 3896 1998 3950 ad
2017 3894 2254 3948 dandam
2287 3905 2472 3944 annuo
2522 3889 2846 3960 pensionem
2884 3904 2912 3941 a
2958 3886 3115 3940 vobis
3148 3901 3297 3940 mora
3343 3900 3550 3954 prove-

1934 3986 2188 4052 niat,scd
2235 3984 2380 4037 ultro
2427 3981 2745 4036 actionariis
2775 3990 2978 4036 sanctae
3033 3986 3233 4033 nostrae
3291 3977 3546 4032 Ecclesiae

1933 4092 2062 4154 apto
2120 4087 2365 4148 tempore
2425 4075 2826 4146 persolvantur.
2891 4075 3020 4128 Nam
3086 4074 3131 4128 si
3199 4073 3373 4135 aliter,
3408 4072 3554 4143 quod

1935 4174 2100 4236 absit,
2155 4190 2185 4226 a
2230 4170 2385 4225 vobis
2456 4183 2610 4221 mora
2689 4169 3009 4238 provenerit
3064 4169 3132 4222 de
3187 4165 3556 4239 suprascripta

1936 4259 2315 4316 melioratione
2345 4273 2442 4310 seu
2467 4253 2815 4319 defensione,
2841 4271 2942 4308 nec
2976 4270 3086 4309 non
3107 4261 3160 4310 et
3199 4252 3558 4325 persolvenda

1937 4368 2117 4408 annue
2162 4349 2450 4421 pensione,
2501 4346 2795 4401 statuimus
2880 4345 2996 4400 fore
3068 4346 3364 4400 invalidam
3415 4345 3557 4396 hanc

1936 4450 2175 4497 nostram
2209 4437 2656 4510 praeceptionem.
2718 4435 2843 4489 Post
2899 4450 3029 4488 vero
3071 4436 3284 4490 obitum
3309 4442 3549 4488 vestrum

224 4510 560 4564 nedictionis
585 4526 615 4564 a
645 4509 1159 4566 misericordissimo
1190 4513 1420 4568 Domino
1477 4515 1586 4570 Deo
1647 4525 1834 4571 nostro
1865 4543 1918 4609 υ
1944 4509 2244 4589 memorata
2273 4531 2465 4586 civitas
2505 4544 2628 4582 cum
2675 4525 2938 4580 omnibus
2988 4526 3108 4580 suis
3160 4525 3562 4581 πηριίοιηεηίοηί-

224 4600 602 4672 multipliciter
622 4611 1012 4671 consequatur,
1065 4612 1120 4656 et
1153 4604 1278 4658 vita:
1317 4612 1538 4659 zeternze
1565 4606 1841 4676 particeps

221 4691 512 4758 efﬁciatur,
565 4701 618 4747 et
669 4694 784 4748 haec
814 4701 1007 4748 catena
1052 4694 1200 4748 beati
1249 4696 1389 4751 Petri
1435 4699 1648 4769 aperiat
1676 4699 1726 4752 ei
1759 4699 1846 4766 ja-

224 4800 385 4838 nuam
405 4783 664 4852 paradisi.
691 4783 746 4836 Si
769 4798 895 4838 vero
927 4783 1127 4854 aliquis
1161 4785 1459 4857 episc0pus
1492 4788 1619 4841 inde
1634 4788 1845 4859 aliquid

225 4877 478 4932 minuere
507 4877 763 4944 voluerit,
798 4878 938 4943 haec,
971 4887 1030 4934 ut
1074 4880 1332 4942 diximus,
1386 4891 1578 4937 eatena
1623 4883 1840 4938 claudat

225 4968 272 5022 ei
306 4968 558 5034 polorum
589 4985 757 5042 regna
827 4969 1101 5038 Scriptum
1173 4989 1269 5040 per
1310 4990 1529 5028 manum
1572 4976 1838 5046 Stephani

229 5060 422 5115 notarii
470 5067 523 5114 et
571 5060 862 5128 regionarii
919 5070 1124 5117 sanctae
1169 5064 1427 5119 Romana)
1474 5066 1727 5121 Ecclesia:
1784 5068 1839 5121 in

228 5166 416 5204 mense
455 5150 788 5220 Septembri,
820 5151 939 5204 etin
963 5152 1205 5206 dictione
1236 5161 1426 5223 quarta
1445 5154 1678 5210 decima
1705 5157 1849 5212 Bene

230 5246 430 5299 valete.

297 5337 426 5390 Data
456 5352 514 5388 ιιι
547 5335 636 5389 die
667 5335 894 5390 Kalend.
931 5337 1200 5402 Octobris,
1256 5353 1352 5406 per
1382 5354 1602 5392 manum
1655 5339 1846 5394 Wido—

224 5428 306 5482 nis
347 5427 592 5498 episcopi
615 5435 668 5482 et
710 5427 1114 5483 bibliothecarii
1164 5437 1366 5483 sanctze
1399 5430 1547 5483 sedis
1579 5431 1846 5500 apostoli-

224 5528 323 5577 cae,
357 5529 502 5568 anno
531 5515 884 5584 pontificatus
914 5517 1100 5572 domni
1160 5518 1386 5571 Joannis
1414 5519 1611 5572 summi
1662 5519 1845 5589 ponti-

227 5599 344 5656 ﬁcis
373 5609 428 5656 et
459 5603 788 5658 universalis
841 5605 986 5659 tertii
1021 5605 1243 5670 decimi,
1302 5607 1646 5676 prazsidentis
1676 5607 1730 5660 in
1760 5624 1848 5661 sa-

226 5691 527 5746 cratissima
563 5692 694 5748 sede
728 5694 871 5748 beati
904 5694 1047 5749 Petri
1102 5696 1355 5764 apostoli,
1387 5696 1602 5766 quinto,
1634 5697 1847 5767 imperii

232 5782 418 5837 domni
488 5782 700 5838 Ottonis
741 5782 963 5851 Majoris
1009 5799 1176 5846 nono,
1238 5783 1459 5840 Minoris
1499 5802 1626 5841 vero
1667 5785 1848 5851 tertio,

1947 4626 2050 4679 bus
2073 4624 2140 4678 ad
2166 4623 2257 4689 jus
2311 4628 2517 4673 sanctae
2548 4621 2746 4670 nostrae
2791 4614 3046 4669 Ecclesize
3098 4617 3281 4671 modis
3301 4614 3564 4671 omnibus

1949 4721 2270 4770 revertatur.

2021 4808 2168 4860 Bene
2197 4803 2395 4858 valete.

2020 4896 2232 4966 Scripta
2263 4910 2361 4965 per
2415 4906 2633 4945 manum
2688 4887 2954 4959 Stephani
3024 4889 3292 4943 scriniarii
3351 4895 3558 4942 sanctae

1945 4990 2203 5044 Romame
2259 4983 2533 5049 Ecelesize,
2592 4981 2647 5035 in
2741 4994 2931 5033 mense
3014 4978 3332 5045 Novembri,
3407 4979 3562 5032 indi-

2010 5079 2136 5131 ione
2165 5078 2251 5131 Η.

1951 5087 2136 5134 ctione
2165 5087 2251 5131 14.

2025 5171 2215 5224 Datum
2245 5184 2331 5221 xvi
2385 5158 2655 5219 Kalendas
2695 5156 2937 5213 Januarii
2985 5172 3084 5226 per
3114 5171 3334 5208 manum
3372 5155 3563 5210 Wido-

1955 5261 2037 5314 nis
2065 5257 2311 5330 episcopi
2365 5263 2418 5310 et
2466 5248 2873 5307 bibliothecarii
2929 5253 3131 5301 sanctae
3160 5245 3308 5299 sedis
3341 5254 3572 5315 aposto-

1950 5351 2259 5414 lica‘,anno
2304 5342 2654 5416 pontificatus
2691 5339 2900 5395 domini
2947 5336 3118 5392 nostri
3159 5335 3386 5390 Joannis
3432 5352 3565 5390 san-

1949 5441 2175 5494 ctissimi
2223 5439 2511 5509 Xlllpapze
2553 5435 2606 5500 6,
2657 5432 2878 5504 imperii
2926 5447 3054 5486 vero
3094 5429 3437 5484 dominorum
3472 5428 3571 5482 im-

1952 5536 2263 5599 peratorum
2312 5534 2624 5580 nostrorum
2697 5522 2910 5577 Ottouis
2968 5519 3182 5589 Majoris
3237 5515 3463 5589 Augusti
3507 5517 3562 5572 9.

1951 5618 2176 5674 Minoris
2203 5632 2329 5671 vero
2361 5615 2456 5669 filii
2497 5615 2615 5682 ejus
2662 5614 2695 5667 3
2739 5614 3048 5670 indictione
3083 5609 3445 5683 suprascripta
3476 5609 3562 5664 14.
