3978 6214
443 334 549 390 983

511 559 730 597 JOANNIS
773 560 863 597 XIII
911 561 1161 600 EPISTOLA
1210 565 1277 601 AD
1327 566 1620 605 GALLIARUM
1672 569 1974 609 EPISCOPOS.

438 654 729 707 Eet'lcsiam
789 655 1150 708 Ausonensem
1204 658 1260 709 in
1307 660 1815 729 archiepiscopulmn
1868 668 2046 732 erigit.

506 760 743 813 Joannes
780 761 1094 831 episc0pus,
1141 780 1330 819 servus
1372 782 1653 823 servorum
1704 772 1819 835 Dei,
1869 776 2050 831 omni-

437 852 616 906 busin
662 852 874 908 Christo
914 854 1292 911 dilectissimis
1345 860 1712 917 confratribus
1751 868 1954 921 nostris
1994 869 2045 923 in

436 940 728 994 Galliarum
817 942 1064 1011 partibus
1120 948 1621 1009 commanentibus.
1682 953 2044 1024 charissimis,

437 1034 914 1087 reverendissimis
943 1036 1376 1111 archiepiscopis
1402 1052 1565 1113 atque
1605 1046 1883 1118 episcopis
1916 1068 2043 1121 apo-

435 1125 685 1178 stolicam
736 1125 1204 1194 benedictionem,
1262 1138 1316 1184 et
1366 1142 1683 1203 perpetuam
1738 1139 1791 1192 in
1835 1140 2043 1198 Christo

434 1211 689 1265 salutem.

504 1302 863 1357 Dilectionem
924 1312 977 1359 et
1041 1306 1435 1364 fraternitatem
1478 1320 1710 1369 vestram
1766 1318 1908 1374 scire
1950 1338 2043 1376 vo-

436 1391 617 1443 lumus
649 1391 887 1461 qualiter
938 1394 1207 1461 Borellus,
1263 1398 1606 1454 honorabilis
1638 1411 1691 1457 et
1757 1407 2048 1465 laudabilis

433 1493 639 1542 comes,
681 1480 947 1535 orationis
981 1491 1035 1536 et
1089 1484 1485 1555 redemptionis
1551 1506 1661 1544 sua:
1726 1510 1888 1549 causa
1918 1504 2046 1568 apo)

431 1567 692 1622 slolorum
723 1568 861 1622 Petri
903 1577 957 1623 et
1003 1570 1152 1625 Pauli
1222 1573 1413 1630 limina
1444 1579 1695 1647 veniens,
1741 1567 2047 1651 prostratus

432 1658 667 1727 pedibus
694 1665 917 1724 nostris,
970 1661 1398 1731 lacrymabiliter
1464 1682 1697 1739 questus
1738 1683 1818 1729 est
1850 1695 2047 1746 quem-

431 1747 726 1801 admodum
790 1750 1255 1807 Tarraconensem
1319 1757 1878 1832 archiepismpatum,
1947 1771 2040 1839 qui

430 1836 561 1890 olim
588 1844 753 1907 caput
785 1837 840 1891 in
900 1839 1007 1894 illis
1066 1842 1313 1911 partibus
1363 1844 1558 1914 fuerat,
1592 1850 1898 1910 Ausonensi
1942 1836 2040 1913 Ec-

430 1928 611 1981 clesize
643 1929 1030 1997 subderemus,
1067 1948 1133 1987 eo
1192 1936 1362 2005 quod,
1397 1941 1639 2007 peccatis
1681 1949 2055 2007 merentibus:

431 2020 549 2090 ipsa
574 2021 684 2088 jam
738 2023 886 2077 dicta
943 2025 1139 2079 civitas
1205 2026 1635 2088 Tarraconensis
1694 2053 1722 2090 a
1757 2040 2052 2100 Saracenis

432 2119 591 2181 capta
621 2122 675 2166 et
706 2122 922 2182 pastore
965 2116 1249 2184 destituta,
1306 2122 1517 2177 nullum
1558 2134 1921 2200 recuperandi
1956 2137 2045 2192 lo-

430 2218 553 2255 cum
577 2209 669 2257 aut
700 2203 1045 2260 inhabitandi
1087 2224 1263 2281 usque
1292 2212 1557 2270 hactenus
1576 2222 1824 2289 reperire
1852 2228 2052 2284 valeat~

428 2292 661 2364 Propter
685 2311 847 2365 quam
877 2313 1094 2353 causam
1151 2302 1621 2371 praedecessorum
1677 2328 1925 2371 meorum
1966 2336 2061 2384 se_

427 2392 585 2438 cutus
622 2387 1026 2455 auctoritatem,
1061 2393 1258 2448 amodo
1318 2404 1373 2449 et
1436 2415 1612 2471 usque
1641 2403 1696 2456 in
1729 2417 2053 2479 perpetuum

426 2475 703 2543 volumus,
745 2487 911 2550 atque
949 2488 1255 2539 statuentes
1311 2489 1637 2547 roboramus
1670 2504 1723 2549 et
1757 2500 2061 2559 confirma-

428 2584 573 2633 mus,
609 2576 667 2623 ut
699 2573 1036 2627 Ausonensis
1091 2575 1333 2633 Ecclesia
1392 2590 1722 2652 potestatem
1754 2598 1807 2643 et
1841 2594 1980 2661 prim
1997 2613 2059 2650 a-

448 2662 559 2710 tum
591 2664 774 2712 teneat
854 2661 1276 2720 Tarraconensis
1327 2668 1650 2727 Ecclesiaa...
1687 2716 1725 2732 ..
1788 2680 1856 2732 ad
1880 2682 2057 2738 Auso-

439 2764 669 2802 nensem
727 2750 1025 2807 Ecclesiam
1082 2757 1422 2830 confugiant,
1476 2770 1530 2817 et
1589 2770 1811 2835 quando
1853 2773 2053 2845 aliquis

433 2856 498 2894 ex
541 2840 651 2894 illis
679 2842 748 2895 ab
777 2844 878 2897 hac
918 2844 1039 2900 luce
1079 2848 1417 2921 migraverit,
1463 2870 1752 2913 successor
1799 2862 1949 2919 illius
1978 2868 2048 2922 ab

427 2932 738 2986 Ausonensi
796 2935 1239 3008 archiepiscopo,
1279 2942 1372 3012 qui
1419 2960 1450 2997 a
1512 2956 1696 3003 nostra
1743 2957 2042 3023 apostolica

425 3023 560 3075 sede
593 3025 952 3080 confirmatus
978 3036 1082 3093 est,
1113 3033 1375 3089 succedat
1403 3043 1457 3090 et
1479 3053 1847 3100 consecretur.
1889 3048 2039 3106 Unde

425 3110 555 3180 quia
584 3111 705 3166 sine
756 3122 1068 3171 sanctorum
1118 3119 1333 3176 Patrum
1392 3128 1716 3185 auctoritate
1776 3134 1879 3190 hoc
1938 3155 2041 3195 no-

423 3206 597 3253 strum
631 3201 979 3275 privilegium
1012 3207 1338 3266 confirmare
1383 3215 1660 3283 nolumus,
1694 3230 1821 3277 ante
1852 3229 2038 3285 omnia

421 3297 476 3343 et
507 3306 675 3361 snper
704 3294 890 3349 omnia
922 3296 1229 3354 beatissimi
1266 3312 1320 3357 et
1345 3308 1551 3379 egregii
1605 3327 1758 3380 papze
1790 3314 2033 3388 Gregorii

422 3380 787 3438 instrumenta
835 3394 888 3440 et
944 3389 1275 3448 documenta
1308 3396 1589 3455 declarare
1630 3403 2030 3480 depromimus,

422 3472 512 3525 ubi
532 3473 607 3527 ait
636 3475 703 3528 ad
737 3476 1074 3534 Benenatum
1104 3483 1426 3557 episc0pum
1447 3472 1729 3550 Musitante
1751 3472 2029 3559 Ecclesiaei

421 3590 445 3610 «ι
481 3565 539 3620 Et
583 3570 843 3639 temporis
872 3573 1111 3643 qualitas
1160 3585 1213 3631 et
1243 3579 1494 3638 vicinitas
1533 3602 1635 3641 nos
1664 3588 1910 3647 locorum
1943 3595 2031 3649 in-
2107 3619 2116 3627 ·

419 3658 555 3714 vitat
584 3668 642 3715 ut
700 3662 992 3721 Cumanam
1044 3677 1207 3741 atque
1261 3673 1587 3733 Musitanam
1646 3684 1802 3739 unire
1832 3686 2035 3743 debea-

421 3770 542 3809 mus
572 3756 877 3826 Ecclesias;
912 3764 1170 3832 quoniam
1199 3767 1285 3821 hae
1318 3785 1427 3825 non
1459 3773 1624 3848 longo
1664 3792 1694 3830 a
1724 3794 1783 3832 se
1815 3780 2031 3836 itineris

334 3892 341 3897 .
418 3844 599 3914 spatio
647 3847 911 3915 sejunctas
962 3859 1111 3916 sunt,
1164 3871 1288 3921 nec,
1351 3844 1593 3927 peccatis
1677 3864 2031 3935 facientibus.

417 3941 566 3988 tanta
590 3936 779 4006 papuli
820 3939 1110 3997 multitudo
1169 3951 1271 4009 est,
1331 3953 1391 4000 ut
1420 3948 1691 4023 singulos,
1733 3954 1874 4011 sicut
1901 3958 2032 4014 olim

415 4024 765 4089 fuit,habere
817 4030 1057 4086 debeant
1116 4036 1450 4094 sacerdotes.
1520 4042 1654 4106 Quia
1709 4046 1876 4118 igitur
1932 4051 2036 4107 Cu-

416 4118 561 4171 mani
590 4119 749 4173 castri
784 4122 1043 4180 sacerdos
1075 4141 1291 4183 cursum
1340 4130 1503 4200 hujus
1533 4135 1794 4205 explevit,
1826 4148 2034 4197 utram-

412 4225 522 4279 que
568 4226 667 4264 nos
718 4212 1010 4270 ecclesiam
1059 4222 1349 4288 prtesentis
1432 4228 1773 4285 auctoritatis
1832 4234 2032 4304 pagina

414 4297 596 4353 inesse
629 4299 840 4372 tibique
894 4307 1235 4363 commisisse
1296 4327 1597 4383 cognosce,
1633 4321 2032 4395 propriumque

412 4397 772 4463 utrarumque
840 4397 1198 4454 ecclesiarum
1258 4404 1397 4459 scito
1427 4413 1479 4461 te
1509 4424 1629 4464 esse
1688 4413 2024 4481 pontificem.

1763 337 2032 393 .IOANNIS
2074 340 2187 394 XIII
2228 341 2438 402 PAPIE.

2075 463 2123 531 Α
2152 462 2253 517 ctis
2305 464 2629 521 doctoribus
2687 468 2887 523 exinde
2936 472 3083 528 dicta
3156 485 3306 542 sunt,
3362 492 3526 551 prout
3577 485 3807 558 melius

3682 365 3809 421 984

2153 551 2357 607 scimus
2404 563 2459 609 et
2517 571 2830 625 possumus,
2889 567 3139 616 nostrum
3200 566 3554 640 privilegium
3588 572 3803 628 abbre—

2155 637 2302 692 viare
2338 641 2669 707 curavimus,
2741 651 2794 699 et
2849 645 3118 703 Othonem
3179 668 3356 708 Virum
3398 660 3794 717 venerabilem

2152 743 2331 799 nuper
2366 732 2690 803 episcOpum
2724 751 2788 789 ex
2832 739 2997 794 modo
3033 750 3088 794 et
3114 741 3368 811 inantea,
3394 747 3505 803 Deo
3536 749 3801 819 favente,

2150 816 2599 887 archipraasulem
2654 824 2904 891 ejusdem
2957 828 3298 887 Ausonensis
3329 834 3591 893 Ecclesiae
3625 857 3803 911 prae—

2151 919 2271 958 esse
2307 906 2411 975 (IO)
2444 907 2788 965 decrevimus
2818 930 2832 978 ;
2861 912 2936 968 ita
2965 932 3097 970 sane
3126 926 3185 973 ut
3227 921 3427 977 nullus
3459 933 3797 984 nostrorum

2147 1011 2528 1052 successorum
2564 1000 2892 1071 pontiﬁcum
2923 1004 3128 1062 dictum
3165 1010 3441 1068 Othonem
3480 1018 3805 1090 archipraa-

2147 1087 2323 1141 sulem
2356 1090 2688 1147 confratrem
2720 1105 2988 1164 nostrum,
3022 1099 3077 1153 in
3108 1102 3376 1159 omnibus
3432 1124 3555 1179 quae
3610 1127 3800 1181 supe-

2148 1178 2258 1233 rius
2315 1189 2537 1236 exarata
2594 1192 2723 1240 sunt
2772 1188 2857 1241 vel
2915 1189 3117 1261 scripta
3174 1195 3377 1251 audeat
3442 1199 3795 1271 inquietare,

2147 1268 2229 1321 vel
2261 1268 2314 1321 in
2348 1270 2533 1341 aliquo
2565 1272 2899 1339 diminuere,
2929 1279 3026 1332 sed
3069 1282 3246 1356 magis
3275 1285 3463 1355 quiete
3495 1298 3549 1343 et
3580 1306 3792 1346 secure

2148 1367 2438 1411 conservet
2470 1358 2647 1429 ipsum
2696 1378 3152 1439 successoresque
3184 1386 3333 1425 suos.
3368 1372 3500 1428 Nam
3532 1375 3579 1429 si
3609 1376 3786 1432 aliter

2152 1448 2316 1517 (quod
2349 1448 2507 1519 absit)
2561 1452 2961 1527 qualiscunque
3017 1458 3183 1515 homo
3219 1462 3289 1516 sit
3339 1463 3647 1540 dignitatis,
3683 1470 3793 1540 qui

2151 1538 2255 1592 hoc
2296 1550 2543 1595 nostrum
2573 1544 2921 1617 privilegium
2968 1549 3216 1620 qualibet
3254 1538 3442 1615 causa.
3473 1556 3544 1611 de
3576 1538 3781 1619 omnii-

2150 1625 2252 1680 bus
2282 1644 2404 1698 qute
2432 1631 2685 1700 superius
2704 1634 2908 1705 scripta
2933 1646 3080 1697 sunt,
3136 1639 3438 1716 infringere
3466 1652 3560 1699 aut
3596 1647 3778 1702 dimi—

2150 1730 2320 1768 nuere
2371 1716 2622 1784 voluerit,
2673 1721 2809 1774 sciat
2854 1739 2910 1776 se
2941 1726 3265 1782 auctoritate
3309 1730 3426 1796 Dei,
3476 1736 3785 1804 apostolo-

2072 1804 2121 1870 B
2150 1822 2382 1877 rumque
2408 1808 2547 1863 Petri
2594 1819 2647 1865 et
2696 1813 2844 1867 Pauli
2879 1816 3212 1888 principum,
3264 1825 3516 1892 quamvis
3550 1842 3655 1881 nos
3693 1829 3785 1888 in:

2164 1892 2315 1967 digni
2349 1911 2535 1950 eorum
2570 1899 2927 1957 vicariatione
2985 1904 3298 1979 fungamur,
3367 1927 3398 1965 a
3456 1924 3788 1982 corporeet

2157 1987 2426 2059 sanguine
2459 1989 2672 2045 Domini
2713 1994 2885 2047 nostri
2940 1996 3070 2051 Jesu
3128 1998 3326 2056 Christi
3357 2020 3477 2058 esse
3508 2007 3787 2077 alienum,

2154 2081 2352 2128 etcum
2384 2075 2593 2147 iniquis
2622 2086 2676 2133 et
2731 2086 3231 2156 transgressoribus
3274 2106 3304 2143 a
3329 2093 3541 2165 gremio
3573 2107 3789 2153 sanctae

2159 2163 2413 2221 Ecclesiae
2443 2179 2791 2242 segregatum
2847 2176 2908 2228 At
2934 2191 3063 2231 vero
3095 2178 3187 2249 qui
3219 2196 3316 2250 pro
3337 2163 3552 2238 intuitu
3584 2195 3786 2243 custos

2160 2262 2215 2308 et
2244 2255 2563 2312 observator
2592 2259 2645 2313 in
2701 2263 2960 2318 omnibus
3022 2268 3309 2333 exstiterit,
3361 2271 3789 2334 benedictionis

2164 2347 2393 2417 gratiam
2437 2357 2491 2403 et
2540 2334 2975 2409 misericordiam
3020 2374 3051 2411 a
3107 2360 3628 2421 misericordissimo
3660 2368 3781 2423 Do-

2167 2438 2316 2492 mino
2331 2439 2440 2494 Deo
2472 2449 2657 2498 nostro
2678 2446 2945 2517 consequi
2972 2457 3266 2505 mereatur.

2234 2528 2503 2599 Scriptum
2538 2549 2635 2602 per
2676 2551 2897 2591 manum
2943 2538 3190 2611 Gregorii
3243 2544 3464 2610 notarii,
3497 2553 3552 2600 et
3586 2564 3786 2606 secre-

2165 2620 2287 2674 tarii
2310 2629 2364 2675 et
2394 2623 2662 2677 scriniarii
2702 2624 2756 2680 S.
2809 2625 2870 2682 R.
2930 2629 2989 2683 Ε.
3031 2631 3086 2684 in
3126 2648 3317 2688 mense
3361 2633 3646 2707 Januario,
3691 2639 3787 2695 in-

2163 2711 2405 2769 dictione
2435 2731 2541 2769 xtv.
2577 2716 2723 2771 Bene
2755 2718 2950 2775 valete.

2900 2849 3019 2904 XX.

2143 2946 2360 2987 JOANNIS
2408 2949 2555 2988 ΡΑΡΕ
2610 2950 2703 2987 ΧΙΙΙ
2756 2952 3010 2992 ΕΡιδτοιΑ
3062 2955 3133 2993 AD
3162 2956 3433 2997 GUISADUI
3466 2960 3776 3002 URGKLLEN-

2464 3021 2588 3070 seu,
2622 3022 2836 3061 rerauu
2872 3021 3450 3081 “amnemamnem.

2795 3099 2974 3166 (Anno
3012 3100 3162 3171 971.)

2068 3164 2117 3232 Ο
2138 3205 2421 3275 Signiﬁcat
2480 3223 2531 3261 se
2597 3211 2873 3263 ecclesiam
2929 3211 3391 3266 Tarraconensem
3422 3213 3589 3268 Audo
3602 3221 3777 3272 πθηεὶ

2208 3278 2555 3345 subjumisse
2631 3282 3005 3353 Attonemquei
3064 3281 3525 3353 archiepiscopum
3576 3302 3776 3342 consc-

2206 3364 2386 3402 crusse
2407 3366 2469 3403 ac
2495 3351 2666 3420 pallio
2697 3352 2944 3406 donasse.
2980 3352 3080 3407 Cui
3110 3356 3170 3406 ut
3217 3351 3475 3409 obedidnt
3504 3356 3766 3413 hortatur

2209 3464 2382 3536 [Apud
2411 3466 2596 3522 Florez
2625 3467 2678 3524 3.
2732 3471 2956 3540 Espana
2986 3468 3256 3536 Sagrada,
3302 3471 3529 3541 XXVIII,
3561 3475 3675 3548 96.]

2202 3573 2436 3628 Joxsscs
2464 3575 2784 3646 eqiscopus,
2815 3592 3004 3632 servus
3033 3593 3319 3634 servorum
3357 3580 3478 3649 Dei,
3508 3599 3741 3640 venera-

2134 3664 2338 3719 bilibus
2363 3665 2644 3736 episcOpis
2673 3666 2915 3723 Gursano
2972 3667 3298 3742 Urgellensi,
3325 3678 3381 3725 et
3408 3670 3586 3729 Parao
3617 3674 3756 3730 Bar-

2133 3754 2482 3820 chinonensi,
2524 3763 2579 3810 et
2617 3756 2881 3814 SONIARIO
2917 3757 3230 3827 Helenensi,
3286 3758 3344 3813 in
3396 3761 3633 3819 Domino
3662 3781 3752 3822 sa-

2137 3844 2519 3988 ll“(cltliinperiat
2566 3918 2878 3974 fraternitas
2931 3931 3111 3976 vestra
3167 3924 3317 3995 quod
3374 3925 3755 3982 Tarraconen-

2135 4022 2250 4060 sem
2284 4006 2602 4073 Ecclesiam,
2652 4024 2777 4079 quw
2835 4020 3106 4081 perpetuo
3152 4012 3223 4067 ob
3276 4029 3620 4088 paganorum
3674 4016 3760 4071 in-

2134 4114 2355 4154 cursum
2406 4098 2699 4155 deficiente
2758 4102 2825 4156 ad
2872 4103 3011 4157 nihil
3044 4105 3265 4161 redacta
3303 4114 3405 4172 est,
3442 4108 3750 4165 Ausonensi

2136 4194 2493 4262 injunximus,
2550 4204 2605 4250 et
2655 4212 2719 4249 ex
2768 4195 2982 4251 duabus
3034 4214 3199 4253 unam
3251 4201 3505 4268 fecimus,
3557 4202 3613 4256 in
3646 4220 3759 4275 qua

2134 4288 2465 4344 confratrem
2498 4298 2746 4345 nostrum
2774 4292 3034 4346 Attonem
3089 4293 3598 4366 archiepismpum,
3625 4297 3754 4355 dato

2139 4383 2329 4455 pallio.
2363 4385 2504 4439 sicut
2556 4384 2686 4439 olim
2744 4385 3061 4441 Tarracone).
3116 4386 3237 4455 fuit,
3297 4389 3684 4446 ordinavimus
3736 4410 3750 4446 :

414 4478 475 4532 Et
528 4480 652 4534 ideo
683 4459 735 4535 ie
791 4499 1138 4556 quaecunque
1205 4489 1300 4544 ubi
1332 4492 1401 4546 de
1430 4459 1623 4549 351.3,};
2063 4459 2117 4527 D
2144 4475 2525 4546 praecipientes
2551 4476 2869 4546 apostolicae
2908 4477 3059 4568 sedis
3094 4480 3444 4568 auctoritate,
3474 4490 3530 4535 et
3552 4482 3752 4539 admo~

410 4560 495 4613 vel
524 4564 655 4619 cleri
694 4568 1063 4640 ordinatione,
1114 4576 1228 4632 sive
1286 4584 1637 4650 promotione
1684 4588 1839 4658 juxta
1862 4606 2022 4648 cano-

408 4669 535 4707 num
567 4664 769 4715 statuta
807 4663 922 4718 visa
943 4664 1147 4723 fuerint
1179 4672 1455 4739 ordinare,
1512 4684 1679 4749 atque
1719 4682 2018 4752 disponere

408 4744 660 4814 habebis,
707 4757 763 4803 ut
814 4755 1068 4824 proprius
1142 4776 1331 4815 revera
1381 4768 1641 4821 sacerdos
1683 4770 1909 4827 liberam
1963 4782 2016 4829 et

407 4845 603 4890 nostra:
627 4841 967 4897 auctoritatis
1012 4861 1285 4904 consensu
1345 4859 1509 4923 atque
1554 4859 1918 4925 permissione
1950 4864 2015 4918 li-

404 4926 664 4981 centiam.
698 4950 722 4979 ι)
762 4931 1028 4988 Similiter
1068 4939 1331 5011 episcopo
1354 4942 1869 5022 Willitrano,atque
1897 4954 2011 5010 Fun

404 5015 571 5081 dano,
639 5027 692 5073 et
739 5021 1061 5094 Squalitano
1120 5029 1192 5084 ita
1250 5031 1304 5086 in
1357 5037 1616 5091 cunctis:
1667 5064 1693 5087 ‹‹
1727 5015 2013 5115 Temporis

404 5108 641 5178 qualitas
660 5113 923 5172 admonet
954 5120 1339 5192 episcoporum
1374 5128 1539 5182 sedes
1560 5132 1865 5203 antiquitus
1896 5153 2017 5193 cer-

403 5201 473 5255 tis
502 5201 816 5263 civitatibus
866 5213 1210 5283 constitutas,
1267 5220 1336 5273 ad
1385 5222 1493 5285 alia
1555 5241 1678 5295 qua:
1731 5231 2015 5288 securiora

401 5300 678 5361 putamus,
709 5298 831 5366 ejus
878 5301 1187 5363 dimceseos
1239 5311 1359 5367 loca
1404 5321 1787 5386 transponere,
1817 5338 1928 5392 quo
1958 5331 2013 5379 et

400 5382 741 5443 habitatores
772 5407 920 5449 nunc
975 5397 1199 5471 degere,
1254 5411 1309 5458 et
1347 5382 1691 5463 barbaricum
1721 5382 1895 5480 possit
1918 5431 2013 5484 pe-

399 5472 636 5530 riculum
668 5477 883 5537 facilius
913 5485 1203 5542 declinari.
1262 5512 1287 5541 n
1348 5494 1409 5548 Et
1465 5495 1594 5565 quia
1651 5472 1877 5573 longum
1921 5472 2017 5557 ies-

395 5572 479 5619 set
530 5582 785 5625 enarrare
832 5576 1016 5645 qualia
1067 5584 1121 5632 et
1159 5588 1366 5651 quanta
1422 5572 1829 5644 documentaa
1883 5607 2015 5648 san-

464 5694 568 5777 (1‘9)
592 5695 1007 5777 Hocdeeretum
1030 5706 1257 5777 “effectu
1318 5713 1560 5767 caruisse
1591 5719 1784 5772 asserit
1805 5719 1998 5777 Petrus

396 5758 464 5811 de
495 5762 674 5816 Marca
704 5765 759 5817 in
788 5769 975 5826 Mareee
1026 5758 1995 5857 Hispanicae

2125 4570 2341 4627 nentes,
2372 4572 2569 4616 uteam
2609 4579 2741 4638 erga
2772 4580 2900 4618 cum
2939 4565 3347 4633 subjectionem
3379 4568 3753 4638 impendatis,

2121 4664 2283 4719 quam
2340 4650 2618 4721 quondam
2684 4651 2850 4705 vestri
2899 4658 3276 4708 antecessores
3306 4654 3739 4714 Tarraconensis

2119 4740 2372 4797 Ecclesiae
2397 4742 2834 4814 archiepisc0pis
2865 4742 3192 4809 intulerunt,
3227 4752 3282 4800 et
3311 4745 3427 4801 sive
3459 4746 3605 4818 ipse,
3626 4749 3747 4805 sive

2116 4832 2207 4904 qui
2230 4847 2328 4903 pro
2347 4839 2593 4904 tempore
2616 4833 2669 4886 in
2694 4832 3002 4889 Ausonensi
3023 4834 3265 4889 Ecclesia
3277 4836 3741 4909 archiepisc0pus

2116 4922 2299 4992 fuerit,
2330 4931 2538 4980 vestras
2567 4925 2731 4980 sedes
2781 4925 3061 4998 subjectas
3118 4928 3337 4996 habeat,
3390 4938 3446 4984 et
3479 4937 3612 5001 post
3650 4947 3751 4986 vos

2116 5016 2171 5068 in
2201 5014 2283 5069 eis
2304 5014 2599 5086 episcopos
2633 5014 2853 5070 ordinet
2887 5022 2942 5070 et
2970 5025 3285 5071 consecret.

2869 5141 2999 5196 XXI.

2547 5243 2926 5283 MONASTERIUM
2996 5244 3041 5282 S.
3094 5244 3270 5283 MANE
3336 5245 3730 5287 GLASTONIENSE

2646 5316 2897 5354 TUENDUN
2940 5314 3196 5354 δυεαιιητ.

2753 5391 2932 5461 (Anno
2948 5390 3096 5461 97o.)

2555 5484 2768 5555 [Musa
2801 5484 3003 5541 Concil.
3054 5482 3167 5536 XIX
3195 5482 3309 5553 23.]

2186 5595 2405 5653 Noverit
2459 5607 2783 5653 cunctorum
2837 5596 3031 5652 notitia
3108 5594 3359 5651 fidelium
3431 5597 3584 5669 quod
3640 5614 3741 5673 ego

2111 5241 2345 5282 JOANNES
2403 5244 2498 5282 XIII

2099 5727 2248 5799 quod
2281 5728 2530 5783 inaudito
2576 5728 2998 5799 archiepiscopo
3045 5727 3391 5784 Narbonensi
3432 5730 3735 5788 conditum

2099 5795 2313 5854 fuisset.
2354 5799 2632 5854 Murena.
