3996 6232
186 379 312 441 185

804 382 1223 446 EXPOSITIO
1268 385 1346 447 IN
1393 384 1814 449 EPISTQIAS
1860 387 2117 451 PAULI.
2153 421 2230 434 --
2261 389 2338 450 IN
2384 390 2636 453 EPIST.
2681 390 2785 451 AD
2829 386 3021 451 ROM.

3503 376 3617 449 486

190 515 478 571 admonet
507 514 828 588 Apostolus
858 519 941 582 ut,
976 532 1110 571 cum
1146 517 1392 589 alicujus
1426 520 1503 573 rei
1538 519 1854 592 species,id
1888 534 1932 593 Α
1972 538 2083 576 non
2117 528 2206 577 est
2236 522 2323 577 lex
2372 540 2498 595 quis
2532 541 2637 579 nos
2684 528 2899 578 terreat
2928 526 2987 577 et
3032 523 3338 593 peccatum
3387 519 3621 592 puniat’

191 609 306 671 est,
344 603 639 671 mulieris,
674 605 821 675 auri,
856 606 945 660 vel
996 606 1219 677 argenti
1270 613 1325 662 et
1374 614 1731 673 cznterarum,
1765 614 1867 665 aut

191 693 425 747 inimici
480 694 788 764 persuasio
846 694 1015 749 nobis
1066 696 1365 766 irrepserit.
1416 700 1866 770 pestiferamque

192 782 616 854 cogitationem
639 782 926 853 genuerit,
952 784 1153 837 statim
1178 785 1580 841 existimemus
1603 804 1709 841 nos
1735 804 1865 858 pec-

191 871 347 926 catis
383 876 691 937 mortuos;
726 871 810 925 sic
861 872 1039 937 enim,
1075 874 1296 927 favente
1352 876 1483 939 lleo,
1517 870 1863 931 venen'osam

194 960 622 1031 cogitationem
657 976 932 1031 superare
963 962 1320 1031 poterimus:
1350 964 1469 1017 fieri
1506 964 1718 1036 quippe
1742 965 1867 1019 nul-

192 1048 435 1104 latenus
468 1052 662 1121 potest
693 1053 756 1102 ut
792 1054 901 1103 Deo
932 1054 989 1103 et
1041 1056 1275 1121 peccato
1308 1055 1591 1107 vivamus.
1628 1054 1699 1107 Ut
1730 1070 1865 1125 ergo

192 1138 314 1194 Deo
340 1138 537 1193 vivere
560 1137 881 1209 possimus,
916 1143 1143 1209 oportet
1172 1141 1421 1210 peccatis
1449 1142 1866 1197 moriamur.Et

194 1226 309 1281 hoc
340 1232 434 1281 est
488 1227 643 1296 quod
696 1227 860 1293 dicit,
896 1229 1134 1281 viventes
1179 1237 1359 1283 autem
1392 1232 1494 1284 Deo
1544 1233 1600 1284 in
1650 1232 1864 1286 Christo

196 1316 350 1371 Jesu.
386 1317 447 1368 ln-
481 1315 693 1369 Christo
740 1317 881 1381 Jesu,
919 1315 973 1369 id
1029 1320 1116 1369 est
1149 1334 1251 1387 per
1301 1318 1600 1373 Christum
1634 1320 1859 1387 Jesum,

202 1403 374 1473 quia,
407 1404 556 1457 sicut
588 1404 712 1475 ipse
744 1404 925 1459 dicit:
956 1406 1119 1460 Nemo
1149 1408 1300 1460 novit
1329 1408 1473 1477 (217)
1500 1411 1721 1463 Patrem
1750 1412 1866 1463 nisi

199 1507 305 1563 per
331 1508 435 1546 me.
488 1494 637 1560 (218)
682 1496 805 1546 Non
854 1510 984 1562 ergo
1031 1505 1220 1562 regnet
1260 1505 1538 1565 peccatum
1590 1500 1649 1552 in
1692 1509 1864 1552 vestro

202 1582 436 1636 mortali
462 1597 705 1652 corpore.
740 1580 1073 1636 Notandum
1128 1584 1265 1653 quia
1300 1602 1413 1639 non
1465 1586 1567 1651 ait,
1620 1604 1732 1641 non
1767 1589 1861 1657 sit,

202 1670 307 1725 sed
342 1687 461 1724 non
495 1674 715 1741 regnet.
748 1671 1019 1733 Quandiu
1071 1672 1227 1726 enim
1258 1672 1315 1727 in
1350 1673 1456 1728 hac
1486 1676 1605 1729 vita
1636 1693 1863 1744 sumus,

203 1758 336 1814 sine
370 1763 609 1829 peccato
639 1774 764 1813 esse
796 1776 911 1814 non
946 1777 1282 1831 possumus.
1309 1765 1380 1816 At
1403 1764 1458 1817 in
1493 1764 1607 1818 illis
1640 1764 1861 1819 solum-

206 1847 392 1901 modo
425 1852 649 1917 regnat,
682 1846 800 1918 qui,
819 1848 961 1902 dum
989 1850 1429 1921 concupiscunt,
1453 1853 1865 1924 concupiscen-

200 1935 304 1990 tiis
369 1936 633 2006 praebent
675 1952 1023 2021 assensum‘;
1060 1940 1215 1993 unde
1267 1956 1400 1994 mox
1449 1942 1764 1997 subditur:
1800 1953 1859 1999 ut

199 2023 473 2080 obediatis
520 2028 983 2095 concupiscentiis
1030 2029 1165 2098 ejus.
1230 2029 1469 2085 Mortale
1515 2048 1748 2103 corpus,
1801 2040 1865 2088 ut

204 2113 566 2185 quibusdam
620 2114 828 2185 placet,
880 2115 1215 2187 Apostolus,
1267 2134 1379 2172 non
1433 2125 1666 2192 propter
1714 2121 1862 2176 hanc

205 2217 584 2257 communem
629 2208 877 2258 mortem
934 2203 1269 2275 appellavit,
1303 2208 1403 2261 sed
1438 2213 1670 2279 propter
1699 2214 1861 2265 εοῑθιι-

209 2306 348 2345 nam
381 2291 863 2358 damnationem;
897 2293 997 2347 sed
1031 2293 1101 2347 de
1130 2293 1239 2348 hac
1269 2298 1325 2349 et
1355 2296 1426 2351 de
1454 2295 1553 2350 illa
1584 2295 1728 2351 nihil
1762 2299 1862 2352 ob-

214 2382 333 2433 stat
363 2379 631 2451 intelligi.

288 2466 495 2539 Igitur,
530 2475 592 2521 ut
637 2469 966 2524 ostenderet
1007 2470 1149 2540 quid
1180 2476 1335 2525 esset
1383 2488 1625 2542 regnare
1659 2489 1861 2545 pecca—

211 2562 362 2622 tum,
398 2557 625 2612 addidit
654 2574 665 2612 :
696 2558 801 2613 Sed
830 2574 1004 2629 neque
1052 2560 1362 2614 exhibeatis
1419 2562 1661 2617 membra
1688 2572 1863 2619 vestra

207 2662 364 2700 arma
428 2648 744 2715 iniquitatis
790 2655 1025 2717 peccato.
1076 2648 1391 2703 Sciendum
1444 2651 1585 2721 quia
1629 2652 1861 2722 singula

205 2750 313 2789 sua
361 2734 585 2789 habent
632 2734 865 2799 officia;
902 2736 1236 2807 quicunque
1285 2753 1420 2807 ergo
1469 2738 1561 2793 his
1594 2756 1859 2809 perverse

205 2824 408 2887 utitur,
442 2823 716 2878 membra
746 2840 853 2878 sua
896 2814 1135 2879 exhibet
1176 2842 1339 2880 arma
1368 2826 1695 2897 iniquitatis
1728 2845 1857 2900 pec-

206 2917 350 2979 cato,
385 2913 530 2983 quia
566 2912 713 2967 vires
745 2913 960 2983 pres-bet
1008 2913 1263 2980 diabolo,
1295 2932 1410 2985 quo
1452 2915 1681 2971 facilius
1710 2917 1859 2972 occi-

203 3000 396 3055 datur.

272 3090 371 3144 Sed
397 3090 649 3146 exhibete
678 3107 771 3147 vos
801 3093 907 3147 Deo
956 3092 1349 3164 (subauditur,
1385 3094 1563 3165 vivos)
1596 3104 1858 3168 tanquam

198 3194 267 3235 ex
294 3182 529 3235 mortuis
560 3182 824 3245 viventes,
873 3181 929 3235 id
962 3187 1069 3250 est,
1103 3187 1385 3254 tanquam
1420 3201 1453 3239 a
1486 3187 1734 3242 mortuis
1766 3202 1854 3241 re-

200 3273 531 3339 surgentes.
592 3269 664 3323 Et
738 3274 826 3323 est
882 3286 1093 3325 sensus
1149 3288 1161 3325 :

201 3358 415 3411 mortui
449 3357 620 3422 estis,
652 3356 807 3412 ultra
836 3357 895 3412 in
936 3358 1020 3413 eis
1050 3359 1193 3414 velle
1237 3360 1425 3417 vivere
1457 3380 1571 3417 non
1604 3365 1847 3435 debetis,

199 3444 388 3500 instar
446 3461 677 3511 eorum,
710 3446 807 3516 qui
856 3448 1237 3503 resurrecturi
1286 3456 1443 3521 sunt,
1477 3452 1694 3524 quibus
1746 3471 1851 3509 nec

197 3549 372 3604 posse
403 3534 516 3587 erit
546 3549 800 3604 peccare.

198 3623 264 3676 Et
294 3622 545 3677 membra
591 3632 759 3678 vestra
789 3641 951 3679 arma
993 3628 1227 3697 justitize
1260 3629 1382 3683 Deo.
1417 3629 1521 3694 Qui
1558 3632 1847 3686 membro-

199 3726 331 3764 rum
364 3727 610 3765 suorum
641 3712 846 3768 ofﬁciis
887 3714 1151 3770 ordinate
1207 3718 1413 3785 utitur,
1448 3719 1713 3773 membra
1744 3738 1851 3776 sua

196 3815 356 3854 arma
378 3800 629 3869 justitia:
660 3801 776 3857 Deo
826 3802 1081 3859 exhibet.
1113 3804 1281 3859 Verbi
1314 3806 1522 3877 gratia,
1558 3808 1603 3861 si
1638 3810 1708 3863 ad
1740 3808 1849 3865 hoc

193 3894 501 3943 versantur
551 3889 702 3943 oeuli
755 3892 941 3946 nostri
989 3892 1046 3946 in
1081 3893 1272 3965 capite
1324 3900 1387 3949 ut
1433 3897 1851 3967 concupiscant

193 3976 540 4048 rapiantque
573 3978 787 4045 aliena,
811 3997 974 4035 arma
998 3987 1138 4037 sunt
1167 3983 1436 4050 diabolo;
1470 4001 1499 4039 e
1532 3987 1843 4056 contrario,

194 4064 242 4119 si
274 4066 343 4120 ad
378 4066 485 4121 hoc
518 4072 833 4122 versantur
863 4073 927 4123 ut
959 4086 1073 4124 non
1125 4078 1572 4143 concupescant,
1608 4091 1711 4129 nec
1757 4093 1846 4130 ra-

194 4152 359 4223 piant
413 4154 628 4221 aliena,
677 4156 777 4210 sed
823 4174 931 4212 sua
987 4157 1125 4213 aliis
1175 4159 1550 4230 distribuant,
1585 4165 1849 4220 membra

194 4245 393 4296 nostra
419 4242 689 4313 gladium
736 4244 1079 4301 exhibemus
1121 4247 1257 4313 Deo,
1292 4265 1406 4320 quo
1457 4257 1513 4305 et
1544 4258 1845 4323 peccatum

194 4329 513 4397 occidatur,
531 4336 593 4387 et
616 4333 1155 4403 nosjustificemur.
1181 4338 1343 4401 Quod
1367 4345 1603 4409 agentes
1625 4343 1845 4411 peccati

192 4416 518 4475 dominium
551 4420 827 4479 vitamus.
852 4422 1015 4478 Unde
1046 4441 1179 4479 mox
1210 4425 1485 4481 subditur
1512 4445 1524 4483 :
1560 4430 1847 4485 Peccatum

190 4509 334 4561 enim
362 4511 517 4564 vobis
548 4525 661 4563 non
683 4510 1101 4581 dominabitur;
1132 4530 1240 4568 non
1258 4517 1409 4569 enim
1438 4518 1536 4570 sub
1568 4518 1680 4588 tege
1700 4520 1843 4587 estis,

1973 610 2149 665 libere
2168 617 2222 665 et
2245 629 2444 667 secure
2474 630 2706 685 peccare
2731 612 3050 684 poterimus
3076 628 3087 666 :
3116 611 3358 682 ideoque
3380 614 3623 681 Aposto-

1975 698 2087 767 lus,
2122 702 2504 771 quzestionem
2562 702 2670 756 sibi
2722 718 3072 773 proponens,
3107 700 3188 754 ait
3220 718 3231 755 :
3268 699 3408 768 Quid
3457 701 3621 768 ergo?

1973 789 2345 860 (subauditur
2384 791 2667 859 dicemus)
2715 791 3077 859 percabimus,
3111 792 3254 861 quia
3298 806 3408 844 non
3436 805 3624 843 sumus

1974 880 2075 933 sub
2104 879 2240 945 lege,
2272 879 2362 932 sed
2403 881 2498 933 sub
2543 882 2769 947 gratia?
2797 881 2872 932 Ae
2922 880 2969 933 si
3025 879 3239 934 diceret
3272 894 3284 931 :
3320 878 3443 932 Non
3495 878 3622 931 ideo

1975 967 2175 1037 gratia:
2210 969 2456 1038 subjecti
2509 969 2673 1035 estis,
2728 973 2791 1022 ut
2836 968 3017 1021 libere
3067 966 3320 1039 peccetis
3374 983 3385 1019 :
3437 966 3623 1038 gratia

1974 1056 2151 1121 enim,
2178 1074 2303 1127 qua:
2335 1074 2435 1111 vos
2466 1057 2747 1122 liberavit,
2774 1074 2889 1127 qua
2920 1057 3139 1111 ratione
3161 1073 3262 1110 vos
3295 1055 3446 1110 sinet
3477 1055 3619 1108 libe-

1976 1161 2035 1198 re
2069 1146 2349 1215 peccare?
2382 1146 2444 1199 Et
2484 1146 2590 1199 hoc
2637 1150 2725 1199 est
2772 1145 2923 1216 quod
2974 1145 3244 1215 sequitur
3278 1160 3291 1198 :
3326 1144 3493 1198 Absit.
3532 1145 3617 1207 Et,

1975 1235 2252 1304 quoniam
2288 1235 2481 1287 minus
2532 1235 2723 1288 adhuc
2757 1233 3215 1305 intelligenlibus
3248 1233 3617 1305 loquebatur,

1977 1322 2187 1391 adjecit
2220 1340 2230 1375 :
2267 1324 2494 1377 Nescitis
2526 1325 2783 1392 quoniam
2815 1324 2905 1376 cui
2928 1323 3195 1376 e.rhibetis
3226 1339 3317 1377 vos
3344 1338 3525 1376 servos
3552 1322 3621 1375 ad

1972 1411 2349 1478 obedientium,
2408 1413 2553 1465 servi
2604 1413 2735 1465 estis
2782 1415 2836 1466 ei
2879 1412 2968 1466 cui
3008 1411 3260 1467 obedistis
3310 1410 3507 1480 (219)?
3560 1410 3624 1464 Et

1973 1504 2062 1555 est
2092 1517 2337 1555 sensus:
2364 1500 2506 1555 Vere
2537 1500 2697 1555 scitis
2722 1501 2859 1571 quia
2892 1518 3005 1554 non
3038 1500 3303 1565 alterius,
3338 1501 3436 1554 sed
3471 1500 3619 1569 ejus,

1974 1588 2066 1644 cui
2100 1589 2351 1654 servitis,
2385 1589 2530 1643 servi
2562 1589 2743 1644 eritis.
2776 1589 2938 1643 Unde
2964 1589 3243 1643 Dominus
3271 1588 3329 1642 in
3360 1590 3617 1658 Evange-

1976 1677 2049 1731 lio
2084 1694 2095 1730 :
2130 1678 2298 1731 Nemo
2328 1687 2496 1748 potest
2523 1678 2727 1733 duobus
2774 1679 3016 1732 dominis
3063 1680 3268 1732 servire
3297 1676 3505 1747 (Matth.
3539 1693 3619 1741 vi,

1973 1767 2083 1835 24).
2116 1767 2458 1837 Quicunque
2490 1784 2625 1837 ergo
2658 1772 2889 1837 peccato
2923 1767 3183 1820 serviunt
3214 1765 3436 1838 peccati
3468 1764 3616 1819 servi

1973 1854 2344 1920 efficiuntur;
2376 1860 2432 1910 et
2461 1855 2559 1925 qui
2596 1856 2830 1923 iustitiae
2862 1856 3203 1924 obediendo,
3238 1854 3383 1909 servi
3416 1853 3618 1909 obedi-

1973 1943 2149 1999 tionis
2179 1944 2530 1998 efﬁciuntur.
2560 1944 2720 1998 Unde
2756 1961 2887 1999 mox
2918 1944 3183 2016 sequitur
3216 1962 3227 1998 :
3268 1944 3386 1997 Sive
3412 1944 3620 2014 peccati

1974 2033 2035 2087 in
2085 2035 2313 2087 mortem
2365 2034 2535 2103 (220),
2574 2035 2685 2087 sive
2734 2032 3059 2087 obeditionis
3112 2032 3181 2086 ad
3220 2033 3518 2103 justitiam.
3552 2032 3621 2084 Et

1974 2126 2105 2192 apte
2137 2121 2278 2175 dicit
2310 2137 2321 2173 :
2356 2122 2468 2175 sive
2492 2122 2705 2192 peccati
2734 2123 2793 2175 in
2824 2129 3074 2187 mortem,
3101 2120 3381 2191 quoniam
3414 2134 3616 2189 pecca-

1973 2214 2099 2264 tum
2150 2215 2624 2265 consummatum
2676 2210 2887 2281 mergit
2933 2210 2989 2263 in
3045 2213 3311 2263 mortem.
3374 2205 3619 2261 Pulchre

1973 2300 2149 2353 etiam
2195 2299 2441 2353 subdit:
2490 2300 2613 2354 Sive
2660 2298 2981 2354 obeditionis
3032 2298 3101 2352 ad
3140 2298 3443 2369 justitiam,
3478 2295 3618 2367 quia

1974 2387 2306 2458 quicunque
2338 2387 2552 2443 divinis
2576 2388 2877 2458 prmeeptis
2905 2384 3495 2456 obediuntjustitiam
3526 2398 3616 2438 ac-

1971 2476 2235 2547 quirunt,
2270 2476 2545 2548 quoniam
2572 2476 2884 2546 justitlcari
2921 2479 3236 2530 merentur.

2043 2565 2363 2637 Sequitur:
2399 2564 2615 2620 Gratias
2661 2574 2843 2620 autem
2896 2565 3019 2632 Deo,
3052 2564 3190 2635 quod
3237 2563 3424 2633 fuistis
3474 2563 3617 2616 servi

1967 2657 2199 2727 peccati,
2232 2655 2483 2710 obedistis
2513 2664 2697 2709 autem
2745 2670 2814 2709 ex
2842 2654 3022 2717 corde,
3056 2658 3163 2708 etc.
3196 2652 3341 2707 Nota
3370 2654 3616 2723 Aposto-

1973 2742 2096 2796 lunt
2124 2760 2238 2797 non
2270 2742 2397 2797 ideo
2428 2743 2645 2814 gratias
2677 2758 2846 2813 agere
2878 2742 3033 2812 quod
3064 2740 3213 2796 servi
3246 2738 3463 2812 peccati
3492 2739 3612 2793 fue-

1970 2831 2106 2898 rint,
2140 2832 2238 2885 sed
2290 2832 2428 2903 quia
2460 2838 2658 2903 postea
2704 2831 3049 2886 obedierint.
3082 2830 3161 2884 Ex
3209 2830 3380 2883 corde
3417 2832 3612 2883 autem

1968 2920 2129 2990 dicit,
2158 2926 2392 2993 propter
2422 2921 2673 2975 ﬁliorum
2698 2921 3043 2992 dignitatem
3070 2938 3083 2986 ;
3118 2918 3284 2975 aliter
3311 2918 3465 2973 enim
3500 2935 3617 2972 scr-

1966 3025 2101 3071 vus;
2128 3009 2292 3064 aliter
2315 3010 2740 3077 mercenarius;
2766 3009 3131 3075 aliterlilius;
3156 3024 3357 3063 servus
3378 3008 3611 3073 timore,

1968 3098 2361 3153 mercenarius
2382 3099 2576 3154 studio
2602 3097 3068 3167 mercedis,ﬁlius
3090 3113 3221 3151 vero
3245 3096 3369 3151 solo
3391 3112 3608 3152 amore.

1970 3187 2039 3240 Hi
2063 3203 2199 3259 ergo
2233 3204 2301 3243 ex
2331 3188 2501 3242 corde
2519 3186 3179 3258 obedierunt,quoniam
3211 3184 3315 3238 filii
3350 3185 3447 3239 Dei
3474 3184 3610 3238 facti

1226 3273 1322 3343 qui
1384 3274 1564 3329 semel
1620 3281 1851 3346 peccato
1883 3263 1925 3329 C
1965 3282 2119 3332 sunt.
2154 3277 2315 3348 Saepe
2347 3277 2561 3331 etenim
2586 3276 3009 3346 Deus,propter
3037 3273 3329 3328 interioris
3357 3272 3614 3328 hominis

1961 3365 2257 3429 affectum;
2291 3364 2539 3435 suscipit
2585 3380 2800 3418 munus
2847 3362 3150 3417 exterioris
3181 3380 3192 3427 ;
3230 3361 3386 3432 quod
3425 3360 3613 3414 mani-

1959 3453 2208 3508 festatur
2238 3453 2296 3506 in
2320 3452 2465 3507 libro
2488 3452 2751 3521 Genesis,
2776 3451 2876 3505 ubi
2908 3450 3119 3520 legitur
3149 3465 3163 3504 :
3202 3450 3454 3519 Respexit
3478 3450 3616 3503 Deus

1958 3543 2109 3612 Abel,
2141 3545 2191 3596 et
2221 3542 2291 3595 ad
2319 3557 2556 3595 munera
2599 3544 2721 3611 ejus
2752 3540 2905 3611 (Gen.
2943 3556 3016 3604 iv,
3050 3540 3124 3607 4).
3158 3540 3242 3593 Ad
3277 3537 3415 3593 Abel
3448 3537 3611 3607 dicit,

1958 3631 2016 3685 id
2048 3637 2154 3695 est,
2188 3631 2257 3685 ad
2290 3630 2670 3685 intentionem
2702 3628 2866 3684 Abel.

2031 3720 2115 3773 Ad
2152 3719 2291 3789 quid
2324 3723 2517 3774 autem
2559 3717 2883 3773 obedierint
2910 3717 3187 3788 aperitur,
3220 3733 3354 3771 cum
3404 3716 3606 3771 subdi-

1958 3813 2055 3863 tur
2088 3825 2099 3862 :
2136 3811 2195 3863 In
2226 3826 2347 3863 eam
2391 3810 2629 3879 formam
2676 3808 2960 3873 doctrinae,
2990 3808 3048 3861 in
3096 3823 3204 3878 qua
3235 3807 3383 3877 (221)
3414 3806 3609 3860 traditi

1957 3900 2086 3952 estis
2120 3896 2628 3968 [subintelligitur,
2661 3897 2820 3967 Deo].
2857 3897 3125 3951 Formam
3160 3895 3434 3951 doctrina:
3466 3894 3607 3950 dicit

1958 3986 2289 4058 exemplum
2325 3986 2613 4057 Evangelii
2648 4003 2660 4041 :
2696 4002 2811 4056 quo
2843 3986 2996 4041 dicto
3028 3985 3285 4041 ostendit
3316 3985 3610 4039 Romanos

1948 4075 2121 4145 juxta
2149 4076 2277 4145 ejus
2303 4074 2634 4144 exemplum
2681 4074 2922 4128 Domino
2953 4074 3221 4128 obedisse
3251 4072 3311 4127 in
3347 4089 3463 4145 qua
3490 4073 3611 4126 for-

1958 4180 2052 4218 ma
2089 4165 2199 4219 Deo
2230 4161 2425 4217 traditi
2462 4169 2617 4223 sunt,
2662 4162 2799 4231 quia
2828 4160 2956 4229 ejus
2988 4160 3091 4214 filii
3123 4162 3329 4215 effecti.

2029 4251 2268 4305 Liberati
2296 4257 2479 4304 autem
2508 4265 2541 4302 (ι
2586 4252 2822 4319 peccato.
2853 4248 3223 4319 Singularem
3256 4264 3358 4319 pro
3392 4247 3607 4318 plurali

1959 4340 2193 4411 posuit;
2228 4340 2381 4394 unde
2430 4336 2905 4393 subaudiendum
2935 4340 3045 4401 est,
3075 4335 3253 4389 omni.
3288 4335 3445 4389 Servi
3469 4337 3606 4405 [acti

1957 4431 2087 4485 estis
2122 4429 2381 4499 justitia}.
2434 4426 2678 4481 Justitiae
2729 4424 2890 4491 dicit,
2938 4425 2995 4479 id
3046 4428 3154 4488 est,
3188 4422 3415 4477 Domini
3460 4427 3601 4478 Jesu

1957 4518 2169 4573 Christi
2203 4516 2302 4588 qui
2334 4520 2422 4571 est
2464 4515 2697 4586 justitia
2742 4514 2950 4582 Patris,
2986 4512 3369 4583 omniumque
3415 4512 3601 4566 virtu-

189 4595 406 4693 sed-sub
434 4600 655 4693 gratia,
688 4597 746 4651 id
794 4606 901 4665 est,
936 4616 1050 4654 non
1101 4602 1241 4657 estis
1293 4604 1538 4674 parvuli,
1572 4608 1673 4661 sed
1715 4625 1845 4679 per-
1879 4630 1925 4693 Ι)
1962 4610 2085 4661 tum
2117 4624 2242 4678 quis
2273 4606 2329 4660 in
2362 4606 2489 4677 ipso
2520 4605 2996 4675 interpretantur.

189 4682 338 4738 fecti.
373 4686 493 4741 Sub
516 4687 647 4758 lege
679 4690 936 4759 suntqui
970 4689 1155 4761 legem
1182 4692 1495 4749 carnaliter
1513 4699 1571 4749 et
1603 4696 1850 4767 implent

193 4776 247 4826 et
274 4772 622 4847 intelligunt
650 4793 664 4843 ;
699 4777 809 4831 sub
841 4778 1027 4849 gratia
1055 4795 1209 4847 vero,
1245 4781 1344 4853 qui
1378 4784 1579 4839 eadem
1610 4786 1844 4857 spirita-

189 4857 319 4915 liter
347 4866 403 4918 et
453 4863 801 4935 intelligunt
850 4869 905 4919 et
951 4866 1215 4938 implent.
1250 4870 1329 4923 Ac
1373 4886 1475 4941 per
1522 4872 1629 4927 hoc
1676 4874 1850 4930 datur

191 4948 435 5023 intelligi
470 4953 619 5025 quia
671 4952 842 5007 multi
902 4961 1041 5009 sunt
1091 4956 1147 5009 in
1198 4955 1325 5029 lege
1355 4960 1454 5030 qui
1504 4962 1613 5016 sub
1661 4964 1850 5034 gratia

189 5036 409 5108 vivunt,
441 5045 501 5096 et
542 5042 601 5095 in
623 5041 834 5113 gratia,
859 5043 957 5113 qui
988 5044 1097 5098 sub
1137 5043 1262 5116 lege
1300 5045 1521 5103 vivunt.
1547 5050 1653 5104 Sed
1688 5057 1846 5121 pote-

188 5132 317 5182 rant
336 5128 645 5201 simplices
668 5134 725 5184 et
747 5130 943 5187 minus
963 5130 1358 5205 intelligentes
1381 5136 1452 5191 ad
1472 5136 1592 5192 haec
1614 5155 1849 5211 respon-

190 5213 320 5271 dere
347 5234 358 5272 :
385 5218 446 5273 Si
479 5235 602 5274 non
635 5233 842 5274 sumus
860 5222 970 5275 sub
1001 5219 1147 5293 lege,
1182 5223 1282 5278 sed
1316 5224 1425 5278 sub
1457 5225 1667 5297 gratia,
1710 5228 1849 5299 quia

255 5408 501 5488 (217)_In
551 5416 785 5485 autogr.
819 5413 902 5469 sic
951 5415 1185 5488 legitur,
1218 5434 1381 5474 nemo
1430 5423 1581 5477 novit
1612 5424 1685 5478 ad
1731 5426 1843 5480 Pa-

394 5484 673 5569 Ffprtgpse
712 5484 878 5569 nemo
907 5484 1070 5569 venit,
1094 5484 1265 5561 juxta
1314 5490 1461 5569 illud
1512 5493 1680 5549 Joan.
1715 5513 1839 5569 cap.

190 5566 305 5633 xxv,
324 5570 397 5633 ,γη
419 5556 461 5633 εξ
490 5574 501 5610 ;
535 5556 703 5633 Nemo
732 5559 879 5611 venit
908 5559 979 5613 ad
1004 5556 1229 5616 Patrem
1258 5564 1373 5617 nisi
1394 5579 1494 5633 per
1520 5582 1625 5621 me.

214 5625 404 5706 “(ﬁ-“fil
429 5628 504 5706 ,Ῑη
540 5632 742 5706 δμηθε-
776 5646 957 5701 marg-
991 5633 1111 5689 XVI
1140 5659 1154 5702 ;
1186 5650 1313 5706 cap.
1349 5625 1544 5691 autem
1581 5637 1675 5692 XV
1710 5638 1837 5693 nul-

190 5692 287 5749 libi
317 5692 690 5769 designatur.

2034 4698 2343 4750 Humanum
2370 4694 2488 4749 dico
2516 4701 2735 4765 propter
2763 4692 3145 4761 inﬁrmitatem
3173 4692 3356 4745 carnis
3384 4700 3603 4747 vestrae.

1961 4785 2111 4855 (222)
2146 4784 2263 4839 Hoc
2298 4784 2420 4838 loco
2454 4798 2733 4854 magnum
2788 4782 2911 4835 suis
2944 4779 3310 4836 auditoribus
3360 4780 3608 4837 incussit

1959 4874 2263 4946 pudorem.
2290 4873 2435 4938 Quid
2458 4888 2591 4927 vero
2623 4871 2699 4926 sit
2719 4870 2827 4926 hoc
2850 4869 3182 4936 manifesta,
3198 4870 3599 4942 subjungens:

1960 4962 2111 5017 Sicut
2142 4962 2465 5018 exhibuistis
2494 4961 2739 5017 membra
2768 4968 2969 5027 vestra,
3005 4962 3111 5014 etc‘.
3146 4964 3226 5013 Ac
3256 4959 3305 5015 si
3337 4960 3555 5015 diceret
3589 4977 3603 5016 :

1959 5051 2108 5115 Quid
2138 5051 2479 5120 humanius,
2515 5050 2655 5121 quid
2689 5049 2891 5117 levius,
2916 5065 3092 5119 quam
3127 5052 3210 5115 ut,
3234 5049 3388 5103 sicut
3408 5049 3603 5105 fuistis

1958 5141 2212 5213 prompti
2236 5141 2306 5196 ad
2331 5139 2571 5208 malum,
2596 5138 2677 5193 ita
2694 5137 2823 5191 sitis
2847 5138 2917 5193 ad
2943 5137 3204 5193 bonum?
3228 5138 3344 5209 Ego
3367 5138 3605 5208 quidem

1957 5230 2142 5286 multo
2165 5233 2390 5301 majora
2411 5246 2444 5284 a
2463 5228 2627 5284 vobis
2648 5226 2874 5298 exigere
2896 5226 3155 5294 debui,et
3171 5242 3274 5282 vos
3288 5226 3606 5299 promptio-

2049 5425 2175 5494 219)
2206 5423 2377 5495 Vulg.
2408 5424 2657 5479 obeditis.

2046 5496 2171 5566 220)
2203 5494 2375 5566 Vulg.
2409 5495 2477 5549 ad
2508 5498 2762 5547 mortem.

2024 5566 2170 5636 (221)
2200 5566 2368 5637 Vulg.
2406 5569 2465 5621 in
2494 5581 2682 5637 quam.

2024 5632 2169 5709 (222)
2204 5639 2264 5693 In
2299 5632 2513 5710 autogf
2532 5636 2833 5707 signatum
2859 5632 3153 5687 invenitur
3181 5633 3333 5687 Dom.
3360 5634 3471 5687 VIII
3486 5635 3605 5702 post

1950 5715 2105 5767 Pent.
