3978 6214
249 329 355 380 985

1480 327 1810 382 EPISTOLA‘I
1852 329 1926 383 ET
1968 328 2356 383 DIPLOMATA.

3475 330 3580 384 986

247 451 492 506 Joannes
525 451 660 512 Xlll,
696 451 1002 505 Conditoris
1039 454 1331 508 clementia
1370 463 1572 509 sancta:
1606 457 1862 511 Romanae
1889 463 1936 528 Α
1965 458 2407 531 cognominatur,
2437 457 2709 521 canonici,
2763 456 2990 510 domino
3041 457 3327 526 episcopo,
3382 465 3435 510 et
3465 473 3579 511 om-

250 543 399 596 sedis
427 543 668 596 existens
701 543 960 617 indignus
987 560 1146 613 papa,
1176 545 1396 615 gloriosi
1443 548 1743 620 Anglorum
1775 565 1864 602 re-

249 639 334 709 gis
357 638 572 708 Edgari,
600 655 814 692 necnon
843 649 896 692 et
917 649 1118 693 sanctae
1154 640 1587 695 Dorobernensis
1611 643 1864 698 Ecclesiae

249 727 664 796 archiprzesnlis
722 727 1003 791 Dunstani,
1085 727 1361 781 submisso
1445 729 1688 798 pulsatus
1743 747 1862 784 sutn

251 823 443 886 rogatu
481 832 577 884 pro
609 816 939 869 monasterio
973 817 1184 869 Sanctae
1218 816 1418 880 Maria),
1452 817 1709 872 videlicet
1739 819 1866 872 Gla-

249 907 578 979 stiugeberi,
613 907 759 977 quod
809 907 908 976 ipsi
965 908 1068 960 acti
1111 924 1296 960 amore
1355 909 1579 978 superni
1620 909 1782 981 [tegis
1811 910 1863 962 in

253 998 440 1050 multis
469 1005 521 1050 et
555 998 767 1070 magnis
825 999 1272 1068 possessionibus
1302 1000 1624 1065 ditaverant,
1676 1016 1868 1054 mona-

253 1091 481 1144 chorurn
535 1089 669 1142 inibi
712 1089 1136 1158 multiplicantes
1185 1106 1429 1144 normam
1480 1101 1866 1162 praeceptoque

254 1181 423 1253 regali
458 1180 826 1242 ﬁrmaverant,
878 1182 1109 1251 quodet
1169 1183 1286 1252 ipse
1329 1183 1507 1236 facere
1541 1199 1649 1238 non
1709 1182 1867 1236 diffe-

255 1286 388 1322 ram.
425 1273 661 1332 Quorum
691 1269 998 1322 assentiens
1030 1270 1282 1342 benigna:
1325 1272 1600 1340 petitioni,
1655 1272 1708 1324 in
1740 1272 1862 1324 sinu

256 1358 512 1411 Romanae
563 1358 813 1411 Ecclesia:
861 1366 915 1412 et
956 1359 1239 1412 beatorum
1281 1362 1651 1428 apostolorum
1683 1369 1866 1430 prote-

251 1449 435 1501 ctionc
467 1449 721 1501 eumdem
757 1449 935 1503 locum
969 1449 1234 1519 suscipio,
1268 1467 1316 1502 Cl
1355 1451 1654 1522 privilegiis
1681 1460 1863 1505 astruo

251 1548 308 1593 et
349 1541 668 1604 corroboro,
705 1557 812 1610 quo
865 1539 1138 1594 ﬁnetenus
1170 1543 1221 1595 in
1257 1560 1322 1596 eo
1355 1560 1461 1613 quo
1511 1560 1656 1597 nunc
1699 1545 1864 1612 pollet

259 1640 578 1698 permaneat
612 1631 917 1683 monachali
957 1630 1170 1684 ordine.
1208 1631 1312 1700 Ipsi
1347 1648 1566 1703 quoque
1609 1633 1861 1686 monachi

1965 546 2128 599 nibus
2159 545 2439 600 catholica!
2473 544 2600 598 ﬁdei
2633 545 2938 599 cultoribus
2992 563 3054 599 ex
3088 545 3406 614 patentibus
3457 546 3578 599 cul-

1965 653 2155 706 parum
2187 653 2409 689 suarum
2443 635 2882 705 turpitudinibus
2907 635 3166 699 odibiles,
3201 643 3256 688 et
3283 635 3338 688 in
3363 635 3573 689 eisdem

1965 727 2268 780 secundum
2303 725 2659 795 impuznitens
2683 741 2778 778 cor
2822 741 3011 779 eoa-um
3048 725 3416 778 inverecunde
3448 741 3578 795 per-

1966 815 2247 880 durantes,
2281 831 2403 868 cum
2451 829 2551 868 suo
2586 815 2900 884 przeposito,
2941 824 3126 886 utpote
3169 831 3294 869 vasa
3343 815 3576 879 diaboli,

1967 909 2291 976 ejiciantur:
2337 917 2391 963 et
2421 909 2562 962 sicut
2604 917 2783 962 vestra
2823 908 3134 963 sublimitas
3165 908 3464 973 desiderat,
3494 909 3581 962 di-

1969 1000 2296 1054 lectissimus
2328 1000 2498 1054 frater
2519 1008 2574 1053 et
2604 999 2967 1069 coepisc0pus
2995 1007 3180 1054 noster
3212 1000 3578 1063 Ethewaldus,

1969 1091 2313 1164 regularibus
2341 1092 2650 1160 disciplinis
2683 1091 2932 1161 apprime
2975 1091 3234 1154 imbutus,
3276 1093 3580 1146 monacho-

1970 1199 2085 1236 rum
2122 1183 2424 1237 secundum
2473 1189 2743 1252 praecepta
2779 1182 2985 1255 regulae
3020 1182 3320 1236 viventium
3354 1199 3576 1256 gregem

1967 1273 2226 1337 enutriat,
2258 1272 2446 1342 eisque
2481 1271 2613 1324 inibi
2649 1279 2967 1341 perpetuam
3004 1271 3348 1324 mansionem
3381 1279 3580 1326 statuat

1969 1362 2082 1428 ille,
2118 1363 2209 1432 qui
2240 1378 2427 1416 eorum
2468 1362 2626 1414 vitam
2671 1362 2740 1414 ita
2780 1362 3084 1417 sanctitatis
3127 1363 3373 1417 moribus
3421 1379 3582 1418 exor-

1967 1463 2077 1516 net,
2110 1463 2186 1517 ut,
2210 1461 2426 1523 pastore
2459 1453 2526 1506 ad
2559 1453 2762 1507 laboris
2791 1455 2874 1507 sui
2910 1455 3192 1523 prannium
3227 1463 3437 1519 vocato,
3471 1472 3578 1509 non

1965 1544 2188 1597 aliunde
2219 1560 2381 1613 quam
2429 1560 2492 1595 ex
2531 1543 2622 1595 illa
2664 1542 3090 1612 congregatione
3145 1543 3284 1596 alter
3315 1542 3367 1596 in
3403 1545 3582 1597 locum

1969 1634 2249 1706 regiminis
2290 1635 2574 1688 succedat.
2627 1633 2778 1697 Quod
2835 1633 2879 1686 si
2921 1633 3378 1703 impedientibus,
3431 1634 3578 1704 quod

256 1720 326 1772 de
347 1719 463 1772 suis
493 1719 593 1771 sibi
623 1719 920 1772 adhibeant
951 1727 1245 1788 pastorem.
1285 1720 1562 1774 Ordinatio
1595 1737 1724 1775 vero
1758 1732 1864 1774 tam
1896 1760 1940 1822 Β
1966 1729 2127 1790 absit,
2161 1729 2420 1798 peccatis,
2451 1729 2518 1781 ad
2545 1728 2647 1780 hoc
2685 1726 2995 1797 pontificale
3026 1727 3268 1781 ofﬁcium
3295 1727 3349 1780 in
3385 1728 3578 1782 eadem

254 1809 646 1861 monachorum
699 1824 861 1877 quam
912 1809 1234 1862 clericorum
1284 1808 1336 1861 in
1386 1808 1613 1862 arbitrio
1653 1809 1868 1862 abbatis

253 1907 306 1950 et
331 1905 634 1951 conventus
673 1898 764 1952 sit.
811 1899 1164 1952 Decernimus
1203 1901 1371 1953 etiam
1401 1900 1611 1954 utnulli
1641 1902 1866 1955 omnino

257 1991 544 2044 hominum
600 1991 846 2044 eamdem
891 1992 1143 2052 insulam,
1197 2009 1358 2045 causa
1409 1992 1726 2062 placitandi,
1785 1993 1865 2046 vel

253 2079 460 2149 aliquid
499 2080 875 2148 perscrutandi
929 2089 1020 2134 aut
1059 2081 1389 2150 corrigendi,
1444 2084 1649 2135 intrare
1684 2083 1861 2136 liceat.

249 2172 303 2223 Si
345 2172 470 2242 quis
509 2181 686 2226 autem
721 2173 774 2225 id
809 2173 1028 2225 molitus
1053 2172 1150 2226 fuit
1181 2175 1475 2239 contraire,
1508 2182 1601 2228 aut
1650 2191 1867 2244 posses-

250 2261 441 2315 siones
469 2263 716 2329 ejusdcm
748 2262 999 2315 ecrlcsite
1029 2261 1262 2328 auferre,
1292 2263 1550 2329 retinere,
1592 2264 1864 2333 minuere,

250 2355 333 2407 vel
369 2354 673 2407 temerariis
718 2354 1098 2407 vexatiouibus
1132 2353 1376 2427 fatigare,
1415 2363 1495 2407 'ex
1541 2357 1865 2411 auctoritate

247 2445 343 2499 Dei
409 2446 600 2509 Patris,
658 2453 710 2498 et
764 2445 902 2504 Filii.
935 2453 990 2499 et
1043 2445 1276 2514 Spiritus
1306 2447 1501 2511 sancti,
1546 2456 1864 2518 sanctasque

248 2538 346 2591 Dei
390 2537 672 2610 genitricis
718 2537 918 2601 Mariae,
959 2553 1022 2591 ac
1067 2538 1157 2590 SS.
1192 2539 1562 2608 apostolorum
1617 2539 1756 2594 Petri
1811 2547 1866 2594 et

250 2628 426 2692 Pauli,
451 2629 808 2698 omniumque
833 2637 1168 2688 sanctorum.
1205 2639 1485 2699 perpetuae
1519 2630 1589 2684 sit
1615 2632 1867 2686 addictus

250 2719 672 2784 maledictioni,,
721 2721 822 2773 nisi
868 2722 1176 2791 resipucrit.
1224 2723 1487 2777 Omnibus
1514 2740 1641 2777 vero
1684 2725 1864 2779 eidem

254 2810 375 2862 loco
423 2809 570 2878 justa
616 2810 963 2864 servantibus
1008 2812 1077 2865 sit
1111 2831 1210 2882 pax
1261 2815 1473 2867 Domini
1523 2817 1691 2868 nostri
1740 2817 1865 2869 Jesu

255 2901 475 2966 Christi,
508 2918 690 2967 amen,
739 2912 1035 2974 nostraque
1067 2906 1349 2975 stipulatio
1382 2908 1700 2962 inconvulsa
1735 2926 1862 2978 per-

251 3000 491 3044 maneat.

1971 1821 2398 1892 congregatione
2430 1820 2689 1873 idoneum
2716 1819 2947 1872 inveniri
2970 1819 3198 1871 minime
3224 1835 3384 1888 posse
3411 1819 3583 1873 conti-

1968 1909 2129 1981 gerit,
2161 1909 2483 1962 auetoritate
2533 1908 2905 1977 apostolorum
2957 1908 3225 1977 principis
3272 1908 3432 1972 Petri,
3493 1907 3580 1961 cui

1971 1997 2229 2050 Dominus
2256 2013 2319 2050 ac
2349 1996 2595 2050 Salvator
2628 2004 2813 2050 noster
2842 1996 3046 2066 ligandi
3087 1996 3449 2065 solvendique
3483 2012 3576 2065 po-

1971 2093 2215 2138 testatem
2249 2083 2605 2147 contradidit,
2649 2083 2998 2152 praecipimus
3039 2090 3096 2136 ut
3127 2099 3289 2136 nemo
3321 2100 3384 2136 ex
3416 2082 3583 2136 cleri-

1967 2193 2152 2232 corum
2187 2178 2383 2231 ordine
2437 2175 2502 2228 ad
2549 2175 2711 2241 hujus
2766 2175 3006 2245 regimen
3067 2174 3324 2228 Ecclesia-3
3369 2189 3584 2244 promo-
3623 2206 3629 2215 -

1967 2276 2185 2332 veatur;
2225 2269 2322 2321 sed
2382 2268 2562 2336 potius
2614 2284 2677 2319 ex
2728 2267 2832 2319 alia
2869 2266 3106 2336 qualiter
3149 2266 3584 2338 congregatione

1968 2358 2061 2428 qui
2091 2358 2289 2430 dignus
2329 2356 2584 2409 inventus
2615 2355 2778 2408 fuerit
2830 2354 3133 2408 monachus
3161 2362 3488 2419 assumatur,
3522 2361 3576 2408 et

1968 2449 2091 2503 huic
2146 2448 2400 2502 Ecclesiae
2452 2445 2797 2516 praeﬁciatur.
2859 2445 2912 2499 Si
2973 2447 3097 2515 quis
3137 2445 3283 2498 enim
3346 2445 3574 2505 interea,

1967 2543 2111 2614 quod
2145 2557 2250 2595 non
2283 2541 2576 2594 credimus.
2612 2541 2728 2593 haec
2759 2539 3076 2609 apostolicze
3118 2539 3268 2592 sedis
3297 2539 3575 2613 privilegii

1967 2638 2187 2690 decreta
2220 2635 2368 2688 irrita
2423 2635 2624 2699 facere,
2656 2645 2708 2687 et
2753 2649 2815 2687 ea
2858 2650 2979 2704 qme
3031 2633 3190 2686 nobis
3220 2633 3310 2702 pie
3368 2633 3580 2688 indulta

1968 2733 2095 2779 sunt
2127 2725 2452 2778 intaminare
2485 2723 2926 2794 praesumpserit;
2977 2722 3296 2776 auctoritate
3329 2723 3579 2790 ejusdem

1970 2817 2213 2871 ccclesiis
2269 2816 2526 2888 clavigeri
2571 2814 2735 2879 Petri,
2789 2814 3147 2885 omniumque
3204 2830 3582 2869 successorum

1970 2907 2091 2973 ejus
2130 2905 2265 2958 sciat
2294 2921 2353 2957 se
2385 2903 2747 2958 anathematis
2789 2903 3010 2957 vinculo
3043 2903 3388 2964 innodatum,
3443 2911 3496 2955 et
3527 2903 3584 2955 in

1971 2998 2064 3052 illo
2097 2999 2280 3070 magni
2306 2996 2499 3064 judicii
2533 2995 2622 3048 die
2656 2994 3050 3064 perpetualiter
3089 2994 3483 3047 damnandum.
3521 2992 3580 3045 ln

318 3083 509 3135 Actum
554 3092 799 3153 tempore
840 3084 1061 3138 zElfardi
1111 3084 1355 3153 ejusdem
1403 3089 1718 3142 monasterii
1775 3089 1868 3143 ab-
1894 3112 1941 3176 (τ
1969 3087 2185 3140 Christo
2213 3085 2418 3149 valeas,
2452 3083 2676 3138 domine
2704 3082 2802 3136 ﬁli.

245 3172 409 3228 batis.

315 3372 536 3408 JUANNIS
587 3373 732 3409 ΡΛνῶ
770 3373 862 3409 ΧΙΗ
917 3372 1169 3409 EPISTOLA
1199 3373 1267 3410 AD
1313 3374 1562 3412 EDGARUM
1614 3374 1786 3411 REGI-JH

900 3443 1206 3480 ANULORUM.

875 3521 1048 3585 (Anno
1080 3518 1225 3585 971.)

354 3629 423 3679 De
455 3625 765 3692 episcopatu
801 3626 1160 3678 Wintonicnsi
1188 3625 1522 3693 expellendis
1543 3627 1750 3680 clericis

640 3700 688 3747 ct
730 3696 1132 3748 introducendis
1170 3697 1446 3749 monachis

313 3807 553 3860 Jomnss
581 3805 895 3876 episCOpus,
937 3821 1130 3859 servus
1159 3821 1440 3860 servorum
1483 3805 1598 3869 Dei,
1643 3806 1861 3870 EDGARQ

244 3899 356 3971 regi
388 3897 874 3964 excellentissimo,
923 3909 1086 3969 atque
1124 3898 1379 3952 omnibus
1411 3897 1704 3968 episcoliis,
1759 3900 1861 3953 du-

244 3993 424 4057 cibus,
457 3993 772 4058 comitibus,
806 3993 1095 4046 abbatibus
1146 4001 1198 4045 et
1226 4001 1422 4046 cuncto
1475 3992 1622 4046 ﬁdeli
1655 3994 1858 4064 populo

245 4086 485 4156 Anglica:
519 4087 718 4157 gentis,
753 4086 1109 4140 Christianam
1149 4086 1380 4140 salutem
1417 4094 1471 4140 et
1501 4087 1858 4157 apostolicam

250 4175 718 4229 benedictionem.

320 4263 584 4326 Quoniam
625 4279 842 4332 semper
873 4270 1001 4316 sunt
1026 4263 1381 4317 concedenda
1429 4280 1550 4334 qua:
1583 4264 1866 4318 rationali-

252 4355 354 4408 bus
379 4361 698 4425 quzeruntur
721 4354 1034 4418 desideriis,
1055 4362 1272 4424 oportet
1291 4364 1348 4408 ut
1381 4362 1574 4409 vestra:
1597 4355 1702 4424 pia:
1725 4364 1866 4425 peti-

252 4448 418 4502 tionis
442 4447 684 4500 studium
706 4447 760 4500 in
793 4447 1097 4520 privilegiis
1127 4447 1355 4501 minime
1386 4446 1696 4502 offendatur
1728 4465 1864 4517 pra:-

245 4535 472 4588 standis.
527 4533 738 4588 Scimus
781 4534 951 4600 enim,
1002 4534 1238 4607 gloriose
1273 4533 1372 4600 ﬁli,
1425 4534 1639 4607 imperii
1698 4535 1862 4589 vestri

246 4626 567 4697 dignitatem
617 4626 734 4679 zelo
767 4626 965 4678 divina)
1000 4626 1136 4698 legis
1174 4625 1249 4678 ita
1278 4625 1522 4696 undique
1577 4602 1861 4691 m'unitam,

249 4729 304 4770 ut
337 4717 719 4771 indesinenter
747 4733 842 4786 pro
871 4715 1268 4771 venerabilium
1292 4716 1535 4770 locorum
1557 4717 1864 4789 percogitet

249 4809 577 4872 stabilitate;
608 4819 879 4879 quatenus
907 4808 1267 4878 proveniente
1301 4823 1397 4877 pro
1432 4807 1638 4866 labore.
1674 4808 1865 4862 schola

249 4899 516 4954 Dominici
559 4900 934 4970 multipliciter
961 4899 1190 4965 servitii,
1223 4909 1276 4952 et
1321 4898 1564 4972 largitori
1616 4898 1865 4952 omnium

251 4993 356 5047 Deo
389 4994 608 5048 abunde
648 4994 855 5048 fructus
906 4994 1213 5046 referantur
1261 4992 1470 5046 milleni
1544 4994 1740 5056 Quare,
1774 5008 1867 5044 rex

253 5086 454 5156 inclyte
495 5101 557 5138 ac
615 5083 688 5136 ﬁli
738 5083 1080 5148 charissima,
1131 5084 1281 5154 quod
1313 5090 1491 5137 vestra
1537 5082 1867 5136 excellentia

253 5195 351 5247 per
380 5177 599 5230 fratrem
629 5184 683 5228 et
723 5176 1114 5245 coepiscopum
1151 5182 1394 5229 nostrum
1431 5175 1764 5229 Dunstanum
1799 5172 1868 5225 ab

256 5269 353 5323 hac
379 5267 680 5338 apostolica
718 5267 872 5331 sede,
915 5267 1000 5320 cui
1046 5266 1172 5320 licet
1219 5266 1475 5321 immeriti
1510 5263 1870 5336 praisidcmus

250 5362 517 5434 exposcit,
578 5361 836 5414 omnibus
878 5361 1052 5416 modis
1106 5362 1482 5424 concedimus,
1543 5356 1867 5414 auctoritate

251 5455 550 5527 apostolica
580 5453 913 5520 sancientes,
947 5460 1005 5507 ut
1035 5455 1104 5508 de
1131 5454 1462 5508 monasterio
1491 5454 1547 5507 in
1589 5451 1870 5506 Wintonia

247 5548 492 5610 civitate,
528 5545 582 5598 in
609 5545 872 5599 honorem
905 5552 1108 5599 sanctae
1134 5544 1407 5598 Trinitatis
1435 5551 1490 5598 et
1519 5543 1870 5598 beatissimo-

249 5655 366 5692 rum
407 5635 780 5706 apostolorum
827 5634 968 5689 Petri
1015 5643 1070 5689 et
1124 5634 1273 5689 Pauli
1325 5641 1662 5699 constructo,
1719 5634 1868 5704 quod

250 5739 430 5797 vetus,
463 5727 774 5784 differentia
796 5728 921 5782 novi
956 5726 1102 5781 illius
1131 5727 1277 5796 quod
1304 5728 1455 5794 juxta
1491 5731 1574 5780 est
1602 5725 1869 5793 ctenobii,

1885 4494 1936 4561 D

2030 3302 2249 3339 JOANNIS
2288 3302 2436 3338 PAPAS
2475 3301 2564 3338 Xlll
2624 3299 2964 3336 PRIVILEGIUM
3007 3298 3102 3335 PHC
3167 3297 3502 3335 MONASTERIO

2317 3372 2342 3408 S
2426 3372 2602 3409 MANE.
2639 3370 3229 3407 TUANGMARSFELDENSI.

2582 3450 2760 3513 (Anno
2791 3447 2935 3511 971).

1963 3539 2136 3611 [Apud
2192 3539 2398 3602 Eccart,
2451 3540 2694 3592 Historia
2749 3538 2997 3611 gezieqlog
3066 3539 3296 3604 princip.
3358 3537 3574 3590 Samon.

2569 3624 2745 3676 super.
2761 3649 2774 3673 ,
2819 3608 2962 3678 145.]

2026 3721 2265 3776 Joannes
2296 3719 2616 3789 episcopus,
2637 3733 2832 3771 servus
2851 3730 3130 3770 servorum
3167 3713 3281 3768 Dei.

2033 3813 2267 3867 Creditaa
2311 3809 2712 3882 Speculationis
2752 3808 3090 3880 impellimur
3119 3823 3250 3860 cura
3281 3821 3343 3860 ac
3380 3805 3579 3860 ardore

1962 3917 2266 3966 movemur,
2326 3914 2423 3968 pro
2479 3897 2879 3952 venerabilium
2935 3898 3177 3951 locorum
3235 3893 3582 3967 percogitare

1961 3991 2360 4050 stabilitatione
2411 3998 2576 4060 atque
2624 3989 2736 4042 Deo
2787 3989 3140 4043 servientium
3182 3985 3475 4039 securitate
3525 3993 3585 4038 et

1963 4089 2067 4141 hoc
2096 4101 2192 4155 pro
2227 4083 2422 4136 anima!
2448 4083 2539 4150 pio
2570 4080 2778 4146 labore,
2812 4090 2871 4134 ut
2897 4080 3094 4133 anima:
3120 4077 3326 4132 Christo
3357 4077 3579 4140 dicataa,

1964 4192 2084 4248 quae
2108 4177 2152 4229 si
2187 4174 2262 4228 illi
2289 4173 2485 4226 diebus
2517 4185 2706 4223 eorum
2737 4169 2947 4222 servire
2975 4169 3358 4231 decreverunt,
3392 4182 3580 4236 perse-

1965 4270 2162 4319 verent
2237 4258 2672 4331 imperturbatze,
2748 4272 2850 4309 nec
2909 4272 3018 4309 non
3083 4263 3136 4308 et
3188 4256 3277 4308 illa
3325 4265 3589 4308 maneant

1967 4359 2076 4413 ﬁne
2104 4368 2263 4412 tenus
2288 4354 2441 4409 ﬁrma
2472 4369 2594 4423 quae
2623 4367 2652 4404 a
2681 4350 3005 4404 Christianis
3038 4351 3091 4403 in
3125 4350 3214 4404 Dei
3258 4349 3418 4404 laude
3450 4364 3583 4403 con~

1964 4463 2132 4512 tracta
2157 4459 2303 4506 sunt.
2333 4449 2568 4503 Dilectus
2597 4462 2659 4500 ac
2682 4444 2986 4515 spiritualis
3019 4444 3164 4498 ﬁlius
3193 4453 3382 4500 noster
3410 4445 3580 4506 Gero,

1963 4551 2165 4600 sanctae
2206 4537 2551 4596 Coloniensis
2583 4533 2838 4588 Ecclesiae
2878 4533 3356 4602 archiepiscopus,
3382 4533 3578 4587 limina

1966 4637 2336 4709 apostolorum
2368 4630 2533 4704 digna
2563 4624 2856 4679 devotione
2889 4624 3135 4683 visitans,
3185 4640 3249 4678 ac
3290 4624 3579 4679 nobiscum

1967 4729 2201 4800 plurima
2253 4726 2306 4779 in
2364 4730 2504 4778 statu
2558 4716 2842 4792 religionis
2893 4715 3329 4778 communicans,
3397 4715 3586 4771 retulit

1967 4840 2028 4877 se
2057 4821 2387 4889 fratremque
2417 4831 2573 4869 suum
2600 4811 2965 4866 Thietmarum
3000 4807 3398 4870 marchionem,
3431 4805 3584 4860 Chri-

1969 4912 2034 4965 sti
2067 4907 2378 4963 admonitos
2420 4918 2625 4963 amorc,
2666 4896 2958 4970 quemdam
3013 4897 3191 4948 locum
3253 4895 3304 4947 in
3363 4895 3575 4949 honore

1968 5006 2172 5052 sanctae
2214 4994 2393 5049 Mariae
2432 5005 2652 5060 semper
2689 4985 2917 5059 virginis
2947 4984 3300 5047 instaurasse,
3331 4989 3385 5035 ct
3420 4981 3474 5033 in
3510 4997 3579 5037 eo

1969 5086 2368 5140 monachorum
2418 5080 2658 5153 regulam
2722 5075 2893 5130 sancti
2947 5070 3224 5127 Benedicti
3283 5070 3582 5124 observan-

1973 5175 2104 5229 tium
2159 5172 2438 5226 addidisse
2495 5168 2711 5225 officiis.
2775 5164 2941 5232 llujus
2998 5161 3100 5216 loci
3167 5175 3230 5214 ac
3289 5158 3579 5230 religionis

1973 5273 2156 5320 nostro
2187 5262 2450 5334 suffragio
2481 5278 2544 5316 ac
2584 5258 2872 5332 privilegio
2925 5264 3160 5326 paratam
3214 5250 3574 5306 stabilitatem

1970 5356 2086 5411 fieri
2127 5353 2510 5423 expostulavit.
2539 5352 2702 5420 Cujus
2756 5347 3002 5420 petitioni
3051 5359 3322 5408 annuens,
3354 5347 3576 5411 aposto-

1970 5452 2071 5506 lica
2117 5448 2443 5503 auctoritate
2501 5447 2810 5511 statuimus,
2881 5443 3025 5515 quod
3095 5440 3275 5495 eidem
3341 5437 3461 5491 loco
3516 5451 3580 5490 ac

1971 5535 2383 5612 congregationi
2415 5535 2664 5594 fratrum,
2692 5533 2812 5586 sine
2841 5532 3073 5600 alicujus
3105 5527 3368 5601 potentia,
3393 5524 3578 5579 divino

1971 5626 2277 5685 ministerio
2333 5625 2536 5678 instare
2581 5621 2761 5674 liceat.
2797 5620 2908 5673 Nec
2960 5619 3264 5689 episcopis,
3298 5617 3379 5671 vel
3420 5624 3577 5686 pote—

1973 5722 2094 5778 stati
2143 5733 2331 5774 eorum
2401 5714 2454 5768 in
2521 5711 2707 5782 aliquo
2759 5709 3127 5764 intermittere
3161 5751 3173 5774 ,
3249 5709 3332 5764 vel
3386 5714 3578 5763 retror-
