3978 6214
1756 122 1859 147 Ἀ

375 327 479 380 987

1715 330 1986 385 JOANNIS
2029 331 2142 384 Xlll
2185 331 2371 386 ΡΑΡᾹΣ

3604 337 3708 392 988

373 470 499 508 sum
533 456 839 509 distrahere
876 455 1067 510 liceat:
1117 457 1215 509 sed
1248 473 1332 521 ea,
1367 473 1491 528 qum
1534 458 1697 513 modo
1754 457 1983 523 habent,
2014 461 2058 527 Α
2090 473 2118 511 a
2149 457 2433 511 liminibus
2472 464 2673 513 sanctae
2705 459 2799 513 Dei
2842 460 3095 515 Ecclesiae
3126 459 3375 527 alienati,
3428 460 3532 516 nisi
3566 477 3702 517 con-

376 547 459 599 vel
508 547 749 600 habituri
783 556 929 612 sunt,
980 547 1151 602 abbas
1180 564 1369 603 eorum
1401 565 1523 604 cum
1558 549 1841 605 monachis
1886 565 1982 604 or-

378 640 618 693 dinanda
665 640 977 705 constituat,
1039 641 1173 696 nulli
1213 643 1511 714 quidquam
1566 644 1860 711 cujuslibet
1884 643 1987 698 ob-

375 727 551 797 sequii
582 728 820 782 debeant
855 736 1055 799 praeter
1091 738 1298 786 tantum
1341 747 1439 800 pro
1480 731 1802 785 Christianis
1840 731 1986 785 divi-

380 832 502 869 nam
534 816 861 871 orationem.
894 819 1285 889 Imperatorem
1309 821 1657 875 defensorem
1683 820 1984 891 appellent.

378 920 440 957 ac
486 904 577 973 pio
608 904 753 958 inter
781 921 840 959 se
880 906 1056 962 electo
1114 908 1299 962 abbati
1360 910 1800 980 procurationem
1833 925 1988 964 com-

377 997 659 1052 mendent.
723 998 909 1053 Solum
978 1001 1259 1074 religionis
1318 1011 1517 1057 statum
1573 1002 1875 1073 episcopis,
1940 1003 1987 1056 si

380 1088 614 1153 intersit,
646 1092 906 1162 requirat.
943 1093 1093 1158 Huic,
1137 1094 1182 1147 si
1223 1094 1363 1149 forte
1394 1095 1629 1161 labatur,
1662 1096 1989 1168 corrigendo

380 1178 541 1231 adsit.
574 1178 840 1233 Caeterum
886 1181 954 1234 de
995 1181 1217 1236 servitio
1257 1182 1443 1254 aliquo
1485 1184 1787 1238 immunem
1823 1184 1993 1238 relin-

382 1277 513 1341 quat
545 1270 722 1340 ipsum
752 1271 948 1325 locum.
989 1274 1323 1328 Advocatum
1367 1275 1437 1329 de
1464 1276 1580 1345 ipsa
1632 1276 1913 1348 progenie,
1947 1276 1991 1329 si

383 1361 521 1415 forte
568 1362 621 1415 in
678 1362 882 1417 bonum
934 1364 1170 1427 faveant,
1210 1367 1434 1437 eligant.
1496 1368 1585 1420 Sin
1642 1374 1824 1421 autem
1885 1368 1992 1422 vim

385 1460 478 1505 aut
517 1452 923 1508 incommodum
968 1455 1173 1510 inferre
1212 1458 1530 1522 moliuntur,
1581 1457 1675 1511 ubi
1720 1458 1826 1511 sibi
1879 1458 1995 1528 pla-

385 1552 531 1610 cent,
566 1546 846 1601 timentem
884 1548 1073 1613 Deum,
1106 1565 1168 1603 ac
1194 1550 1475 1604 stabilitati
1503 1550 1776 1606 faventem
1807 1568 1995 1607 secare

388 1636 731 1706 perquirant.
788 1638 839 1690 Si
908 1638 1034 1709 quis
1074 1648 1258 1693 autem
1316 1641 1454 1696 hanc
1505 1650 1743 1696 nostram
1799 1652 1994 1697 aucto—

387 1731 597 1785 ritatem
674 1732 877 1787 violare
949 1735 1260 1799 tentaverit,
1342 1737 1709 1792 anathematis
1779 1738 1998 1793 vinculo

386 1818 639 1873 astrictus
669 1822 939 1895 gehennae
978 1829 1248 1878 tormenta
1278 1825 1397 1878 sine
1439 1823 1548 1879 ﬁne
1589 1842 1647 1881 se
1678 1826 1865 1881 subire
1894 1827 1998 1881 do-

391 1910 541 1964 Iebit.

462 1999 733 2068 Scriptum
796 2018 892 2070 per
929 2018 1149 2056 manum
1202 2004 1486 2074 Stephani,
1535 2006 1820 2075 scriptoris
1873 2022 2003 2059 san-

393 2095 489 2141 ctae
521 2088 777 2142 Romamn
820 2090 1097 2156 Ecclesiae,
1133 2093 1186 2146 in
1242 2109 1429 2148 mense
1482 2096 1763 2161 Januario,
1808 2095 1996 2149 indict.

398 2178 481 2229 I5.
531 2207 600 2216 —
641 2179 770 2231 Data
823 2186 1012 2234 octavo
1063 2181 1175 2235 Kal.
1208 2183 1425 2238 Januar.
1466 2200 1562 2255 per
1608 2200 1827 2238 manum
1863 2185 2000 2240 Wit-

394 2268 504 2322 loni
539 2269 785 2341 episcOpi
819 2279 872 2324 et
911 2272 1313 2329 bibliothecarii
1343 2284 1546 2330 sanctae
1586 2276 1735 2329 sedis
1786 2283 2002 2346 aposto-

389 2363 526 2429 licae,
568 2379 714 2419 anno
767 2365 1113 2434 pontiﬁcatus
1151 2369 1339 2423 domni
1375 2369 1606 2424 Joannis
1669 2369 1999 2424 sanctissimi

394 2452 454 2505 I3
481 2469 656 2523 papae,
690 2455 721 2506 7
754 2454 969 2524 imperii
1001 2456 1191 2511 domni
1214 2457 1425 2512 Ottonis
1454 2459 1680 2528 majoris
1704 2459 1792 2525 I0,
1822 2459 2005 2528 junio—

394 2541 465 2594 ris
494 2544 547 2607 4,
580 2542 881 2598 indictione
915 2545 1108 2616 quinta
1143 2545 1371 2600 decima.

1110 2659 1286 2713 XXIV.

398 2762 721 2802 RESCRIPTUM
791 2762 1013 2802 JOANNIS
1088 2766 1232 2803 ΡΛΡΕ
1298 2767 1389 2804 χιιι
1445 2767 1545 2805 PRO
1597 2767 2008 2807 EXCOMIUNICA-

470 2835 625 2872 TIONE
656 2833 958 2872 INVASOBUM
1003 2836 1393 2875 POSSESSIONU'SI
1427 2838 1741 2876 υοΜδτειιιι
1788 2840 1834 2878 8.
1884 2842 2010 2879 SYM~

474 2905 723 2942 PIIOBIANI
757 2906 1016 2943 DIIIICESIS
1046 2908 1573 2947 AUGUSTODUNENSIS.

1027 2983 1199 3048 (Anno
1230 2982 1380 3049 971.)

512 3071 684 3141 [Apud
727 3072 918 3137 Mansi,
957 3074 1137 3128 Concil
1166 3114 1179 3138 ,
1224 3081 1350 3128 tom.
1397 3074 1577 3139 XVIII,
1619 3076 1723 3132 col.
1756 3078 1901 3147 450.]

480 3182 589 3255 Ego
624 3182 678 3236 in
728 3183 821 3236 Dei
856 3188 1081 3239 nomine
1132 3184 1370 3240 Joannes
1398 3203 1558 3257 papa,
1606 3189 1755 3243 sedis
1786 3198 2012 3261 aposto-

404 3273 523 3327 lica?
556 3282 610 3327 et
643 3274 898 3329 Romana:
927 3276 1079 3330 urbis
1122 3279 1479 3347 apostolicus,
1509 3280 1693 3335 divina
1718 3281 2011 3336 clementia

406 3365 691 3438 largiente,
725 3374 911 3420 notum
944 3368 1066 3423 volo
1085 3367 1203 3422 ﬁeri
1233 3369 1490 3423 omnibus
1518 3370 1752 3441 qualiter
1781 3372 2011 3426 veniens

402 3456 625 3525 quidam
684 3458 979 3528 episcopus
1029 3477 1059 3513 a
1118 3461 1363 3531 partibus
1408 3461 1726 3527 Galliarum,
1785 3463 2010 3518 nomine

404 3548 684 3613 Girardus,
706 3551 1219 3620 Augustodunensis
1244 3552 1479 3607 civitatis
1504 3555 1700 3623 praesul
1732 3554 2011 3628 egregius,

406 3652 504 3707 pro
532 3638 687 3711 ’regis
744 3639 909 3692 etiam
968 3656 1175 3703 amore,
1233 3647 1287 3693 et
1341 3640 1485 3695 beati
1545 3642 1688 3696 Petri
1752 3643 2016 3714 principis

406 3731 779 3802 apostolorum
864 3734 1090 3789 servitio
1156 3734 1379 3789 Romam
1448 3736 1695 3805 expetiit,
1772 3744 2013 3792 nostram

410 3820 713 3876 honorifice
735 3838 1027 3897 aggressus
1051 3825 1419 3894 praesentiam.
1452 3826 1693 3891 Quidum
1729 3827 1887 3882 nobis
1918 3845 2014 3897 pro

406 3931 503 3968 sua
550 3915 816 3971 industria
874 3925 928 3972 et
975 3919 1199 3973 honoris
1237 3920 1648 3992 magniﬁcentia
1686 3929 1893 3993 gratus,
1936 3940 2015 3978 ac-

408 4007 699 4078 ceptabilis
745 4018 799 4063 et
858 4011 1059 4063 chartis
1130 4010 1407 4077 existeret,
1466 4013 1594 4066 dum
1652 4014 1720 4066 de
1769 4014 2020 4084 pluribus

410 4118 591 4156 sermo
635 4102 777 4154 inter
810 4117 910 4154 nos
951 4088 1269 4167 haberetur,
1320 4104 1691 4159 manifestavit
1729 4106 1862 4159 milii
1920 4108 2023 4160 liu-

412 4192 644 4246 millime
675 4193 1026 4248 reclamando
1058 4195 1126 4249 de
1183 4194 1513 4267 quibusdam
1559 4196 1877 4251 hominibus
1930 4198 2024 4269 qui

412 4289 610 4335 terram
643 4281 712 4335 de
761 4297 860 4337 suo
891 4282 1210 4354 episcOpatu
1258 4291 1690 4355 praesumptuose
1726 4295 1781 4339 et
1810 4285 2025 4341 violen-

413 4378 495 4424 ter
521 4378 711 4426 tenere
742 4372 1014 4426 videntur.
1071 4373 1300 4443 Insuper
1349 4374 1677 4445 deprecatus
1727 4381 1812 4428 est
1841 4384 1898 4429 ut
1929 4390 2026 4430 eos

2027 1778 2079 1846 Β

2036 3121 2085 3188 C

2088 546 2227 600 versi
2258 546 2327 600 ad
2357 546 2787 602 satisfactionem
2820 548 3095 603 venerint.
3139 549 3342 604 Omnes
3380 550 3529 604 enim
3582 567 3703 604 ma-

2090 640 2415 695 ledictiones
2480 657 2605 712 quae
2678 641 2732 695 in
2786 641 2975 696 Veteri
3034 643 3383 699 Testamento
3441 651 3497 698 et
3561 644 3707 700 Novo

2088 732 2305 802 scriptze
2336 740 2481 796 sunt,
2517 733 2741 787 veniant
2788 749 2956 803 super
2986 749 3084 788 eos
3125 735 3229 789 nisi
3261 735 3330 789 ad
3364 736 3711 791 emendatio-

2090 839 2213 877 nem
2244 824 2516 878 venerint.
2541 824 2660 878 Sint
2689 824 2967 879 maledicti
2999 825 3053 879 in
3084 826 3422 891 civitatibus,
3449 828 3504 882 in
3545 827 3707 893 villis,

2090 912 2143 965 in
2187 913 2351 986 agris,
2385 913 2439 967 in
2471 914 2597 981 viis,
2628 914 2683 968 in
2710 914 2969 975 castellis,
3007 916 3061 969 in
3084 917 3238 971 silvis
3270 926 3325 972 et
3364 916 3419 971 in
3450 917 3713 973 omnibus

2092 1003 2246 1057 locis.
2291 1003 2584 1058 Deleantur
2613 1005 2682 1058 de
2721 1004 2860 1059 libro
2915 1006 3239 1071 viventium,
3285 1014 3341 1060 et
3371 1023 3493 1061 cum
3546 1006 3715 1075 justis

2093 1106 2203 1145 non
2236 1091 2566 1159 scribantur,
2612 1093 2714 1147 nisi
2749 1093 3113 1163 resipiscendi
3165 1095 3232 1148 ad
3275 1093 3712 1151 satisfactionem

2094 1187 2149 1234 et
2177 1181 2623 1237 emendationem
2664 1183 2935 1237 venerint.
2974 1184 3104 1238 Fiat.

2826 1290 2972 1344 XXV.

2167 1392 2389 1433 JOANNIS
2434 1395 2579 1432 PAPAS
2618 1396 2712 1433 X'II
2760 1396 3013 1435 EPISTOLA
3064 1399 3131 1435 AD
3186 1396 3642 1437 ϐιοηιοδιεδηιυκ

2491 1450 2747 1521 [contraxi
2789 1468 3236 1507 nxncmoxaxssn
3276 1453 3320 1523 Ῥ]

2722 1544 2899 1609 (Anno
2930 1543 3079 1611 971.)

2098 1638 2380 1693 Praesulem
2422 1638 2669 1691 Attonem
2708 1637 3077 1693 Gerundensis
3112 1638 3349 1692 dioecesis
3387 1639 3720 1706 gubernato-

2680 1725 2793 1762 rem
2833 1712 3131 1763 constituit.

2212 1795 2386 1867 [Apud
2420 1795 2624 1859 Florez,
2658 1798 2879 1866 Espana
2908 1798 3167 1863 sagrada,
3209 1804 3342 1853 tom.
3378 1798 3608 1864 XXVIII,

2749 1901 2874 1959 pag.
2910 1885 3055 1956 252.]

2171 1994 2410 2048 Joannes
2465 2010 2656 2049 servus
2712 2010 2854 2049 serv.
2919 1994 3011 2049 Dei
3084 2039 3093 2049 .
3143 2038 3153 2049 .
3199 2038 3212 2050 .
3260 2037 3272 2049 .
3319 2037 3332 2050 .
3378 2037 3390 2051 .
3433 1998 3724 2071 gloriosis-

2101 2086 2240 2140 simo
2313 2132 2317 2136 .
2368 2127 2379 2139 .
2427 2128 2439 2141 .
2484 2126 2497 2139 .
2545 2126 2554 2138 .
2605 2127 2613 2136 .
2662 2126 2673 2138 .
2724 2129 2734 2139 .
2783 2130 2792 2139 .
2903 2130 2913 2141 .
2958 2086 3164 2142 tionem
3222 2095 3276 2143 et
3333 2089 3719 2145 charissimam

2101 2177 2331 2231 salutem
2365 2176 2638 2231 ﬁliationi.
2688 2217 2701 2231 .
2745 2219 2756 2231 .
2810 2222 2817 2230 .
2865 2219 2876 2232 .
2926 2220 2938 2234 .
2984 2220 2997 2232 .
3047 2223 3056 2233 .
3104 2220 3117 2232 .
3162 2215 3177 2229 .
3224 2222 3236 2234 .

2174 2267 2506 2341 Agnovimus
2545 2267 2783 2337 qualiter
2826 2267 2877 2320 in
2909 2242 3107 2321 vestris
3155 2267 3408 2338 partibus
3435 2286 3530 2340 qu.
3578 2312 3589 2323 .
3643 2315 3655 2326 .
3706 2314 3717 2325 .

2107 2405 2119 2417 .
2166 2403 2178 2416 .
2226 2405 2237 2416 .
2284 2402 2296 2415 .
2346 2405 2356 2415 .
2400 2361 2585 2416 subito
2618 2362 2934 2415 sacerdotes
2963 2361 3229 2425 efliciunt,
3274 2363 3422 2434 quod
3456 2366 3723 2438 gravissi-

2105 2467 2252 2505 mum
2309 2460 2363 2505 et
2429 2450 2756 2504 detestabile
2811 2450 3061 2505 omnium
3119 2450 3285 2505 debet
3341 2467 3465 2506 esse
3518 2452 3722 2511 Christi

2106 2543 2372 2597 ﬁdelium.
2431 2543 2583 2597 Unde
2623 2541 2752 2613 quia
2781 2542 3028 2597 omnium
3084 2540 3446 2596 Ecclesiarum
3478 2541 3572 2596 Dei
3620 2558 3727 2597 nos

2106 2632 2419 2688 sollicitudo
2450 2639 2705 2691 coarctat.
2750 2639 2858 2686 tam
2914 2631 3232 2703 pestiferum
3281 2633 3417 2687 etin
3449 2648 3539 2688 no.
3588 2675 3601 2688 .
3652 2678 3663 2688 .
3709 2674 3725 2690 .

2112 2763 2125 2777 .
2171 2761 2183 2774 .
2229 2762 2239 2773 .
2291 2763 2300 2772 .
2349 2760 2361 2775 .
2407 2760 2418 2773 .
2468 2760 2481 2774 .
2529 2763 2539 2774 .
2586 2761 2598 2774 .
2643 2735 2753 2791 gno
2795 2727 2996 2786 vestro,
3055 2728 3110 2775 et
3158 2737 3188 2775 a
3242 2722 3454 2777 cunctis
3496 2723 3729 2778 catholi-

2110 2812 2189 2866 cis
2218 2811 2539 2865 Christianis
2587 2809 2831 2865 funditus
2864 2812 3147 2867 eradicare
3176 2812 3479 2887 satagimus
3524 2812 3640 2868 fulti
3673 2821 3728 2868 et

2118 2945 2128 2956 .
2174 2942 2187 2953 .
2234 2946 2245 2957 .
2292 2944 2304 2956 .
2349 2944 2362 2958 .
2406 2944 2419 2957 .
2468 2943 2480 2956 .
2530 2945 2541 2956 .
2587 2944 2596 2952 .
2649 2948 2653 2953 .
2702 2910 3013 2957 sanctorum
3120 2902 3339 2958 Patrum
3429 2904 3729 2959 auctoritas

2115 2994 2352 3049 maxime
2398 2993 2700 3047 beatissimi
2745 3010 2901 3065 papae
2931 2994 3178 3069 Gregorii
3210 2994 3307 3048 ubi
3360 2994 3504 3049 inter
3532 3003 3730 3049 caetera

2118 3126 2131 3139 .
2177 3123 2190 3137 .
2236 3124 2249 3137 .
2295 3123 2308 3136 .
2355 3126 2365 3137 .
2411 3124 2425 3137 .
2469 3082 2734 3154 episcOpo
2799 3082 3285 3156 Augustodunensi
3343 3084 3599 3139 scribens
3660 3084 3736 3138 ait

2116 3220 2128 3233 .
2174 3213 2191 3231 .
2237 3222 2245 3230 .
2294 3220 2305 3233 .
2352 3217 2364 3231 .
2408 3194 2474 3233 oc
2494 3194 2718 3250 quoque
2735 3177 2800 3231 ad
2834 3192 2936 3233 nos
2962 3177 3288 3248 pervenisse
3319 3194 3429 3234 nou
3460 3180 3736 3235 dissimile

2112 3272 2340 3345 dignum
2388 3270 2755 3325 detestatione
2809 3270 3225 3341 comperimus,
3287 3272 3436 3343 quod
3505 3273 3737 3344 quidam

2110 3361 2388 3416 desiderio
2421 3360 2644 3416 honoris
2688 3360 2883 3428 inflati,
2938 3359 3216 3416 defunctis
3259 3362 3558 3434 episcopis,
3608 3371 3737 3419 ton-

2113 3460 2390 3520 surantur,
2448 3461 2503 3507 et
2562 3454 2700 3507 ﬁunt
2749 3462 2996 3524 repente.
3044 3496 3056 3508 .
3102 3495 3115 3508 .
3162 3493 3176 3508 .
3223 3495 3236 3508 .
3278 3455 3596 3510 sacerdotes
3664 3498 3678 3512 .

2176 3585 2189 3598 .
2231 3553 2395 3616 atque
2453 3543 2821 3597 inverecunde
2879 3543 3123 3617 religiosi
3156 3544 3424 3615 propositi
3474 3545 3738 3601 ducatum

2115 3636 2410 3707 arripiunt,
2465 3635 2558 3707 qui
2594 3651 2695 3689 nec
2741 3652 2861 3689 esse
2917 3636 3100 3690 adhuc
3153 3636 3355 3692 milites
3402 3637 3735 3693 didicerunt.

2117 3732 2159 3794 Ω
2226 3771 2237 3782 .
2284 3772 2294 3783 .
2344 3771 2353 3783 .
2400 3770 2413 3782 .
2456 3728 2490 3781 d
2530 3738 2785 3799 putamus
2824 3727 2957 3799 quid
3011 3728 3097 3781 isti
3130 3730 3395 3797 subjectis
3428 3731 3737 3800 praestaturi

2118 3822 2249 3885 sint,
2302 3822 2396 3893 qui
2470 3829 2767 3892 antequam
2845 3822 3177 3892 dicipulatus
3247 3823 3413 3878 limen
3472 3831 3743 3897 attingant

2120 3926 2308 3971 tenere
2340 3918 2520 3971 locum
2552 3916 2854 3989 magisterii
2897 3932 3006 3971 non
3057 3917 3375 3981 formidant,
3422 3935 3530 3989 qua
3559 3919 3629 3973 de
3685 3935 3740 3972 re

2124 4022 2353 4061 necesse
2399 4013 2500 4071 est,
2552 4014 2611 4059 ut
2664 4005 2710 4059 si
2771 4006 3023 4075 quamvis
3072 4006 3339 4077 inculpati
3392 4023 3615 4078 quoque
3674 4009 3744 4062 sit

2124 4099 2326 4165 meriti,
2359 4108 2486 4152 ante
2517 4106 2700 4152 tamen
2732 4115 2830 4167 per
2855 4099 3115 4154 distincta
3141 4098 3355 4153 ordinis
3380 4099 3741 4154 ecclesiastici

2124 4198 2443 4245 exerceatur
2470 4187 2671 4255 ofﬁcia,
2702 4190 2886 4243 videat
2908 4189 3056 4260 quod
3089 4188 3354 4255 imitetur,
3384 4188 3557 4243 discat
3592 4189 3741 4259 quod

2124 4282 2340 4346 doceat,
2373 4280 2700 4337 informatur
2737 4281 2883 4354 quod
2940 4289 3143 4348 teneat,
3193 4288 3253 4336 ut
3292 4296 3383 4353 po.
3431 4322 3443 4334 .
3488 4319 3502 4333 .
3549 4322 3561 4334 .
3610 4321 3623 4332 .
3672 4322 3684 4333 .
3728 4321 3741 4334 .

2124 4387 2309 4425 errare
2342 4412 2357 4437 ,
2434 4370 2591 4442 quiet
2654 4411 2666 4424 .
2713 4412 2726 4424 .
2773 4411 2785 4424 .
2831 4407 2841 4420 .
2896 4412 2904 4423 .
2958 4412 2969 4424 .
3013 4385 3119 4423 err.
3166 4411 3180 4425 .
3226 4410 3240 4437 ,
3285 4411 3298 4424 .
3340 4370 3746 4427 demonstrare.

415 4463 1041 4529 cxcommunicaremus,
1098 4470 1151 4518 at
1195 4464 1596 4521 maledictionis
1656 4466 1841 4535 jaculo
1900 4465 2227 4552 illosDDiu
2255 4480 2387 4539 ergo
2417 4463 2678 4539 religiosa
2699 4463 3060 4519 meditatione
3092 4461 3331 4534 poliatur
3359 4473 3441 4517 ut.
3490 4502 3504 4517 .
3546 4503 3560 4516 .
3616 4505 3625 4515 .
3675 4503 3688 4517 .
3735 4505 3745 4517 .

417 4553 825 4609 damnaremus.
861 4553 1024 4622 Cujus
1047 4555 1370 4625 petitionem
1403 4557 1672 4612 benevole
1692 4556 2023 4626 suscipiens,

411 4647 552 4715 jussi
584 4662 687 4720 ego
714 4648 958 4701 Joannes
988 4664 1148 4719 papa,
1182 4666 1375 4703 servus
1401 4665 1683 4704 servorum
1722 4648 1839 4713 Dei,
1866 4647 2027 4702 talem

419 4743 1042 4798 excommunicationem
1091 4752 1146 4798 et
1172 4744 1616 4800 maledictionem
1659 4743 1801 4811 ﬁeri,
1852 4743 2030 4815 scrip-

421 4838 529 4885 tam
585 4847 749 4886 manu
790 4831 1014 4903 propria
1065 4832 1345 4887 Benedicti
1376 4832 1780 4903 archiepiscopi
1836 4833 2026 4887 nostri.

421 4922 676 4994 Conjacet
704 4934 885 4979 autem
922 4924 1114 4979 eadem
1155 4932 1301 4980 terra
1350 4925 1406 4979 in
1456 4924 1631 4997 patria
1660 4940 1783 4997 quae
1833 4925 2035 4980 dicitur

422 5015 727 5083 l’rovincia,
776 5017 845 5072 de
884 5016 1107 5072 abbatia
1147 5018 1181 5071 S
1260 5018 1666 5090 Symphoriani.
1709 5018 2033 5090 Quicunque

422 5121 553 5177 ergo
581 5121 701 5159 eam
734 5112 922 5161 tenent
953 5113 1149 5160 terram
1176 5106 1229 5160 S.
1259 5106 1668 5178 Symphoriani,
1699 5115 1795 5161 aut
1824 5106 2032 5178 aliquid

422 5214 485 5252 ex
545 5205 690 5254 terra
743 5200 973 5265 Nazarii,
1024 5199 1145 5254 sine
1193 5216 1419 5255 assensu
1478 5200 1688 5255 Girardi
1730 5201 1850 5270 ejus
1899 5200 2034 5254 civi-

426 5292 550 5346 tatis
590 5291 839 5363 episcopi
870 5307 935 5345 ex
973 5292 1296 5346 auctoritate
1348 5292 1443 5347 Dei
1485 5292 1661 5347 Patris
1690 5292 2038 5361 omnipoten-

426 5383 512 5450 tis,
546 5391 599 5438 et
629 5382 770 5449 Filii,
816 5389 870 5436 et
910 5382 1146 5453 Spiritus
1189 5385 1386 5450 sancti,
1418 5384 1778 5455 omniumque
1823 5390 2035 5438 sancto-

429 5494 547 5532 rum
589 5480 725 5544 Dei;
787 5484 1052 5548 potestate
1106 5479 1335 5548 insuper
1398 5480 1545 5533 beati
1604 5480 1748 5533 Petri
1804 5478 2039 5533 senioris

427 5567 619 5633 nostri,
672 5582 797 5620 cum
855 5565 1073 5618 caeteris
1111 5567 1375 5635 apostolis
1422 5567 1625 5638 quibus
1655 5570 1781 5623 data
1821 5575 1904 5621 est
1935 5583 2037 5637 po-

431 5660 596 5708 testas
659 5653 869 5725 ligandi
925 5659 1088 5721 atque
1140 5654 1414 5719 solvendi,
1485 5663 1540 5710 et
1603 5673 1670 5711 ex
1731 5655 2038 5710 ministerio

433 5746 638 5807 nostro,
670 5740 787 5793 sint
809 5739 1265 5791 excommunicati
1298 5746 1352 5793 et
1380 5743 1849 5807 anathematizati,
1877 5748 2039 5812 atque

2130 4565 2201 4624 at,
2234 4565 2290 4613 et
2318 4556 2397 4613 sic
2426 4557 2650 4611 lucerna
2678 4572 2846 4627 super
2871 4555 3267 4611 candelabrum
3309 4553 3487 4625 posita
3540 4553 3748 4620 luceat,

2132 4662 2189 4708 ut
2217 4653 2448 4707 adversa
2476 4658 2767 4706 ventorum
2808 4650 2890 4705 vis
2937 4649 3159 4705 irruens
3199 4654 3525 4719 conceptam
3559 4648 3749 4703 erudi-

2132 4740 2299 4796 tionis
2346 4740 2617 4796 Ilammam
2673 4756 2784 4796 non
2813 4740 3145 4813 exstinguat,
3198 4739 3296 4794 sed
3336 4745 3555 4813 augeat.
3614 4738 3747 4793 Nam

2132 4849 2253 4889 cum
2295 4833 2565 4905 scriptum
2622 4832 2712 4897 sit,
2754 4838 2813 4886 ut
2844 4832 2996 4903 prius
3046 4831 3169 4904 quis
3226 4831 3508 4903 probetur,
3564 4837 3619 4885 et
3672 4831 3753 4886 sic

2134 4928 2427 4995 ministret,
2478 4927 2651 4983 multo
2695 4926 2931 4998 amplius
2982 4936 3110 4981 ante
3159 4924 3480 4996 probandus
3519 4931 3620 4990 est,
3656 4924 3752 4997 qui

2137 5017 2326 5091 populi
2357 5017 2689 5072 intercessor
2736 5015 3033 5071 assumitur
3089 5029 3159 5069 ne
3200 5012 3334 5068 ﬁant
3364 5028 3544 5069 causae
3578 5012 3752 5067 ruina:

2136 5107 2358 5181 populis
2412 5106 2730 5162 sacerdotes
2787 5100 2958 5159 mali'
2996 5102 3150 5158 Nulla
3206 5102 3373 5175 igitur
3404 5109 3599 5157 contra
3647 5102 3754 5157 hoc

2137 5196 2438 5260 excusatio,
2482 5195 2631 5251 nulla
2670 5200 2853 5267 potest
2899 5208 3019 5248 esse
3050 5191 3328 5258 defensio,
3378 5190 3511 5263 quia
3540 5189 3755 5245 cunctis

2138 5289 2348 5360 liquido
2399 5295 2586 5343 notum
2637 5294 2720 5342 est
2758 5301 2882 5357 quae
2938 5285 3008 5339 sit
3046 5283 3102 5338 in
3147 5283 3312 5351 hujus
3341 5281 3418 5336 rei
3467 5281 3754 5356 diligentia

2137 5383 2313 5438 sancti
2345 5382 2553 5457 egregii
2595 5379 2913 5459 sollicitudo
2959 5377 3220 5443 doctoris,
3250 5393 3358 5447 qua
3412 5376 3752 5447 ncephytum

2138 5475 2207 5528 ad
2255 5474 2479 5529 ordines
2536 5482 2679 5527 vetat
2745 5486 2930 5526 sacros
2988 5469 3310 5525 ascendere.
3375 5467 3526 5522 Sicut
3571 5474 3753 5521 autem

2139 5570 2271 5619 tunc
2301 5563 2615 5634 necphytus
2640 5560 2947 5626 dicebatur,
2980 5558 3074 5630 qui
3112 5558 3166 5612 in
3199 5556 3357 5611 initio
3390 5563 3594 5610 sancta:
3628 5554 3756 5610 ﬁdei

2140 5660 2261 5708 erat
2287 5651 2602 5707 eruditione
2651 5649 2949 5720 plantatus,
2990 5648 3071 5702 sic
3112 5645 3277 5702 modo
3308 5645 3613 5715 neophytus
3640 5661 3757 5700 cen-

2139 5744 2346 5800 sendus
2367 5751 2470 5810 est,
2488 5743 2583 5814 qui
2601 5750 2832 5813 repente
2853 5741 2910 5796 in
2942 5738 3229 5813 religionis
3250 5737 3448 5794 habitu
3479 5737 3757 5809 plantatus
