3978 6214
227 347 339 400 989
387 375 392 378 -

1463 349 1796 405 EPISTOLJ‘Z
1836 353 1911 406 ET
1951 350 2342 406 DIPLOMATA.

3462 346 3566 397 990

227 473 301 526 ad
334 471 663 526 ambiendos
713 472 950 526 honores
997 487 1180 526 sacros
1245 475 1548 544 irrepserit.
1594 477 1848 532 Ordinate
1878 488 1924 552 Α
1953 479 2113 534 vobis
2138 475 2743 550 placuerit.secundum
2771 474 3001 542 justiti-aa
3025 473 3304 527 decretum
3331 486 3360 524 a
3382 477 3568 524 sancta

225 580 363 635 ergo
405 565 473 616 ad
529 565 752 618 ordines
810 564 1220 618 ascendendum
1289 574 1390 620 est.
1445 568 1594 622 Nam.
1631 610 1642 622 .
1684 613 1694 623 .
1731 612 1743 624 .
1781 611 1792 624 .
1833 610 1848 628 .

226 659 299 711 ad
358 673 571 710 summa
636 656 738 709 loci
797 655 1013 726 fastigia
1061 659 1382 727 postpositis
1431 661 1696 731 gradibus
1753 680 1851 732 per

228 751 470 819 abrupta
533 748 730 820 quaerit
786 765 1095 813 ascensum,
1139 758 1192 802 et
1244 750 1372 819 quia
1433 753 1846 808 tierundensem

233 836 531 889 Errlesiam
565 836 684 888 sine
714 835 892 905 plebis
915 845 966 890 et
999 837 1187 906 p0puli
1223 838 1495 893 electione
1524 841 1846 911 episcopum

230 929 571 997 neOphytum
605 934 982 981 consecratum
1027 929 1358 991 audivimus,
1401 932 1662 1001 quoniam
1699 934 1848 987 nulla

233 1020 374 1073 ratio
406 1019 534 1072 sinit
559 1027 614 1072 ut
678 1019 819 1072 inter
851 1020 1146 1090 episc0pos
1181 1022 1461 1086 habeatur,
1517 1024 1664 1094 quod
1698 1041 1796 1078 nec
1822 1041 1848 1078 λ

230 1111 452 1165 clericis
479 1111 557 1164 sic
589 1113 818 1172 electus,
860 1129 964 1165 nec
995 1130 1024 1166 a
1049 1113 1302 1181 plebibus
1350 1116 1648 1184 expetitus.
1672 1118 1851 1171 modis

229 1207 492 1260 omnibus
523 1206 775 1260 volumus
829 1208 1189 1273 etjubemus,
1247 1217 1301 1261 et
1353 1210 1602 1275 ejusdem
1653 1213 1704 1264 S.
1746 1213 1851 1265 Ge—

231 1295 532 1348 rundensis
591 1295 843 1348 Ecrlesia'
929 1298 1178 1348 Attonem
1241 1298 1410 1350 virum
1476 1299 1846 1353 venerabilem

225 1382 704 1452 archiprzesulem,
738 1391 791 1435 et
824 1383 1150 1436 confratrem
1194 1394 1440 1437 nostrum
1487 1387 1846 1454 provisorem,

224 1479 281 1524 et
307 1472 735 1541 gubernatorem
773 1470 874 1539 ipsi
913 1472 1168 1524 Ecclesia-
1230 1474 1281 1525 in
1325 1473 1585 1526 omnibus
1611 1491 1847 1543 pra'esse

227 1558 640 1622 constituimus,
677 1558 746 1611 ita
785 1575 917 1611 sane
972 1568 1026 1611 ut
1081 1560 1294 1629 plebem
1356 1571 1409 1614 et
1450 1561 1714 1631 populum
1742 1563 1846 1616 sibi

233 1652 587 1704 commissum
635 1652 712 1705 sic
761 1652 910 1717 juste
969 1662 1021 1705 et
1053 1653 1317 1706 canonice
1371 1663 1540 1726 regat,
1576 1662 1848 1724 quatenus

235 1756 334 1810 pro
365 1740 439 1793 ill.
478 1782 491 1794 .
531 1779 590 1794 ..
671 1739 997 1793 redditurus.
1039 1783 1049 1793 .
1096 1783 1106 1793 .
1159 1784 1165 1791 .
1235 1779 1247 1793 .
1278 1741 1503 1798 Judici..
1547 1783 1558 1795 .
1619 1786 1629 1797 .
1677 1785 1687 1796 .
1727 1783 1739 1796 .
1779 1785 1791 1798 .
1834 1785 1844 1798 .

228 1951 449 1989 JOANNIS
477 1952 626 1988 ΡΛΡῶ
656 1952 747 1989 XIII
806 1954 833 1988 Ιιί
873 1951 1048 1988 ISTOLA
1110 1953 1175 1988 AI)
1208 1952 1499 1991 UNIV’ERSOS
1559 1954 1845 1993 EPISCOPOS

722 2024 1022 2060 BRITANNM".
1045 2024 1359 2061 CITERIORIS.

851 2101 1034 2166 (Anno
1067 2099 1172 2152 972
1203 2107 1210 2156 )

541 2187 786 2257 [Martem
823 2189 974 2241 Thes.
1021 2188 1220 2241 Anacd.
1255 2190 1353 2252 HI,
1383 2188 1529 2258 868.]

239 2283 388 2335 Vetat
411 2295 475 2331 ne
493 2281 789 2332 Turonensi
818 2280 1216 2348 archiepiscopo
1231 2283 1506 2343 resistant,
1538 2281 1698 2334 donec
1728 2285 1842 2350 ipse

433 2351 497 2402 de
523 2367 702 2403 eorum
733 2354 1096 2404 controversia
1147 2352 1420 2418 judicium
1453 2353 1653 2404 tulerit.

292 2463 531 2516 lossses
561 2476 751 2514 servus
773 2476 1057 2514 servorum
1089 2461 1202 2526 Dei,
1262 2461 1559 2531 episcopus
1583 2461 1838 2515 Bouiania

220 2556 398 2616 urbis,
433 2556 484 2608 in
528 2555 741 2609 Christo
797 2554 1056 2608 fratribus
1124 2556 1396 2609 universis
1452 2556 1730 2624 episc0pis
1759 2556 1838 2609 ci-

222 2645 439 2699 terioris
495 2643 785 2697 Britannia:
838 2643 1069 2697 salutem
1150 2644 1201 2696 in
1267 2643 1484 2698 Christo
1543 2651 1595 2697 et
1648 2643 1839 2698 visita-

227 2738 457 2792 tionem.

289 2829 427 2894 Quia
458 2828 574 2881 vice
607 2827 749 2881 beati
778 2827 916 2882 Petri
969 2828 1345 2898 apostolorum
1397 2829 1684 2898 principis,
1733 2829 1841 2883 Do-

221 2919 368 2972 mino
402 2919 511 2972 Deo
543 2917 828 2988 diguante,
857 2917 1102 2970 omnium
1130 2917 1489 2971 ecclesiarum
1508 2934 1694 2971 curam
1719 2935 1842 2972 sus-

216 3011 484 3082 cepimus,
545 3008 973 3062 sollicitudinem
1040 3025 1146 3079 qua
1205 3009 1638 3079 uniuscujusque
1704 3008 1841 3063 fides

221 3101 440 3171 integra
469 3097 523 3150 in
554 3097 750 3151 eodem
806 3097 1034 3151 Domino
1068 3106 1394 3164 reservetur,
1429 3098 1547 3151 sine
1579 3115 1685 3168 qua
1718 3099 1838 3152 nul-
1863 3139 1908 3171 ρ

214 3190 296 3243 lus
325 3189 376 3240 ei
419 3186 636 3256 placere
665 3187 890 3253 valebit,
935 3187 1144 3258 ubique
1185 3204 1376 3242 severe
1405 3190 1700 3243 observare
1736 3189 1837 3242 de-

213 3288 426 3339 bemus.
453 3279 691 3349 Ideoque
707 3288 892 3334 notum
921 3281 990 3333 sit
1019 3282 1175 3336 vobis
1189 3281 1454 3352 quoniam
1480 3281 1836 3334 charissimus

209 3369 376 3422 frater
405 3379 588 3423 noster
617 3371 911 3434 Arduinus,
946 3381 1150 3426 sancta:
1204 3372 1543 3426 Turonensis
1581 3372 1835 3426 Ecclesiae

207 3465 680 3534 archiepiscOpus,
717 3468 947 3519 veniens
978 3467 1044 3519 ad
1086 3469 1465 3536 apostolorum
1502 3467 1690 3520 limina
1726 3467 1832 3520 Ro-

209 3576 350 3612 mam
380 3569 612 3620 oratum,
659 3561 1027 3630 interpellavit
1059 3578 1158 3616 nos
1192 3562 1340 3631 quod
1369 3563 1492 3630 jura
1521 3561 1605 3614 sui
1641 3561 1827 3615 archi-

206 3652 582 3720 episcopatus,
624 3668 744 3721 qme
797 3653 864 3704 ab
897 3654 1138 3722 antiquis
1195 3653 1535 3721 temporibus
1586 3669 1682 3721 per
1731 3652 1836 3705 de-

210 3750 358 3796 creta
407 3750 720 3796 sanctorum
775 3744 1091 3812 pontificum
1153 3751 1356 3798 sanctae
1407 3745 1666 3799 Romanae
1719 3762 1837 3799 ma-

212 3832 308 3884 tris
340 3831 597 3884 Ecclesia:
634 3831 748 3884 suis
790 3832 1290 3901 praedecessoribus
1328 3848 1592 3887 concessa
1624 3843 1679 3887 et
1709 3851 1844 3889 con-

215 3921 428 3976 ﬁrmata
458 3921 698 3988 fuerunt,
732 3939 762 3976 a
817 3931 997 3978 vestro
1046 3924 1470 3994 archiepisc0po
1519 3932 1572 3978 et
1602 3926 1716 3978 suis
1744 3926 1842 3980 de-

216 4011 534 4066 cessoribus
581 4028 676 4082 per
714 4011 1033 4065 violentiam
1094 4021 1147 4066 et
1202 4029 1540 4085 paganorum
1575 4013 1843 4067 Norman-

219 4119 415 4158 norum
449 4102 895 4158 contrarietatem
956 4102 1169 4156 sublata
1211 4102 1484 4156 videntur.
1523 4102 1676 4156 Unde
1707 4117 1843 4172 apo-

215 4199 413 4253 stolica
443 4198 768 4252 auctoritate
796 4197 954 4252 vobis
995 4197 1180 4251 sciatis
1211 4198 1315 4264 (IIl
1361 4197 1735 4263 interdictum,
1772 4214 1841 4251 ne

221 4289 373 4343 illius
395 4288 508 4342 ullo
543 4289 836 4356 modojuri
866 4289 1135 4343 resistatis
1158 4289 1443 4360 deinceps,
1475 4291 1542 4344 de
1577 4289 1842 4344 omnibus

220 4398 345 4452 qute
378 4380 672 4450 praedictus
729 4381 1180 4452 archiepiscopus
1235 4381 1523 4436 confirmat
1565 4383 1841 4453 archiepi-

1957 572 2196 626 Ilomana
2248 570 2484 624 Ecclesia
2531 574 2826 632 statutum,
2878 564 3251 636 permaneatis
3304 579 3426 616 cum
3474 562 3568 614 Dei

1953 660 2336 714 benedictione
2357 659 2410 712 in
2434 657 2640 712 unitate
2684 665 2882 711 nostra!
2900 653 3186 708 catholica:
3219 651 3567 706 communio-

1954 753 2055 807 nis.
2092 753 2302 806 Interea
2366 752 2540 805 sciant
2606 747 2757 820 regni
2815 747 2978 800 vestri
3015 744 3290 808 homines,
3325 743 3562 796 maxime

1954 843 2267 903 nobiliores,
2323 839 2641 895 nominatim
2705 835 3086 907 Berengarius,
3148 840 3200 886 et
3257 831 3401 886 ﬁlius
3428 848 3561 885 suus

1953 937 2183 990 Conatus
2216 945 2268 988 et
2303 933 2431 987 lloel
2482 948 2603 985 cum
2657 930 2819 983 fratre
2852 943 2951 982 suo
2984 927 3250 983 Guerech.
3280 941 3402 979 cum
3451 940 3561 978 cre-

1954 1029 2081 1081 teris
2115 1026 2437 1094 majoribus,
2464 1032 2516 1078 nt
2549 1024 2592 1076 si
2639 1032 2830 1076 contra
2878 1019 3144 1090 justitiam
3177 1017 3564 1073 inobedientes

1957 1120 2158 1174 fuerint
2187 1118 2312 1171 huic
2343 1124 2540 1172 nostrae
2566 1114 2824 1183 jussioni,
2851 1121 2903 1166 et
2927 1112 3187 1167 contrarii
3219 1127 3313 1164 seu
3373 1108 3559 1162 rebel-

1955 1210 2032 1262 les
2063 1208 2369 1262 exstiterint
2410 1207 2669 1276 praedicto
2711 1204 2859 1257 fratri
2906 1210 3092 1256 nostro
3124 1197 3563 1267 Turonensiepi-

1951 1311 2140 1366 sc0po,
2191 1297 2298 1350 sint
2355 1303 2408 1349 et
2465 1295 2566 1363 ipsi
2615 1290 3070 1347 excommunicati
3094 1300 3148 1344 et
3175 1297 3360 1343 nostra
3392 1287 3560 1340 bene-

1949 1388 2190 1442 dictione
2220 1389 2518 1457 apOstolica
2546 1386 2760 1458 privati.

2660 1517 2856 1572 XXVII.

2023 1621 2357 1663 PLIVILEUIUM
2410 1623 2632 1659 JOANNIS
2663 1623 2810 1658 ΡΑΡΑΞ
2863 1622 2952 1658 XIII
2997 1620 3098 1658 PRO
3151 1619 3491 1657 MONASTERIU

2569 1693 2938 1731 CLUNIACENSI.

2519 1771 2695 1837 (Anno
2717 1769 2992 1836 965-972.)

1951 1866 2182 1917 Uicterio
2233 1867 2557 1929 Arelatensi,
2614 1865 2912 1918 Amblardo
2942 1863 3313 1928 Lugdunensi,
3359 1861 3555 1913 Theat-

2018 1936 2171 1987 baldo
2211 1937 2516 1997 Viennensi,
2550 1937 2812 2003 Stephanr.
2867 1935 3304 1993 Claromoutensi,
3339 1933 3559 1985 Aimoni

2027 2007 2412 2072 Valentinensi,
2443 2015 2560 2065 etc..
2596 2008 2852 2060 Maiolum
2875 2006 3116 2058 abbatem
3161 2005 3556 2059 ('luniacenscm

2015 2078 2235 2146 ejusque
2255 2083 2578 2131 monasteria
2607 2079 2954 2130 commendat.

2444 2168 2671 2237 [Bullar.
2711 2168 2950 2220 Cluniae.
2980 2165 3054 2234 5.]

2013 2274 2249 2328 Jmsses
2305 2275 2623 2345 episc-Opus,
2668 2290 2858 2326 servus
2915 2286 3196 2326 servorum
3229 2269 3347 2332 Dei,
3377 2268 3554 2321 fratri-

1940 2365 2042 2418 bus
2073 2365 2490 2435 etcoepiscOpis
2523 2381 2620 2435 per
2651 2365 2814 2417 urbes
2863 2363 3157 2416 Galliarum
3201 2360 3553 2416 consistenti-
3629 2425 3635 2430 _

1941 2455 2044 2508 bus
2069 2463 2122 2508 et
2174 2455 2614 2526 praesidentibus,
2675 2455 2924 2507 IIICTERIO
2970 2453 3181 2505 SCIiICCI
3227 2451 3556 2515 Arelatensi,

1942 2548 2233 2600 Astur...\nno
2327 2547 2701 2619 Lugdunensi,
2784 2547 3139 2599 Teurnaswo
3227 2543 3556 2607 Viennensi,

1939 2640 2221 2694 STEPHANO
2255 2639 2710 2704 Claramonteusi,
2768 2641 2959 2692 Amos:
3001 2637 3399 2700 Valentinensi,
3444 2633 3558 2687 Wt-

1945 2748 2071 2786 oost
2129 2731 2493 2786 Vesontiensi.
2550 2733 2718 2784 ADONI
2774 2726 3182 2790 Matisconensi,
3246 2727 3554 2780 FROTGAHIO

1943 2823 2315 2887 Cabilonensi,
2351 2823 2562 2876 WIDONI
2591 2821 2934 2883 Vallaviensi,
2989 2821 3258 2872 Losontco
3315 2818 3551 2871 Avenio-

1944 2920 2125 2985 nensi,
2173 2920 2421 2973 Genawo
2484 2917 2808 2980 Genevcnsi,
2861 2916 3136 2969 Macsemo
3195 2913 3554 2975 Lausanensi,

1945 3011 2186 3066 Luuomo
2239 3011 2484 3074 Lurensi,
2540 3010 2826 3064 I’tosuoso
2881 3007 3201 3071 Vivariensi,
3245 3005 3558 3075 apostolicae

1941 3099 2172 3171 gratiam
2226 3098 2634 3152 benedictionis
2675 3108 2730 3150 et
2773 3095 3003 3170 gloriam
3058 3102 3278 3149 aeterna:
3329 3092 3562 3146 beatitu-

1895 3180 1910 3201 ¹
1941 3191 2107 3243 dinis.

2022 3281 2292 3335 Lastamur
2333 3281 2489 3334 valde
2548 3280 2601 3332 in
2653 3280 2882 3334 Domino
2916 3286 2969 3332 et
3028 3280 3362 3332 exsultamus
3413 3274 3560 3346 quod

1937 3377 2162 3430 dilectio
2195 3377 2288 3429 Dei
2334 3387 2390 3430 et
2431 3377 2668 3430 Charitas
2712 3374 2969 3444 proximi,
3009 3390 3172 3443 quam
3216 3388 3310 3424 vos
3337 3370 3556 3423 studio-

1932 3468 2150 3521 sissime
2173 3467 2466 3522 multorum
2497 3467 2764 3520 relatione
2804 3465 3118 3518 audivimus
3158 3461 3454 3524 custodire,
3488 3461 3554 3513 ad

1936 3558 2051 3611 vias
2079 3558 2291 3612 Domini
2336 3565 2388 3611 et
2417 3558 2673 3610 mandata
2728 3555 2855 3609 facit
2899 3571 2996 3608 vos
3052 3553 3327 3607 subtiliter
3381 3552 3559 3604 anhe-

1938 3652 2074 3716 lare,
2107 3659 2161 3705 ut
2180 3651 2530 3721 pontificatus
2566 3649 2732 3703 vestri
2763 3648 3058 3701 discretum
3097 3646 3338 3718 regimen
3360 3645 3559 3698 multis

1939 3754 2142 3800 sanctae
2177 3743 2428 3796 Ecclesiae
2457 3742 2582 3795 filiis
2631 3739 3004 3795 necessarium
3030 3746 3250 3808 praestet
3283 3738 3554 3790 levamen.

1945 3839 2097 3904 Quod
2136 3835 2440 3890 manifestis
2490 3833 2912 3906 probationibus
2953 3847 3050 3886 vos
3104 3847 3327 3900 semper
3374 3829 3558 3884 facere

1944 3927 2322 3982 desideramus
2353 3925 2441 3995 pie
2457 3932 2510 3978 et
2531 3937 2950 3978 commonemus
2982 3930 3040 3974 ut
3066 3920 3327 3974 virtutum
3360 3919 3561 3987 pennis

1946 4020 2012 4072 ad
2045 4015 2286 4074 ccelestia
2307 4013 2662 4070 convolantes
2710 4011 2896 4082 plures
2921 4011 2990 4064 ad
3020 4008 3286 4064 Christum
3322 4007 3558 4077 populos

1947 4117 2159 4170 trahere
2185 4122 2304 4185 post
2332 4128 2428 4166 vos
2460 4110 2702 4182 possitis.
2766 4109 3024 4162 Nostrum
3074 4121 3312 4175 namque
3346 4109 3428 4156 est
3458 4116 3556 4154 vos

1946 4205 2146 4260 hortari
2177 4221 2245 4258 ne
2271 4202 2484 4258 Domini
2505 4199 2871 4270 disciplinam,
2907 4213 3006 4268 per
3039 4212 3202 4267 quam
3236 4190 3554 4264 pervenitur

1941 4297 2011 4351 ad
2041 4296 2292 4368 gloriam,
2325 4291 2734 4366 parvipendatis
2757 4298 2849 4345 aut
2878 4288 3162 4362 negligere
3181 4285 3382 4339 vetitis.
3417 4283 3557 4346 Quo-

1945 4403 2088 4457 niam
2120 4401 2216 4440 vos
2253 4385 2408 4452 estis,
2434 4392 2491 4439 ut
2512 4385 2584 4438 ait
2633 4383 2916 4447 Dominus,
2973 4380 3063 4433 lux
3115 4376 3304 4431 mundi
3367 4383 3420 4430 et
3477 4374 3555 4428 sal

209 4470 470 4541 scopatui
497 4487 596 4523 suo
631 4470 909 4540 pertinere
931 4472 1155 4528 debere.
1191 4487 1481 4542 quousque
1520 4473 1612 4527 ille
1652 4484 1834 4528 vester
1857 4499 1914 4566 D
1941 4488 2117 4546 terrm,
2177 4481 2377 4552 quibus
2457 4479 2732 4535 commisit
2802 4476 3064 4532 Dominus
3100 4475 3260 4527 .lesus
3315 4470 3560 4524 Christus

216 4559 689 4630 archiepiscOpus,
725 4567 818 4614 aut
863 4560 1062 4630 aliquis
1093 4577 1159 4613 ex
1214 4561 1370 4615 vobis
1415 4579 1536 4616 cum
1596 4563 1839 4618 Arduino

217 4651 660 4722 archiepiscopo,
728 4651 842 4705 sive
893 4668 1013 4705 cum
1060 4669 1161 4706 suo
1207 4652 1575 4727 sufi‘raganeo,
1619 4655 1701 4706 vel
1733 4654 1842 4708 alio

219 4743 366 4797 ﬁdeli
403 4743 570 4797 misso
602 4744 669 4797 ad
700 4751 938 4798 nostram
974 4752 1217 4798 sanctam
1283 4753 1511 4799 matrem
1546 4745 1841 4799 Ecclesiam

220 4839 426 4903 veniat,
456 4845 513 4892 ut
550 4839 621 4891 ibi
656 4839 1012 4912 przecognitis
1044 4841 1226 4893 causis
1275 4841 1418 4895 inter
1443 4857 1538 4895 vos
1564 4850 1617 4895 et
1663 4841 1840 4906 illum,

221 4931 370 5002 quod
407 4947 625 5001 aequum
662 4931 1166 5002 comprobabimus,
1200 4932 1496 4987 definiatur
1526 4934 1592 4986 ad
1625 4933 1840 4986 laudem

225 5021 317 5075 Dei
347 5027 403 5074 et
434 5019 647 5073 Domini
697 5022 866 5075 nostri
927 5021 1054 5075 Jesu
1117 5021 1332 5075 Christi.
1393 5023 1544 5085 Quod
1591 5023 1636 5078 si
1686 5022 1844 5076 aliter

224 5125 389 5178 quam
414 5106 676 5174 jubemus
709 5117 898 5163 contra
930 5111 1267 5164 voluntatem
1300 5110 1420 5179 ejus
1451 5108 1711 5173 feceritis,
1745 5125 1840 5164 co-

220 5199 502 5272 gnoscatis
536 5199 903 5269 vosmetipsos
935 5200 1027 5254 Dei
1061 5207 1113 5253 et
1161 5201 1217 5254 Β.
1253 5199 1396 5253 Petri
1423 5199 1689 5269 principis
1715 5216 1844 5269 apo-

223 5291 514 5354 stolorum,
557 5307 654 5359 per
703 5298 904 5344 nostra:
935 5291 1261 5345 humilitatis
1287 5292 1625 5358 mandatum,
1655 5301 1844 5346 aucto-

225 5379 383 5434 ritate
408 5381 918 5435 excommunicatos
934 5381 1002 5435 ab
1037 5382 1187 5436 omni
1223 5383 1597 5438 ecclesiastico
1637 5382 1843 5438 ofﬁcio.

222 5473 342 5538 (Hic
374 5472 575 5525 desinit
601 5473 904 5527 menbrana
938 5476 1262 5527 Turonensis
1293 5494 1308 5528 :
1343 5492 1461 5544 qua:
1525 5479 1844 5544 sequuntur,

220 5566 513 5619 adduntur
543 5568 601 5619 in
641 5567 850 5636 editis.)
879 5566 1031 5630 Quod
1064 5567 1107 5620 si
1134 5582 1260 5621 vero
1316 5567 1559 5622 debitam
1594 5584 1846 5622 reveren-

223 5653 355 5708 tiam
405 5654 551 5708 circa
589 5654 909 5723 praedictum
967 5654 1190 5709 fratrem
1249 5663 1497 5710 nostrum
1552 5656 1845 5712 observare

303 5786 415 5856 (11)
440 5785 582 5842 Editi
613 5785 826 5843 addunt
841 5802 970 5844 esse.

1947 4571 2244 4626 Ecclesiam
2306 4587 2461 4624 suam
2518 4569 2832 4645 regendam,
2894 4583 3056 4638 quam
3107 4561 3396 4634 acquisivit
3427 4575 3558 4614 san-

1947 4659 2116 4732 guine
2137 4675 2256 4714 suo.
2296 4659 2489 4713 Notum
2533 4660 2714 4730 itaque
2738 4657 2892 4712 vobis
2915 4654 3163 4716 facimus,
3187 4647 3555 4712 dilectissimi,

1947 4748 2096 4818 quod
2131 4748 2289 4802 latior
2318 4755 2371 4802 et
2403 4747 2640 4818 amplior
2670 4744 3065 4817 specialissime
3097 4739 3257 4795 nobis
3287 4745 3387 4800 est,
3430 4737 3562 4790 cha-

1949 4840 2079 4893 ritas
2108 4840 2253 4895 circa
2286 4841 2680 4896 monasterium
2730 4838 3045 4900 Cluniense,
3076 4833 3161 4888 cui
3192 4831 3474 4901 sapienter
3505 4833 3564 4882 et

1944 4929 2110 4982 beate
2157 4939 2360 4998 prazest
2433 4930 2788 4984 charissimus
2865 4927 3010 4980 filius
3085 4932 3269 4978 noster
3325 4920 3563 4973 domnus

1947 5021 2174 5076 Maiolus
2203 5023 2376 5076 abbas
2405 5024 2584 5089 vobis,
2637 5032 2695 5078 ut
2761 5022 3058 5085 credimus,
3115 5019 3253 5072 bene
3311 5022 3475 5068 notus
3504 5018 3564 5065 ut

1948 5120 2072 5181 pote
2094 5111 2176 5164 vir
2199 5112 2511 5182 religiosus,
2546 5129 2711 5182 quem
2740 5111 2896 5166 vobis
2927 5109 3185 5165 attentius
3210 5114 3263 5162 et
3309 5104 3554 5174 diligen-

1946 5201 2053 5256 tius
2075 5219 2198 5256 cum
2233 5203 2583 5258 monasteriis
2613 5203 2896 5268 omnibus,
2927 5220 3050 5274 quae
3118 5201 3237 5269 ejus
3266 5205 3391 5252 sunt
3415 5195 3556 5248 sub-

1941 5294 2087 5363 jecta
2118 5294 2395 5368 regimini,
2414 5295 2772 5350 commendo:
2795 5303 3147 5364 vestramque
3161 5288 3557 5347 beatitudinem

1949 5397 2145 5455 precor
2173 5384 2320 5455 quod
2354 5383 2448 5438 Dei
2480 5398 2689 5448 amore,
2731 5399 2794 5436 ac
2845 5384 3205 5437 veneratione
3258 5379 3399 5435 beati
3421 5375 3563 5432 Petri

1948 5477 2320 5547 apostolorum
2379 5475 2668 5548 principis,
2723 5481 2920 5528 nostrae
2977 5490 3200 5544 quoque
3254 5468 3568 5527 dilectionis

1949 5566 2168 5636 affectu,
2203 5576 2540 5641 protectores
2568 5565 2688 5621 sitis
2718 5563 3104 5619 coenobiorum
3159 5563 3268 5616 sibi
3304 5561 3568 5617 commis-

1950 5673 2158 5716 sorum.
2191 5661 2383 5717 Nostra
2435 5658 2661 5730 insuper
2696 5650 3019 5709 auctoritate
3069 5651 3213 5704 beati
3269 5651 3417 5705 Petri
3440 5649 3562 5706 vice
