3978 6214
423 310 518 362 991

1750 304 2022 361 JOANNIS
2064 303 2179 357 XIII
2222 302 2411 356 ΡΑΡᾹΞ

3651 307 3756 362 992

427 433 563 490 fulta
578 434 919 499 etroborata,
944 435 1039 488 Dei
1061 434 1459 503 omnipotentis
1479 434 1812 504 disponente
1834 429 2030 505 gratia,
2064 436 2107 499 Α
2136 428 2412 495 locellum,
2444 431 2540 503 qui
2594 447 2625 485 a
2672 432 2953 503 Stephano
3012 433 3130 489 viro
3183 410 3384 489 illustri
3441 440 3609 505 atque
3636 435 3757 503 ejus

426 540 524 577 vos
553 522 1007 584 commonefacio,
1039 529 1095 576 ut
1123 522 1440 593 quicunque
1499 530 1716 591 potens,
1777 520 1863 575 vel
1904 534 2033 589 per-

428 625 562 665 sona
592 611 825 679 alicujus
855 611 1118 664 momenti
1164 611 1533 679 prazeminens
1572 626 1659 663 res
1684 626 1781 663 seu
1813 623 2035 679 posses-

428 697 739 767 sionesjam
770 697 1037 752 dictorum
1056 697 1303 753 locorum
1329 698 1629 769 pervadere
1658 712 1793 751 ausu
1822 694 2035 750 nefario

429 792 739 859 tentaverit,
769 808 1054 846 censuram
1086 800 1279 846 vestrae
1310 790 1896 847 excommunicationis
1920 789 2036 844 dis-

429 883 818 948 trictissimam,
849 899 970 938 mox
998 891 1057 937 ut
1088 884 1480 954 cognoveritis,
1514 881 1956 938 irrevocabiliter
1986 887 2041 933 et

426 975 605 1029 acrius
630 975 892 1037 incurrat,
924 984 978 1028 et
1004 992 1035 1029 a
1078 982 1353 1030 conventu
1401 975 1648 1029 fidelium
1695 978 2039 1046 segregetur,

428 1078 525 1132 per
554 1070 784 1116 vestram
840 1080 1015 1118 necne
1054 1063 1496 1119 testiﬁcationem
1553 1063 1687 1118 satis
1716 1059 2039 1117 formidabi-

428 1151 534 1204 lem
562 1151 783 1206 vinculo
840 1160 1039 1207 nostra:
1096 1151 1686 1207 excommunicationis
1735 1166 1793 1204 se
1825 1148 2038 1204 noverit

426 1241 766 1313 colligatum,
823 1242 1001 1296 donec
1055 1242 1428 1296 satisfactione
1459 1257 1702 1314 congrua
1730 1239 2035 1310 resipiscat,

426 1336 479 1382 et
536 1329 781 1398 praedicti
837 1331 1156 1385 monasterii
1216 1330 1354 1399 patri
1410 1329 1605 1384 Maiolo
1674 1328 2035 1383 humilitatem

427 1418 689 1471 exhibeat
712 1419 923 1472 veniam
984 1419 1313 1488 postulando
1366 1427 1420 1472 et
1476 1418 1886 1487 consequendo.
1933 1417 2034 1469 De-

426 1508 593 1579 nique
635 1525 730 1563 vos
767 1510 959 1576 adjuro
1015 1511 1116 1562 sub
1181 1509 1531 1565 invocatione
1581 1508 1941 1563 sanctissima:
1981 1518 2035 1562 et

428 1595 726 1650 individua:
778 1597 1059 1651 Trinitatis
1118 1606 1282 1669 atque
1353 1598 1677 1653 auctoritate
1729 1596 2035 1667 apostolica

428 1686 646 1740 enixius
678 1688 959 1757 praecipio,
988 1697 1061 1755 et,
1096 1689 1733 1744 utfratrescharissimos
1764 1703 2034 1762 rogo,non

429 1777 595 1832 licere
626 1778 782 1832 vobis
832 1782 1111 1848 iirmterire
1171 1782 1275 1835 hoc
1308 1781 1477 1835 nostri
1510 1781 1728 1851 pondus
1757 1780 2038 1851 praecepti,

430 1867 577 1936 quod
610 1877 662 1921 et
690 1876 893 1924 sancta:
919 1870 1449 1926 Ecclesizeexaltatio
1469 1878 1523 1925 et
1549 1878 1727 1926 vestra
1752 1872 1817 1925 ad
1836 1879 2042 1926 aeterna

434 1958 575 2012 bona
606 1966 690 2013 est
719 1962 1018 2029 provectio.
1051 1962 1120 2016 Te
1150 1962 1335 2029 etiam,
1389 1963 1558 2018 frater
1613 1971 1667 2018 et
1716 1964 2041 2035 coepisc0pe

434 2050 735 2119 Stephane,
768 2053 819 2105 in
855 2054 1086 2108 Domino
1142 2055 1394 2126 alloquor
1440 2071 1538 2127 pro
1590 2056 1756 2110 insita
1797 2056 2041 2111 bonitate

433 2142 528 2195 tibi
560 2151 615 2196 ut
644 2145 946 2214 compellas
977 2146 1329 2200 Amblardum
1360 2147 1749 2201 fidelemtuum
1780 2147 2043 2201 Celsinia—

432 2236 590 2289 nensi
610 2237 867 2293 ccenobio
883 2239 1157 2308 prOpriam
1174 2247 1563 2311 terram,quam
1579 2241 1847 2293 hactenus
1861 2240 2041 2293 eidem

432 2327 706 2381 subtraxit
729 2331 1513 2402 monasterio,[restituere],ut
1540 2331 2047 2399 tuojudiciocorre-

428 2424 547 2470 ctus
572 2417 832 2488 ligamina
867 2422 1127 2475 terribilis
1157 2422 1744 2476 excommunicationis
1770 2429 1823 2475 et
1856 2436 2047 2491 pmnas

430 2516 649 2564 mternze
673 2512 1044 2568 damnationis
1071 2515 1304 2568 evadere
1328 2514 1502 2584 possit
1525 2531 1539 2579 ;
1573 2514 1833 2585 quoniam
1857 2514 1901 2567 si
1934 2529 2044 2569 non

433 2602 745 2671 resipuerit,
807 2604 1204 2659 iulerminabili
1261 2606 1606 2660 anathemate
1658 2604 1903 2660 ferietur.
1944 2605 2048 2658 Res

435 2710 656 2764 quoque
685 2695 854 2768 exigit
895 2706 954 2751 ut
983 2697 1081 2751 tibi
1108 2697 1291 2768 aliqua
1334 2698 1598 2762 dicamus,
1633 2698 1800 2752 frater
1828 2697 2045 2751 charis-

436 2787 595 2854 sime,
629 2796 684 2843 et
714 2791 946 2845 amande
976 2791 1179 2845 domne
1232 2792 1346 2846 Ado
1387 2793 1669 2862 episcOpe,
1702 2807 1887 2862 quem,
1922 2791 2051 2846 licet

442 2896 549 2933 non
578 2881 898 2947 viderimus,
944 2900 1007 2937 ex
1036 2883 1261 2937 nomine
1312 2883 1567 2939 novimus
1598 2884 1651 2937 in
1701 2883 1851 2937 omni
1883 2883 2048 2953 spiri-

438 2970 569 3023 tuali
600 2970 866 3025 bonitate.
925 2972 1297 3044 Efﬂagitamus
1349 2974 1531 3045 itaque
1587 2974 2041 3047 benignissimam

440 3068 546 3111 tua;
580 3058 920 3127 paternitatis
963 3061 1335 3127 dulcedinem,
1394 3071 1452 3119 ut
1503 3079 1611 3135 quo
1668 3064 1900 3119 vicinior
1920 3082 2043 3119 esse

580 3114 593 3127 .
1012 3114 1031 3115 η
1398 3114 1450 3119 η
1508 3114 1604 3135 Ἰη
1684 3114 1888 3119 ν--τ---ν-
1926 3114 2040 3119 -η-

440 3149 643 3203 videris
675 3150 881 3219 praefati
909 3154 1226 3208 monasterii
1252 3155 1478 3220 scholae,
1511 3163 1566 3209 et
1594 3165 1683 3209 tua
1704 3157 2045 3226 protectione
2069 3114 2119 3183 Ο

442 3254 540 3307 pro
597 3248 690 3294 tuo
744 3257 905 3310 posse
940 3242 1176 3297 celerior
1231 3243 1455 3299 fratrum
1516 3246 2050 3301 necessitatibusoc-

440 3336 640 3392 currat,
674 3330 768 3401 qui
824 3340 873 3383 te
930 3348 993 3383 ex
1036 3331 1339 3388 abundanti
1396 3335 1660 3390 charitate
1711 3334 1949 3408 diligunt
1994 3344 2049 3390 et

438 3420 581 3491 ulnis
604 3419 771 3474 totius
808 3421 1013 3476 amoris
1058 3421 1464 3491 perfectissime
1525 3425 1797 3488 ambiunt,
1829 3433 1884 3479 et
1933 3441 2048 3479 am-

438 3510 603 3580 plecti
633 3511 965 3566 desid-rant.
1027 3513 1291 3577 Quocirca
1360 3515 1673 3570 Cluniensis
1732 3517 2051 3571 monasterii

436 3619 656 3674 semper
685 3612 803 3660 esto
866 3613 1161 3675 protector,
1204 3607 1346 3663 sicut
1386 3608 1529 3665 beati
1575 3610 1720 3665 Petri
1782 3626 1843 3665 es
1873 3610 2053 3666 fidelis

437 3704 668 3749 amator.

1136 3769 1339 3824 XXVIII

711 3876 855 3914 ΡΛΡᾸΞ
912 3878 1003 3915 XIII
1071 3878 1415 3917 PRIVILEGIUM
1446 3881 1775 3921 ADALBERONI
1822 3883 2046 3921 REMENSI

853 3948 1274 3987 ARCIIIEPISCOPO
1315 3949 1641 3989 CONCESSUM.

1071 4025 1242 4081 (Anno
1271 4024 1421 4091 972.)

440 4112 733 4178 Conﬁrmat
778 4112 1046 4165 decretum
1110 4113 1474 4168 Adalberonis
1518 4116 1617 4184 qui
1674 4119 1957 4171 monac/ros
1996 4121 2052 4175 in

579 4184 892 4236 Mosomensi
906 4185 1135 4238 cwitobio
1156 4200 1259 4253 pro
1287 4188 1560 4240 canonicis
1585 4188 1870 4242 collocarat

621 4290 793 4361 [Apud
828 4291 1019 4357 Mansi,
1054 4292 1252 4347 Concil.
1284 4301 1418 4349 tom.
1452 4294 1585 4363 XIX,
1610 4296 1716 4350 col.
1759 4297 1870 4368 31,]

441 3874 661 3913 JOANNIS

512 4418 753 4473 Joannes
782 4420 1102 4492 episcopus,
1150 4439 1340 4479 servus
1366 4440 1649 4480 servorum
1681 4427 1799 4491 Dei,
1844 4427 2049 4483 charis-

442 4507 583 4562 simo
607 4506 661 4561 in
693 4508 923 4564 Domino
950 4508 1098 4565 fratri
1144 4513 1485 4568 AnALeauosr
1526 4524 1726 4571 sanctae
1758 4516 2048 4572 Remensis

446 4598 705 4654 Ecclesiae
736 4598 1059 4671 dignissimo
1082 4604 1478 4675 archiprzesuli,
1510 4614 1833 4678 perpetuam
1860 4608 1914 4663 in
1946 4609 2052 4665 Do-

442 4687 593 4743 mino
624 4691 855 4745 salutem

512 4784 566 4837 Si
585 4785 847 4841 ecclesias
874 4776 1036 4858 longe
1090 4789 1310 4860 lateque
1337 4788 1564 4845 diffusas
1604 4790 1794 4847 divino
1826 4800 1961 4848 nutu
1993 4795 2047 4850 in

441 4883 631 4931 sancta
662 4878 928 4951 religione
957 4897 1207 4936 crescere
1265 4883 1668 4954 cognoscimus,
1714 4884 1823 4939 Deo
1871 4886 2052 4941 omni-

441 4970 651 5038 potenti
693 4971 952 5025 laudlbus
1005 4973 1277 5028 exsultare
1328 4973 1642 5047 gratiasque
1662 4975 1824 5050 juges
1850 4976 2051 5033 referre

442 5056 731 5114 debemus.
758 5060 1102 5132 QuaprOpter
1139 5064 1501 5137 cognovimus
1530 5071 1622 5120 tua
1647 5065 1915 5121 industria
1942 5076 2051 5124 sta-

443 5146 661 5202 bilitum
702 5149 759 5202 in
794 5149 1036 5206 Mosomo
1073 5161 1273 5217 castro,
1313 5154 1463 5225 quod
1507 5162 1591 5210 est
1618 5172 1787 5226 super
1818 5155 2047 5214 ﬂuvium

441 5236 624 5302 Mosae,
658 5238 713 5293 in
734 5240 1092 5296 veneratione
1138 5242 1231 5297 Dei
1276 5245 1563 5318 genitricis
1612 5245 1814 5313 Mariae,
1846 5262 2047 5302 mona-

438 5325 668 5381 sterium
697 5327 1092 5384 monachorum
1132 5330 1402 5406 religione
1431 5333 1745 5389 deculatum
1777 5334 1904 5405 [for.
1948 5335 2049 5391 de-

438 5425 708 5484 coratum,
738 5419 822 5471 vel
860 5436 894 5472 α
946 5422 1106 5476 decus
1147 5422 1513 5496 decusatum],
1554 5426 1776 5499 tuisque
1797 5430 2051 5500 proprie-

441 5506 666 5574 tatibus,
697 5508 1056 5583 ecclesiteque
1089 5522 1215 5578 tum,
1238 5516 1395 5570 terris
1411 5526 1466 5571 et
1495 5520 1748 5575 ecclesiis
1777 5521 2044 5587 dotatum,

440 5594 589 5680 quod
615 5595 721 5649 sub
778 5595 977 5667 pagina
1018 5601 1075 5653 Β.
1138 5600 1301 5665 Petri,
1357 5608 1730 5672 apostolorum
1784 5608 2051 5680 principis

444 5679 674 5742 decreti,
715 5681 1017 5752 nostrique,
1074 5694 1127 5739 te
1157 5695 1368 5753 orante,
1412 5694 1756 5763 suscepimus
1822 5679 2053 5766 Insuper

2134 522 2371 594 conjuge
2400 522 2694 589 Freduide,
2740 526 2839 578 Tin
2867 524 3089 579 nomine
3143 524 3499 590 constitutus,
3537 533 3755 581 sancto-

2136 626 2244 680 que
2277 610 2522 684 Remigio
2550 612 2871 683 suppositus
2919 612 3043 676 fuit,
3104 630 3268 684 quem
3329 613 3511 669 eidem
3564 630 3756 668 mona-

2138 702 2306 758 sterio
2339 703 2601 769 Mosomo,
2651 704 2781 776 quia
2827 721 2925 775 per
2950 722 3009 759 se
3062 705 3133 759 ob
3184 704 3539 779 exiguitatem
3575 722 3753 760 rerum

2140 801 2283 848 stare
2334 811 2442 849 non
2494 802 2728 865 poterat,
2786 795 3091 851 contulisti.
3157 794 3373 849 collatis
3401 794 3565 848 rebus
3607 809 3758 850 com-

2144 882 2467 951 pensatione
2500 883 2555 937 B.
2581 882 2852 957 Remigio,
2884 882 3365 937 consentientibus
3395 881 3673 937 fratribus.
3694 882 3759 937 Ut

2140 980 2321 1027 autem
2354 981 2650 1047 cognoscat
2680 974 2937 1028 universa
2987 973 3231 1028 Ecclesia
3287 988 3388 1028 nos
3421 972 3758 1027 unanimiter

2141 1061 2411 1116 assentire
2441 1079 2455 1115 :
2485 1079 2515 1116 a
2547 1070 2599 1116 te
2628 1063 2826 1117 collata
2883 1062 2967 1116 vel
3032 1061 3390 1128 conferenda,
3435 1076 3533 1115 seu
3573 1077 3605 1116 a
3635 1061 3756 1133 qui-

2139 1151 2405 1216 buslibet,
2438 1150 2492 1205 in
2526 1152 2685 1205 terris
2710 1151 2872 1206 cultis
2900 1159 2953 1205 et
2990 1149 3233 1215 incultis,
3301 1149 3498 1214 vineis,
3568 1147 3757 1217 pratis,

2138 1243 2407 1309 ecclesiis,
2442 1243 2735 1314 mancipiis
2787 1243 3070 1313 utriusque
3102 1257 3306 1305 sexus;
3376 1238 3534 1312 aquis
3585 1255 3759 1311 aqua-

2140 1350 2257 1387 rum
2290 1333 2637 1399 decursibus,
2680 1333 2736 1387 in
2768 1332 3030 1388 omnibus
3060 1331 3128 1385 ad
3156 1329 3535 1402 supradictum
3568 1344 3761 1384 mona-

2136 1431 2361 1486 sterium
2414 1432 2847 1502 pertinentibus,
2902 1432 2939 1485 D
3020 1430 3163 1485 Petri
3197 1429 3575 1500 apostolorum
3605 1427 3760 1499 prin—

2135 1520 2296 1590 cipis,
2324 1527 2379 1575 et
2445 1521 2639 1587 nostri,
2704 1519 2985 1574 firmamus
3030 1519 3275 1584 decreto,
3307 1524 3586 1589 quatenus
3635 1515 3759 1571 sine

2138 1609 2305 1663 livore
2338 1609 2729 1663 oblatrantium
2763 1609 2916 1663 locus
2962 1608 3181 1679 quietus
3225 1612 3278 1660 et
3306 1604 3649 1661 inviolabilis
3673 1604 3761 1672 ju-

2061 1701 2277 1806 Bgiter
2305 1708 2642 1771 permaneat.
2700 1702 2753 1756 Si
2812 1702 2937 1772 quis
2968 1702 3199 1766 interea,
3242 1700 3391 1771 quod
3431 1714 3540 1754 non
3574 1697 3763 1754 credi-

2143 1810 2285 1858 mus,
2318 1794 2609 1848 temerario
2638 1810 2775 1848 ausu
2831 1802 3022 1847 contra
3053 1808 3116 1846 ea
3168 1807 3293 1862 quae
3324 1790 3393 1844 ab
3427 1790 3531 1844 hac
3571 1796 3763 1844 nostra

2141 1883 2461 1938 auctoritate
2485 1884 2574 1954 pie
2602 1893 2656 1938 et
2695 1881 2926 1937 firmiter
2963 1898 3062 1952 per
3093 1882 3201 1935 hoc
3238 1886 3484 1934 nostrum
3544 1878 3764 1955 privile-
3843 1922 3851 1928 .

2141 1975 2291 2047 gium
2322 1975 2589 2045 disposita
2615 1983 2763 2039 sunt,
2825 1976 2902 2029 ire
2963 1973 3275 2037 tentaverit,
3326 1971 3412 2025 vel
3445 1972 3562 2026 haec
3583 1987 3707 2041 quae
3732 1987 3764 2025 ει

2144 2064 2307 2119 nobis
2338 2064 2408 2118 ob
2438 2065 2655 2118 laudem
2687 2064 2777 2118 Dei
2813 2080 2911 2134 pro
2932 2063 3225 2117 stabilitate
3252 2062 3365 2129 jam
3397 2060 3531 2115 dicti
3571 2075 3764 2114 mona-

2143 2157 2535 2222 sterii,statuta
2567 2164 2715 2221 sunt,
2772 2155 3023 2229 frangere
3066 2163 3120 2210 et
3173 2154 3229 2208 in
3261 2167 3537 2224 quoquam
3581 2158 3764 2205 trans-

2144 2247 2473 2319 gredi,sciat
2503 2264 2562 2301 sc
2594 2246 2916 2302 auctoritate
2950 2247 3005 2301 Β.
3029 2244 3196 2309 Petri,
3227 2244 3409 2313 cujus,
3445 2259 3764 2314 quanquam

2147 2340 2429 2405 immeriti,
2460 2340 2608 2394 vices
2638 2340 2869 2413 agimus,
2895 2336 3264 2391 anathematis
3294 2335 3765 2403 vinculoinnoda-

2148 2440 2283 2496 tum,
2315 2440 2370 2486 et
2400 2448 2522 2486 cum
2549 2431 2768 2486 diabolo
2800 2439 2853 2485 et
2876 2430 3017 2484 Juda
3050 2428 3310 2484 traditore
3346 2427 3563 2483 Domini
3586 2427 3762 2481 nostri

2145 2526 2273 2580 Jesu
2339 2525 2533 2580 Christi
2587 2532 2796 2578 aeterno
2837 2522 3095 2576 incendio
3143 2518 3634 2576 concremandum.
3700 2520 3767 2572 Αι

2148 2622 2278 2661 vero
2309 2610 2400 2681 qui
2428 2610 2519 2681 pio
2543 2610 2740 2665 intuitu
2768 2608 3159 2665 observatorin
3181 2606 3441 2664 omnibus
3471 2605 3764 2667 exstiterit,

2147 2698 2467 2753 custodiens
2484 2699 2653 2752 nostri
2683 2698 2973 2769 apostolici
3000 2696 3284 2751 constituti
3317 2695 3386 2750 ad
3413 2694 3621 2749 cultum
3670 2693 3766 2747 Dei

2151 2788 2503 2859 respicientis
2538 2788 2989 2859 praeceptionem,
3018 2783 3429 2841 benedictionis
3451 2783 3684 2856 gratiam
3713 2790 3768 2836 et

2150 2880 2477 2933 delictorum
2534 2894 2757 2933 suorum
2812 2877 3212 2949 indulgentiam
3271 2881 3664 2945 consequatur,
3712 2880 3770 2928 et

2150 2970 2274 3023 vita:
2305 2977 2524 3023 aeterna:
2556 2968 2830 3038 particeps
2855 2966 3144 3022 efficiatur.

2218 3059 2494 3129 Scriptum
2529 3074 2627 3128 per
2672 3073 2892 3112 manum
2941 3054 3207 3127 Stephani
3249 3051 3524 3108 scriniarii
3558 3062 3771 3106 sancta:

2152 3150 2409 3205 Romanw
2434 3148 2713 3212 Ecclesia),
2746 3147 2801 3200 in
2832 3161 3025 3200 mense
3058 3142 3250 3215 Aprili.
3290 3142 3421 3197 Data
3448 3157 3545 3212 per
3575 3158 3775 3195 manus

2150 3243 2382 3297 Andreae
2415 3239 2664 3311 episcOpi
2697 3256 2750 3293 ix
2780 3237 3005 3293 Kalend.
3050 3235 3197 3298 Maii,
3230 3249 3378 3290 anno
3411 3232 3775 3305 pontificatus

2150 3330 2360 3387 domini
2385 3329 2556 3384 nostri
2583 3326 2917 3382 sanetissrmi
2965 3324 3270 3398 [Joannes],
3302 3330 3358 3378 ct
3390 3323 3537 3378 tertii
3568 3322 3776 3378 decimi

2152 3439 2333 3493 papae,
2379 3420 2656 3491 septimo;
2713 3418 2931 3489 imperii
2964 3425 3149 3472 autem
3202 3416 3261 3470 D.
3294 3413 3508 3469 Ottonis
3548 3411 3780 3481 majoris

2152 3512 2383 3587 Augusti
2404 3530 2477 3579 xi,
2502 3511 2741 3581 junioris
2770 3528 2829 3575 ll,
2863 3509 3078 3581 quinto,
3112 3508 3166 3562 in
3199 3523 3392 3563 mense
3439 3504 3634 3577 Aprili,
3681 3504 3773 3558 in-

2152 3603 2395 3657 dictione
2426 3619 2490 3656 xv

2874 3668 3047 3722 XXIX.

2150 3782 2369 3821 JOANNIS
2397 3780 2543 3818 PAPE
2572 3779 2685 3817 XIII
2726 3776 2972 3815 EPISTOLA
3028 3776 3095 3813 AD
3124 3773 3520 3813 ΑυΑιιιεκοΝειι
3562 3774 3778 3811 REMEN-

2648 3849 2749 3887 SEM
2790 3847 3268 3886 ANCBIEPISCOPUDI.

2782 3926 2960 3992 (Anno
2986 3923 3132 3984 972.)

2436 4017 2788 4082 Privilegium
2806 4015 3119 4068 mormrterii
3149 4013 3206 4067 S.
3232 4014 3482 4077 Remigii.

2514 4124 2727 4196 [Massa
2779 4123 3000 4189 ϐοηθῶ,
3040 4121 3218 4186 XVIII,
3262 4120 3408 4191 485.]

2222 4241 2464 4296 Joannes
2495 4239 2812 4310 episcopus,
2835 4251 3026 4291 servus
3055 4249 3340 4290 servorum
3372 4233 3491 4300 Dei,
3527 4232 3780 4288 dilectis-

2151 4330 2293 4385 simo
2326 4329 2383 4383 in
2412 4327 2642 4383 Domino
2672 4325 2824 4381 fratri
2856 4326 3227 4390 ADALBERONI,
3268 4330 3473 4389 sanctae
3528 4321 3773 4377 Remen-

2152 4424 2232 4477 sis
2261 4420 2518 4479 Ecclesiae
2557 4417 2883 4493 dignissimo
2915 4415 3315 4487 archiprzesuli,
3341 4422 3667 4486 perpetuam
3697 4430 3782 4469 sa-
3818 4442 3821 4443 ν

2157 4517 2343 4571 lutem.

2222 4609 2490 4666 Convenit
2545 4605 2875 4679 apostolatui
2932 4610 3139 4670 nostro,
3199 4618 3295 4674 pro
3355 4602 3636 4657 universis
3682 4595 3779 4656 Dei

2154 4699 2434 4766 Ecclesiis,
2466 4715 2536 4753 ne
2565 4699 2765 4751 damna
2811 4712 2992 4751 rerum
3046 4711 3269 4750 suarum
3308 4693 3652 4762 sustineant,
3675 4691 3773 4748 sed

2151 4792 2329 4868 magis
2354 4806 2573 4861 semper
2626 4790 2683 4843 in
2714 4788 2913 4843 melius
2945 4793 3251 4862 augeantur
3280 4792 3335 4840 et
3364 4791 3634 4850 crescant,
3678 4800 3780 4839 cu-

2155 4902 2269 4940 ram
2325 4883 2548 4939 habere.
2607 4880 2777 4954 Igitur
2815 4880 2947 4953 quia
2984 4877 3343 4934 fraternitatis
3399 4885 3509 4932 tua;
3549 4876 3779 4931 dilectio

2155 4992 2258 5032 nos
2289 4974 2605 5047 postulavit,
2625 4981 2897 5046 quatenus
2925 4957 3322 5025 monasterium
3352 4968 3501 5041 quod
3534 4983 3777 5040 corpore

2153 5068 2300 5123 beati
2344 5066 2579 5141 Remigii
2624 5065 2964 5130 nobilitatur,
2998 5060 3286 5136 privilegio
3325 5068 3529 5115 sanctae
3570 5068 3779 5117 nostra:

2149 5161 2301 5216 sedis
2323 5158 2640 5231 apostolicae
2686 5158 3052 5220 muniremus,
3095 5152 3244 5226 quod
3272 5152 3341 5207 ad
3375 5152 3467 5206 Dei
3516 5152 3779 5223 omnipo-

2152 5248 2319 5304 tentis
2341 5246 2653 5313 laudem,et
2679 5244 2928 5313 ejusdem
2963 5242 3110 5298 beati
3143 5239 3376 5314 Remigii
3398 5238 3779 5297 honoriﬁcen-

2151 5339 2303 5404 tiam,
2347 5336 2551 5392 nullius
2609 5334 2850 5390 hominis
2895 5331 3124 5388 avaritia
3161 5340 3215 5386 et
3255 5329 3567 5387 temeritate
3601 5330 3781 5385 valeat

2151 5426 2206 5480 in
2229 5441 2507 5497 quoquam
2535 5423 2753 5491 violari,
2786 5430 2840 5477 et
2897 5420 3092 5481 minui,
3146 5418 3245 5473 sed
3285 5417 3469 5490 potius
3509 5427 3782 5492 augeatur

2150 5526 2215 5573 et
2234 5524 2461 5573 crescat.
2532 5517 2877 5587 QuaprOpter
2920 5529 3021 5584 per
3050 5512 3425 5567 interventum
3477 5520 3585 5566 tua)
3634 5511 3781 5566 dile-

2150 5608 2372 5675 ctionis,
2401 5606 2892 5663 archimonasterio
2924 5604 3075 5677 quod
3105 5604 3163 5658 in
3218 5602 3442 5658 Francia
3475 5602 3644 5656 situm
3696 5611 3782 5659 est

2152 5715 2264 5755 non
2294 5698 2459 5774 longe
2480 5716 2512 5754 a
2538 5698 2761 5754 civitate
2791 5696 3072 5766 Remensi,
3126 5696 3214 5752 cui
3276 5711 3517 5767 praeesse
3545 5694 3779 5763 videris,
