3978 6214
226 269 326 317 993

231 488 355 540 talis
389 484 678 557 privilegio
721 500 916 536 omnes
973 483 1376 552 possessiones,
1406 498 1719 552 omnesque
1762 497 1848 534 res

232 575 465 629 mobiles
495 580 548 627 et
571 571 906 635 immobiles,
937 571 1181 642 rpuedici
1208 579 1260 623 ct
1289 571 1557 624 nominari
1594 579 1843 639 possunt,

231 665 297 718 de
325 664 502 718 terris,
540 663 733 722 vineis,
769 663 941 714 servis
977 669 1029 714 et
1061 662 1296 723 ancillis,
1343 661 1557 715 colonis
1583 670 1638 713 et
1693 660 1846 714 colo-

232 752 432 813 nabus,
481 749 733 803 aediﬁciis
787 757 840 802 et
896 748 1352 813 habitationibus,
1427 747 1715 812 thesauris,
1796 755 1848 800 et

231 842 590 904 ornamentis,
625 851 678 894 et
705 841 1047 912 quibuslibet
1080 841 1330 910 pecuniis
1403 842 1714 894 Statuentes
1746 841 1848 892 sub

232 931 405 984 divini
431 931 622 997 judicii
655 932 1046 991 obtestatione,
1080 939 1132 984 et
1159 931 1528 984 anathematis
1551 929 1745 982 validis
1775 929 1851 982 in-

234 1021 668 1083 terdictionibus,
699 1030 756 1074 ut
786 1037 1089 1090 nunquam,
1125 1037 1303 1090 neque
1347 1022 1488 1073 ullus
1520 1036 1634 1084 rex,
1669 1034 1849 1088 neque

233 1111 685 1180 archiepiscOpus
713 1113 795 1165 vel
819 1112 1136 1181 epierpus.
1182 1112 1264 1164 vel
1293 1113 1452 1164 etiam
1479 1109 1850 1181 quorumlibet

236 1198 520 1252 hominum
544 1214 742 1270 magna
763 1215 1034 1269 parvaque
1060 1215 1313 1268 persona,
1350 1207 1641 1268 pra-sumat
1667 1198 1846 1252 eidem

235 1289 728 1342 archimonasterio
759 1291 824 1342 ad
851 1291 1110 1343 damnum
1142 1290 1256 1342 sive
1296 1289 1604 1342 molestiam
1638 1289 1852 1341 incum-

239 1375 391 1441 bere,
421 1376 534 1429 sive
566 1377 634 1429 de
667 1377 830 1430 rebus
857 1388 910 1430 et
954 1377 1404 1446 possessionibus
1436 1376 1608 1445 ipsius
1636 1376 1852 1428 auferre

239 1476 292 1521 et
319 1469 575 1521 alienare.
615 1469 1040 1542 ,Promulgamus
1082 1476 1263 1522 autem
1299 1477 1352 1522 et
1393 1469 1495 1521 hoc
1530 1468 1855 1521 auctoritate

243 1555 297 1607 Β.
334 1555 500 1621 Petri,
556 1557 929 1627 apostolorum
993 1557 1283 1627 principis,
1341 1572 1440 1625 per
1471 1557 1629 1623 hujus
1686 1555 1855 1610 nostri

243 1649 530 1718 apostolici
558 1649 833 1723 privilegii
863 1650 1340 1714 constitutionem,
1374 1657 1431 1702 ut
1465 1649 1650 1702 omnia
1681 1664 1805 1719 quin
1827 1665 1856 1701 a

243 1714 295 1795 te
327 1739 412 1794 vel
472 1757 501 1792 a
529 1714 874 1810 quibuslibet
923 1741 1116 1795 Christi
1171 1739 1428 1794 fidelibus
1459 1740 1638 1793 eidem
1680 1714 1858 1793 archi-
1885 1714 1932 1780 Β

247 1831 578 1885 monasterio
619 1831 821 1886 donata
860 1840 1008 1896 sunt,
1039 1833 1123 1887 vel
1157 1834 1211 1887 in
1238 1833 1478 1887 futurum
1511 1833 1712 1887 donata
1740 1831 1860 1886 fue-

244 1924 367 1986 rint,
425 1922 578 1976 ﬁrma
628 1924 926 1979 stabilitate
977 1927 1044 1978 ad
1099 1927 1189 1993 jus
1241 1935 1293 1980 et
1332 1927 1640 1981 dominium
1686 1927 1860 1997 ipsius

243 2021 629 2083 permaneant:
682 2031 783 2067 nec
813 2016 1036 2070 licentia
1082 2018 1152 2070 sit
1189 2018 1444 2088 cuiquam
1474 2018 1714 2085 homini,
1761 2017 1845 2070 vel

241 2103 511 2170 conferre,
540 2104 623 2158 vel
656 2104 896 2158 alienare
927 2105 1060 2176 quid
1088 2122 1152 2160 ex
1182 2107 1440 2160 omnibus
1478 2123 1599 2178 qua?
1620 2107 1687 2160 ad
1713 2107 1848 2160 illud

242 2197 538 2266 pertinent,
560 2198 664 2252 nisi
689 2199 756 2252 ad
781 2214 1128 2253 communem
1155 2200 1446 2254 utilitatem
1479 2200 1847 2255 roborandam

237 2285 482 2353 jUSlllliB,
517 2294 572 2340 et
601 2287 830 2358 gratiam
862 2288 1229 2357 competentis
1259 2289 1723 2343 commutationis.
1759 2289 1852 2342 ln-

241 2392 404 2446 super
433 2377 708 2431 abbatiam
741 2379 923 2432 Sancti
953 2379 1244 2445 Timothei,
1291 2396 1455 2450 quam
1493 2379 1674 2434 eidem
1712 2381 1854 2433 San-

242 2475 323 2523 cto
357 2469 606 2543 Remigio
655 2470 720 2522 ad
752 2486 910 2523 usum
971 2470 1355 2540 hospitalitatis
1385 2480 1479 2526 tua
1539 2472 1732 2543 largita
1775 2478 1859 2525 est

243 2558 534 2626 industria,
567 2567 840 2629 quatenus
871 2575 995 2614 cum
1029 2568 1269 2625 tuorum,
1303 2569 1414 2614 tum
1443 2561 1606 2614 etiam
1632 2576 1861 2614 succes-

242 2666 424 2705 sorum
458 2658 621 2721 atque
652 2651 1066 2718 monachorum,
1109 2652 1176 2705 ad
1207 2653 1485 2722 hospitum
1524 2653 1858 2719 necessaria,

239 2757 354 2795 rara
387 2741 775 2795 benevolentia
805 2741 1172 2810 nondeﬁciat,
1202 2744 1374 2797 abbas
1406 2744 1509 2798 loci
1545 2742 1857 2813 provideat,

243 2839 406 2902 atque
446 2832 514 2885 ad
543 2846 896 2886 communem
926 2833 1217 2888 utilitatem
1246 2833 1567 2888 distribuat:
1608 2833 1683 2886 ita
1723 2833 1867 2887 dun-

244 2927 410 2986 taxat,
445 2936 516 2974 ne
556 2920 1013 2991 archiepiscOpali
1045 2920 1326 2975 afﬂuentia
1375 2922 1427 2975 in
1459 2921 1576 2976 suis
1609 2921 1863 2989 nimium,

244 3029 352 3069 non
387 3023 549 3084 prout
574 3014 717 3068 ferre
749 3016 902 3070 locus
934 3016 1128 3086 possit,
1154 3017 1400 3071 excedat.
1425 3017 1481 3070 Si
1513 3017 1637 3088 quis
1658 3025 1862 3081 autem,

240 3196 337 3251 stri
380 3197 669 3265 apostolici
713 3199 983 3272 privilegii
1014 3199 1266 3272 paginam
1300 3200 1481 3253 sciens
1524 3216 1688 3273 agere
1729 3216 1865 3269 prae-

241 3293 575 3362 sumpserit,
621 3294 755 3347 sciat
808 3309 866 3346 se
928 3294 1018 3347 Dei
1076 3302 1129 3346 et
1183 3295 1235 3347 S.
1297 3294 1438 3346 Petri
1491 3293 1862 3364 apostolorum

246 3379 531 3449 principis,
576 3391 888 3451 nostrteque
927 3381 1254 3436 humilitatis
1296 3381 1506 3449 judicio
1547 3396 1866 3436 excommu-

245 3475 510 3540 nicatum,
545 3476 654 3529 imo
696 3477 1210 3530 anathematizatum
1245 3492 1366 3529 cum
1409 3476 1630 3530 diabolo
1662 3485 1715 3530 et
1746 3491 1866 3531 om-

247 3565 414 3618 nibus
454 3563 659 3633 impiis,
693 3564 895 3634 quibus
927 3573 1263 3634 praeparatus
1292 3574 1375 3618 est
1405 3565 1679 3618 cruciatus
1707 3573 1864 3620 aeter-

248 3672 370 3709 nus.
403 3656 501 3719 Qui
530 3671 661 3709 vero
694 3655 786 3726 pio
814 3655 1016 3721 intuitu
1051 3657 1154 3710 hoc
1179 3654 1474 3710 observare
1503 3663 1556 3709 et
1586 3657 1866 3711 custodire

246 3749 541 3814 studuerit,
598 3766 628 3802 a
687 3749 1204 3804 misericordissimo
1252 3749 1478 3804 Domino
1528 3751 1639 3804 Deo
1681 3757 1866 3806 nostro

248 3841 654 3896 benedictionis
679 3843 935 3912 gratiam,
970 3848 1023 3896 et
1054 3850 1279 3896 aeterna:
1314 3842 1436 3895 vitte
1467 3841 1700 3916 gloriam
1735 3843 1878 3897 inter

258 3941 482 3987 sanctos
511 3942 565 3985 et
596 3933 804 3986 electos
828 3932 1098 4004 consequi
1129 3940 1420 3987 mereatur.

328 4024 543 4093 Scripta
574 4039 671 4093 per
712 4039 906 4078 manus
934 4024 1196 4094 Stephani
1230 4023 1503 4079 scriniarii
1535 4032 1741 4078 sancta:
1775 4025 1880 4080 Ro-

253 4131 430 4169 mana:
463 4114 745 4183 Ecclesiae,
800 4115 853 4169 in
905 4131 1097 4170 mense
1139 4117 1263 4186 Apr.
1325 4115 1516 4171 indict.
1551 4115 1639 4170 15.
1686 4117 1876 4172 Datum

254 4222 352 4277 per
382 4221 607 4259 manum
641 4206 871 4260 Andreae
904 4206 1153 4277 episcopi
1178 4223 1272 4260 vnt
1301 4206 1528 4261 Kalend.
1555 4206 1703 4273 Maii,
1732 4222 1878 4262 anno

257 4297 613 4370 pontiﬁcatus
669 4299 883 4354 domini
941 4299 1117 4354 nostri
1170 4300 1399 4354 Joannis
1441 4300 1772 4355 sanctissimi
1827 4307 1878 4355 et

252 4390 401 4445 tertii
432 4389 630 4444 decimi
666 4407 821 4460 papae
849 4391 904 4455 8,
954 4391 1175 4461 imperii
1205 4399 1389 4446 autem
1422 4391 1631 4445 domini
1669 4392 1880 4447 Ottonis

252 4477 481 4546 majoris
511 4476 737 4550 Augusti
767 4477 856 4542 11,
878 4477 1125 4533 Junioris
1154 4493 1286 4534 vero
1317 4480 1372 4545 ὅ,
1393 4479 1448 4533 in
1483 4493 1674 4533 mense
1705 4481 1760 4545 4,
1795 4479 1882 4532 in-

253 4571 498 4626 dictione
538 4568 733 4640 quinta
764 4568 1000 4624 decima.

990 4695 1120 4748 ΧΧΧ

732 4821 825 4859 XIII
870 4821 1212 4859 PRIVILEGIUM
1269 4821 1370 4860 PRO
1428 4821 1764 4862 MONASTERIO
1826 4823 1872 4861 S.

756 4891 1080 4930 SALVATORIS
1118 4893 1377 4931 PAPIENSI.

895 4988 1073 5056 (Anno
1099 4987 1245 5058 972.)

269 5106 319 5156 1.
365 5107 750 5158 Monasteriu-m
781 5108 957 5159 sancti
1005 5107 1306 5161 Saluatoris
1353 5108 1636 5175 Papiensis
1675 5122 1708 5158 a
1745 5121 1882 5174 qua-

341 5191 550 5243 cunque
585 5176 970 5242 jurisdictione
1023 5179 1379 5230 ecclesiastica
1413 5217 1426 5238 ,
1494 5177 1575 5229 uel
1639 5177 1885 5230 sweulari

337 5249 591 5310 immune,
633 5248 731 5300 sub
760 5252 958 5300 sanctas
992 5250 1236 5301 Romanae
1274 5248 1520 5301 Ecclesiae
1561 5249 1886 5316 proiectione

339 5321 388 5368 et
413 5319 719 5384 patrocinio
741 5319 860 5383 fore
889 5319 1148 5370 declarat.
1183 5317 1234 5371 2.
1271 5320 1604 5386 Baptismum
1635 5322 1694 5372 in
1728 5319 1886 5371 eccle-

341 5389 439 5439 slis
457 5391 772 5441 monasterii
794 5390 1038 5453 conferre
1045 5391 1330 5457 permittit,
1349 5390 1596 5442 Chrisma
1615 5394 1664 5442 et
1675 5391 1886 5443 ordines

343 5471 526 5510 sacros
563 5474 598 5510 a
629 5474 942 5526 quocunque
971 5463 1213 5527 episcopo
1247 5462 1543 5526 recipiendi
1570 5462 1890 5526 facultatem

345 5527 594 5593 indulget
638 5531 689 5582 3.
710 5530 974 5583 Abbatem
986 5545 1012 5582 e
1023 5531 1222 5595 gremio
1244 5533 1557 5583 monasterii
1571 5548 1605 5584 ιι
1618 5532 1892 5586 monachis

347 5597 672 5666 eligendum,
710 5603 759 5653 et
787 5615 822 5652 α
851 5616 1167 5668 quocunque
1194 5603 1434 5668 episcopo
1449 5602 1889 5665 consecrandum,

349 5671 564 5726 statuit.
595 5670 651 5724 4.
683 5672 926 5725 Decimus
959 5671 1209 5725 bonorum
1237 5674 1552 5724 monasterii
1579 5688 1611 5724 a
1656 5686 1893 5741 quocun-

255 4822 484 4862 JOANNIS
532 4821 680 4858 PAPE

1449 261 1777 317 EPISTOLE
1819 260 1894 314 ET
1935 256 2323 312 DlPl.OMATA.

229 395 621 448 conﬁrmamus
678 399 731 445 et
760 392 1178 445 corroboramus
1223 392 1326 444 hoc
1368 398 1564 444 nostrae
1598 390 1840 444 auctori-
1874 399 1919 460 Α

3394 310 3396 313 .
3445 256 3555 309 994

2019 401 2120 454 que
2149 387 2298 449 θωἱαὶ
2321 383 2610 436 interdicit.
2644 383 2695 436 5.
2722 384 3340 436 Είεοοιηηλιιηιόιιίιύηρηι
3367 383 3562 436 adver-

2019 472 2108 508 sus
2147 457 2466 523 diripientcs
2506 460 2551 506 et
2583 454 2953 521 pt'l'llll'btl.ltlt’8
2983 456 3117 505 (mna
3165 455 3400 520 ejusdem
3431 473 3559 522 pru-

2019 527 2224 592 mulgat
2267 530 2317 577 ti.
2353 528 2766 579 Boni-ilictiouem
2800 524 3227 588 bene/ueteribus
3274 525 3559 591 διανέμων.

2199 596 2539 666 ίΜΑηοΑιιιΝι,
2568 596 2778 649 Bullar.
2815 597 3021 656 Casin.,
3055 610 3174 665 pag.
3203 595 3270 646 45
3297 594 3311 662 ]

2021 685 2124 739 Pax
2159 687 2269 738 Dei.
2305 715 2375 724 --
2401 686 2638 739 Josasas
2685 683 3000 753 episcopus,
3040 698 3232 736 servus
3272 699 3558 737 servorum

1953 778 2068 843 Dei,
2111 778 2322 832 dilectae
2357 794 2512 840 meai,
2563 783 2616 829 ct
2663 778 2717 828 in
2760 774 3141 844 spiritualibus
3184 773 3307 826 ﬁliae
3348 777 3565 828 domnae

1951 873 2230 926 Auamma:
2252 871 2620 925 serenissima:
2651 871 2904 942 Augustae
2939 868 3294 938 imperatrici.

1937 981 1946 990 ·
2021 964 2284 1027 Quoniam
2342 962 2700 1016 concedenda
2742 970 2868 1014 sunt
2910 976 3032 1030 qua-
3073 958 3433 1013 rationalibus
3467 960 3568 1012 dc-

1952 1050 2170 1104 sideriis
2220 1052 2494 1120 pertinere
2529 1056 2850 1111 noscuntur,
2904 1047 3073 1101 nostri
3105 1047 3440 1116 apostolatus
3470 1063 3566 1099 au-

1952 1141 2221 1204 ctoritate,
2284 1141 2349 1194 ad
2384 1139 2693 1194 roboranda
2747 1138 2833 1207 pia
2867 1138 3161 1191 devotione
3211 1145 3396 1190 sancta
3447 1137 3566 1190 loca

1953 1230 2413 1296 construentium,
2439 1230 2492 1282 in
2519 1227 2845 1298 praastandis
2880 1226 3183 1300 privilegiis
3207 1227 3370 1280 debet
3403 1227 3568 1279 mini-

1955 1338 2040 1375 me
2081 1322 2362 1392 abnegari.
2403 1322 2448 1374 1.
2488 1322 2655 1394 Igitur
2679 1320 3017 1372 excellentia}
3048 1328 3245 1373 vestra:
3280 1318 3571 1372 laudabilis

1958 1409 2323 1462 mansuetudo
2365 1407 2652 1478 postulavit
2692 1423 2722 1459 a
2763 1405 2944 1470 nobis,
2979 1413 3254 1475 quatenus
3294 1413 3574 1460 monaste-

1959 1495 2096 1548 rium
2144 1495 2260 1560 Dei,
2308 1505 2362 1549 et
2413 1495 2628 1549 Domini
2682 1494 2851 1548 nostri
2899 1494 3216 1559 Salvatoris,
3255 1496 3419 1546 situm
3465 1511 3572 1548 non

1959 1589 2120 1661 longe
2154 1607 2184 1642 a
2228 1589 2504 1643 Ticinensi
2538 1589 2777 1654 civitate,
2827 1589 2974 1658 quod
3004 1589 3069 1642 ad
3115 1589 3330 1642 laudem
3366 1596 3418 1642 et
3449 1589 3573 1663 glo-

1961 1680 2093 1733 riam
2132 1679 2371 1734 nominis
2401 1680 2521 1747 ejus
2573 1681 2734 1734 modo
2781 1681 3103 1746 aediﬁcasse,
3148 1696 3465 1746 renovasse,
3522 1688 3574 1734 et

1961 1771 2309 1834 exstruxisse,
2363 1771 2762 1843 religiososque
2809 1771 3110 1824 monachos
3160 1772 3572 1842 aggregatione,

1959 1861 2062 1914 sub
2093 1861 2424 1916 venerabilis
2480 1861 2697 1916 abbatis
2743 1861 2974 1934 regulari
3036 1862 3376 1916 institutione
3417 1878 3573 1916 exco-

1961 1953 2146 2018 luisse,
2176 1964 2230 2007 et
2269 1969 2332 2006 ex
2366 1954 2601 2024 propriis
2641 1953 2806 2007 rebus
2851 1954 3055 2007 ditasse
3085 1953 3368 2018 videmini,
3405 1953 3573 2022 privi-

1951 2044 2110 2119 legiis
2136 2054 2337 2100 sanctae
2394 2046 2653 2100 Romamn
2700 2055 2754 2100 et
2801 2045 3118 2115 apostolicae
3173 2045 3346 2111 sedis,
3395 2045 3572 2099 modis

1951 2133 2213 2188 omnibus
2264 2134 2578 2197 decoretur,
2609 2144 2666 2187 ut
2711 2135 2812 2187 sub
2858 2133 3185 2203 patrocinio,
3237 2140 3290 2186 et
3332 2133 3564 2187 tuitione

1953 2232 2156 2278 sanctae
2192 2232 2412 2290 nostrae,
2449 2225 2534 2279 cui
2574 2225 2681 2278 Deo
2725 2234 2947 2278 auctore
2975 2224 3340 2289 deservimus,
3386 2225 3572 2278 Eccle-

1957 2317 2052 2369 siae
2085 2315 2463 2382 constitutum,
2486 2315 2694 2370 nullius
2723 2316 3104 2386 Ecclesiaajuri
3137 2322 3188 2368 et
3213 2316 3406 2370 ditioni
3443 2315 3576 2369 sub-

1959 2410 2218 2464 mittatur.
2268 2411 2329 2464 Et
2376 2411 2502 2464 ideo
2555 2411 2750 2465 vestris
2805 2411 2912 2480 piis
2961 2410 3252 2463 desideriis
3308 2409 3574 2474 faventes,

1961 2501 2060 2554 hac
2108 2508 2292 2555 nostra
2351 2501 2649 2570 apostolica
2697 2500 3023 2554 auctoritate
3080 2500 3454 2563 decernimus,
3520 2498 3574 2550 id

1964 2589 2139 2657 ipsum
2174 2589 2456 2659 praefatum
2507 2589 2720 2643 Domini
2755 2587 2924 2642 nostri
2958 2585 3252 2639 Salvatoris
3291 2591 3574 2638 monaste-

1965 2683 2102 2736 rium
2135 2682 2354 2745 amodo,
2388 2669 2442 2736 et
2472 2698 2649 2752 usque
2683 2681 2738 2734 in
2771 2679 2935 2733 ﬁnem
2968 2678 3174 2740 saeculi,
3202 2678 3305 2731 sub
3340 2677 3577 2746 patroci-

1967 2775 2058 2828 nio
2096 2782 2152 2828 et
2203 2773 2436 2828 tuitione
2485 2781 2686 2827 sancta?
2735 2772 2990 2826 Romana:
3047 2769 3325 2835 Ecclesiee,
3355 2779 3412 2824 et
3448 2785 3578 2840 apo-

1965 2867 2172 2921 stolicae
2204 2866 2390 2919 matris
2422 2866 2699 2928 Ecclesiae,
2743 2880 2862 2917 cum
2896 2862 3151 2917 omnibus
3188 2877 3312 2932 quae
3345 2861 3410 2914 ad
3445 2861 3578 2915 illud

1968 2959 2270 3028 pertinent,
2331 2957 2746 3028 pertinendum.
2823 2954 3125 3008 Statuimus
3193 2969 3431 3024 namque
3479 2953 3581 3006 sub

244 3048 352 3069 """
389 3048 549 3084 *"U‘"
575 3048 717 3068 ¹⁹¹¹⁹
750 3048 902 3070 “M”
934 3048 1128 3121 ""“f”
1154 3048 1400 3071 “"W‘m"
1425 3048 1481 3070 "‘
1513 3048 1862 3121 ‘iu'°_“"“""’
1891 3081 1936 3146 (η
1967 3052 2141 3105 divini
2169 3052 2363 3118 judicii
2393 3051 2763 3106 obtestatione
2787 3057 2842 3103 et
2871 3049 3016 3102 beati
3044 3048 3180 3101 Petri
3215 3048 3582 3117 apostolorum

243 3109 395 3180 quad
429 3124 540 3164 non
580 3119 854 3180 optamus,
893 3112 1106 3166 nefario
1155 3128 1312 3177 ausu:
1345 3119 1536 3166 contra
1569 3113 1731 3179 hujus
1763 3126 1865 3165 ου’
1925 3123 1938 3143 ¹
1967 3139 2236 3180 nrinninie
2322 3146 2633 3180 nnetrmmm
2683 3137 3011 3180 humilitatis
3071 3134 3480 3180 interdictione-
3530 3139 3582 3180 ut

725 3141 854 3177 uua,
893 3141 1036 3165 ιιειᾱι
1055 3141 1106 3166 Ιυ
1155 3141 1312 3177 ausu,
1345 3141 1536 3166 υυιιιια
1569 3141 1731 3177 ιιυλυδ
1763 3141 1865 3165 [IU-

1967 3139 2258 3209 principis,
2322 3146 2633 3207 nostraeque
2683 3137 3011 3190 humilitatis
3070 3134 3480 3199 interdictione,
3530 3139 3588 3186 ut

1966 3229 2150 3283 nullus
2191 3245 2456 3299 unquam,
2487 3229 2905 3298 imperatorum,
2951 3242 3160 3299 regum,
3195 3225 3584 3295 episcoporum

1965 3326 2018 3392 et
2072 3320 2296 3383 ducum,
2367 3319 2773 3383 marchionum,
2829 3317 3113 3379 comitum,
3172 3315 3582 3380 vicecomitum,

1966 3411 2390 3483 gastaldionum,
2418 3409 2717 3478 nullusque
2739 3407 3022 3462 hominum
3048 3407 3101 3460 in
3126 3405 3375 3476 quolibet
3397 3405 3592 3459 ordine

1967 3508 2018 3554 et
2045 3498 2352 3558 ministerio
2385 3497 2736 3560 constitutus,
2782 3495 2983 3548 audeat
3036 3494 3268 3548 moleste
3300 3493 3480 3562 causis
3511 3493 3590 3547 ci-

1968 3590 2088 3643 dem
2144 3588 2476 3642 monasterio
2535 3585 2874 3642 incumbere.
2933 3583 3188 3658 videlicet
3223 3582 3292 3635 de
3335 3582 3499 3635 rebus
3531 3590 3587 3636 et

1971 3682 2434 3756 possessionibus,
2469 3681 2537 3735 de
2575 3679 2938 3735 ustensilibus
2977 3687 3032 3732 et
3061 3677 3404 3732 ornamentis
3460 3691 3587 3746 quae

1979 3775 2028 3828 ei
2058 3775 2334 3844 pertinere
2382 3773 2639 3826 videntur
2668 3769 3062 3841 quoquomodo
3089 3767 3307 3822 auferre
3333 3777 3423 3821 aut
3450 3766 3589 3820 alie-

1982 3883 2112 3922 nare
2140 3872 2452 3937 praesumat.
2494 3863 2600 3918 Nec
2630 3859 2936 3933 quamlibet
2969 3859 3256 3922 malitiam,
3291 3858 3593 3925 etjacturaa

1981 3960 2308 4023 molestiam,
2337 3958 2539 4012 ibidem
2564 3957 2681 4011 sive
2708 3954 2860 4025 pacis
2885 3965 3154 4024 tempore,
3181 3952 3300 4006 sive
3329 3951 3458 4005 belli
3489 3950 3593 4020 ipsi

1982 4049 2183 4104 inferre
2224 4055 2472 4103 conetur.
2533 4043 2781 4098 Profecto
2841 4059 2968 4096 eum
3020 4055 3261 4110 semper,
3300 4047 3358 4094 ut
3386 4038 3589 4110 praedi-

1980 4149 2124 4197 ctum
2153 4148 2257 4205 est,
2287 4139 2439 4194 ﬁrma
2469 4138 2781 4200 stabilitate,
2809 4135 2913 4190 sub
2939 4134 3242 4205 patrocinio
3271 4141 3325 4188 et
3353 4133 3588 4188 tuitione

1981 4240 2184 4288 sanctae
2217 4241 2413 4287 nostra}
2445 4230 2700 4285 Romanae
2750 4227 2937 4280 matris
2968 4226 3222 4280 Ecclesia:
3255 4239 3594 4295 permanen-

1983 4322 2111 4375 dum
2144 4320 2514 4383 decernimus,
2567 4316 2952 4372 conﬁrmamus
3013 4320 3068 4368 et
3123 4313 3497 4368 concedimus.
3529 4343 3600 4352 —

1896 4445 1956 4512 D
1981 4415 2033 4472 2.
2071 4415 2407 4486 Baptismum
2437 4414 2600 4468 etiam
2640 4413 2694 4466 in
2737 4411 2943 4465 eisdem
2978 4408 3228 4463 ecclesiis
3278 4407 3594 4462 monasterii

1984 4503 2415 4574 pertinentibus,
2449 4501 2682 4555 licenter
2729 4497 2870 4554 ﬁeri.
2913 4495 3213 4568 apostolica
3256 4495 3600 4563 auctoritate,

1983 4591 2386 4661 permittimus;
2420 4590 2657 4644 chrisma
2687 4603 2814 4643 vero
2839 4587 2925 4641 vel
2977 4585 3246 4657 quidquid
3289 4585 3353 4638 ad
3386 4599 3600 4638 sacrum

1979 4681 2233 4736 ordinem
2287 4681 2548 4751 pertinet,
2581 4698 2608 4735 a
2641 4694 2967 4751 quacunque
3017 4677 3270 4743 ecclesia,
3303 4675 3598 4739 voluerint,

1979 4780 2166 4828 nostra
2196 4775 2524 4829 auctoritate
2574 4773 2871 4844 accipiant.
2914 4771 2964 4826 3.
3001 4770 3128 4824 Post
3180 4768 3387 4823 obitum
3415 4774 3598 4821 autem

1979 4860 2191 4914 abbatis
2230 4876 2392 4915 nemo
2453 4861 2532 4914 ibi
2582 4862 2838 4915 abbatem
2872 4859 3211 4922 constituat,
3265 4855 3369 4908 nisi
3426 4871 3593 4925 quem

1979 4963 2282 5003 consensus
2337 4955 2391 5002 et
2437 4951 2748 5004 communis
2777 4951 3033 5005 voluntas
3084 4946 3307 5001 fratrum
3357 4960 3421 4998 ex
3479 4944 3600 5014 ipsa

1980 5038 2408 5111 congregatione
2440 5038 2686 5107 elegerit.
2722 5040 2906 5094 Electo
2933 5056 3064 5095 vero
3094 5040 3310 5104 abbate,
3334 5037 3403 5092 sit
3424 5034 3597 5090 facul-

1981 5136 2063 5183 tas
2093 5129 2240 5182 omni
2276 5135 2524 5196 tempore
2580 5128 2872 5195 praesulem
2935 5129 3169 5201 eligere,
3203 5128 3294 5198 qui
3354 5137 3458 5180 tam
3492 5121 3597 5177 sibi

1986 5237 2147 5292 quam
2179 5218 2395 5274 caeteris
2439 5217 2700 5271 fratribus
2744 5233 2866 5272 cum
2923 5219 3120 5274 timore
3179 5219 3292 5280 Dei,
3328 5217 3602 5286 totiusque

1988 5309 2432 5385 congregationis
2489 5307 2921 5370 conniventiam,
2969 5311 3288 5380 ubicunque
3333 5307 3601 5363 voluerint

1990 5396 2418 5457 consecrationis
2472 5395 2730 5469 insignia,
2792 5395 2953 5461 hujus
3007 5405 3206 5450 nostra:
3269 5393 3606 5451 auctoritatis

1995 5489 2280 5563 privilegio
2325 5488 2530 5558 absque
2604 5485 2713 5538 ullo
2761 5487 3029 5554 praeteiitu
3089 5483 3339 5538 conferat
3389 5484 3606 5538 datione

1994 5585 2136 5652 (sic).
2162 5581 2195 5635 Δ
2239 5579 2415 5634 Simili
2449 5592 2669 5650 quoque
2699 5573 3042 5637 deﬁnitione,
3084 5573 3237 5639 juxta
3268 5572 3607 5627 desiderium

1996 5676 2258 5736 vestrum,
2285 5663 2785 5739 praecellentissima
2831 5658 2965 5727 ﬁlia,
3018 5657 3389 5723 decernimus,
3423 5667 3485 5713 ut
3509 5661 3610 5712 de-
