3978 6214
437 200 545 255 995

1773 189 2040 245 JOANNIS
2081 190 2195 244 Xlll
2238 190 2425 245 PAP/E

3671 207 3776 263 996

437 327 594 380 cimm
627 326 942 379 reddiluum
984 322 1228 391 praedicti
1261 319 1581 375 monasterii
1623 318 1835 373 Domini
1870 316 2056 371 Salva-
2086 322 2129 385 Α
2160 317 2373 374 ﬁnitum
2406 312 2589 383 fuerit,
2615 338 2724 378 non
2765 325 2932 381 debet
2953 327 3167 384 violari.
3202 332 3261 385 Et
3288 332 3419 401 quia
3447 335 3776 417 praecellen-

381 417 396 430 ’
434 420 564 474 toris
622 415 833 472 avobis
874 412 1105 473 fundati,
1158 427 1188 463 a
1245 410 1450 463 nullius
1500 408 1750 463 ecclesiae
1799 406 2056 479 prresule,

432 510 627 580 quovis
668 507 893 577 ingenio
932 506 1237 576 exigantur.
1273 504 1323 555 ὅ.
1362 503 1777 576 Promulgantes
1830 514 2052 570 nempe,

438 614 491 659 et
535 602 859 657 auctoritate
918 598 1220 653 beatissimi
1253 597 1395 651 Petri
1445 599 1819 668 apostolorum
1849 593 2053 664 princi-

432 694 535 763 pis,
560 708 743 746 coram
777 692 884 743 Deo
914 697 968 742 et
996 687 1224 741 terribili
1251 686 1430 742 futuro
1455 686 1729 747 examine,
1760 700 1865 753 per
1893 683 2054 751 hujus

432 782 599 837 nostri
635 780 1209 853 apostoliciprivilegii
1239 779 1716 843 constitutionem,
1751 777 2051 840 sancimus,

432 884 489 930 ut
523 876 778 929 universa
806 891 927 944 quae
954 890 985 927 a
1030 873 1191 927 nobis
1230 872 1281 926 in
1318 872 1482 926 rebus
1522 869 1825 924 mobilibus
1854 875 1908 922 et
1938 868 2051 947 im:

433 969 724 1022 mobilibus
745 967 965 1037 praefato
985 966 1317 1020 monasterio
1339 965 1520 1020 oblata
1540 972 1592 1018 et
1611 979 1872 1018 concessa
1899 971 2047 1027 sunt,

430 1079 643 1118 necnon
668 1072 720 1117 et
744 1064 1124 1133 possessiones
1146 1079 1269 1132 qua!
1290 1078 1317 1114 a
1338 1061 1579 1132 regibus,
1605 1067 1657 1113 ct
1678 1057 2043 1129 principibus,

428 1154 510 1207 sui
531 1153 873 1224 quibuslibet
892 1152 1088 1205 Christi
1104 1150 1358 1203 fidelibus
1375 1149 1589 1203 collatae
1609 1155 1760 1213 sunt,
1776 1146 2043 1201 fuerintve

430 1243 481 1296 in
518 1250 817 1312 posterum,
853 1241 1179 1295 inconcussa
1209 1238 1507 1293 stabilitate
1538 1238 1603 1290 ad
1639 1237 1757 1304 ejus
1782 1244 1836 1291 et
1871 1234 2046 1289 domi-

428 1332 577 1385 nium
598 1331 777 1401 ipsum
798 1330 1080 1400 perpetuis
1100 1329 1439 1399 temporibus
1458 1337 1829 1399 perseverent.
1858 1326 1965 1381 Nec
1986 1326 2046 1380 li-

426 1420 611 1475 centia
626 1419 712 1485 sit,
731 1425 786 1472 ut
802 1418 1007 1472 dictum
1026 1427 1107 1471 est
1125 1417 1303 1469 eidem
1324 1426 1514 1470 sancto
1528 1415 1862 1469 monasterio
1883 1415 2046 1485 perti-

433 1512 713 1577 nentibus,
728 1510 982 1581 cuiquam
1000 1526 1212 1583 magna“
1228 1525 1519 1579 parvasque
1536 1523 1785 1578 persona:
1807 1507 2044 1578 diripere

2159 413 2366 468 tissima
2394 414 2503 469 ﬁlia
2534 424 2717 472 nostra
2764 420 3042 476 Adelaidis
3089 427 3325 498 Augusta
3355 427 3529 482 divini
3578 413 3777 486 amoris

2161 500 2372 558 fervore
2418 521 2703 574 succensa,
2750 524 2857 563 non
2890 511 3051 585 longe
3080 530 3110 567 a
3149 515 3427 570 mmnibus
3467 517 3775 574 Ticinensis

2157 596 2411 663 civitatis,
2436 601 2826 654 monasterium
2857 602 2909 655 in
2933 605 3175 674 prOpriis
3206 607 3509 672 constituit.
3535 620 3775 666 sanctos-

2155 702 2285 756 que,
2323 703 2385 740 ac
2416 689 2762 743 venerabiles
2805 694 3112 747 ccenobitas
3160 695 3365 751 ibidem
3398 699 3773 773 undecunque

2156 778 2352 845 potuit,
2391 779 2652 852 colligere
2701 783 2931 849 curavit,
2988 786 3082 856 qui
3135 786 3189 841 in
3243 797 3447 845 sanctae
3476 806 3773 847 conversa—

2155 866 2322 920 tionis
2377 870 2681 939 proposito,
2755 874 3055 928 secundum
3116 876 3427 934 beatissimi
3486 882 3770 938 Benedicti

2154 969 2397 1009 normam
2431 958 2738 1030 regularem
2760 961 2862 1014 sub
2886 962 3087 1019 abbate
3128 965 3398 1035 viventes,
3428 969 3772 1026 incessanter

2151 1046 2441 1101 Dominum
2465 1050 2764 1119 majestatis
2790 1069 3039 1121 exorare,
3073 1064 3179 1111 tam
3218 1075 3317 1128 pro
3348 1062 3538 1133 requie
3572 1063 3769 1133 prioris

2146 1134 2247 1188 viri
2276 1136 2360 1189 sui
2381 1137 2637 1210 gloriosae
2669 1143 2951 1197 memorim
2989 1145 3253 1201 Lotliariae
3290 1149 3457 1221 regis,
3487 1167 3769 1222 quamque

2147 1238 2245 1292 pro
2276 1230 2420 1277 statu
2454 1225 2797 1296 imperatoris
2831 1232 3249 1288 clementissimi
3280 1234 3380 1290 filii
3409 1239 3586 1293 nostri
3614 1238 3771 1294 Otto-

2148 1313 2231 1367 nis
2253 1314 2596 1372 invictissimi
2629 1321 2879 1394 Augusti,
2922 1324 3083 1378 simul
3116 1326 3280 1380 etiam
3311 1330 3624 1384 communis
3645 1330 3765 1397 ﬁlii,

2146 1414 2441 1473 eteorum,
2501 1425 2566 1463 ac
2609 1412 2779 1466 nostri
2826 1414 2957 1468 item
2990 1415 3202 1472 Ottonis
3248 1420 3489 1491 augusti,
3536 1438 3766 1493 suaeque

2146 1497 2345 1550 animai
2397 1502 2674 1567 mercede,
2711 1505 3147 1578 przedictumquc
3187 1512 3586 1567 monasterium
3622 1514 3766 1569 libe-

424 1605 631 1676 aliquid
648 1613 701 1659 et
716 1603 952 1669 auferre,
968 1612 1024 1657 ut
1040 1603 1282 1673 profecto
1302 1603 1367 1655 ad
1385 1602 1476 1656 Dei
1491 1602 1707 1655 laudem
1723 1614 1977 1655 securum
1991 1604 2044 1649 et
2066 1617 2119 1687 Β
2149 1592 2331 1648 raliter
2353 1597 2801 1664 possessionibus
2837 1601 3131 1670 dotaverit,
3168 1607 3612 1679 necessariisque
3642 1625 3765 1665 om-

425 1694 798 1764 tranquillum,
841 1692 995 1760 juxta
1039 1692 1113 1755 id,
1159 1707 1268 1762 quo
1317 1692 1588 1746 munitum
1652 1688 2039 1761 patrocinium,

426 1788 657 1843 tuitione
674 1794 877 1841 sanctae
891 1786 1039 1839 sedis
1055 1784 1371 1854 apostolicae
1392 1784 1505 1839 fore
1519 1783 1884 1843 decrevimus,
1900 1782 2041 1836 bene

424 1879 689 1944 dolatum,
723 1886 774 1933 et
803 1878 855 1931 in
892 1877 1089 1931 melius
1117 1877 1418 1931 dotandum
1452 1882 1791 1945 permaneat.
1828 1875 1881 1927 Si
1916 1875 2041 1945 quis

420 1976 625 2035 autem,
656 1970 803 2040 quod
849 1986 957 2024 non
990 1976 1269 2039 Optamus,
1312 1968 1521 2022 nefario
1568 1984 1726 2033 ausu,
1762 1983 2035 2037 prensum-

420 2064 588 2133 pserit
630 2064 766 2127 haec,
799 2079 922 2133 qua:
950 2079 981 2115 a
1009 2061 1171 2116 nobis
1198 2061 1264 2115 ad
1318 2060 1793 2115 honorificentiam
1824 2060 2036 2114 Domini

425 2152 518 2205 Dei
551 2151 845 2205 Salvatoris
874 2150 1067 2215 nostri,
1098 2164 1196 2220 pro
1226 2148 1523 2203 stabilitate
1555 2149 1727 2219 ipsius
1758 2157 2035 2203 monaste-

428 2242 493 2296 rii
549 2248 749 2296 statuta
802 2248 947 2304 sunt,
1010 2240 1338 2314 transgredi,
1381 2240 1521 2294 sciat
1561 2256 1619 2293 se
1673 2241 2036 2295 anathematis

421 2333 664 2399 vinculo,
698 2340 752 2387 et
785 2332 1368 2387 excommunicationis
1424 2331 1770 2397 innodatum,
1829 2341 2030 2386 etcum

416 2422 662 2487 diabolo,
696 2431 750 2477 et
779 2422 1037 2478 omnibus
1079 2423 1265 2493 impiis
1311 2424 1500 2477 interni
1532 2423 1777 2477 incendii
1810 2422 2032 2478 atrocis-

413 2515 554 2570 simo
582 2515 856 2585 supplicio
878 2515 1220 2586 deputatum.
1245 2516 1295 2568 6.
1323 2517 1387 2570 At
1408 2532 1560 2581 vero,
1588 2516 1682 2587 qui
1711 2516 1801 2586 pio
1834 2515 2030 2569 intuitu

412 2620 599 2667 custos
623 2621 676 2665 et
701 2613 1023 2666 observator
1044 2627 1233 2666 eorum
1257 2612 1548 2677 exstiterit,
1571 2613 1905 2667 omnimodze
1929 2612 2031 2667 be-

414 2700 748 2754 nedictionis
764 2700 1017 2771 gratiam,
1036 2700 1395 2770 omniumque
1422 2715 1649 2754 suorum
1677 2707 2028 2769 peccatorum

411 2788 815 2844 absolutionem
844 2795 897 2842 et
919 2787 1342 2860 indulgentiam,
1374 2794 1428 2841 et
1456 2788 1719 2857 caelestis,
1752 2789 1873 2844 vitae
1903 2790 2034 2844 bea-

414 2880 727 2948 titudinem,
754 2897 876 2935 cum
908 2880 1113 2933 sanctis
1144 2886 1197 2933 et
1227 2879 1419 2934 electis
1444 2896 1475 2934 a
1508 2880 2025 2938 misericordissimo

412 2972 639 3027 Domino
665 2982 851 3026 nostro
875 2971 1143 3043 consequi
1174 2980 1449 3027 mereatur
1477 2973 1531 3027 in
1565 2975 1763 3030 saecula
1792 2976 2025 3031 saeculo-

411 3080 531 3118 rum
588 3065 778 3117 Amen.

479 3158 751 3227 Scriptum
813 3175 912 3221 per
941 3175 1136 3214 manus
1183 3159 1446 3231 Stephani
1506 3161 1779 3217 scriniarii
1824 3171 2026 3218 sancta!

412 3246 670 3301 Romana)
707 3246 988 3313 Ecclesize,
1032 3248 1088 3301 in
1130 3265 1320 3304 mense
1360 3250 1552 3321 Aprili,
1598 3250 1899 3306 indictione
1928 3270 2024 3309 su—

408 3336 712 3407 prascripta
741 3338 830 3390 15.

487 3426 629 3478 Bene
662 3425 855 3478 valete.
892 3425 1016 3479 Pax.

476 3518 609 3570 Data
640 3534 733 3572 vm
767 3517 877 3571 Kal.
914 3518 1035 3572 Maii
1082 3535 1181 3589 per
1209 3536 1406 3579 manus
1464 3520 1728 3576 Vuidonis
1777 3521 2023 3593 episc0pi

406 3608 810 3665 bibliothecarii
839 3617 1042 3665 sanctae
1084 3611 1234 3665 sedis
1264 3613 1581 3682 apostolicae
1613 3629 1759 3669 anno
1800 3614 2023 3685 pontiﬁ-

402 3707 558 3756 catus
597 3701 785 3757 domni
810 3701 984 3756 nostri
1014 3702 1244 3757 Joannis
1269 3703 1600 3758 sanctissimi
1633 3721 1697 3759 ac
1724 3705 2022 3778 religiosis-

401 3791 527 3847 simi
559 3792 673 3847 ΧΙιί
705 3810 883 3864 papze,
919 3793 1135 3863 imperii
1167 3810 1294 3848 vero
1327 3795 1512 3849 domni
1546 3796 1758 3851 Ottonis
1790 3798 2014 3865 majoris

400 3882 743 3949 x1,junioris
796 3889 976 3936 autem
1029 3898 1080 3948 v,
1138 3882 1193 3935 in
1250 3900 1463 3951 mense,
1510 3895 1565 3940 et
1612 3886 1915 3941 indictione
1946 3886 2015 3940 15

397 3979 791 4049 suprascripta.

1109 4048 1262 4104 ΧΧΧΙ

399 4156 621 4196 JOANNIS
654 4157 800 4195 PAP/E
835 4157 927 4195 Xlll
955 4157 1204 4196 EPISTOLA
1252 4159 1317 4195 AD
1346 4160 1556 4199 PETRUM
1589 4161 1889 4201 EPISCOPUM
1920 4164 2014 4201 PA-

1072 4230 1319 4267 PIENSEM.

1020 4292 1196 4355 (Anno
1236 4290 1381 4361 97:2.)
2030 4286 2088 4355 D

393 4384 778 4437 Honesta-ium
799 4385 976 4436 sancti
996 4383 1301 4438 Saluatoris
1334 4386 1613 4454 Papiensis
1640 4388 1708 4441 ab
1736 4389 2012 4444 Adelm'da

462 4455 805 4526 imperati-ica
822 4459 1049 4508 erectum
1073 4459 1122 4507 et
1148 4455 1390 4510 dotatam
1416 4461 1755 4526 protectioni,
1778 4475 1885 4514 non
1908 4477 2006 4515 au-

460 4529 561 4579 tem
578 4524 958 4592 jurisdictioni
985 4527 1291 4595 Papiensis,
1323 4524 1624 4583 committit.

680 4617 1026 4686 [Mannum].
1067 4620 1277 4673 Butler.
1315 4620 1498 4675 Casia.
1530 4622 1595 4678 Il.
1629 4622 1716 4693 47]

460 4707 701 4762 Joannes
739 4708 1054 4777 episcopus,
1094 4724 1286 4764 servus
1329 4726 1609 4767 servorum
1666 4713 1782 4781 Dei,
1830 4713 2003 4773 Pareo

392 4800 695 4855 venerabili
721 4802 985 4871 episcopo
1014 4810 1219 4858 sanctae
1275 4802 1579 4859 Ticinensis
1622 4805 1877 4862 Ecclesiae
1913 4825 2001 4865 sa-

389 4890 583 4944 lutem.

456 4980 588 5035 Cum
633 4980 739 5051 pia)
763 4978 1100 5034 desiderium
1147 4982 1464 5050 voluntatis,
1498 4992 1553 5040 et
1581 4986 1873 5045 laudandae
1905 4993 2006 5049 de-

383 5068 626 5123 votionis
655 5069 908 5136 intentio,
960 5070 1394 5126 sacerdotalibus
1449 5074 1518 5128 sit
1546 5091 1765 5147 semper
1810 5082 2009 5138 studiis

386 5160 720 5230 adjuvanda,
768 5177 898 5216 cura
939 5166 1020 5214 est
1075 5163 1438 5219 sollicitudini
1467 5167 1804 5236 adhibenda,
1838 5181 1898 5227 ut
1939 5191 2006 5229 ea

385 5267 510 5321 quae
544 5267 640 5321 pro
667 5252 853 5322 quiete
893 5256 1168 5328 religiosae
1203 5259 1651 5330 congregationis
1682 5261 1888 5320 fuerint
1914 5282 2004 5321 or-

384 5336 594 5401 dinata,
630 5354 732 5393 nec
761 5340 1129 5398 dissimulatio
1151 5345 1459 5419 negligere,
1489 5364 1593 5404 nec
1621 5351 1874 5421 quaedam
1904 5369 2003 5408 va-

384 5427 502 5515 leat
532 5430 888 5515 praesumptio
915 5434 1258 5501 perturbare,
1285 5436 1520 5504 scilicet,
1551 5441 1694 5496 sicut
1722 5442 1827 5499 hoc
1849 5446 2000 5515 quod

380 5511 615 5567 rationis
653 5514 824 5586 exigit
862 5518 1073 5575 utilitas
1097 5529 1316 5592 Oportet
1345 5523 1586 5594 deﬁniri,
1619 5529 1692 5585 ita
1721 5511 2001 5600 quod—de-

2147 1686 2309 1741 nibus
2325 1698 2469 1755 vota,
2486 1690 2539 1743 id
2562 1691 2710 1761 quod
2739 1692 2843 1745 sibi
2869 1694 2956 1762 pie
2974 1695 3148 1749 visum
3165 1706 3246 1751 est
3269 1713 3369 1768 pro
3395 1700 3761 1756 habitantium

2142 1781 2544 1836 sustentatione
2571 1784 2952 1851 cumulaverit,
2978 1788 3122 1843 bene
3151 1788 3377 1844 fratrum
3411 1792 3763 1847 reverendis-

2141 1868 2296 1929 sime,
2330 1875 2421 1923 tua
2452 1873 2740 1937 sanctitas;
2797 1876 2884 1929 cui
2916 1893 2984 1931 ne
3014 1880 3267 1935 voluntas
3294 1898 3536 1953 unquam
3579 1884 3758 1939 duce-

2140 1968 2291 2014 retur
2310 1960 2364 2014 in
2391 1961 2649 2029 veritum,
2671 1971 2725 2019 et
2752 1981 2837 2032 ea,
2860 1983 2983 2037 qum
3017 1985 3116 2038 pro
3144 1970 3332 2041 quiete
3359 1974 3757 2029 monachorum

2139 2048 2407 2118 disposita
2434 2050 2648 2106 fuerant
2694 2054 3069 2123 turbarentur,
3126 2075 3359 2130 quinque
3407 2063 3641 2117 contulit
3701 2065 3753 2116 in

2132 2138 2256 2205 jure
2284 2139 2466 2195 eidem
2503 2146 2841 2200 monasterio
2878 2148 3179 2217 apostolica
3233 2151 3390 2221 petiit
3429 2154 3755 2208 auctoritate

2136 2229 2358 2287 ﬁrmari.
2424 2234 2547 2289 Haec
2594 2252 2816 2307 quoque
2868 2256 2983 2292 sua?
3043 2241 3298 2310 petitioni
3351 2244 3753 2321 subjungente,

2135 2329 2195 2376 ut
2247 2323 2453 2393 eidem,
2487 2329 2823 2383 monasterio
2872 2337 2980 2384 tam
3038 2332 3092 2386 in
3132 2333 3495 2405 dispositione
3547 2353 3757 2403 rerum,

2133 2431 2294 2485 quam
2329 2416 2383 2470 in
2415 2418 2765 2475 ordinatione
2796 2421 3033 2489 abbatis,
3069 2426 3319 2495 quaedam
3349 2427 3554 2497 pariter
3584 2429 3759 2499 privi-

2137 2507 2278 2580 legia
2302 2508 2660 2582 largiremus;
2692 2513 2875 2568 sciens
2906 2516 3115 2587 quippe
3139 2533 3257 2571 eam
3283 2520 3601 2588 apostolicae
3628 2521 3750 2577 sedi

2135 2598 2496 2652 reverentiam
2529 2616 2559 2653 a
2582 2600 2839 2656 ﬁdelibus
2863 2604 3132 2671 exhiberi,
3164 2613 3225 2661 ut
3251 2624 3374 2679 quae
3401 2609 3522 2678 ejus
3545 2609 3753 2664 fuerint

2132 2685 2358 2741 decreto
2424 2689 2710 2759 disposita,
2798 2692 3006 2747 nullius
3061 2694 3327 2767 deinceps
3375 2700 3754 2770 usurpationis

2134 2775 2387 2830 molestia
2427 2779 2761 2848 quatiantur.
2799 2780 2951 2835 Unde
2992 2783 3121 2853 quia
3177 2784 3454 2850 effectum,
3488 2797 3543 2842 et
3574 2789 3752 2860 impe-

2134 2869 2285 2923 rialis
2314 2870 2589 2939 voluntas,
2622 2882 2676 2928 et
2706 2880 2811 2928 tam
2846 2875 2938 2946 pia
2968 2892 3067 2947 pro
3097 2893 3381 2934 servorum
3414 2880 3506 2934 Dei
3540 2883 3747 2953 quiete,

2128 2963 2438 3020 sollicitudo
2492 2966 2893 3037 expostulabat,
2937 2968 3089 3036 juxta
3130 2970 3454 3041 petitionem
3487 2972 3738 3042 ejusdem

2132 3058 2650 3127 prmeellentissima:
2715 3059 2841 3114 ﬁlize
2918 3069 3119 3117 nostra3.
3174 3064 3450 3138 Augustin,
3516 3067 3750 3136 praelato

2130 3146 2312 3200 eidem
2367 3150 2702 3204 monasterio
2760 3150 2815 3204 in
2872 3152 3135 3207 honorem
3195 3155 3409 3209 Domini
3455 3156 3751 3213 Salvatoris

2130 3236 2449 3302 constituto,
2492 3247 2693 3295 sanctas
2726 3240 2875 3294 sedis
2923 3242 3242 3311 apostolicae
3299 3244 3583 3319 privilegia
3610 3264 3744 3317 gra-

2130 3329 2309 3379 tanter
2350 3325 2727 3399 indulgemus,
2763 3329 2856 3382 ubi
2909 3330 3115 3397 omnia,
3161 3348 3284 3402 quae
3343 3335 3748 3404 amplectenda}

2128 3418 2425 3474 voluntatis
2450 3421 2570 3491 ejus
2602 3421 2843 3475 studium
2887 3422 3247 3493 deposcebat,
3290 3424 3610 3495 apostolicae
3643 3444 3747 3480 au-

2127 3508 2363 3564 ctoritati
2394 3510 2592 3566 aunisu
2624 3511 2836 3568 ﬁrmata
2882 3522 3029 3569 sunt.
3073 3515 3389 3571 Statuentes
3441 3518 3589 3574 inter
3641 3521 3751 3574 alia

2128 3604 2187 3650 ut
2236 3598 2421 3652 nullus
2458 3599 2844 3671 episcOporum
2878 3602 3303 3676 vicinarumque
3358 3607 3745 3677 ecclesiarum,

2127 3690 2359 3762 quilibet
2389 3694 2646 3749 sacerdos
2675 3696 2730 3749 in
2781 3696 2926 3751 idem
2959 3700 3353 3755 monasterium
3387 3701 3496 3756 sibi
3522 3703 3614 3771 jus
3653 3719 3746 3759 ec-

2124 3783 2410 3839 clesiarum
2455 3787 2810 3858 aliquomodo
2864 3789 3129 3857 vindicet,
3188 3809 3250 3847 ac
3298 3793 3582 3857 defendat,
3639 3798 3746 3862 nisi

2119 3872 2257 3927 forte
2277 3890 2308 3929 a
2340 3884 2493 3945 parte
2524 3878 2865 3944 monasterii,
2886 3878 3019 3933 licet
3038 3895 3070 3933 a
3097 3878 3358 3935 fratribus
3382 3898 3482 3951 pro
3511 3886 3742 3956 negotio

2117 3965 2302 4036 aliquo
2356 3967 2753 4033 ecclesiastico,
2809 3968 2971 4023 fuerit
3019 3969 3298 4027 invitatus.
3332 3972 3392 4028 Et
3446 3976 3738 4045 quoniam,

2119 4055 2345 4111 fratrum
2396 4057 2779 4124 dilectissime,
2841 4061 2992 4115 locus
3046 4061 3185 4131 ipse,
3256 4064 3350 4117 ubi
3412 4066 3737 4135 praedictum

2119 4147 2510 4203 monasterium
2542 4157 2874 4204 exstructum
2924 4159 3026 4213 est,
3079 4151 3147 4205 ad
3198 4152 3485 4208 dioecesim
3531 4165 3739 4211 sanctae

2118 4236 2427 4292 Ticinensis
2452 4238 2722 4301 ecclesiae.
2758 4239 2846 4294 cui
2879 4247 2971 4294 tua
2988 4239 3324 4307 fraternitas,
3354 4242 3463 4298 Deo
3482 4254 3734 4311 auctore,

2120 4336 2318 4398 praeest
2341 4329 2605 4383 hactenus
2641 4329 2972 4399 pertinuisse
3002 4330 3362 4403 dignoscitur,
3397 4350 3466 4388 ne
3492 4337 3597 4389 sub
3630 4338 3735 4392 hac

2112 4418 2426 4481 occasione,
2460 4418 2512 4470 in
2542 4418 2738 4472 eodem
2784 4419 3117 4474 monasterio
3158 4420 3391 4489 alicujus
3442 4427 3740 4492 potestatis

2112 4510 2527 4583 praerogativam
2558 4509 2655 4563 tibi
2686 4510 2982 4581 aliquando
3015 4527 3280 4581 usurpare
3304 4528 3630 4582 praesumus,
3664 4534 3732 4573 ex

2108 4600 2251 4655 beati
2276 4600 2417 4654 Petri
2445 4600 2820 4672 apostolorum
2861 4601 3147 4672 principis,
3182 4609 3500 4675 nostraeque
3533 4605 3732 4662 humi-

2106 4691 2276 4754 litatis
2343 4691 2688 4757 auctoritate,
2768 4693 2949 4747 modis
3004 4693 3262 4748 omnibus
3321 4694 3738 4755 interdicimus.

2105 4780 2414 4836 Postulatus
2443 4796 2570 4836 vero
2614 4797 2644 4835 a
2674 4789 2829 4851 parte
2869 4784 3189 4837 monasterii
3222 4784 3434 4840 scilicet
3464 4803 3496 4841 a
3537 4786 3729 4844 fratri-

2102 4872 2227 4937 bus,
2258 4872 2630 4928 visitationem
2664 4868 2816 4928 tuam
2845 4874 2976 4941 illis,
3010 4882 3259 4945 respectu
3289 4875 3462 4931 divini
3494 4882 3729 4947 amoris,

2110 4963 2308 5017 devote
2336 4963 2563 5028 exhibe;
2594 4978 2705 5018 non
2734 4972 2914 5018 autem
2947 4964 3154 5034 petitus
3179 4968 3734 5026 monasteriisecreta

2110 5054 2387 5108 ullatenus
2412 5053 2564 5108 adire
2595 5068 2917 5124 pratsumas,
2950 5069 3019 5107 ne
3051 5070 3151 5124 per
3173 5055 3446 5111 adventus
3476 5058 3555 5111 tui
3584 5074 3733 5128 prte-

2108 5148 2365 5215 sentiam,
2430 5148 2485 5202 in
2537 5164 2817 5204 servorum
2887 5148 2981 5203 Dei
3039 5150 3373 5216 recessibus,
3444 5154 3735 5223 popularis

2105 5236 2325 5291 occasio
2365 5237 2694 5307 praebeatur.
2723 5236 2847 5291 “me
2869 5252 3105 5308 namque
3119 5238 3325 5305 omnia,
3358 5255 3502 5310 quae,
3538 5241 3638 5295 tibi
3674 5244 3733 5297 in

2103 5331 2363 5402 praesenti
2434 5331 2502 5386 de
2555 5331 2854 5403 saepedicto
2911 5334 3248 5389 monasterio
3319 5333 3728 5399 interdicimus,

2101 5420 2319 5476 cunctis
2345 5421 2534 5485 etiam,
2567 5419 2662 5492 qui
2722 5420 2778 5473 in
2832 5436 2920 5485 eo,
2963 5435 3074 5492 quo
3127 5437 3188 5476 es
3236 5422 3455 5489 ordine,
3491 5424 3730 5498 locoque

2100 5511 2495 5579 successerint,
2516 5510 2619 5567 sub
2644 5510 3095 5568 interminatione
3123 5512 3297 5568 divini
3324 5513 3543 5583 jndicii,
3577 5515 3730 5573 beati
