3978 6214
172 268 275 321 997

1400 260 1732 316 EPlSTOL/E
1777 260 1851 314 ET
1894 257 2283 313 DlPLGMATA.

3400 261 3504 314 998

167 417 392 472 quoque
423 399 562 452 Petri
595 397 849 467 apostoli,
884 403 1191 465 nostrmque
1246 394 1572 447 humilitatis
1599 401 1789 447 aucto-
1820 401 1864 464 Α
1895 401 2005 444 tum
2042 407 2054 442 :
2087 389 2182 459 qui
2239 389 2313 441 uti
2373 403 2613 448 vomere,
2683 386 2897 440 novalia
2967 387 3151 440 cordis
3219 387 3507 457 gentilium

169 496 351 558 ritate,
397 494 502 546 sibi
551 491 881 546 aeternaliter
938 489 1226 542 interdicta
1283 496 1643 559 cognoscant.
1708 486 1784 540 Tu

170 603 324 648 vero,
359 586 544 648 frater,
577 601 641 637 ea
672 600 795 654 quae
828 599 857 634 a
878 581 1037 635 nobis
1066 588 1269 634 statuta
1298 578 1789 644 sunt,saccrdotali

173 677 316 728 sicut
341 676 500 727 deret
531 673 713 725 studio
738 671 994 724 inviolata
1021 686 1313 730 conserva,
1342 685 1441 722 nec
1476 685 1539 720 ea
1573 668 1796 737 patiaris

172 771 224 821 in
260 770 444 838 aliquo
473 765 746 828 temerari,
772 765 980 816 scilicet
1041 764 1093 815 in
1160 761 1540 816 custodiendis
1575 761 1656 814 eis
1690 761 1798 813 fra-

175 860 512 913 tcrnitastua
541 873 600 910 se
630 872 850 925 Semper
881 855 1158 919 exhibeat,
1192 865 1465 924 quatenus
1499 861 1550 906 et
1576 869 1795 907 omnem

177 944 1022 1017 inquietudinisoccasionemde
1048 944 1166 996 loco
1195 941 1494 995 venerabili
1525 941 1796 1005 excludat,

177 1046 234 1092 et
265 1037 387 1091 aliis
414 1037 615 1089 similia
643 1035 857 1104 Operari
895 1034 1242 1103 persuadeat,
1307 1033 1398 1086 diu
1443 1050 1502 1084 se
1538 1035 1592 1084 in
1617 1038 1802 1084 custo-

179 1130 442 1182 diendam
477 1128 810 1180 voluntatem
854 1134 1118 1190 nostram,
1165 1125 1480 1185 sollicitam,
1534 1132 1592 1176 ut
1641 1123 1801 1175 decet

181 1220 518 1282 exhibuerit,
563 1227 616 1272 ct
645 1219 918 1272 devotam.
965 1218 1131 1284 Hujus
1169 1227 1348 1271 autem
1400 1231 1645 1268 censurae
1673 1230 1800 1267 cau-

183 1317 417 1378 tionem,
442 1313 856 1382 duplicitenore
886 1313 1047 1365 scribi
1083 1311 1448 1374 decrevimus,
1475 1316 1802 1372 statuentes,

184 1418 244 1462 ut
276 1424 382 1460 una
412 1407 674 1459 intertuae
696 1405 945 1458 ecclesiae
977 1403 1200 1466 scrinia,
1258 1403 1418 1456 aliam
1455 1417 1582 1454 vero
1611 1401 1678 1454 ab
1707 1399 1806 1453 ab-

187 1504 318 1557 bate
350 1511 600 1555 servetur
627 1499 973 1553 monasterii.

261 1592 536 1660 Scriptum
589 1606 686 1658 per
716 1603 910 1640 manus
961 1585 1221 1655 Stephani
1294 1583 1564 1639 scriniarii
1607 1590 1810 1637 sanctae

195 1683 458 1736 Romanae
490 1679 739 1733 Ecclesiae
797 1678 850 1730 in
912 1693 1102 1729 mense
1134 1675 1356 1745 Aprilis,
1390 1674 1694 1728 indictione
1729 1673 1790 1728 l5

195 1785 346 1824 anno
379 1767 590 1822 Domini
623 1767 748 1820 972.

910 1878 1109 1931 XXXII.

200 1989 422 2028 JOANNIS
473 1988 618 2025 PAPJE
672 1987 764 2024 XIII
826 1986 1054 2022 LITI'ERE
1115 1987 1177 2022 DF.
1210 1984 1551 2023 INSTITUENDO
1601 1984 1813 2023 EPISCO-

738 2058 868 2094 mw
893 2057 1141 2094 emensa
1175 2042 1280 2108 (l2)

203 2135 376 2205 [Apud
444 2133 661 2186 tdABILL.
729 2135 865 2186 Actu
930 2134 1247 2186 Sanctorum
1302 2132 1418 2186 0rd.
1480 2133 1536 2186 S.
1597 2130 1814 2194 Bened,

738 2224 872 2277 Saec.
901 2223 958 2276 V.
994 2241 1115 2296 pag.
1137 2223 1280 2292 833.]

271 2357 509 2410 Joannes
552 2371 744 2408 servus
791 2369 1069 2408 servorum
1125 2354 1217 2406 Dei
1277 2354 1573 2417 Boumao,
1631 2353 1820 2406 catho-

203 2450 467 2504 licaetidei
502 2452 748 2512 alumno,
782 2448 1143 2518 apostolicam
1173 2447 1641 2501 benedictionem.

273 2538 487 2591 Justum
544 2548 624 2590 est
681 2537 962 2590 benivolas
1018 2552 1183 2590 aures
1242 2536 1404 2603 justis
1461 2534 1822 2589 accomodare

209 2630 586 2700 petitionibus,
617 2629 742 2698 quia
775 2629 914 2682 Deus
945 2635 1028 2682 est
1078 2628 1314 2694 justitia,
1361 2636 1414 2681 et
1462 2628 1553 2697 qui
1589 2627 1823 2697 diligunt

207 2722 376 2774 Deum
405 2719 853 2787 justilicabuntur
886 2737 899 2781 ;
934 2727 986 2773 et
1023 2719 1248 2772 :Omnia
1271 2718 1818 2788 diligentibusDeum

205 2821 575 2884 coeperantur
615 2815 667 2867 in
695 2814 921 2868 bonum.
948 2813 1079 2866 Filia
1111 2822 1295 2867 nostra
1327 2829 1482 2866 soror
1513 2823 1622 2872 tua.
1680 2812 1824 2865 inter

206 2913 432 2957 caeteras
465 2903 607 2956 haud
663 2902 1017 2976 abnegandas
1070 2903 1386 2973 petitiones.
1429 2903 1580 2957 cordi
1636 2912 1822 2956 nostro

207 2992 395 3047 dulces
429 2992 610 3045 intulit
641 3008 705 3046 ex
747 2999 898 3061 parte
955 2993 1030 3045 tui
1065 3008 1278 3062 preces,
1311 2992 1521 3045 scilicet
1551 2998 1607 3043 ut
1639 2997 1827 3044 nostro

210 3102 440 3139 assensu
473 3085 527 3136 in
554 3096 645 3138 tuo
679 3085 1009 3155 principatu,
1044 3086 1111 3139 ad
1148 3087 1236 3139 Dei
1270 3087 1486 3139 laudem
1517 3095 1569 3139 et
1602 3086 1831 3156 gloriam

214 3173 490 3231 Ecclesiae.
527 3173 717 3227 liceret
740 3173 856 3226 lieri
889 3175 1288 3244 episcopatum.
1317 3175 1469 3238 Quod
1505 3190 1604 3228 nos
1641 3174 1830 3245 utique

214 3273 335 3325 laeto
369 3272 554 3324 animo
583 3271 973 3340 suscipientes,
1011 3272 1119 3324 Deo
1159 3273 1362 3343 gratias
1392 3271 1700 3331 retulimus,
1741 3271 1831 3342 qui

214 3377 366 3414 suam
400 3360 694 3413 Ecclesiam
725 3376 944 3429 semper
973 3367 1027 3413 et
1058 3360 1266 3430 ubique
1299 3360 1510 3417 dilatat.
1546 3371 1599 3413 et
1632 3359 1839 3433 magni-

216 3451 336 3504 lieat
367 3450 420 3502 in
450 3449 708 3502 omnibus
740 3451 1071 3504 nationibus.
1113 3451 1262 3505 Unde
1291 3453 1594 3522 apostolica
1638 3459 1836 3505 aucto-

219 3541 375 3592 ritate
409 3547 462 3591 et
487 3538 659 3592 sancti
694 3539 831 3591 Petri
868 3548 1160 3609 potestate,
1195 3541 1374 3608 cujus,
1412 3543 1537 3594 licet
1600 3541 1837 3612 indigni,

222 3639 403 3684 tamen
464 3630 652 3683 vicarii
702 3647 893 3684 sumus
934 3632 1231 3685 annuimus
1277 3643 1330 3686 et
1387 3633 1766 3686 collaudamus
1823 3651 1836 3693 ς

222 3730 386 3792 atque
436 3721 904 3786 incanonizamus,
949 3732 1005 3777 ut
1051 3724 1114 3776 ad
1169 3725 1456 3778 ecclesiam
1495 3725 1674 3778 Sancti
1737 3725 1838 3779 Viti

225 3818 276 3863 et
304 3811 488 3864 Sancti
518 3809 796 3864 \Venezlai
829 3822 1125 3882 martyrum
1160 3813 1250 3867 liat
1272 3815 1435 3866 sedes
1467 3813 1839 3883 episcopalis;

224 3901 290 3954 ad
322 3901 609 3955 ecclesiam
637 3919 766 3957 vero
790 3904 971 3957 Sancti
1003 3904 1219 3974 Georgii
1253 3905 1502 3975 martyris
1520 3905 1622 3958 sub
1655 3906 1843 3978 regula

226 3993 397 4045 sancti
444 3992 749 4054 Benedicti,
777 4003 830 4046 et
861 3993 1183 4047 obedienaia
1228 3994 1354 4048 tiliae
1410 4001 1608 4049 nostrae
1667 3995 1849 4049 Mariae

230 4085 434 4138 sororis
492 4095 618 4149 tuae,
677 4086 1040 4140 constituatur
1095 4088 1450 4162 congregatio
1501 4088 1845 4142 monialium.

241 4173 627 4226 Verumtamen
657 4179 765 4228 no'n
793 4175 1099 4229 secundum
1152 4176 1313 4230 ritum
1366 4184 1458 4230 aut
1483 4187 1688 4230 sectam
1725 4176 1852 4230 Bul-

236 4261 434 4332 garicae
476 4261 678 4334 geniis,
729 4263 814 4316 vel
863 4263 1064 4328 Ruziae,
1120 4271 1211 4317 aut
1257 4263 1563 4319 Slavonicae
1625 4264 1848 4338 linguae,

239 4354 336 4407 sed
377 4354 552 4425 magis
577 4370 818 4424 sequens
865 4357 1162 4410 constituta
1193 4365 1248 4410 et
1279 4356 1501 4410 decreta
1527 4355 1850 4425 apostolica,

240 4457 406 4495 unum
443 4442 821 4512 potiorem,ad
857 4443 1114 4512 placitum
1143 4444 1398 4497 Ecclesiae
1447 4444 1634 4508 totius,
1681 4443 1854 4516 eligas

242 4531 291 4583 iu
329 4533 431 4586 hoc
459 4547 599 4602 opus
621 4531 902 4599 clericum,
927 4533 1130 4588 Latinis
1161 4534 1414 4604 apprime
1442 4534 1638 4588 litteris
1667 4535 1852 4589 erudi-

314 4792 427 4864 (12)
460 4796 614 4848 Anno
649 4795 1363 4850 Dominicaelncarnationis
1385 4796 1511 4860 967,
1544 4795 1672 4849 ldus
1708 4795 1859 4861 Julii,

246 4866 355 4919 dux
390 4865 688 4939 Bohemiae,
737 4866 822 4918 cui
873 4882 1147 4939 agnomen
1179 4869 1366 4921 Saevus
1397 4867 1686 4933 Bolizlaus,
1721 4867 1863 4939 male

248 4945 547 5010 mercatum
571 4936 809 5010 fraterno
857 4936 1149 5010 sanguine,
1203 4939 1414 4993 scilicet
1437 4939 1579 4992 beati
1613 4938 1867 5010 martyris

250 5007 549 5071 Wenezlai,
585 5008 858 5062 Bohemiae
898 5007 1154 5062 duoatum
1206 5026 1328 5063 cum
1360 5011 1468 5063 vita
1524 5009 1726 5062 amisit.
1763 5007 1865 5062 Cui

251 5077 396 5132 ﬁlius
427 5080 558 5150 ejus
578 5079 893 5148 aequivocus
952 5096 1085 5133 suus
1139 5081 1193 5133 in
1237 5081 1544 5150 principatu
1578 5080 1865 5144 successit,

255 5151 485 5203 multum
509 5149 790 5202 dissimilis
833 5151 970 5219 patri
1021 5149 1270 5204 moribus
1310 5151 1471 5205 bonis
1502 5160 1874 5206 etconversa-

257 5222 408 5273 tione
450 5221 741 5289 spirituali.
782 5221 901 5274 Erat
941 5223 1090 5275 enim
1110 5222 1191 5275 vir
1223 5222 1738 5282 Christianissimus,
1767 5221 1874 5275 ﬁde

257 5292 584 5350 catholicus,
617 5301 772 5360 pater
801 5293 1195 5362 orphanorum.
1230 5293 1490 5348 defensor
1507 5294 1793 5346 viduarum
1823 5303 1876 5347 et

263 5363 623 5435 clericorum.
666 5375 720 5416 et
752 5380 1192 5435 peregrinorum,
1247 5365 1665 5434 praecipuusque
1697 5365 1877 5418 eccle-

263 5435 468 5506 siarum
499 5433 755 5506 fundator
797 5433 950 5506 Nam,
984 5443 1041 5488 ut
1073 5437 1124 5488 in
1160 5433 1706 5506 privilegibecclesiae
1738 5436 1880 5506 San-

265 5505 333 5558 cti
360 5504 578 5577 Georgii
615 5504 666 5556 in
687 5576 692 5577 7
715 5505 884 5577 Praga
916 5505 1137 5577 legitur,
1198 5522 1263 5558 xx
1295 5504 1560 5577 ecclesias
1599 5505 1798 5577 erexit,
1825 5513 1880 5577 et

261 5591 359 5630 eas
399 5575 552 5630 omni
583 5575 1224 5631 ecclesiastica‘utilitatc
1253 5576 1536 5646 ampliavit
1587 5575 1754 5643 Hujus
1776 5575 1882 5629 fuit

1892 481 2165 541 scindere,
2200 487 2253 532 et
2286 478 2518 532 triticum
2552 477 2708 530 boua'
2736 477 3077 545 operationis
3110 494 3319 540 serere,
3345 488 3510 548 atque

1894 576 2208 644 manipulos
2265 574 2478 644 frugum
2513 579 2703 625 vestrae
2730 571 2958 638 justitiae
2998 571 3209 624 Christ.»
3235 583 3513 640 reportare

1895 667 2151 722 sufﬁciat.
2191 667 2301 721 Val.

2587 736 2819 790 XXXIII.

2401 844 2559 899 pupa
2656 830 3001 897 privilegium
3084 845 3184 898 pro

2544 901 2869 954 Arelatensi.

2483 993 2660 1060 (Anno
2690 991 2934 1046 965-722.»

2192 1082 2448 1151 mouens,
2472 1084 2614 1134 Hist.
2647 1083 2711 1133 de
2735 1084 3012 1144 Prorence,
3036 1081 3100 1145 ll,
3121 1080 3228 1151 36.]

1899 834 2121 886 Joannis
2208 832 2332 884 XIII

3273 831 3515 885 Ecclesia

1972 1195 2209 1248 Joannes
2239 1193 2555 1262 epiSCOpus,
2610 1207 2800 1246 servus
2857 1207 3138 1246 servorum
3175 1193 3289 1258 Dei,
3321 1194 3519 1247 divinae

1907 1283 2126 1352 pietatis
2173 1290 2307 1335 nutu
2346 1281 2493 1334 sedis
2536 1281 2856 1350 apostolicae
2889 1281 3114 1333 humilis
3149 1298 3288 1352 papa
3317 1283 3519 1336 Vreaio

1907 1377 2185 1450 condigne
2217 1377 2366 1430 fratri
2401 1375 2732 1430 Arelatensis
2761 1375 3013 1428 Ecclesiae
3029 1377 3340 1446 metropoli,
3377 1377 3525 1446 pari-

1913 1478 2101 1541 terque
2169 1468 2570 1539 archipraesuli,
2656 1469 2884 1520 salutem
2961 1476 3016 1521 et
3077 1468 3525 1524 benedictionem

1912 1566 2063 1628 optat
2087 1559 2142 1611 in
2171 1573 2366 1618 aevum,
2393 1564 2494 1610 etc.
2546 1555 2866 1609 Tnsrnamo
2908 1556 3237 1609 Viennensis
3268 1557 3526 1611 Ecclesiae

1915 1647 2289 1716 archipraesuli
2361 1646 2592 1715 ejusque
2683 1644 3110 1717 suifragantibus
3204 1645 3524 1709 universis,

1799 1717 1811 1739 ’
1843 1713 2186 1790 BAvusmco
2220 1734 2407 1804 primae
2478 1733 2850 1787 Narbonensis
2898 1733 3197 1786 venerabili
3253 1733 3530 1803 archiepi-

1918 1843 2085 1896 scopo
2117 1843 2242 1880 cum
2280 1827 2396 1879 suis
2426 1825 2730 1892 subjectis;
2764 1826 3065 1878 Svevnswao
3099 1825 3354 1878 secundae
3389 1825 3527 1877 Nar-

1920 1920 2184 1974 bonensis
2213 1920 2381 1992 digno
2408 1920 2807 1990 archipraesuli,
2854 1920 3076 1989 suisque
3114 1919 3533 1986 subjacentibus

1917 2007 2142 2061 domino
2181 2008 2460 2073 videlicet,
2491 2009 2814 2074 LAUDERICO,
2855 2008 3216 2070 THEODERlCO,
3252 2012 3530 2073 Avaanoo,

1919 2101 2231 2167 "ONORATO,
2257 2101 2454 2155 PONTIO
2487 2109 2540 2156 et
2576 2103 2865 2155 HUMBERTO
2897 2101 3238 2172 dignissimis
3267 2100 3535 2154 Ecclesia-

1922 2206 2036 2243 rum
2070 2206 2288 2243 suarum
2353 2190 2666 2259 pastoribus
2723 2205 3072 2244 communem
3133 2206 3194 2242 ac
3236 2205 3534 2259 perennem

1923 2279 2247 2334 aeternitatis
2286 2279 2537 2353 gloriam.

1996 2369 2196 2422 Scitote
2225 2383 2322 2422 vos
2356 2376 2594 2422 rectores
2625 2366 2742 2420 fore
2771 2367 3064 2438 clavesque
3089 2366 3330 2421 caelestis
3351 2367 3538 2434 januae

1927 2460 2084 2514 vobis
2121 2477 2152 2513 a
2196 2460 2306 2514 Deo
2362 2466 2689 2530 potestatem
2747 2459 2952 2530 ligandi
3015 2475 3077 2513 ac
3125 2459 3398 2525 solvendi,
3432 2467 3535 2513 etc.

1926 2554 2094 2609 Doleo
2136 2555 2320 2624 itaque
2368 2561 2422 2607 et
2484 2553 2972 2608 vehementissime
3030 2552 3326 2607 contristor
3375 2569 3542 2622 super

1925 2645 2059 2700 tanti
2085 2644 2314 2698 sceleris
2341 2659 2525 2708 causa,
2555 2659 2679 2714 quae
2712 2659 2742 2696 a
2771 2643 3067 2696 multorum
3098 2642 3385 2696 hominum
3445 2657 3540 2696 ore

1925 2737 2262 2790 creberrime
2318 2737 2522 2790 nostris
2580 2735 2972 2805 conspectibus
3042 2733 3370 2800 diﬂ'amatur,
3413 2735 3544 2805 quia

1927 2825 2130 2895 primas
2195 2825 2587 2879 Arelatentium
2656 2840 2776 2895 quae
2844 2823 3208 2894 principatum
3279 2833 3333 2878 et
3380 2830 3545 2893 caput

1853 2918 2136 3005 Cobtinet
2157 2925 2482 2971 czeterarum
2515 2917 2881 2971 Ecclesiarum
2947 2915 3192 2970 secunda
3234 2932 3263 2968 a
3293 2915 3540 2969 Romana

1932 3009 2027 3061 sed
2059 3024 2089 3061 c
2122 3009 2467 3062 multimodis
2497 3007 2930 3063 lacerationibus
2960 3007 3256 3060 eviscerata
3304 3006 3466 3075 jacet,
3501 3012 3554 3059 et

1933 3097 2308 3150 conculcatam
2362 3097 2478 3151 fore
2533 3098 2868 3164 audivimus,
2913 3098 3191 3168 impletam
3234 3099 3288 3151 in
3318 3114 3384 3152 ea
3427 3114 3554 3168 pro-

1936 3186 2110 3256 phetae
2142 3186 2473 3240 sententiam
2516 3186 2772 3240 dicentis.
2796 3188 2952 3241 Sedet
2985 3191 3041 3240 in
3068 3191 3298 3241 tristitia
3332 3187 3560 3241 domina

1936 3277 2173 3342 gentium
2205 3291 2218 3337 ;
2250 3283 2594 3344 quapropter
2643 3275 2783 3329 votis
2815 3284 2868 3329 et
2939 3277 3157 3330 cunctis
3188 3275 3556 3330 Ecclesiarum

1940 3363 2033 3417 Dei
2072 3363 2328 3418 fidelibus
2367 3363 2609 3434 propriis
2660 3364 2914 3434 apicibus
2946 3364 3237 3436 designare
3289 3363 3553 3433 cupimus

1940 3456 2219 3527 querelam
2251 3456 2384 3510 tanti
2433 3455 2728 3526 sacrilegii,
2797 3472 2896 3509 cur
2936 3457 3234 3525 praedictus
3301 3456 3554 3522 ejusdem

1946 3548 2198 3602 Ecclesiae
2228 3547 2457 3602 antistes
2500 3547 2752 3617 nequiter
2798 3548 3022 3602 assidua
3057 3548 3556 3618 conﬂigaturinju-

1942 3642 2039 3695 ria.
2094 3641 2165 3694 Ea
2245 3656 2480 3711 namque
2547 3639 2829 3707 juvamina
2906 3657 3028 3710 quae
3112 3658 3142 3694 a
3202 3641 3558 3716 largitoribus

1944 3737 2142 3782 nostrae
2185 3728 2435 3781 Ecclesiae
2491 3734 2636 3791 sunt,
2707 3743 2924 3797 semper
2979 3727 3229 3781 cedenda
3287 3728 3477 3781 sciatis
3529 3744 3562 3780 a

1946 3817 2108 3873 nobis
2178 3819 2500 3889 plenissime
2550 3818 2664 3873 fore
2722 3817 3026 3886 largienda.
3093 3818 3245 3871 Hunc
3307 3819 3480 3889 igitur
3535 3835 3565 3872 a

1951 3911 2226 3983 clavigero
2283 3911 2437 3984 regni
2494 3911 2750 3970 caelestis.
2813 3917 3122 3980 nostraeque
3191 3909 3413 3980 inclytae
3468 3925 3574 3980 po-

1952 3999 2168 4053 testatis
2224 4009 2470 4066 auctore,
2522 4008 2817 4070 nostraque
2875 3999 3218 4069 providentia
3267 4015 3382 4052 suae
3424 4014 3570 4069 quo-

1953 4109 2062 4163 que
2118 4093 2388 4147 cessionis
2444 4094 2638 4156 coacti,
2701 4091 2964 4164 largimus
3022 4091 3070 4146 ei
3136 4091 3403 4164 integram
3467 4091 3572 4144 ha-

1956 4181 2086 4233 bere
2118 4180 2418 4240 licentiam.
2477 4189 2532 4235 et
2591 4188 2912 4250 potestatem
2971 4180 3350 4245 abominandi,
3384 4179 3573 4252 gladio

1956 4286 2178 4341 quoque
2201 4272 2788 4326 excommunicationis
2811 4271 3041 4325 feriendi
3073 4287 3190 4336 eos,
3223 4271 3315 4342 qui
3359 4270 3409 4324 ei
3450 4284 3580 4324 con-

1957 4359 2123 4412 trario
2155 4359 2499 4414 obstiterint.
2525 4360 2677 4423 Quod
2711 4375 2812 4414 nos
2839 4375 2962 4414 vere
3008 4368 3066 4415 ut
3093 4360 3349 4415 omnibus
3370 4358 3563 4430 cogni-

1958 4454 2070 4501 tum
2101 4457 2184 4500 est
2210 4447 2488 4517 abnegare
2520 4464 2632 4502 non
2691 4449 2957 4503 valemus.
3016 4448 3377 4512 Quamobrem
3409 4447 3577 4502 obse-

1955 4534 2158 4589 crando
2189 4534 2348 4588 vobis
2371 4535 2742 4605 praecipimus,
2772 4543 2938 4608 atque
2966 4536 3203 4592 fraterne
3243 4536 3579 4608 ﬂagitamus,

1963 4809 2138 4868 soror,
2173 4793 2394 4847 nomine
2446 4791 2646 4868 Mla‘da,
2693 4796 2848 4868 virgo
2871 4811 3072 4868 ‘sacra,
3117 4795 3315 4868 litteris
3344 4793 3579 4848 erudita.

1965 4866 2091 4930 Quae
2147 4881 2269 4919 cum
2328 4863 2594 4918 orationis
2650 4863 2814 4918 causa
2870 4866 3094 4920 Romam
3146 4866 3408 4932 venisset,
3453 4873 3507 4919 et
3555 4883 3587 4920 a

1967 4952 2108 5016 papa
2150 4935 2567 5018 loanneﬂliujus
2624 4935 2877 5018 nominis.
2898 4937 3061 5018 tertio
3093 4937 3311 4992 decimo
3344 4936 3590 5018 benigne

1967 5005 2300 5077 auspcipitur:
2361 5005 2550 5075 ibique
2596 5005 2920 5075 aliquandiu
2965 5009 3200 5077 degens,
3271 5005 3593 5062 monasticis

1975 5076 2283 5149 disciplinis
2313 5077 2580 5130 imbuitur
2630 5076 2846 5149 Dehinc
2882 5094 3022 5146 papa
3045 5076 3288 5149 consilio
3335 5080 3592 5132 cardina-

1976 5147 2131 5214 lium,
2172 5150 2279 5202 imo
2322 5150 2512 5202 volens
2541 5164 2694 5202 novae
2732 5147 2991 5200 Ecclesiae
3033 5147 3352 5214 subvenire,
3388 5165 3590 5203 conse—

1976 5230 2090 5275 crat
2143 5237 2261 5275 eam
2334 5219 2685 5283 abbatissam,
2742 5224 2948 5272 mutato
3025 5216 3273 5280 nomine,
3344 5219 3593 5285 Mariam,

1977 5293 2118 5345 dans
2149 5291 2198 5345 ei
2229 5292 2400 5345 sancti
2430 5289 2705 5345 Benedicti
2740 5289 2983 5362 regulam
3028 5287 3441 5362 etnabbatialem
3476 5291 3592 5344 vir-

1979 5363 2287 5438 garum-Quae
2346 5363 2568 5438 Pragain
2615 5355 2869 5438 rediens,
2911 5366 2965 5438 et
3009 5376 3038 5410 a
3090 5355 3254 5409 fratre
3303 5369 3590 5438 suscepta.

1981 5427 2202 5501 obtulit,
2263 5442 2316 5489 et
2366 5427 2575 5489 littoras
2634 5431 2950 5504 Apostolici,
3010 5442 3236 5499 quarum
3299 5427 3593 5484 formulam

1985 5505 2156 5560 habes
2172 5521 2356 5576 supra.
