3978 6214
204 277 330 334 1001

1404 278 1546 331 VITA
1614 308 1678 316 —-
1719 278 1990 331 OBSERV.
2036 276 2334 331 PRXEVIJE.

3393 282 3530 338 1002

1647 615 2083 741 VITA

632 877 1629 1039 SANCTI
1765 878 3097 1042 UDALRICI

1116 1193 1364 1248 Auctore
1410 1190 1668 1248 Gerardo
1709 1191 2068 1267 presbytero,
2117 1193 2245 1267 ejus
2285 1192 2618 1268 familiari.

415 1396 590 1465 (Apud
627 1395 824 1448 Mabill.
859 1398 985 1447 .lcta
1017 1396 1111 1449 SS.
1144 1395 1261 1447 orti.
1297 1396 1354 1448 S.
1389 1394 1577 1448 Bcncrl.
1613 1396 1748 1450 Szec.
1781 1395 1840 1459 ν,
1877 1413 1928 1465 p.
1960 1396 2084 1460 «115,
2121 1395 2366 1450 editione
2397 1396 2712 1450 Vclseriana
2745 1404 2792 1449 et
2826 1396 3115 1450 codicibns
3147 1401 3299 1463 mss.)

1707 1627 2023 1646 ———

1064 1805 1518 1891 ()BSERV
1539 1806 2035 1892 ATIONES
2115 1808 2255 1892 PB
2274 1807 2651 1893 fEVUE.

267 2067 310 2115 t.
348 2063 607 2114 Auctores
639 2060 846 2130 antiqui
881 2063 1026 2126 (nam
1063 2061 1398 2114 recentiores
1430 2060 1644 2113 interim
1676 2060 1807 2114 sile-
1836 2059 1882 2123 Λ
1911 2054 2002 2107 ria:
2061 2053 2364 2118 VenicnlOS,
2409 2055 2526 2107 llatc
2581 2053 2742 2109 nobis
2797 2055 3288 2110 annuntiavcrunt:
3360 2055 3525 2122 Primi

194 2158 335 2213 mus)
383 2149 610 2202 omnino
662 2156 789 2212 tres,
842 2149 932 2218 qui
994 2149 1162 2202 sancti
1216 2148 1447 2201 l'dalrici
1502 2151 1579 2216 (S.
1641 2151 1805 2214 Κινέα)

191 2237 440 2307 episcopi
484 2237 841 2307 Augustensis
880 2244 1030 2309 gesta
1073 2238 1305 2306 posteris
1334 2237 1695 2299 tradiderunt,
1724 2236 1809 2288 iu-

191 2329 509 2393 veniuntur,
539 2344 730 2381 omnes
769 2344 798 2380 a
829 2328 1002 2381 Marco
1063 2329 1303 2392 Velsero,
1358 2327 1670 2397 reipublicae
1703 2329 1805 2380 Au-

192 2426 440 2490 gustauae
473 2419 762 2471 duumviro
802 2418 1123 2483 clarissimo,
1163 2419 1303 2488 typis
1340 2417 1538 2491 vulgati
1597 2418 1807 2470 Primus

192 2511 296 2562 sub
327 2509 586 2579 anonymi
621 2509 814 2573 titulo;
850 2510 1126 2562 secundus
1156 2510 1534 2570 (lcbehardus,
1574 2509 1804 2562 Udalrici

193 2601 246 2653 in
292 2601 486 2654 eadem
540 2602 673 2653 sede
715 2616 1004 2654 successor
1057 2610 1314 2670 quartus;
1386 2601 1575 2654 tertius
1633 2601 1806 2654 Berno

195 2693 486 2767 Augiensis
529 2694 721 2758 abbas,
750 2710 858 2764 quo
908 2693 1258 2748 Ekkehardus
1285 2695 1472 2763 junior
1498 2695 1808 2764 suppressis

193 2787 512 2840 nominibus
571 2789 751 2841 laudat
814 2788 865 2840 in
923 2788 996 2840 lib
1077 2789 1144 2841 de
1205 2788 1431 2841 Casibus
1487 2787 1807 2841 monasterii

191 2875 362 2930 sancti
397 2876 529 2929 Galli
558 2893 678 2946 cap.
720 2878 773 2941 ὅ,
809 2876 900 2928 ubi
947 2877 1194 2946 qua-dam
1233 2876 1301 2929 ab
1335 2877 1414 2929 eis
1447 2875 1811 2945 praetermissa

195 2969 380 3023 refert.
420 2969 619 3024 Przetez'
662 2971 758 3024 hos
781 2971 1072 3036 Ditmarus,
1109 2971 1414 3025 (lhronicon
1439 2973 1810 3041 Augustalium

193 3059 399 3130 aliique
486 3076 666 3113 rerum
761 3060 1204 3115 Germanicarum
1268 3062 1811 3117 Alamannicarumvc

197 3152 440 3206 historici
473 3153 541 3205 de
577 3153 825 3206 Udalrico
873 3154 1173 3208 honoritice
1205 3162 1406 3225 agunt;
1442 3154 1583 3207 inter
1615 3169 1809 3206 recen-

192 3247 358 3301 tiores
409 3246 806 3302 illustrissimus
844 3250 1138 3303 cardinalis
1171 3250 1452 3304 Baronius.
1511 3253 1572 3303 At
1605 3251 1671 3304 dc
1705 3249 1812 3320 pri-

194 3335 294 3388 mis
325 3335 446 3389 vitae
475 3335 834 3406 scriptoribus
866 3338 950 3391 hic
975 3339 1252 3408 praecipue
1285 3339 1611 3393 dicendum.

1913 2145 2065 2198 istius
2116 2146 2355 2199 auctoris
2409 2162 2608 2199 nomen
2668 2147 2946 2218 ignorasse
2986 2149 3206 2202 videtur
3249 2149 3525 2202 secundus

1910 2238 2031 2290 vita:
2071 2238 2305 2306 scriptor
2352 2238 2724 2303 Gebehardus,
2785 2240 2876 2308 qui
2941 2240 3168 2309 primam
3223 2241 3287 2292 de
3351 2243 3525 2295 sancti

1913 2325 2144 2380 Udalrici
2186 2326 2355 2398 gestis
2395 2325 2852 2391 lucubrationem,
2899 2349 2924 2376 «
2969 2343 2996 2380 a
3038 2328 3274 2397 quodam
3327 2327 3524 2380 illustri

1911 2417 2024 2470 viro
2050 2419 2429 2486 compositam,
2473 2441 2496 2467 »
2541 2418 2592 2471 in
2620 2419 2845 2491 prologo
2866 2435 2966 2472 suo
2991 2419 3142 2473 dicit.
3170 2419 3275 2473 Sed
3305 2420 3520 2474 tandem

1912 2509 2062 2562 istius
2092 2509 2349 2579 anonymi
2384 2525 2584 2563 nomen
2627 2509 2680 2563 in
2733 2510 2929 2564 itinere
2963 2518 3148 2565 nostro
3198 2511 3521 2565 Germanico

1911 2601 2202 2655 didicimus
2233 2617 2296 2653 ex
2331 2608 2544 2655 vetusto
2575 2601 2762 2655 codice
2796 2602 3216 2672 Ratisponensis
3247 2611 3520 2656 monaste-

1913 2697 1976 2750 rii
2026 2697 2204 2750 Sancti
2285 2696 2686 2760 Emmerammi,
2757 2703 2882 2750 ante
2947 2714 3120 2752 annos
3189 2699 3524 2768 quingentos

1911 2790 2138 2858 scripto,
2171 2790 2227 2845 in
2260 2805 2370 2860 quo
2410 2790 2580 2859 prima
2612 2789 2729 2843 haec
2770 2789 2885 2843 Vita
2916 2792 3185 2860 reperitur
3215 2792 3314 2845 sub
3365 2791 3522 2845 titulo

1915 2891 2038 2952 post
2067 2883 2582 2953 capitulationcsita
2605 2899 2895 2954 expresso:
2942 2906 2965 2933 α
3010 2885 3068 2937 in
3091 2885 3313 2939 nomine
3339 2885 3523 2940 Domi-

1915 2972 1968 3024 ni
2003 2971 2196 3041 incipit
2231 2972 2343 3026 Vita
2373 2972 2544 3026 sancti
2582 2971 2817 3026 lIdalrici
2860 2973 3104 3044 episcolii
3147 2981 3200 3027 et
3238 2973 3522 3028 confesso-

1914 3063 1988 3116 ris
2016 3063 2235 3128 Christi,
2266 3064 2414 3118 edita
2459 3081 2489 3118 a
2519 3064 2779 3127 Gcrardo,
2823 3065 2918 3136 qui
2945 3066 3012 3119 ab
3067 3081 3133 3120 eo
3166 3065 3264 3120 fuit
3295 3065 3526 3138 presby-

1914 3161 1996 3205 ter
2019 3153 2321 3208 ordinatus.
2369 3177 2393 3199 υ
2438 3154 2736 3207 Gcrardum
2773 3155 2956 3226 itaque
2991 3157 3040 3208 in
3076 3164 3353 3226 posterum
3396 3158 3530 3211 lice-

1913 3243 1991 3296 bit
2015 3243 2290 3314 appellare
2323 3259 2681 3314 anonymum,
2715 3246 2806 3314 qui
2830 3247 3016 3300 nescio
3041 3264 3108 3299 an
3140 3247 3282 3300 idem
3313 3248 3526 3301 sitcum

1913 3331 2149 3386 Gcrardo
2191 3332 2423 3386 Udalrici
2483 3332 2790 3401 capellano,
2856 3334 2923 3386 de
2965 3349 3074 3404 quo
3106 3334 3158 3387 in
3205 3334 3318 3387 Vita
3369 3351 3522 3389 num.

265 3432 317 3487 2.
351 3434 450 3496 Qui
497 3435 704 3504 primus
754 3436 989 3490 Udalrici
1038 3445 1154 3490 acta
1205 3437 1398 3491 litteris
1445 3408 1854 3510 consignavit,]

1916 3425 2003 3484 63,
2031 3440 2126 3477 seu
2158 3423 2470 3494 praéposito,
2503 3422 2571 3478 de
2601 3439 2713 3494 quo
2741 3440 2892 3478 num.
2927 3424 3012 3488 70,
3046 3433 3208 3496 atque
3242 3427 3526 3497 presbyte-

197 3540 506 3595 anonymus
536 3543 566 3580 a
599 3528 816 3582 Velsero
856 3529 1178 3598 carterisque
1223 3529 1425 3595 dictus,
1468 3529 1715 3598 pluribus
1757 3530 1809 3583 in

193 3617 326 3670 locis
356 3633 414 3670 se
446 3617 680 3671 Udalrici
711 3619 980 3688 aequalem
1010 3635 1071 3672 ac
1103 3619 1426 3674 familiarem
1462 3619 1636 3674 fuisse
1670 3619 1813 3672 indi-

194 3718 296 3776 cat,
331 3719 388 3766 ut
417 3729 544 3765 num
604 3713 708 3766 18:
752 3734 782 3762 (ι
826 3714 896 3768 Ea
919 3715 1010 3784 qui
1043 3715 1280 3769 vidimus
1309 3731 1418 3768 non
1448 3714 1608 3768 decet
1637 3721 1809 3768 totum

194 3802 466 3855 omittere.
514 3823 534 3850 ιι
583 3803 640 3855 Et
666 3805 943 3857 nminat:
994 3825 1012 3852 ι
1061 3805 1328 3858 Hzccvero
1351 3803 1572 3857 nemine
1594 3802 1812 3856 dicente

194 3893 621 3963 comperiebam,
669 3896 765 3948 sed
799 3895 1038 3964 prOpriis
1090 3896 1262 3950 oculis
1295 3895 1349 3948 in
1390 3894 1813 3966 quamplurimis

198 3993 416 4054 peracta
465 3986 901 4056 conspiciebam.
952 4012 972 4033 ι»
1019 3988 1392 4042 Udalscalcum
1435 4003 1553 4041 esse
1587 3986 1810 4057 quidam

201 4076 408 4146 opinati
440 4085 594 4138 sunt;
628 4079 723 4132 sed
755 4079 880 4148 quis
919 4079 985 4133 sit
1018 4080 1364 4134 Udalscalcus
1417 4079 1508 4133 ille
1541 4094 1650 4134 non
1682 4080 1815 4132 satis

201 4167 494 4237 explicant.
536 4168 682 4221 Unus
713 4168 812 4222 fuit
851 4185 917 4224 eo
948 4171 1170 4224 nomine
1210 4170 1515 4225 monachus
1544 4172 1812 4239 Augusta-

203 4275 306 4312 nus
332 4259 400 4312 ad
431 4266 672 4313 sanctam
721 4260 920 4326 Afram,
964 4278 1061 4315 seu
1094 4262 1161 4316 ad
1193 4271 1442 4316 sanctum
1477 4261 1810 4329 Udalricum,

203 4348 245 4399 is
261 4347 354 4417 qui
376 4347 444 4400 de
467 4348 1178 4404 discidiointerlleinricum
1199 4351 1520 4421 episcOpum
1547 4357 1599 4404 et
1615 4351 1813 4422 Egino-

202 4454 324 4492 nem
352 4438 607 4493 abbatem
633 4447 820 4494 exorto
854 4441 1052 4496 librum
1085 4442 1355 4515 insignem
1385 4443 1623 4512 scripsit,
1651 4442 1704 4495 in
1739 4449 1816 4496 t0-

203 4545 290 4585 mo
349 4530 388 4583 11
427 4530 639 4585 Henrici
677 4531 876 4586 Canisii
924 4533 1153 4598 editum,
1184 4535 1276 4587 ubi
1330 4535 1582 4604 quaedam
1640 4533 1811 4588 sancti

207 4621 435 4676 Udalrici
467 4622 729 4677 miracula
771 4631 1180 4680 commemorat.
1240 4624 1388 4678 Idem
1430 4631 1622 4694 postea
1663 4625 1816 4692 ejus-

202 4709 324 4764 dem
362 4710 463 4764 loci
495 4711 668 4765 abbas
699 4711 800 4765 fuit
821 4713 888 4766 ab
914 4729 1058 4767 anno
1091 4713 1229 4768 1126
1260 4714 1326 4767 ad
1350 4714 1506 4768 1148.
1537 4713 1811 4768 Udalscal-

1914 3535 1993 3578 ro.
2030 3536 2179 3573 num.
2207 3520 2296 3573 83.

1984 3609 2036 3664 3.
2071 3610 2234 3664 Binos
2257 3608 2476 3662 Gerardi
2511 3607 2680 3662 libros
2711 3607 2778 3661 de
2804 3606 2937 3661 Vita:
2968 3613 3021 3661 ct
3048 3607 3323 3662 Miraculis
3361 3609 3521 3663 Udal-

1913 3699 2009 3753 rici
2044 3715 2165 3753 cum
2216 3697 2447 3768 simplici
2479 3697 2616 3767 stylo
2649 3696 2882 3766 scriptos
2910 3695 3134 3766 legisset
3165 3696 3524 3751 Gebchardus

1913 3787 2230 3857 episcopus,
2280 3803 2374 3840 eos
2426 3801 2566 3840 novo
2597 3785 2858 3840 orationis
2911 3800 3114 3858 genere
3147 3785 3395 3854 expolire
3421 3802 3522 3856 ag-

1911 3894 2138 3951 gressus
2189 3886 2289 3943 est,
2323 3878 2397 3933 uti
2427 3878 2542 3947 ipse
2573 3877 2627 3930 in
2683 3876 2911 3948 Prologo
2956 3891 3054 3930 suo
3105 3882 3366 3936 testatur;
3421 3878 3522 3931 scd

1915 3975 2088 4022 morte
2122 3975 2452 4039 praeventus,
2483 3985 2620 4038 opus
2650 3965 2915 4038 perficere
2947 3982 3056 4020 non
3089 3966 3281 4035 potuit.
3326 3965 3447 4020 Fuit
3478 3968 3524 4020 is

1913 4060 1981 4112 ab
2015 4059 2264 4115 Udalrico
2318 4059 2673 4132 Augustensis
2719 4058 3009 4128 (Episcopus
3057 4063 3302 4128 quartus,
3333 4064 3523 4127 utpote

1913 4151 2007 4221 qui
2041 4159 2161 4221 post
2193 4153 2484 4207 Henricum
2519 4151 2753 4206 Udalrici
2786 4165 3178 4214 successorem,
3211 4165 3354 4202 anno
3393 4149 3520 4215 982,

1917 4253 2145 4316 postque
2198 4247 2447 4300 Ethicum
2505 4262 2650 4302 anno
2707 4245 2811 4300 988
2879 4243 3197 4304 exstinctos,
3260 4244 3524 4298 successit

1915 4337 2146 4393 Liutolfo
2196 4346 2316 4406 post
2357 4345 2566 4409 septem
2609 4337 2893 4411 regiminis
2935 4352 3128 4402 annos,
3185 4344 3347 4406 atque
3392 4336 3515 4406 ipse

1915 4442 2060 4481 anno
2111 4434 2232 4497 post
2281 4427 2632 4482 millesimum
2689 4427 2928 4482 secundo
2984 4435 3037 4480 et
3080 4425 3218 4480 vivis
3267 4426 3522 4482 excessit.

1916 4518 2224 4572 Gebehardi
2277 4518 2585 4574 lucubratio
2649 4519 2965 4591 imperfecta
3014 4518 3216 4572 desinit
3249 4517 3304 4570 in
3360 4517 3526 4572 laude

1915 4611 2104 4664 activae
2143 4617 2195 4662 et
2224 4609 2480 4663 theoricar
2511 4609 2748 4665 Udalrici
2804 4612 2924 4665 vitae
2956 4609 3023 4664 ab
3057 4609 3210 4664 initio
3235 4609 3350 4676 ejus
3384 4625 3528 4678 pon-

1917 4702 2171 4757 tiﬁcatus.

202 4815 296 4854 cus
340 4800 477 4853 alter
509 4800 606 4854 fuit
663 4801 957 4872 episcopus
1015 4803 1374 4877 Augustensis
1404 4810 1525 4873 post
1571 4787 1854 4858 mediumi

1985 4793 2036 4846 4.
2074 4790 2238 4844 Paulo
2275 4795 2398 4860 post
2430 4789 2610 4859 ipsum
2646 4792 2822 4847 Berno
2850 4811 2880 4846 a
2923 4792 3266 4855 Fridebaldo,
3302 4806 3530 4845 monas-

201 4887 459 4943 saaculum
515 4889 933 4953 duodecimum;
967 4890 1065 4946 sed
1097 4899 1327 4963 uterque
1377 4892 1539 4964 longe
1580 4891 1647 4944 ab
1676 4904 1808 4944 ano-

201 4980 348 5050 nymi
381 4982 550 5035 nostri
583 4987 762 5037 aetate.
795 4983 944 5037 Hunc
986 4983 1234 5037 ecclesiae
1284 4983 1614 5037 cathedralis
1647 4997 1812 5036 cano-

200 5069 380 5124 nicum
415 5071 686 5125 exstitisse
728 5079 875 5142 patet
915 5088 980 5126 ex
1024 5072 1162 5126 libro
1221 5072 1290 5125 de
1321 5071 1596 5126 Miraculis
1627 5071 1812 5140 (quem

199 5163 363 5218 unius
401 5162 761 5236 ejusdemque
788 5165 1027 5219 auctoris
1060 5181 1181 5220 esse
1213 5164 1489 5234 existimo)
1521 5163 1649 5218 huic
1679 5164 1813 5217 Vita:

198 5252 467 5322 subjecto.
505 5252 659 5316 Nam,
693 5269 812 5324 cap.
853 5254 923 5307 28
956 5253 1122 5308 relato
1165 5253 1401 5324 quodam
1452 5252 1716 5307 miraculo
1748 5252 1816 5305 ad

197 5342 368 5395 sancti
413 5340 651 5396 Udalrici
697 5342 963 5396 tumulum
999 5342 1054 5396 in
1097 5343 1333 5397 ecclesia
1375 5341 1430 5396 S.
1465 5341 1600 5396 Afra:
1629 5348 1814 5412 patra-

197 5435 272 5496 to,
305 5429 462 5486 addit
494 5431 694 5485 exinde
725 5447 1050 5487 concursum
1085 5432 1272 5502 populi
1307 5431 1504 5485 factum
1532 5433 1585 5485 in
1620 5430 1819 5501 princi-

195 5539 317 5593 pem
382 5538 478 5576 seu
555 5522 926 5593 episcopalem
994 5523 1284 5579 ecclesiam
1342 5523 1554 5576 Sanctae
1614 5522 1814 5576 lliarize.

197 5637 222 5659 ιι
268 5614 405 5668 Inde
437 5611 492 5666 in
521 5611 816 5673 civitatem,
849 5612 1048 5682 inquit,
1074 5613 1141 5666 ad
1164 5610 1449 5666 ecclesiam
1477 5611 1689 5663 Sancta)
1711 5608 1817 5662 Ma-

498 5763 796 5823 PA'I‘ROL.
853 5761 1186 5822 CXXXV.

1913 4879 2033 4934 terii
2066 4880 2277 4932 Sancta
2326 4877 2465 4931 Afrm
2492 4879 2638 4947 apud
2667 4880 2962 4954 Augustam
2993 4881 3400 4936 Vindelicorum
3435 4879 3536 4932 ah-

1914 4972 2039 5026 bate
2072 4979 2267 5042 quarto
2299 4976 2542 5042 ragatus,
2576 4972 2837 5042 anonymi
2868 4973 3222 5042 scriptionem
3256 4972 3360 5026 alia
3403 4971 3534 5026 item

1918 5061 2086 5117 forma
2124 5058 2492 5115 exornandam
2548 5059 2813 5127 suscepit,
2856 5059 3024 5129 idque
3061 5078 3118 5115 re
3153 5077 3278 5116 vera
3308 5077 3538 5115 exsecu-

1917 5165 2004 5211 tus
2059 5163 2139 5209 cst
2190 5159 2315 5207 ante
2359 5167 2561 5205 annum
2621 5151 2780 5216 1030,
2824 5152 2918 5222 qui
2952 5151 3264 5207 Fridebaldi
3323 5154 3539 5209 abbatis

1918 5259 2207 5316 supremus
2285 5241 2403 5296 fuit.
2463 5243 2535 5295 De
2595 5240 2843 5294 Bernone
2910 5240 3250 5295 Hermannus
3311 5244 3378 5298 ad
3439 5261 3540 5298 an—

1921 5350 2051 5388 num
2100 5333 2220 5388 108.
2262 5345 2309 5382 ἀ
2363 5331 2486 5401 Ipso
2561 5345 2724 5390 anno.
2785 5329 2982 5400 inquit,
3069 5329 3360 5386 lleinricus
3418 5350 3537 5402 rex,

1920 5425 2138 5498 cognita
2166 5423 2387 5478 tandem
2413 5430 2536 5493 post
2560 5422 2698 5476 duos
2726 5437 2901 5476 annos
2934 5420 3193 5474 Immonis
3235 5423 3537 5478 crudelita-

1921 5523 1995 5582 te,
2040 5523 2254 5570 remoto
2286 5531 2375 5583 eo,
2413 5516 2741 5580 Bernonem,
2771 5514 2944 5568 virum
2987 5513 3229 5577 doctum,
3265 5520 3318 5566 et
3358 5515 3539 5582 primo

1923 5607 2298 5662 Prumiensem
2346 5609 2698 5673 monachum,
2730 5608 2915 5678 Augiaa
2954 5603 3233 5662 constituit
3256 5603 3539 5680 abbatem.

3162 5756 3244 5820 32
