3978 6214
484 264 625 320 1003

1567 260 1623 313 S.
1668 258 1968 313 UDALRICI
2011 258 2379 314 AUGUSTANI
2423 259 2737 314 EPISCOPI.

3675 265 3813 321 1004

481 398 574 468 qui
608 402 883 468 gratanter
917 400 1224 463 susceptus,
1248 391 1440 446 fratres
1470 391 1754 461 dispersos
1785 391 2088 464 recollegit,
2116 396 2170 463 Α
2264 391 2316 453 6,
2355 390 2639 445 Udalricus
2686 390 2939 461 quaedam
2985 398 3112 444 ante
3169 390 3545 462 pontificatum
3586 396 3757 468 gessit
3782 412 3812 450 a

480 498 534 545 et
563 507 594 544 a
618 488 900 543 Lamberto
931 485 1330 542 Constantiensi
1353 485 1616 555 episc0po
1641 484 1810 538 abbas
1840 483 2089 551 ejusdem

481 578 584 633 loci
625 578 919 632 vicesimus
969 591 1149 631 nonus
1176 583 1549 637 consecratus,
1610 590 1809 647 magna
1856 573 2091 643 insignis

477 667 707 722 scientia
730 668 1041 738 pietateque
1066 662 1832 736 praefuitaunisquadraginta
1872 683 1896 713 η
1945 662 2091 717 Obiit

476 776 622 815 anno
653 760 810 815 1048.
843 760 967 828 Ejus
997 758 1237 829 elogium
1265 757 1400 811 alias
1430 758 1538 811 Deo
1566 756 1731 810 dante
1763 755 2081 811 referemus.

479 854 548 907 Ex
586 853 671 907 his
719 852 896 906 tribus
941 850 1259 906 auctoribus
1301 866 1470 904 unum
1518 849 1605 903 hic
1632 849 1846 911 damus,
1891 848 2086 902 Gerar-

475 944 627 1009 dum,
652 950 942 1014 pr0pterea
959 943 1105 1013 quod
1132 958 1193 996 ex
1226 940 1348 995 aliis
1365 941 1500 995 nihil
1528 939 1644 995 fere
1663 940 1805 995 scitu
1832 939 2083 1013 dignum,

475 1032 621 1103 quod
654 1032 721 1086 ab
747 1033 867 1101 ipso
902 1046 1009 1084 non
1040 1030 1374 1100 acceperint,
1405 1030 1621 1083 discere
1651 1028 1830 1083 liceat.
1866 1029 2086 1099 Anony-

471 1126 544 1179 mi
578 1138 760 1195 porro,
793 1122 844 1175 id
876 1130 958 1174 est
979 1119 1224 1183 Gerardi,
1256 1118 1647 1173 commentatio
1681 1118 1914 1187 primum
1940 1118 2085 1189 typis

473 1234 670 1273 excusa
728 1225 809 1269 est
856 1230 919 1267 ac
966 1213 1110 1266 notis
1150 1212 1414 1265 illustrata
1467 1209 1535 1263 ab
1576 1209 1925 1264 ornatissimo
1964 1208 2079 1263 viro

470 1313 647 1366 Marco
676 1310 895 1363 Velsero
933 1309 1183 1379 Augustae
1216 1304 1621 1359 Vindelicorum
1655 1319 1801 1358 anno
1828 1302 1987 1369 1595,
2012 1318 2077 1357 ex

469 1417 577 1472 quo
600 1404 920 1469 sequentem
941 1395 1243 1449 editionem
1276 1391 1681 1446 adornavimus.

538 1492 592 1543 5.
627 1488 756 1551 Sed,
815 1495 1109 1556 antequam
1155 1499 1273 1536 eam
1308 1481 1687 1545 exhibeamus,
1735 1480 1985 1552 quaedam
2019 1479 2073 1533 in

465 1592 810 1640 antecessum
840 1582 907 1637 ad
939 1582 1059 1649 ejus
1103 1579 1523 1633 illustrationem
1559 1578 1887 1650 promittere
1923 1577 2076 1645 juvat

464 1688 518 1734 et
550 1679 727 1751 primo
757 1677 980 1749 quidem
1030 1672 1419 1744 inquirendum
1452 1688 1520 1725 an
1566 1671 1867 1725 monachus
1908 1669 2075 1723 fuerit

464 1770 766 1834 Udalricus,
817 1784 979 1839 quem
1021 1766 1110 1819 alii
1163 1763 1511 1818 Vodalricum
1558 1778 1656 1816 seu
1713 1759 2069 1825 Otlialricum,

460 1862 550 1916 alii
583 1859 881 1914 Wolricum
908 1855 1209 1926 appellant.
1244 1852 1567 1907 Monachum
1601 1858 1729 1904 ante
1779 1850 2070 1921 episcopa-

460 1964 571 2011 tum
618 1954 790 2009 fuisse
822 1958 1025 2025 negant
1064 1957 1316 2004 auctores
1346 1947 1477 2002 Vitae
1524 1955 1727 2000 sanctae
1761 1944 2069 2000 Wiboradae

458 2046 603 2117 apud
638 2046 693 2101 S.
722 2044 931 2098 Gallum
964 2040 1188 2094 reclusae
1239 2037 1351 2103 cui,
1384 2052 1504 2091 cum
1536 2052 1696 2089 suum
1726 2035 1794 2089 de
1828 2034 2071 2090 ineunda

460 2135 761 2191 monastica
802 2130 1141 2204 professione
1168 2126 1459 2182 consilium
1492 2124 1819 2196 aperuisset,
1850 2123 1998 2178 aliud
2038 2138 2069 2177 a

461 2227 567 2280 Deo
596 2230 856 2279 statutum
888 2222 957 2274 dc
1001 2220 1123 2290 ipso
1164 2216 1331 2271 fuisse
1359 2213 1708 2289 significavit,
1757 2230 1957 2284 nempe
1987 2212 2071 2267 fu-

457 2327 636 2372 turum
680 2316 1005 2386 episc0pum
1047 2309 1299 2364 Ecclesiae
1340 2307 1717 2382 Augustensis,
1752 2313 1807 2361 ut
1853 2306 1908 2359 in
1950 2306 2071 2374 ejus

457 2406 601 2461 Actis
643 2402 900 2475 superius
943 2400 1009 2455 ad
1040 2414 1243 2453 annum
1293 2395 1417 2450 925.
1478 2395 1582 2450 Sed
1614 2402 1775 2449 antea
1820 2395 2069 2463 ejusdem

454 2494 702 2551 ecclesia
758 2490 1084 2548 canonicum
1145 2487 1315 2542 fuisse
1371 2486 1527 2539 testis
1582 2490 1666 2537 est
1716 2483 2069 2538 Ekkehardus

447 2590 637 2658 junior
668 2586 724 2641 in
767 2586 888 2641 loco
939 2598 1062 2638 mox
1102 2581 1288 2635 citato.
1342 2578 1450 2633 Etsi
1497 2592 1625 2632 vero
1668 2575 1917 2631 Udalrico
1944 2592 2067 2630 esse

453 2681 726 2736 monacho
756 2694 866 2732 non
900 2675 1074 2737 licuit,
1107 2680 1259 2727 veste
1291 2678 1473 2725 tamen
1512 2668 1817 2723 monastica
1847 2667 2069 2737 episco-

453 2792 554 2847 pus
584 2792 716 2829 usus
746 2781 848 2838 est,
882 2771 1152 2833 addictus,
1177 2776 1450 2839 quatenus
1467 2764 1800 2835 episcopalis
1826 2764 2066 2837 dignitas

448 2865 680 2928 ferebat,
712 2862 885 2917 sancti
924 2856 1205 2914 Benedicti
1256 2855 1481 2929 regulae,
1513 2854 1670 2921 cujus
1700 2853 1975 2907 elementa
2007 2852 2062 2906 in

447 2956 621 3009 sancti
652 2954 782 3007 Galli
816 2950 1148 3007 monasterio
1183 2946 1445 3002 educatus
1471 2943 1757 2998 didicerat.
1794 2944 1883 2998 Sic
1913 2943 2059 2998 enim

448 3046 721 3101 Gerardus
744 3045 988 3116 loquitur
1017 3059 1168 3096 num.
1209 3042 1310 3094 17:
1358 3062 1381 3090 α
1425 3040 1656 3110 Semper
1690 3038 1798 3092 cuti
1843 3053 1955 3091 sum
1986 3037 2065 3091 la-

448 3152 612 3191 neum
644 3150 932 3206 apponens
970 3131 1378 3195 vestimentum,
1429 3136 1483 3184 et
1538 3129 1778 3201 regulam
1822 3142 2065 3198 sequens

447 3225 861 3280 monachorum.
910 3246 932 3266 ι·
980 3223 1154 3275 Bcrno
1178 3220 1328 3275 addit
1350 3236 1477 3273 eum
1494 3235 1526 3273 a
1547 3218 1805 3274 carnibus
1828 3217 2062 3288 perinde

445 3316 798 3373 abstinuisse.
850 3313 985 3378 Quia
1034 3327 1164 3366 vero
1216 3326 1467 3365 severum
1507 3310 1622 3365 suis
1676 3309 1956 3363 silentium
1990 3308 2060 3361 de

447 3418 607 3467 nocte
638 3408 940 3481 praescribit
970 3414 1193 3461 sanctus
1250 3404 1599 3471 Benedictus,
1650 3403 1704 3457 id
1736 3403 1969 3458 maxime
2004 3403 2060 3457 in

445 3501 876 3577 Quadragesima
913 3499 1243 3554 servandum
1274 3496 1378 3551 sibi
1415 3496 1700 3568 proposuit
1738 3494 2058 3565 Udalricus)

445 3609 555 3666 quo
585 3600 831 3663 tempore
876 3611 897 3640 ι
939 3605 1103 3645 omne
1131 3586 1491 3658 colloquium,
1529 3585 1636 3640 nisi
1688 3601 1811 3639 cum
1854 3585 1966 3639 Deo
2006 3593 2061 3640 et

442 3682 667 3748 sanctis,
721 3696 895 3751 usque
938 3679 1005 3734 ad
1057 3677 1287 3732 alterius
1337 3676 1449 3730 diei
1490 3675 1721 3746 primam
1778 3683 2053 3745 peractam

441 3774 668 3829 omnino
684 3771 961 3828 devitavit.
1006 3792 1035 3821 α
1080 3770 1348 3841 Denique,
1373 3784 1497 3823 cum
1517 3768 1851 3839 episcopalis
1866 3766 2056 3821 oneris

440 3862 711 3918 sarcinam
747 3862 802 3916 in
830 3860 1228 3914 Adalberonem
1261 3864 1519 3927 nepotem
1551 3872 1711 3912 suum
1736 3856 1839 3910 sub
1880 3863 2058 3911 extre-

441 3971 588 4009 mum
620 3955 744 4009 vitae
786 3968 898 4009 suae
946 3961 1162 4021 tempus
1200 3950 1429 4018 rejicere
1469 3949 1655 4004 animo
1695 3948 2048 4014 destinasset,

441 4075 463 4093 -
507 4048 804 4118 episcopus
845 4044 1170 4099 indumento
1201 4059 1352 4099 more
1384 4044 1782 4099 monachorum
1810 4043 2048 4100 formato

436 4137 786 4200 induebatur,
818 4150 1049 4206 quorum
1080 4143 1243 4189 antea
1269 4133 1514 4208 regulam
1566 4133 1908 4189 multimodis
1938 4135 2052 4190 vir—

434 4228 646 4284 tutibus
684 4228 842 4299 sequi
870 4233 1250 4289 consueverat,
1295 4247 1320 4277 ιι
1362 4225 1505 4296 apud
1552 4225 1852 4282 Gerardum
1895 4244 2047 4282 num.

432 4318 523 4372 62.
558 4317 618 4371 Et
647 4318 703 4371 in
743 4317 956 4388 synodo
1006 4313 1434 4389 lngelheimensi
1478 4314 1718 4370 Gerardo
1762 4316 2050 4387 capellano

434 4421 536 4461 suo
581 4406 745 4475 jussit
778 4404 1069 4460 consilium
1103 4419 1262 4457 suum
1316 4404 1385 4458 de
1425 4402 1790 4474 relinquendo
1846 4405 2049 4460 smculo

434 4512 735 4567 exponere.
767 4493 920 4560 Quod
953 4494 1071 4563 ipse
1122 4492 1392 4548 Gerardus
1442 4492 1689 4563 praestitit
1718 4493 1803 4547 his
1832 4492 2050 4548 verbis:

434 4616 462 4642 α
515 4588 970 4645 Excellentissimi
1032 4590 1395 4660 imperatores
1451 4598 1506 4643 et
1567 4587 1914 4661 religiossimi
1959 4606 2053 4644 an-

433 4684 652 4751 tistites,
686 4682 1021 4739 desiderium
1039 4680 1248 4737 domini
1278 4681 1387 4735 mei
1416 4687 1500 4735 est
1531 4680 1849 4751 relinquere
1876 4697 2051 4737 saecu-

431 4776 566 4843 lum,
599 4782 653 4831 et
677 4774 981 4831 secundum
1008 4771 1252 4847 regulam
1283 4771 1458 4827 sancti
1492 4771 1775 4827 Benedicti
1802 4778 2049 4827 sanctam

431 4871 572 4927 inire
604 4872 794 4937 vitam,
836 4878 891 4924 et
942 4869 998 4923 in
1030 4864 1460 4938 contemplativa
1489 4866 1600 4921 vita
1638 4866 1785 4921 diem
1817 4882 2052 4938 exspec-

430 4972 545 5019 tare
574 4962 760 5019 obitus
787 4961 891 5016 sui.
928 4961 987 5014 In
1020 4958 1349 5014 indumento
1382 4974 1480 5029 pro
1516 4965 1666 5013 certo
1705 4958 1928 5013 habitus
1954 4975 2050 5014 ex-

428 5055 647 5111 terioris
678 5052 910 5125 potestis
939 5067 1276 5128 cognoscere
1306 5050 1644 5106 voluntatem
1692 5049 1862 5104 animi
1903 5049 2046 5105 inte-

426 5148 604 5204 rioris.
649 5167 673 5198 n
719 5148 800 5201 lta
829 5146 1101 5202 Gerardus
1131 5163 1282 5201 num.
1337 5145 1422 5202 63.
1458 5144 1574 5200 Non
1604 5144 1781 5199 visum
1833 5151 1916 5198 est
1946 5143 2048 5199 Pa-

424 5237 600 5293 tribus
622 5235 876 5291 Udalrico
905 5236 960 5290 id
994 5236 1179 5301 licere,
1212 5235 1313 5289 sed
1343 5240 1528 5289 tamen
1560 5232 1617 5287 in
1648 5232 1838 5287 habitu
1872 5232 2044 5287 semel

423 5335 684 5398 suscepto
716 5326 895 5396 ipsum
924 5326 1233 5382 decessisse
1260 5327 1385 5396 jure
1411 5322 1686 5381 afﬁrmare
1719 5339 2043 5394 possumus;

420 5425 586 5489 atque
611 5415 755 5470 adeo
783 5429 893 5468 non
926 5415 1201 5471 immerito
1231 5432 1357 5470 eum
1389 5414 1534 5480 inter
1564 5419 1781 5469 nostros
1811 5427 2044 5482 compu-

421 5513 603 5560 tamus
660 5500 996 5556 Trithemius
1047 5500 1103 5555 in
1147 5502 1380 5558 Historia
1419 5500 1792 5575 Hirsaugiensi
1845 5500 2044 5555 asserit

416 5609 544 5648 eum
576 5592 634 5644 in
669 5588 924 5645 coenobio
963 5591 1174 5646 Sanctae
1212 5593 1352 5647 Afrae
1377 5593 1447 5647 ab
1477 5593 1677 5648 eodem
1721 5597 2041 5649 constructo

412 5673 757 5732 monachum
790 5670 992 5729 factum
1022 5672 1190 5729 fuisse
1220 5684 1347 5730 ante
1373 5678 1602 5732 obitum.

2072 4453 2122 4519 Ι)

2193 484 2367 539 tribus
2425 484 2745 539 auctoribus
2810 483 3037 549 omissa,
3108 501 3229 555 quae
3286 486 3374 539 hic
3425 489 3810 556 praemittenda

2189 581 2315 626 sunt
2347 587 2410 626 ex
2436 572 2740 625 Ekkehardi
2773 587 2893 641 cap.
2918 571 2980 625 5:
3031 594 3048 618 ι
3097 571 3170 625 De
3195 582 3386 628 sancto
3416 575 3668 632 Udalrico
3704 593 3805 631 au-

2191 665 2298 712 tem
2355 660 2592 730 qualiter
2631 659 2915 713 nobiscum
2965 660 3159 734 egerit,
3200 661 3344 715 dicta
3386 663 3600 717 Patrum
3660 680 3809 735 quae-

2187 749 2312 803 dam
2349 750 2676 816 audivimus,
2710 766 2832 821 quae
2862 750 3088 821 quidem
3124 751 3180 804 in
3210 752 3320 806 vita
3358 753 3479 820 ejus
3508 755 3591 808 vel
3644 758 3806 813 tertio

2180 839 2292 908 jam
2319 840 2522 911 scripta
2551 856 2662 895 non
2696 840 3026 896 invenimus.
3076 841 3151 895 De
3180 843 3466 897 nobilibus
3496 845 3647 899 enim
3695 848 3802 911 ille,

2186 942 2243 987 ut
2271 942 2325 988 et
2360 934 2428 988 ab
2457 935 2581 988 aliis
2604 934 2716 1003 jam
2746 935 2951 989 dictum
2985 944 3091 999 est,
3124 944 3307 1006 natus,
3353 938 3501 1008 apud
3535 949 3804 994 nostrates

2186 1028 2451 1082 educatus
2490 1036 2640 1083 estet
2670 1028 2883 1083 doctus.
2923 1029 3016 1083 llic
3046 1030 3212 1097 viam,
3245 1048 3352 1102 qua
3375 1033 3430 1086 in
3469 1032 3643 1088 caelos
3662 1034 3805 1091 vola-

2186 1116 2279 1181 vit,
2303 1117 2593 1171 subvolare
2625 1117 2850 1175 didicit:
2883 1117 2972 1171 hic
3004 1118 3299 1174 virtutibus
3330 1137 3467 1192 quas
3497 1137 3646 1177 nunc
3669 1137 3803 1193 Ope-

2183 1218 2331 1263 ratur
2360 1210 2684 1279 praeludium
2728 1210 2875 1264 fecit.
2928 1210 3253 1266 Sanctorum
3290 1213 3438 1267 enim
3491 1223 3800 1269 nostrorum

2181 1302 2314 1356 Galli
2338 1311 2390 1356 et
2420 1304 2643 1369 Otmari,
2674 1320 2812 1376 quos
2844 1306 3107 1375 puerulus
3139 1313 3326 1377 patres
3358 1308 3548 1383 elegit,
3588 1325 3651 1363 se
3684 1325 3802 1365 mo-

2182 1398 2373 1451 nachis
2391 1400 2634 1469 jungens
2651 1417 2773 1455 cum
2798 1401 3003 1456 sanctis
3026 1403 3404 1459 sanctissimus
3421 1415 3617 1461 etcum
3650 1406 3801 1462 elec-

2179 1489 2247 1543 tis
2278 1491 2586 1565 ingreditur
2613 1493 3000 1548 elrctissimus.
3038 1495 3354 1551 Hartmanni
3383 1498 3530 1551 enim
3560 1498 3801 1568 junioris

2177 1583 2482 1655 discipulus
2516 1585 2703 1641 divina
2732 1604 2844 1657 prae
2868 1588 3130 1643 omnibus
3159 1590 3364 1661 Spiritu
3394 1600 3586 1647 sancto
3617 1593 3800 1663 preli-

2102 1722 2151 1789 B
2178 1677 2335 1732 batus
2376 1679 2577 1734 hausit.
2623 1681 2679 1735 In
2713 1681 3001 1738 refectorio
3042 1700 3224 1739 coram
3269 1686 3537 1756 patribus,
3586 1688 3682 1742 ubi
3714 1689 3799 1742 vel

2176 1769 2229 1823 in
2287 1777 2493 1840 puncto
2527 1787 2756 1842 peccare
2797 1774 3031 1844 capitale
3087 1784 3223 1843 erat,
3270 1776 3443 1832 lector
3494 1777 3801 1834 inoffensus

2170 1860 2364 1914 creber
2401 1870 2535 1927 erat,
2588 1866 2837 1935 quamvis
2892 1867 3193 1923 canonicus
3278 1868 3433 1934 Quod
3477 1878 3659 1925 tamen
3719 1871 3796 1925 illi

2172 1953 2582 2024 progenitorum
2631 1972 2854 2010 suorum
2896 1957 3167 2013 indultum
3200 1966 3284 2013 est
3335 1960 3510 2033 gratia
3541 1961 3799 2017 Widora-

2170 2041 2294 2095 dam
2350 2042 2637 2110 inclusam,
2671 2045 2932 2099 coaevulis
2980 2062 3037 2101 se
3086 2046 3310 2102 licentia
3351 2048 3478 2104 data
3516 2050 3584 2104 ad
3634 2050 3798 2106 ludos

2172 2135 2511 2203 parantibus,
2543 2135 2751 2191 feriatis
2790 2138 2989 2193 diebus
3041 2140 3221 2196 furtim
3254 2142 3477 2198 visitare
3509 2144 3794 2209 assolitus,

2171 2227 2371 2283 divinis
2393 2230 2461 2283 ab
2494 2230 2584 2284 illa
2616 2230 2892 2287 interdum
2924 2233 3110 2289 verbis
3150 2242 3205 2290 et
3244 2237 3509 2308 exemplis
3544 2238 3788 2295 instruc-

2172 2329 2258 2374 tus
2285 2331 2367 2375 est
2423 2322 2639 2395 paginis
2712 2324 2842 2378 Nam
2879 2326 3115 2396 quadam
3148 2327 3238 2381 die
3296 2344 3418 2383 cum
3462 2330 3612 2385 illum
3664 2338 3793 2386 ante

2172 2411 2513 2468 fenestellam
2546 2415 2809 2471 clausulae
2850 2425 3087 2473 stantem
3122 2419 3404 2477 levissimo
3434 2423 3648 2479 videret
3668 2424 3793 2479 cin-

2171 2503 2301 2572 gulo
2336 2506 2713 2574 praecinctum,
2748 2507 2816 2563 de
2844 2524 2944 2564 suo
2974 2510 3024 2564 ei
3060 2520 3308 2581 paratum
3341 2512 3599 2580 offerens,
3633 2517 3795 2571 casti-

2171 2593 2317 2660 tatis,
2371 2594 2548 2667 inquit
2589 2595 2663 2650 fili
2729 2597 2826 2663 mi,
2879 2598 2976 2653 tibi
3045 2601 3326 2676 cingulum
3387 2604 3491 2658 hoc
3564 2604 3788 2660 laneum

2170 2699 2351 2737 meum
2379 2700 2409 2737 a
2442 2684 2550 2739 Deo
2583 2686 2791 2757 accipe,
2821 2688 3291 2762 continentiaque
3321 2692 3581 2762 stropheo
3610 2694 3684 2756 (id
3709 2702 3791 2749 est

2168 2774 2389 2846 cingulo
2419 2775 2692 2848 virginali)
2734 2778 2802 2832 ab
2836 2780 2938 2835 hac
2975 2779 3241 2851 deinceps
3271 2782 3361 2837 die
3393 2798 3494 2853 per
3524 2783 3787 2840 Wibora-

2166 2866 2290 2920 dam
2344 2874 2492 2922 tuam
2537 2878 2591 2923 te
2638 2871 2991 2940 praecinctum
3041 2880 3317 2929 memento
3399 2874 3537 2930 Cave
3577 2884 3789 2942 autem,

2166 2974 2253 3012 me
2281 2957 2379 3012 tibi
2434 2976 2462 3013 a
2519 2960 2747 3015 Domino
2795 2977 2919 3017 meo
2964 2963 3203 3018 edictum
3260 2964 3493 3030 ferente,
3528 2982 3597 3021 ne
3655 2966 3789 3020 ullis

2167 3046 2369 3101 abhinc
2398 3049 2692 3120 colloquiis
2721 3051 2876 3105 vanis
2924 3052 3265 3109 mulierculis
3303 3055 3617 3122 miscearis;
3664 3056 3789 3120 etsi,

2129 3131 2142 3153 ⁸
2167 3146 2225 3193 ut
2282 3138 2541 3195 facillime
2592 3140 2671 3207 fit,
2711 3141 2899 3213 aliquo
2929 3144 3114 3199 carnis
3154 3145 3280 3216 igne
3312 3146 3575 3201 incensus
3599 3146 3790 3213 fueris,

2163 3226 2285 3282 loco
2316 3228 2369 3282 in
2402 3244 2511 3300 quo
2535 3228 2706 3283 fueris
2729 3237 2956 3295 mutato,
2983 3235 3136 3298 Deus,
3163 3237 3223 3287 in
3244 3235 3589 3303 adjutorium
3610 3252 3787 3291 meum

2159 3321 2415 3385 intende;
2464 3323 2707 3386 Domine,
2745 3323 2822 3376 ad
2862 3323 3237 3393 adjuvandum
3264 3342 3348 3381 me
3387 3329 3614 3395 festina,
3655 3344 3783 3383 mox

2161 3409 2484 3465 cantaveris.
2516 3410 2607 3464 Sin
2657 3418 2838 3465 autem
2869 3411 2950 3466 sic
2981 3428 3169 3482 pacem
3230 3414 3417 3485 aliquo
3469 3415 3579 3471 alio
3627 3416 3786 3489 lapsu

2164 3505 2254 3554 tuo
2284 3506 2502 3554 vetante
2525 3516 2635 3554 non
2667 3499 2944 3566 habueris,
2973 3501 3225 3556 titionem
3249 3518 3346 3557 seu
3374 3504 3662 3559 candelam
3696 3522 3789 3561 ar-

2160 3591 2407 3656 dentem,
2455 3592 2610 3663 quasi
2660 3592 2810 3646 aliud
2840 3592 3049 3663 aliquid
3104 3609 3254 3663 agas,
3307 3611 3584 3666 quaerens,
3636 3599 3786 3673 digi-

2161 3689 2273 3737 tum
2303 3682 2387 3737 vel
2418 3682 2615 3737 leviter
2631 3684 2823 3749 adure,
2857 3685 3165 3755 eodemque
3188 3701 3346 3741 versu
3378 3686 3528 3743 dicto
3551 3704 3787 3745 securus

2159 3770 2287 3825 eris.
2338 3771 2425 3825 Sic
2475 3771 2735 3845 magistra
2767 3774 3074 3843 praedurata
3103 3773 3435 3844 discipulum
3496 3778 3787 3833 sanctissi-

2157 3881 2303 3919 mum
2349 3864 2617 3933 futurum,
2651 3873 2711 3922 ut
2770 3867 2891 3937 ipse
2944 3867 3194 3937 patribus
3251 3870 3530 3937 narrabat,
3588 3880 3784 3929 contra

2155 3955 2340 4029 ignem
2385 3958 2512 4030 igne
2593 3958 3016 4029 praeduraverat.
3100 3959 3259 4014 Multa
3321 3969 3451 4016 sunt
3503 3979 3629 4035 quae
3712 3966 3783 4020 de

2154 4045 2404 4101 doctrina
2462 4046 2694 4102 nutricis
2763 4062 2878 4102 suae
2935 4047 3031 4115 (sic
3109 4048 3258 4103 enim
3320 4050 3486 4104 etiam
3560 4053 3785 4109 vetulus

2153 4149 2273 4188 eam
2304 4136 2590 4189 nominare
2640 4134 2873 4204 solebat)
2907 4134 3155 4205 patribus
3204 4137 3294 4191 ille
3338 4138 3575 4200 dixerat,
3628 4156 3781 4211 quae,

2153 4225 2280 4297 quia
2318 4233 2535 4280 austera
2570 4226 2738 4295 hujus
2789 4226 3057 4296 temporis
3087 4227 3292 4282 sanctis
3340 4228 3513 4283 videri
3545 4242 3785 4301 possunt

2153 4320 2208 4367 et
2237 4313 2622 4383 impossibilia,
2655 4329 2725 4368 ne
2748 4314 2882 4386 quid
2908 4314 2989 4369 eis
3014 4315 3661 4387 suboleatpraeterimus.
3698 4322 3776 4377 De

2151 4400 2330 4456 cilicio
2359 4401 2544 4466 etiam,
2574 4417 2684 4473 quo
2716 4402 2837 4472 ipsa
2862 4402 3134 4469 utebatur,
3162 4405 3319 4472 cujus
3352 4404 3521 4459 hodie
3553 4409 3780 4477 asperi-

2154 4500 2316 4547 tatem
2343 4508 2441 4562 pro
2464 4492 2713 4563 reliquiis
2751 4493 2805 4547 id
2838 4494 3110 4549 habentes
3143 4494 3536 4561 horrescimus,
3571 4497 3780 4567 pulvil—

2151 4580 2324 4635 lulum
2354 4579 2468 4635 ﬁlio
2499 4597 2623 4648 suo,
2654 4590 2714 4636 ut
2742 4587 2795 4634 et
2834 4581 2955 4651 ipsa
2980 4597 3107 4636 eum
3140 4582 3482 4649 nominabat,
3514 4584 3571 4638 in
3601 4585 3775 4642 absti-

2151 4676 2353 4732 nentiae
2390 4676 2590 4732 diebus
2634 4676 2901 4731 utendum
2933 4683 3304 4742 connexerat;
3355 4677 3503 4748 quod
3531 4677 3777 4735 interdiu

2152 4768 2206 4823 in
2243 4769 2370 4824 sinu
2404 4775 2645 4843 gestans,
2676 4768 2933 4823 noctibus
2960 4768 3053 4822 ille
3083 4768 3319 4823 maxillis
3346 4768 3531 4838 lapide
3558 4786 3772 4842 suppo-

2148 4860 2254 4914 sito
2275 4865 2465 4930 aptare
2483 4858 2714 4914 solebat.
2747 4858 2860 4912 Tali
2908 4858 2999 4913 ille
3029 4857 3370 4913 lectisternio
3417 4874 3516 4928 pro
3547 4860 3777 4917 deliciis

2148 4963 2322 5020 usque
2359 4963 2544 5003 coram
2576 4948 2756 5017 ianuis
2793 4947 3041 5002 ecclesiae
3088 4955 3489 5002 nocturnorum
3522 4949 3774 5005 sonitum

2147 5046 2239 5094 aut
2270 5040 2327 5093 in
2355 5038 2539 5105 sedili,
2584 5045 2679 5093 aut
2718 5039 2866 5092 nuda
2897 5037 3124 5109 quidem
3150 5045 3470 5108 exspectare
3501 5044 3652 5094 terra
3674 5056 3773 5096 so-

2148 5131 2314 5186 lebat.
2358 5132 2448 5185 His
2472 5138 2527 5185 et
2565 5131 2687 5185 aliis
2727 5129 3001 5184 similibus
3033 5145 3161 5185 eum
3219 5146 3251 5184 a
3305 5129 3546 5200 pueritia
3575 5146 3773 5189 assue—

2145 5230 2412 5289 scentem,
2435 5237 2560 5278 cum
2590 5231 2645 5277 et
2674 5221 3002 5277 feminarum
3031 5221 3272 5292 alloquia
3308 5229 3363 5277 et
3393 5221 3556 5277 solita
3585 5224 3770 5280 socio-

2147 5330 2265 5369 rum
2308 5312 2591 5388 fugitasset
2638 5312 2868 5377 ludicra,
2919 5312 3231 5367 sanctulum
3284 5311 3439 5366 illum
3498 5312 3769 5369 derisorie

2140 5406 2255 5474 jam
2281 5405 2351 5460 ab
2382 5406 2513 5460 inde
2542 5411 2832 5476 coeperunt
2871 5404 3230 5460 vocitare.....
3274 5403 3546 5476 Figuratis
3577 5416 3633 5459 et
3679 5405 3768 5459 iu-

2144 5494 2359 5550 terdum
2412 5493 2575 5548 etiam
2607 5492 2775 5547 risum
2824 5492 3199 5558 moventibus,
3233 5506 3343 5547 non
3398 5500 3583 5546 tamen
3616 5492 3766 5548 falsis

2142 5594 2198 5642 et
2244 5584 2526 5652 inanibus,
2579 5584 2777 5641 crebro
2829 5599 2966 5638 usus
3042 5592 3135 5639 est
3180 5581 3456 5639 verbis...
3517 5586 3763 5656 ldipsum

2141 5678 2304 5733 etiam
2338 5676 2443 5731 sibi
2492 5690 2593 5745 pro
2633 5676 2943 5734 reverentia
2995 5675 3102 5743 sui,
3153 5682 3215 5731 ut
3249 5675 3410 5731 nobis
3456 5678 3764 5734 canonicus
