3996 6232
366 365 482 431 187

1379 369 1715 432 ATTONIS
1761 366 2350 458 VERCELLENSIS
2395 365 2747 430 EPISCOPI

3659 360 3780 426 188

365 517 460 558 res
491 501 562 557 ad
594 502 810 559 bonum
843 519 971 560 esse
991 501 1296 571 deberetis,
1321 520 1497 575 quam
1529 504 1600 558 ad
1635 503 1854 559 malum
1884 503 2008 556 fue-
2040 504 2092 567 Α
2125 500 2245 556 rius
2277 501 2356 555 ait
2389 517 2402 554 :
2437 501 2604 556 libere
2632 501 2820 571 fuistis
2847 499 3095 566 iustitia,
3127 513 3284 554 nunc
3312 511 3448 552 vero
3478 495 3714 553 liberati
3742 513 3778 553 a

369 591 538 659 ritis;
573 593 672 648 sed
705 593 1357 665 propterinﬁrmitatem
1387 601 1590 648 vestrae
1622 593 1814 647 caruis
1845 608 2008 662 ecqua

369 681 600 752 requiro
651 700 664 738 :
713 684 769 736 id
816 688 923 748 est,
974 684 1122 739 Sicut
1165 683 1491 737 cxhibuistis
1542 683 1784 736 membra
1832 685 2009 734 vestra

365 773 571 826 servire
617 772 989 828 immunditiae
1016 772 1161 842 (223)
1201 771 1268 826 ad
1315 773 1702 842 iniquitatem;
1753 773 1829 824 ita
1861 783 2011 824 nunc

366 860 615 915 exhibete
642 862 888 917 membra
914 870 1093 916 vestra
1121 862 1327 915 servire
1345 861 1581 930 justitiaz
1611 863 1670 913 in
1697 860 2005 928 sanctiﬁca-

365 949 590 1003 tionem.
625 950 796 1004 Verbi
845 950 1050 1020 gratia,
1084 949 1238 1002 sicut
1269 949 1519 1019 prompti
1571 949 1805 1003 fuerunt
1855 946 2006 1001 oculi

366 1038 540 1092 vestri
594 1039 662 1092 ad
718 1037 1272 1108 concupiscendum,
1307 1039 1387 1091 ita
1429 1038 1547 1092 sint
1593 1038 1665 1092 ad
1715 1036 2005 1090 miseran-

363 1126 522 1180 dum.
557 1126 648 1180 Sic
675 1131 730 1181 et
760 1143 860 1197 per
889 1131 1096 1182 caetera
1127 1127 1407 1182 membra.

433 1213 565 1268 Cum
597 1216 746 1268 enim
770 1216 915 1269 servi
944 1217 1125 1269 essetis
1162 1216 1386 1285 peccati,
1422 1215 1584 1268 liberi
1633 1215 1815 1284 fuistis
1837 1215 2004 1283 justi-

360 1304 472 1358 tim.
508 1303 746 1358 Liberos
783 1303 1031 1372 justitiae
1062 1304 1203 1357 dicit
1249 1303 1469 1358 alienos
1501 1321 1534 1356 a
1557 1303 1809 1373 justitia.
1847 1303 2007 1357 Unde

359 1391 532 1446 datur
562 1391 810 1462 intelligi
835 1392 975 1462 quia
993 1393 1146 1446 sicut
1164 1391 1263 1446 illa
1283 1396 1372 1446 est
1396 1391 1710 1446 laudabilis
1734 1392 2003 1458 servitus,

362 1479 446 1535 sic
475 1485 530 1536 et
551 1481 897 1535 detestanda
921 1480 1160 1536 libertas
1185 1499 1197 1547 ;
1232 1481 1477 1535 liberum
1497 1480 2006 1551 namquejustitiaa

363 1583 512 1635 esse,
545 1569 890 1624 detestanda
921 1568 1160 1624 libertas
1188 1574 1296 1635 est,
1320 1586 1551 1624 servum
1584 1586 1714 1624 vero
1738 1569 2004 1638 justitiaa,

364 1656 682 1712 laudabilis
713 1663 802 1712 est
832 1657 1082 1714 servitus
1132 1675 1256 1729 qua:
1291 1658 1565 1730 pracellit
1593 1659 1740 1729 (224)
1773 1674 2004 1713 omnem

363 1745 715 1800 libertatem.
750 1747 816 1800 Et
846 1747 1190 1810 notandum,
1223 1747 1362 1818 quia
1390 1747 1636 1802 liberum
1669 1747 2001 1813 arbitrium,

364 1834 622 1890 etiamin
647 1834 818 1891 malis
836 1834 1025 1906 viget:
1052 1836 1204 1889 unde
1224 1851 1357 1890 mox
1378 1840 1442 1890 ut
1461 1835 1584 1890 suis
1608 1834 2005 1905 voluptatibus
2035 1871 2083 1935 B

364 1922 756 1990 satisfaciunt,
789 1921 950 1978 liberi
975 1922 1226 1993 justitiaa
1258 1924 1424 1977 ﬁunt.
1459 1922 1730 1993 Alioquin
1762 1940 1877 1976 non
1909 1939 2006 1977 cos

365 2009 581 2065 diceret
609 2009 922 2081 Apostolus
971 2010 1470 2081 liberosjustitiie.
1506 2012 1651 2066 Nam
1702 2012 2006 2066 sciendum

363 2097 500 2170 quia
531 2099 612 2152 ita
631 2098 785 2154 Deus
808 2100 1064 2170 primum
1088 2099 1385 2154 hominem
1410 2105 1630 2155 rectum
1655 2099 2010 2163 condidit,ut

361 2187 421 2242 in
450 2187 578 2257 ejus
609 2187 904 2243 voluntate
933 2194 990 2242 et
1020 2205 1140 2244 sua:
1161 2189 1525 2244 rectitudinis
1546 2195 1702 2245 statu
1735 2189 1859 2244 sine
1881 2190 2008 2260 ejus

361 2276 650 2347 adiutorio
680 2293 1020 2349 permanere
1047 2293 1161 2332 non
1184 2283 1380 2349 posset
1403 2296 1417 2345 ;
1449 2295 1556 2334 suo
1579 2285 1774 2333 tamen
1806 2279 2010 2333 cadere

363 2369 560 2436 posset
589 2369 815 2420 conatu.
850 2365 1012 2421 Unde
1036 2382 1190 2431 mox,
1216 2371 1279 2420 ut
1309 2367 1435 2422 suis
1466 2366 1770 2422 desideriis
1789 2366 2009 2422 satisfe-

363 2453 460 2522 cit,
493 2453 731 2508 corruit.
762 2453 1052 2509 Voluntas
1082 2471 1218 2527 ergo
1247 2456 1367 2521 Dei,
1399 2456 1508 2511 etsi
1540 2473 1655 2511 non
1690 2457 1752 2509 fit
1782 2455 1855 2509 ab
1888 2455 2006 2520 illo,

365 2541 626 2613 quotidie
653 2546 853 2597 tamen
884 2543 948 2598 fit
977 2544 1047 2598 de
1068 2543 1187 2598 illo.
1215 2544 1316 2599 Ille
1336 2544 1490 2599 enim
1522 2546 1620 2616 qui
1653 2561 1787 2599 eum
1809 2544 2007 2599 condi-

362 2630 468 2699 dit,
503 2631 575 2686 de
606 2630 798 2697 illo,id
828 2633 1026 2700 est,de
1057 2649 1255 2688 massa
1274 2632 1603 2704 iniquitatis
1631 2632 1790 2687 illius
1812 2633 2008 2703 quoti-

367 2718 460 2774 die
489 2719 705 2774 format
733 2718 847 2776 alia
877 2737 1016 2776 vasa
1045 2721 1102 2775 in
1135 2720 1437 2787 honorem,
1472 2721 1586 2776 alia
1614 2737 1748 2776 vero
1780 2721 1839 2774 in
1872 2737 2006 2775 con-

364 2806 712 2874 tumeliam;
745 2825 884 2862 vasa
922 2813 1116 2864 autem
1169 2810 1228 2864 in
1261 2810 1540 2866 honorem
1592 2811 1728 2866 facit
1754 2810 2008 2881 gratuita

366 2913 474 2952 sua
505 2896 801 2962 bonitate;
827 2914 968 2953 vasa
1011 2898 1071 2952 in
1103 2899 1539 2964 contumeliam,
1565 2901 1726 2966 justo
1775 2915 1880 2954 suo
1903 2901 2006 2969 ju-

363 2983 514 3039 dicio
546 2988 604 3040 et
631 2985 799 3041 nobis
829 2986 1074 3043 occulto.

435 3077 612 3147 Quem
637 3091 764 3146 ergo
790 3077 1034 3146 fructum
1053 3077 1317 3133 habuistis
1333 3084 1462 3132 tunc
1480 3078 1542 3132 in
1571 3078 1705 3148 illis,
1728 3079 1788 3131 in
1807 3077 2003 3147 quibus

363 3179 513 3220 nunc
539 3163 897 3222 erubescitis?
924 3164 1051 3220 Hinc
1082 3165 1198 3221 illis
1229 3166 1457 3221 dicebat
1477 3165 1910 3237 Apostolus,qui
1941 3166 2000 3219 in

2114 599 2347 662 peccato.
2383 590 2631 655 Scilicet,
2657 597 2721 645 ut
2738 589 3024 644 cautelam
3047 592 3302 643 servaret
3322 588 3381 642 in
3405 588 3600 642 verbis
3621 586 3775 642 suis.

2120 680 2242 735 Illic
2271 681 2427 736 enim
2463 679 2674 735 liberos
2695 680 2915 734 alienos
2951 695 2962 731 :
2998 677 3093 732 hic
3125 682 3317 732 autem
3352 677 3632 732 liberatos
3653 693 3778 732 ere—

2119 775 2248 840 ptos
2271 769 2428 824 dicit.
2455 770 2521 824 Et
2543 776 2674 840 apte
2696 768 2858 833 dicit,
2881 769 3026 822 servi
3043 769 3177 837 [acti
3195 769 3324 831 Deo,
3350 765 3489 836 quia
3510 766 3612 836 qui
3637 781 3776 837 pec-

2117 858 2261 913 catis
2295 857 2643 922 moriuntur,
2668 858 2814 912 servi
2838 857 3036 927 utique
3059 855 3157 910 Dei
3183 855 3776 912 efﬁciunturJlabetis

2114 950 2356 1016 fruct-um
2384 951 2626 1000 vestrum
2657 949 2715 1000 in
2742 946 3272 1015 sanctiﬁcationem;
3303 945 3356 998 id
3379 947 3487 1010 est,
3507 943 3566 998 in
3590 943 3773 998 casti-

2119 1035 2374 1089 moniam
2435 1052 2613 1106 quam
2664 1034 2976 1105 Apostolus
3036 1032 3350 1104 aliquando
3408 1032 3778 1104 specialiter,-

2115 1124 2427 1192 aliquando
2461 1141 2591 1178 cum
2625 1124 2847 1177 caeteris
2889 1122 3204 1176 virtutibus
3235 1121 3584 1191 generaliter
3605 1138 3777 1176 com-

2118 1214 2374 1268 mendat.
2401 1214 2618 1268 Habetis
2637 1215 2882 1280 fructum
2909 1214 3150 1265 vestrum
3172 1212 3228 1264 in
3254 1211 3773 1280 sanctiﬁcationem.

2117 1304 2185 1357 Et
2214 1307 2345 1372 apte
2376 1301 2515 1356 dicit
2546 1302 2693 1372 (2'26)
2731 1325 2743 1356 :
2775 1301 2994 1355 habetis
3021 1303 3263 1370 fructum
3292 1308 3528 1354 vestrum
3560 1301 3619 1353 in
3636 1315 3774 1353 san-

2115 1392 2529 1460 ctiﬁcationem,
2579 1389 2878 1460 quoniam,
2912 1387 3012 1458 qui
3067 1387 3168 1442 Dei
3201 1387 3351 1442 servi
3401 1387 3774 1449 efﬁciuntur,

2117 1479 2468 1535 sanctit'icari
2519 1483 2837 1533 merentur.
2868 1479 3058 1531 Finem
3111 1491 3234 1530 vero
3278 1477 3451 1530 vitam
3481 1479 3774 1530 wternam.

2117 1569 2293 1622 Paulo
2317 1568 2586 1638 superius
2610 1567 2687 1620 ait
2710 1566 2975 1627 ﬁnem,id
3005 1565 3447 1630 est,mercedem
3475 1563 3776 1620 malorum

2115 1674 2355 1729 cperum
2388 1673 2514 1711 esse
2534 1660 2778 1710 mortem
2806 1673 2819 1722 ;
2855 1654 2947 1708 hic
2971 1670 3106 1708 vero
3125 1653 3566 1708 retributionem
3591 1653 3778 1708 bono~

2114 1763 2243 1800 rum
2267 1745 2409 1799 dicit
2423 1761 2549 1800 esse
2561 1747 2915 1811 vitam:et,ne
2928 1741 3060 1813 quis
3079 1742 3340 1797 crederet
3359 1740 3772 1812 temporalem,

2114 1835 2328 1903 adjecit
2356 1838 2647 1889 aeternam.
2681 1835 2814 1898 Quis
2847 1831 2923 1886 sit
2972 1831 3093 1885 vita
3118 1835 3356 1895 aeterna,
3389 1830 3676 1884 Dominus
3710 1829 3773 1884 in

2119 1922 2426 1994 Evangelio
2469 1921 2822 1985 manifestat,
2865 1920 3068 1973 dicens
3098 1935 3112 1974 :
3143 1919 3271 1975 Haec
3301 1922 3381 1974 est
3408 1920 3522 1973 vita
3565 1927 3778 1973 aeterna

2116 2020 2177 2067 ut
2205 2019 2526 2080 cognoscant
2553 2018 2601 2064 te
2630 2025 2818 2064 verum
2845 2009 3035 2077 Deum,
3069 2011 3178 2062 etc.
3209 2009 3397 2078 (Joan.
3428 2023 3564 2073 xvii,
3597 2006 3675 2073 3).

2189 2100 2528 2172 Stipendium
2560 2099 2706 2169 (227)
2737 2099 2884 2152 enim
2906 2098 3302 2168 peccatimors.
3337 2095 3709 2166 Stipendium
3739 2113 3780 2152 α

2120 2189 2316 2260 stipite
2357 2187 2590 2242 dicitur.
2626 2187 2797 2257 Apud
2848 2183 3119 2255 antiquos
3169 2183 3324 2239 enim
3372 2183 3621 2255 pecunia
3652 2201 3776 2240 non

2118 2278 2592 2343 enumerabatur,
2625 2276 2725 2330 sed
2757 2276 2815 2330 in
2869 2273 3068 2344 stipite
3098 2272 3579 2344 appendebatur;
3614 2273 3778 2328 mili-

2120 2371 2206 2421 tes
2237 2382 2372 2436 ergo
2395 2368 2578 2431 erant,
2606 2363 2705 2434 qui
2729 2363 3092 2434 stipendium
3117 2361 3520 2432 accipiebant;
3552 2361 3778 2433 quibus

2120 2471 2234 2510 non
2267 2460 2386 2509 tam
2436 2454 2685 2508 dabatur
2717 2451 2982 2523 pecunia,
3018 2468 3196 2522 quam
3229 2465 3453 2506 merces
3483 2451 3776 2506 reddeba-

2122 2549 2236 2599 tur.
2271 2543 2613 2613 Quicunque
2646 2541 2822 2612 igitur
2874 2545 3110 2611 peccato
3143 2537 3422 2605 militant,
3455 2539 3628 2610 quasi
3661 2539 3779 2595 sti-

2117 2631 2394 2705 pendium
2422 2630 2536 2686 illis
2569 2647 2725 2684 mors
2757 2629 2946 2684 datur.

2193 2721 2381 2777 Gratia
2411 2723 2593 2774 autem
2613 2720 2711 2773 Dei
2737 2721 2853 2774 vita
2876 2725 3103 2773 aeterna.
3126 2717 3272 2783 Quia
3293 2717 3537 2786 dixerat,
3562 2719 3774 2787 stipen-

2113 2810 2268 2865 dium
2310 2810 2546 2881 peccati,
2597 2823 2790 2871 mors;
2837 2821 3202 2877 consequens
3249 2811 3374 2860 erat
3423 2810 3490 2861 ut
3523 2805 3772 2875 diceret,

2116 2898 2478 2970 stipendium
2503 2896 2777 2966 justitiae,
2809 2894 2930 2949 vita
2958 2900 3193 2950 aeterna.
3225 2893 3423 2949 Noluit
3447 2899 3672 2962 tamen,
3696 2911 3775 2950 ne

2114 2987 2479 3042 occasionem
2530 2986 2696 3040 daret
2765 2983 3244 3055 reprehendendi.
3296 2983 3413 3038 Cur
3472 3000 3612 3056 ergo
3661 2985 3768 3047 ait.

2112 3077 2297 3147 gratia
2328 3077 2444 3141 Dei,
2477 3075 2590 3128 vita
2614 3076 2826 3130 aeterna
2853 3076 2878 3125 .9
2903 3071 3124 3127 scilicet
3169 3076 3236 3127 ut
3265 3072 3599 3128 ostenderet
3627 3071 3771 3144 quia

2113 3166 2267 3220 bona
2295 3167 2655 3232 sanctorum,
2689 3178 2803 3217 non
2835 3161 3099 3232 ipsorum
3134 3165 3293 3227 sunt,
3316 3159 3420 3215 sed
3452 3159 3554 3216 Dei
3582 3179 3620 3216 a
3650 3177 3770 3232 quo

359 3252 1039 3326 prmteritorum'suorum
1054 3255 1278 3310 maloru
1289 3272 1344 3310 m
1356 3234 1592 3310 actuum
1608 3234 2004 3310 recordatione
2033 3234 2074 3300 ί)
2115 3253 2664 3316 dantur.Quotiescu
2674 3266 2828 3321 nque
2839 3249 2994 3304 enim
3008 3249 3163 3304 Deus
3174 3248 3388 3304 electos
3403 3255 3770 3319 remunerat,

362 3341 886 3398 confundebantur.
919 3346 998 3398 Ac
1029 3343 1079 3400 si
1111 3344 1362 3399 diceret:
1398 3343 1456 3398 Si
1487 3343 1712 3398 nullum
1749 3345 2003 3398 fructum

362 3430 654 3486 habuistis
684 3436 824 3486 tunc
851 3431 911 3487 in
945 3431 1086 3497 illis,
1111 3431 1171 3486 in
1200 3432 1418 3503 quibus
1449 3449 1606 3487 nunc
1637 3431 2002 3498 erubescitis,

360 3520 842 3592 quarejactantiaa
864 3520 991 3575 vitae
1013 3525 1211 3576 vestrm
1232 3522 1443 3576 ﬂuctus
1468 3521 1524 3576 in
1546 3519 1730 3577 altum
1754 3519 2002 3592 erigitis,

362 3624 498 3663 cum
522 3609 581 3663 in
610 3609 1044 3680 vobismetipsis
1072 3610 1412 3682 frangamur
1429 3610 1455 3663 ‘I
1481 3613 1707 3676 Quanto
1725 3610 1881 3664 enim
1903 3625 2005 3664 vos

362 3699 565 3754 eadem
596 3698 882 3770 superbos
912 3703 969 3753 et
995 3698 1178 3754 elatos
1209 3698 1398 3770 erigit,
1422 3705 1583 3754 tanto
1615 3697 1873 3753 humiles
1905 3697 2002 3751 de-

350 3789 662 3858 jectosque
693 3787 899 3842 reddit.
933 3787 1002 3842 Et
1032 3788 1355 3843 notandum
1385 3788 1524 3858 quia
1553 3789 1780 3842 fructus
1807 3786 1866 3839 in
1899 3786 2003 3839 bo-

359 3892 434 3932 no
459 3879 516 3930 et
546 3875 697 3932 malo
741 3875 994 3948 ponitur.
1031 3875 1190 3932 Unde
1218 3876 1503 3932 Dominus
1552 3877 1610 3931 in
1645 3871 1954 3944 Evangelio
1987 3890 2001 3928 :

357 3969 480 4021 Non
531 3969 707 4036 potest
755 3965 920 4020 arbor
973 3966 1111 4022 bona
1151 3969 1361 4037 fructus
1410 3966 1587 4020 malos
1639 3966 1844 4034 facere,
1892 3966 2001 4015 etc.

358 4052 569 4125 (Matth.
601 4070 698 4119 vn,
733 4054 839 4126 18).

433 4143 570 4198 Nam
590 4144 720 4214 ﬁnis
739 4144 969 4200 illorum
990 4161 1135 4201 mors
1154 4149 1249 4201 est.
1283 4145 1483 4200 Finem
1512 4142 1654 4196 dicit
1678 4139 2003 4194 mercedem

357 4237 412 4288 et
424 4232 864 4290 retributionem
884 4234 1048 4302 ;ﬁnis
1067 4234 1264 4306 itaque
1276 4234 1565 4289 malorum
1579 4245 1821 4301 operum
1845 4244 2003 4282 mors

357 4329 460 4390 est,
489 4321 629 4396 quia
676 4329 912 4395 peccata
957 4328 1367 4380 consummata
1414 4323 1700 4391 generant
1730 4322 1997 4372 mortem.

351 4411 530 4467 Aliter
562 4430 574 4472 :
609 4414 743 4469 ﬁnis
793 4413 1084 4469 malorum
1140 4427 1406 4482 operum,
1439 4407 1497 4461 id
1547 4411 1656 4472 est,
1709 4406 2001 4462 terminus

353 4517 510 4558 mors
539 4506 628 4557 est
665 4503 786 4572 sed,
821 4503 881 4557 in
928 4501 1282 4572 baptismate
1317 4523 1332 4554 ς
1363 4495 1701 4567 quicunque
1751 4495 1908 4548 enim
1941 4496 1999 4550 in

2113 3358 2224 3398 sua
2252 3341 2312 3396 in
2334 3342 2417 3396 eis
2439 3341 2592 3395 dona
2611 3342 2968 3407 remunerat,
2991 3338 3128 3409 quia
3153 3336 3280 3409 ipse
3299 3337 3383 3392 eis
3405 3338 3568 3392 dedit
3589 3338 3772 3407 bona,

2117 3447 2220 3501 pro
2253 3429 2469 3500 quibus
2502 3431 2970 3482 remunerentur.
3002 3429 3070 3481 In
3116 3426 3337 3481 Christo
3381 3427 3511 3482 Jesu
3537 3427 3774 3482 Domino

2114 3523 2315 3574 nostro.
2349 3516 2680 3572 Notandum
2715 3515 2852 3586 quia
2903 3515 3241 3585 frequenter
3267 3514 3585 3584 Apostolus
3619 3515 3776 3571 hanc

2115 3607 2440 3662 clausulam
2463 3622 2582 3660 suae
2608 3603 3015 3673 narrationi,et
3030 3603 3281 3658 maxime
3299 3603 3360 3656 in
3383 3602 3493 3658 hac
3512 3603 3780 3676 Epistola

2113 3695 2442 3767 subjungit,
2475 3694 2673 3749 volens
2719 3692 3048 3757 ostendere,
3079 3691 3219 3761 quia
3249 3707 3351 3763 per
3380 3691 3684 3748 Christum
3715 3699 3778 3749 et

2113 3785 2300 3840 Patris
2331 3783 2583 3856 cognitio
2615 3784 2806 3853 datur,
2840 3787 2897 3836 et
2949 3781 3208 3837 humano
3238 3780 3436 3852 generi
3468 3781 3634 3837 salus
3667 3783 3770 3837 ad-

2112 3873 2500 3928 ministratur.

2185 3962 2337 4032 (CAP.
2370 3960 2516 4029 VII.)
2548 3959 2695 4029 (228)
2729 3959 2931 4030 Igitur,
2967 3958 3105 4029 quia
3155 3957 3380 4015 dixerat
3411 3974 3474 4014 se
3505 3975 3771 4031 suosque

2113 4051 2406 4120 adjutores
2420 4064 2530 4102 non
2546 4063 2673 4102 esse
2686 4047 2795 4101 sub
2808 4046 2935 4118 lege
2949 4051 3186 4118 propter
3196 4046 3352 4118 quod
3366 4050 3424 4102 et
3435 4046 3769 4118 plurimum

2112 4136 2451 4209 disputavit,
2487 4139 2551 4190 ut
2581 4135 2689 4189 hoc
2734 4135 2990 4207 apertius
3021 4136 3372 4205 ostenderet,
3406 4136 3720 4207 subjunxit
3751 4155 3766 4193 :

2113 4229 2195 4283 An
2227 4226 2512 4296 ignoratis,
2534 4225 2738 4293 fratres
2761 4225 2788 4278 ‘t
2815 4224 3120 4294 Tanquam
3153 4223 3368 4280 diceret
3397 4241 3412 4280 :
3447 4240 3565 4280 non
3597 4225 3766 4298 igno-

2112 4314 2275 4370 ratis.
2311 4314 2459 4381 (229)
2481 4312 2596 4368 Cur
2621 4317 2813 4366 autem
2839 4329 2954 4367 non
2981 4312 3318 4384 ignorarent
3345 4314 3769 4382 ostendit,cum

2113 4403 2310 4459 subdit
2331 4420 2344 4458 :
2362 4403 2661 4457 scientibus
2679 4402 2828 4455 enim
2847 4401 3019 4472 legem
3043 4401 3770 4474 loquor.Ubiquterendum

2111 4496 2219 4559 est,
2251 4491 2542 4562 quomodo
2565 4506 2628 4544 se
2649 4488 2974 4544 scientibus
2993 4489 3182 4562 legem
3205 4489 3366 4560 loqui
3387 4489 3767 4559 dixerit,cum

354 4590 704 4662 baptismate
735 4590 906 4663 aquis
954 4587 1219 4644 immersi
1272 4584 1606 4639 moriuntur
1653 4587 1709 4636 et
1737 4598 1805 4637 ex
1834 4584 2003 4654 aquis
2036 4598 2083 4662 D
2114 4578 2392 4635 Romanis
2413 4577 2752 4650 loqueretur
2776 4594 2788 4644 ;
2813 4592 2925 4632 non
2949 4576 3103 4632 enim
3127 4577 3713 4646 Romani,sedJudaai
3735 4594 3796 4636 a‘

360 4683 770 4749 renascuntur,
789 4683 1159 4751 peccatorum
1183 4688 1427 4729 suorum
1450 4669 1855 4725 remissionem
1877 4687 2010 4726 con-

365 4773 710 4839 sequuntur.
747 4773 833 4833 Et,
867 4764 1138 4839 quamvis
1185 4763 1280 4816 hic
1327 4775 1540 4814 sensus
1587 4774 1880 4829 congruus
1912 4761 2006 4829 sit,

367 4857 698 4928 praecedens
729 4862 927 4912 tamen
951 4849 1369 4922 congruentior
1397 4851 1522 4913 est;
1554 4863 1691 4900 nam
1709 4863 1841 4903 mox
1871 4849 2009 4903 sub-

364 4947 566 5002 ditur:
599 4947 755 5002 Nunc
802 4953 986 4998 autem
1035 4937 1181 5009 (225)
1230 4936 1454 4992 liberati
1499 4951 1534 4989 α
1577 4945 1817 5006 peccato,
1864 4939 2012 4993 servi

358 5043 546 5091 autem
572 5036 710 5106 facti
738 5039 873 5101 Deo,
916 5028 1127 5084 habetis
1156 5027 1397 5096 fructum
1445 5029 1680 5079 vestrum
1719 5027 1776 5080 in
1807 5029 2008 5082 sancti-

353 5126 666 5196 ﬁcationem
684 5139 706 5184 ;
737 5123 904 5192 ﬁnem
930 5132 1062 5172 varo
1092 5117 1263 5169 vitam
1293 5122 1589 5169 aeternam.
1621 5115 1804 5170 Paulo
1835 5131 2006 5186 supe-

425 5231 579 5300 (223)
608 5225 782 5297 Vulg.
816 5219 1193 5279 lmmunditiae
1219 5221 1270 5274 ct
1319 5219 1604 5289 iniquitati
1645 5219 1716 5274 ad
1745 5220 2008 5292 iniquita-

354 5311 580 5440 ιϐτῗ224)
617 5362 1190 5440 Ιηβυῒοᾶηγεξ-Γδυω
1238 5361 1392 5440 istud
1423 5361 1832 5440 compendiose
1863 5360 2006 5416 scri-

362 5448 531 5516 ptum
552 5433 660 5506 est,
682 5436 762 5489 ita
776 5433 981 5501 pcellit.
1000 5433 1142 5486 Sens
1155 5449 1216 5486 us
1239 5433 1474 5504 quidem
1493 5437 1610 5487 tam
1629 5449 1808 5486 unum
1829 5448 2004 5513 quam

362 5513 543 5559 aliud-
579 5510 636 5559 id
671 5509 776 5559 est.
812 5512 925 5558 tam
961 5505 1243 5559 praecellit.
1275 5520 1449 5559 uuam
1472 5505 1721 5559 percellit
1751 5504 2008 5558 indicare

362 5509 546 5578 aliud,
579 5510 636 5562 id
671 5509 776 5570 est,
812 5512 925 5558 tam
957 5509 1243 5576 praecellit,
1275 5520 1449 5574 quam
1467 5509 1721 5575 percellit
1751 5509 2007 5558 indicare

362 5586 575 5656 potest,
611 5582 1080 5656 atquc_utroq_ue
1115 5579 1437 5656 contentus
1485 5591 1650 5656 csse;
1686 5575 1796 5628 nisi
1829 5575 2007 5656 quod,

361 5645 496 5727 cum
522 5645 941 5727 regatvcrbum
966 5649 1275 5727 libertatem
1294 5647 1360 5727 in
1401 5651 1623 5727 quarto
1644 5661 1804 5727 casu,
1835 5645 2006 5698 alieni

361 5725 512 5791 forte
544 5715 903 5792 probabilius
932 5718 1240 5791 videbitur,
1254 5723 1312 5774 et
1328 5715 1515 5774 satius
1545 5715 1870 5786 intelligere
1883 5731 2010 5787 per-

2121 4669 2237 4724 Deo
2267 4667 2454 4739 legem
2483 4669 2851 4736 acceperunt.
2874 4665 3001 4720 Non
3031 4671 3227 4722 tamen
3257 4668 3622 4724 contrarium
3655 4675 3767 4736 est,

2118 4757 2258 4828 quia
2288 4755 2535 4811 Romani
2561 4756 2688 4826 jam
2715 4753 2895 4809 Graeci
2919 4759 3086 4810 erant
3113 4760 3171 4812 et
3199 4756 3274 4810 ab
3302 4756 3770 4814 Atheniensibus

2118 4845 2306 4918 legem
2326 4842 2840 4914 acceperant.Quid
2862 4846 3057 4898 autem
3090 4843 3176 4898 eis
3207 4843 3548 4915 loqueretur
3569 4852 3768 4903 osten-

2115 4932 2764 5004 dit,subjungens:Quia
2784 4931 2874 4986 lex
2891 4933 2950 4985 in
2973 4931 3196 4987 homine
3211 4931 3769 5008 dominatur,quanto

2116 5032 2358 5094 tempore
2392 5023 2545 5077 vivit.
2578 5024 2643 5076 In
2693 5035 2809 5091 quo
2861 5020 3189 5076 notandum
3235 5020 3395 5092 quia,
3428 5038 3565 5080 cum
3600 5024 3768 5096 dixit,

2115 5113 2270 5178 vivit,
2287 5109 2652 5180 subintelligi
2674 5107 2874 5180 voluit,
2884 5109 3244 5178 peccato.Lex
3259 5109 3418 5166 enim
3439 5110 3500 5166 in
3528 5111 3774 5170 homine

2117 5217 2472 5292 cellit,_g_uod
2503 5218 2779 5292 quartum
2802 5229 3035 5285 semper
3060 5231 3265 5271 casum
3295 5217 3771 5292 exposcitguam

2115 5285 2413 5360 praecellit,
2434 5285 2588 5357 quod
2619 5285 2876 5340 tertium.

2190 5358 2336 5429 (225)
2367 5357 2535 5429 Vulg.
2563 5373 2708 5412 vero.

2191 5425 2341 5505 (226)
2372 5429 2433 5505 In
2487 5425 2708 5505 autog.,
2736 5425 3179 5505 postverbum
3229 5426 3381 5505 dicit,
3414 5433 3769 5505 compendio

2120 5500 2200 5554 ita
2232 5496 2485 5554 scriptus
2519 5504 2605 5553 est
2633 5496 2826 5552 textus
2852 5497 2961 5552 iste
2990 5496 3048 5551 h.
3078 5497 3116 5551 f.
3147 5515 3204 5552 u.
3241 5499 3280 5552 i.
3314 5515 3362 5552 s.

2190 5569 2335 5640 (227)
2354 5567 2542 5640 Vulg-
2564 5567 2860 5640 stipendia.

2211 5638 2337 5710 228)
2368 5638 2535 5710 Vulg.
2568 5638 2772 5710 chll.

2211 5707 2339 5781 229)
2370 5707 2571 5782 Autog.
2605 5709 2665 5765 in
2693 5722 2880 5779 marg.
2913 5724 2964 5763 c.
2997 5707 3171 5764 XVII.
