3978 6214
251 296 388 349 1005

247 428 604 501 Evangelium
657 429 885 501 legeret,
937 445 1284 485 concessum.
1347 434 1476 488 Nam
1532 437 1701 492 frater
1727 455 1861 494 con-

242 524 482 594 scriptus
512 531 624 577 tum
653 524 801 576 vocis
839 524 1222 592 pulcherrimae
1258 531 1487 600 gratiam
1540 533 1793 588 habebat.
1827 557 1853 580 ι»

245 614 304 667 Et
355 613 581 683 quidem
639 612 783 666 inter
839 612 1030 666 fratres
1087 617 1429 687 conscriptos
1478 621 1662 675 Sancti
1719 623 1852 675 Galli

242 705 387 774 apud
429 705 742 758 Goldastum
778 705 832 757 in
858 705 987 757 tomi
1029 705 1069 758 ll
1128 724 1249 778 pag.
1302 711 1397 763 183$
1421 711 1621 783 legitur
1659 714 1855 766 Oadal-

243 793 356 847 rich
387 793 701 863 episcOpus.
745 794 905 847 Addit
940 796 1288 852 Ekkehardus
1324 817 1387 852 :a
1418 802 1631 856 Diutius
1672 812 1852 858 autem

241 899 405 954 quam
420 881 604 935 cwteri
638 883 804 935 coa-vi
840 884 1050 937 snitum
1088 903 1184 954 pro
1217 887 1511 943 Wiborada
1569 908 1666 945 sua
1689 893 1853 948 scho-

242 973 328 1027 lis'
352 973 660 1026 inhaeserat.
702 979 845 1036 Quas
898 984 1077 1028 tamen
1113 979 1329 1031 tandem
1365 981 1702 1051 relinquens,
1736 984 1851 1037 sui-

237 1081 346 1136 que
395 1066 536 1132 juris
595 1065 647 1117 in
699 1067 1148 1133 possessionibus
1202 1068 1339 1123 facta
1418 1073 1696 1142 Augustae,
1753 1075 1846 1127 ubi

234 1153 537 1205 canonicus
570 1153 637 1205 ab
692 1153 918 1207 infantia
957 1163 1096 1223 erat,
1157 1157 1208 1209 in
1268 1158 1527 1214 virtutum
1583 1163 1850 1231 exemplis

233 1246 592 1309 clarissimus,
626 1247 835 1300 Gallum
893 1264 1052 1302 suum
1110 1251 1302 1305 crebro
1350 1253 1625 1319 visitabat,
1655 1255 1850 1310 fratres

233 1352 364 1389 suos
395 1336 737 1405 conscriptos
769 1345 851 1390 ter
881 1337 935 1390 in
966 1355 1111 1393 anno
1141 1339 1257 1408 ipse
1287 1341 1536 1396 minister
1567 1352 1787 1412 paverat
1825 1370 1847 1390 η

235 1428 445 1481 Deinde
504 1429 826 1482 miraculum
901 1430 1063 1483 refert
1111 1432 1178 1486 de
1239 1451 1368 1488 vase
1427 1436 1659 1499 vinario,
1701 1438 1850 1508 quod

234 1519 490 1573 vehiculo
523 1535 552 1572 e
586 1529 749 1589 ponte
775 1521 927 1590 lapso
961 1522 1229 1595 integrum
1269 1527 1538 1594 superfuit
1595 1549 1617 1577 α
1657 1529 1850 1600 Egerat

231 1608 459 1678 quidem
491 1609 790 1678 aliquando
838 1615 892 1663 tu
926 1610 1046 1665 loco
1098 1613 1281 1667 Sancti
1315 1613 1492 1688 Magni
1516 1617 1677 1669 etiam
1699 1618 1847 1670 diem

229 1704 334 1756 sibi
359 1719 580 1773 semper
621 1705 934 1768 amabilem,
984 1707 1358 1778 reliquiasque
1407 1711 1548 1778 ejus,
1610 1721 1670 1765 ut
1726 1729 1846 1766 mos

234 1793 398 1848 nobis
427 1765 532 1857 est,
557 1809 730 1864 cappa
759 1795 846 1848 illa
879 1796 1168 1865 aquilifera
1194 1798 1434 1864 indutns,
1467 1817 1696 1871 vespere
1729 1803 1838 1856 diei
1872 1765 1918 1831 Β
1947 1807 1978 1859 ﬂ

229 1882 406 1935 sancti
465 1882 582 1951 ipse
627 1883 850 1936 domum
904 1885 1214 1952 reportabat
1269 1895 1372 1946 ;et
1412 1904 1534 1942 cum
1593 1889 1842 1944 infirmus

230 1979 360 2024 tunc
386 1979 614 2034 esset,ut
647 1989 792 2041 saepe
835 1972 1056 2041 quidem
1108 1976 1583 2046 crat,paralyticus
1615 1979 1838 2049 quidam

227 2061 502 2128 adjutorio
548 2077 772 2115 suorum
831 2063 885 2116 in
926 2063 1066 2117 viam
1097 2081 1177 2125 se.
1235 2076 1292 2119 ut
1325 2067 1441 2136 ipse
1493 2086 1659 2138 super
1713 2085 1838 2123 eum

227 2156 574 2229 graderetur,
609 2165 992 2225 prostraverat.
1027 2160 1088 2211 At
1121 2159 1212 2212 ille
1246 2160 1453 2214 liomini
1482 2163 1837 2232 apprOpians,

227 2248 386 2318 quasi
418 2248 486 2300 de
543 2248 826 2303 obstaculo
888 2251 1221 2324 indignatus,
1279 2254 1472 2324 Surge.
1507 2255 1600 2318 ait,
1633 2256 1762 2326 quia
1793 2263 1845 2308 et

226 2354 331 2412 ego
369 2338 605 2408 pedibus
654 2339 904 2394 infirmus
933 2358 1099 2411 super
1141 2352 1189 2395 te
1226 2343 1484 2415 progredi
1514 2360 1746 2414 nequeo.
1780 2347 1844 2400 At

224 2433 315 2486 ille
385 2441 642 2504 tanquam
699 2435 766 2488 ad
829 2435 1167 2506 increpantis
1206 2437 1433 2492 verbum
1495 2439 1840 2494 velocissime

226 2539 463 2597 surgens
508 2526 799 2579 incolumis
852 2528 1009 2591 abiit,
1073 2537 1408 2600 secutusque
1461 2530 1658 2585 fratres
1715 2532 1834 2586 sine

223 2617 390 2669 ullius
411 2617 707 2683 adjutorio,
750 2619 930 2673 Sancti
965 2619 1142 2691 Magni
1185 2625 1474 2678 ecclesiam
1515 2642 1640 2679 cum
1669 2635 1833 2680 caete-

224 2707 298 2760 ris
315 2724 485 2762 sanus
545 2709 753 2764 introiit
841 2712 901 2764 Et
948 2714 1245 2783 episcopus
1277 2715 1476 2784 capitio
1503 2734 1693 2787 cappze
1726 2718 1832 2771 im-

223 2802 404 2872 posito
436 2818 558 2856 cum
577 2805 810 2859 anhelus
857 2808 1121 2870 stetisset,
1179 2819 1230 2863 et
1268 2811 1336 2864 de
1386 2812 1471 2865 via
1505 2813 1698 2874 lassus;
1734 2830 1832 2867 au-

220 2893 381 2948 diens
436 2894 726 2949 sanitatem
778 2897 1039 2964 hominis,
1101 2902 1300 2955 acriter
1347 2902 1400 2955 in
1456 2903 1702 2958 dicentes
1749 2905 1832 2958 in-

217 2991 428 3048 vectus,
471 3000 638 3053 super
680 2987 956 3042 cancellos
1013 2990 1232 3044 tandem
1263 2991 1518 3046 innititur
1551 2994 1831 3062 :signum-

217 3093 325 3148 que
344 3083 451 3130 tam
478 3075 827 3132 manifestum
859 3079 926 3132 ab
977 3096 1038 3133 se
1091 3083 1392 3143 excutiens.
1439 3084 1610 3138 sancti
1646 3085 1824 3158 Magni

214 3169 495 3230 virtutem,
527 3184 688 3238 quam
723 3171 976 3225 manibus
1028 3174 1276 3245 gerebat,
1311 3176 1448 3230 hanc
1489 3193 1612 3231 esse
1642 3185 1826 3232 astan-

217 3261 366 3314 tibus
415 3260 719 3329 praedicans
756 3265 991 3317 asseruit
1021 3283 1034 3328 ;
1071 3282 1250 3336 neque
1290 3277 1472 3321 tamen
1506 3268 1583 3322 sic
1633 3269 1735 3331 eis,
1766 3279 1825 3323 ut

214 3350 499 3404 hominem
556 3350 624 3402 ab
656 3351 777 3420 ipso
810 3364 1058 3406 sanatum
1094 3370 1213 3408 esse
1262 3356 1662 3411 discrederent.
1701 3375 1825 3428 per-

213 3439 446 3493 suadere
475 3440 699 3510 quidem
731 3442 843 3496 ullo
873 3443 1037 3497 modo
1067 3445 1260 3513 potuit.
1299 3446 1419 3501 lliec
1450 3447 1517 3501 de
1553 3447 1822 3517 pluribus,

214 3547 337 3602 qua!
379 3531 524 3600 apud
557 3531 810 3586 Sanctum
844 3535 1054 3588 Gallum
1102 3551 1461 3592 commanens
1510 3540 1699 3612 gessit,
1730 3541 1828 3594 tri-

217 3622 320 3676 bus
347 3623 470 3676 vitae
495 3624 614 3690 ejus
642 3625 1005 3694 scriptoribus
1021 3642 1129 3682 non
1163 3629 1590 3697 prrejudicantes
1611 3631 1829 3702 scripsi-

215 3730 355 3768 mus.
387 3714 574 3784 Neque
605 3715 752 3769 enim
783 3716 1046 3771 miramur
1079 3735 1194 3782 eos,
1242 3736 1362 3773 cum
1410 3721 1610 3791 quibus
1643 3721 1696 3775 iu
1723 3738 1831 3776 sre-

216 3802 342 3857 culo
371 3811 622 3857 versatus
673 3812 777 3869 est,
819 3821 880 3858 ea
941 3823 1064 3876 quae
1112 3823 1232 3860 cum
1263 3808 1606 3877 spiritalibus
1635 3812 1826 3883 gessit,

220 3893 348 3963 quia
379 3893 560 3946 minus
598 3894 892 3961 sciverant,
929 3911 1037 3951 non
1071 3898 1358 3968 scripsisse
1388 3916 1402 3964 ;
1429 3900 1524 3954 sed
1558 3900 1712 3969 plura
1733 3918 1829 3957 eos

219 3997 342 4050 qua).
373 3981 440 4034 de
473 3997 539 4035 eo
571 3983 974 4038 concinnantur
991 3986 1155 4059 vulgo
1186 3993 1239 4040 et
1269 3994 1540 4042 canuntur
1565 3990 1826 4054 tacuisse,

217 4091 339 4128 cum
402 4075 591 4130 infima
632 4077 884 4148 quaedam
938 4080 1058 4145 ejus
1114 4097 1316 4155 magna
1370 4082 1622 4148 fecerint,
1664 4083 1826 4138 etiam

219 4163 498 4218 miramur.
548 4189 572 4209 »
635 4166 693 4218 Et
745 4175 867 4236 post
926 4171 1192 4223 nonnulla
1246 4171 1314 4224 de
1347 4170 1537 4225 facetis
1593 4173 1825 4228 Udalrici

213 4248 396 4316 dictis,
422 4258 474 4304 et
496 4251 564 4306 de
597 4253 890 4308 obsidione
948 4258 1202 4328 Augusta:
1263 4276 1364 4328 per
1412 4259 1620 4331 Ungros
1666 4262 1830 4332 (quod

214 4344 557 4406 postremum
618 4341 670 4393 in
723 4344 926 4397 notulis
973 4345 1293 4406 referemus)
1333 4349 1687 4404 Ekkehardus
1717 4351 1832 4406 haec

212 4429 401 4482 subdit
433 4447 445 4483 :
481 4431 677 4503 «Hugo
723 4435 885 4488 etiam
919 4438 1171 4507 quidam,
1207 4440 1341 4513 regii
1408 4441 1628 4512 generis
1667 4443 1830 4498 homo

213 4520 530 4590 primarius,
565 4531 787 4594 propter
838 4544 1084 4584 sororem
1130 4531 1229 4585 viri
1282 4532 1375 4586 Dei
1427 4533 1694 4607 virginem
1746 4502 1906 4592 sa-D

212 4629 387 4678 cram,
423 4614 637 4669 incestu
671 4619 908 4688 agnitam
942 4620 1011 4674 ab
1032 4621 1170 4692 ipso,
1203 4625 1330 4694 quia
1361 4641 1508 4696 saepe
1539 4626 1834 4684 inclinatus

209 4710 314 4768 est,
349 4703 664 4760 insolenter
705 4707 752 4760 ei
809 4708 1066 4764 inimicus
1116 4713 1352 4783 quadam
1385 4715 1472 4769 die
1515 4716 1654 4770 carri
1679 4718 1834 4772 vehi-

211 4791 359 4857 culo,
401 4801 462 4845 ut
547 4801 663 4848 erat
714 4794 1050 4853 inﬁrmitalis
1099 4817 1235 4867 suae,
1313 4805 1551 4858 occurrit
1593 4805 1826 4862 invecto.

211 4882 380 4947 Quem
423 4901 548 4938 cum
571 4887 776 4942 milites
805 4890 1052 4962 episcOpi
1107 4911 1490 4964 praecessores,
1524 4899 1602 4953 uti
1643 4899 1690 4954 ei
1715 4917 1824 4956 non

207 4985 542 5042 occurreret,
587 4992 1014 5051 priemonerent,
1066 4989 1460 5056 carrucarium,
1505 4992 1700 5062 inquit,
1757 4993 1822 5048 il-

207 5062 324 5117 lum
349 5065 635 5121 abitinere
678 5085 801 5124 meo
834 5088 1114 5144 nunquam
1167 5076 1479 5135 declinabo.
1541 5081 1694 5145 Quod
1728 5083 1818 5137 ille

204 5167 236 5205 a
259 5151 574 5208 dicentibus
603 5165 724 5226 post
740 5159 993 5224 audiens,
1025 5179 1286 5232 carruca),
1309 5167 1508 5239 inquit,
1540 5171 1815 5241 vehiculo,

202 5240 421 5308 scitote,
458 5241 553 5297 filii
587 5248 714 5312 mei,
743 5247 864 5318 ipse
897 5252 1020 5320 plus
1067 5271 1229 5324 quam
1261 5273 1390 5328 ego.
1426 5259 1650 5333 indigus
1704 5262 1824 5316 erit.

204 5329 316 5385 Nec
335 5339 458 5402 post
511 5336 742 5391 multum
788 5347 949 5395 nocte
998 5346 1234 5414 quadam
1273 5351 1464 5419 sopori
1491 5367 1549 5405 se
1583 5353 1822 5421 tradens,

201 5439 325 5478 cum
358 5427 692 5501 evigilasset,
727 5434 946 5489 tumbos
973 5436 1028 5490 in
1057 5440 1261 5510 quibus
1289 5455 1632 5514 peccaverat,
1666 5465 1822 5503 acer-

198 5511 336 5568 rime
359 5515 576 5582 dolens,
613 5519 664 5572 iu
703 5521 1058 5580 inferioribus
1089 5527 1158 5581 ab
1211 5511 1303 5584 illa
1335 5541 1495 5588 nocte
1527 5542 1600 5590 ita
1632 5538 1836 5594 decre-

198 5613 370 5672 verat,
404 5615 461 5662 ut
487 5618 689 5679 praeter
717 5621 901 5669 cutem
923 5625 1122 5673 etossa
1145 5623 1371 5692 gracilia
1401 5625 1536 5679 nihil
1583 5628 1833 5686 haberet.

198 5692 404 5765 Sicque
433 5696 798 5771 longaavitatis
831 5710 1107 5774 tempora,
1163 5725 1449 5780 nunquam
1494 5715 1617 5787 c0gi
1651 5717 1845 5773 valens

1434 303 1600 357 VlTA.
1647 335 1709 344 —
1751 305 2025 363 OBSERV.
2068 309 2365 371 ΡΒιΕνιΑε.

1853 3133 1902 3200 C

3433 350 3572 408 1006

1886 445 1931 511 Α
1963 452 2018 498 ut
2049 462 2237 514 pacem
2269 467 2298 505 a
2325 453 2439 508 viro
2488 456 2579 511 Dei
2632 470 2864 534 peteret;
2911 473 3260 542 perduxerat.
3303 481 3426 552 lpsa
3474 502 3576 542 au-

1963 538 2068 587 tem
2100 541 2536 601 sanctimonialis
2569 549 2661 605 illa
2676 538 2987 616 sanctorum
3019 538 3394 639 exemplorum
3420 590 3572 648 post-

1959 627 2182 681 modum
2217 631 2330 685 visa
2361 645 2443 689 est
2484 637 2688 698 femina
2724 663 2736 698 :
2785 651 2990 722 quippe
3022 673 3182 726 quam
3224 661 3388 720 frater
3415 627 3572 729 triovis

1957 718 2246 771 sententiis
2299 721 2426 776 dum
2467 727 2618 795 vixit,
2658 739 2938 794 annuatim
3001 747 3310 812 puniverat.
3375 759 3570 834 Ungris

1958 811 2134 834 nnlnm
2160 824 2184 834 η
2220 825 2276 834 ιιι.
2331 829 2449 834 ._--_
2480 816 2518 834 l,
2576 820 2630 834 ,ιι
2947 832 2968 834 _

1957 811 2134 859 autem
2159 824 2189 861 a
2220 825 2278 862 se
2331 816 2740 889 recedentibus,
2787 843 2910 882 cum
2947 811 3266 896 Buchowam
3293 845 3434 916 illos,
3457 811 3566 910 'iibi

1955 910 2109 950 soror
2133 899 2250 968 ipsa
2277 912 2411 970 erat,
2472 918 2765 985 partesque
2816 930 3050 991 nostras,
3088 931 3178 984 ubi
3211 899 3562 1001 Wiboradam

1955 993 2179 1092 matrem
2207 993 2437 1062 sciebat,
2497 999 2755 1060 invadere
2783 1011 2923 1065 velle
2969 1023 3344 1092 comperisset,
3378 1046 3566 1091 orasse

1954 1074 2122 1131 fertur
2157 1097 2169 1131 :
2200 1081 2428 1138 Domine
2460 1090 2554 1154 mi,
2589 1109 2767 1148 seram
2829 1099 2892 1169 [Γ.
2935 1074 3165 1180 servain]
3203 1074 3357 1171 istam
3386 1074 3567 1183 adhuc

2311 1180 2444 1234 mihi
2485 1183 2651 1252 dona,
2675 1197 2733 1243 ut
2758 1193 2942 1264 gladio
2973 1217 3080 1256 non
3115 1172 3304 1276 pereat
3337 1234 3350 1282 ;

1953 1258 2099 1313 illam
2121 1262 2307 1335 gladio
2360 1284 2579 1342 semper
2636 1287 2898 1349 paratam,
2961 1296 3020 1343 ut
3048 1258 3285 1360 palmam
3319 1258 3562 1378 martyrii

1955 1358 2230 1378 πηοπηηιιι-
2286 1357 2518 1378 ..Αμίῖμᾼικ
2720 1367 2730 1378 1
2929 1374 2951 1378 _

1955 1358 2247 1447 mereatur,
2283 1357 2600 1416 confortans
2655 1367 2868 1424 robora.
2919 1357 3117 1435 Cellam
3169 1357 3566 1460 quoquefldalli

1954 1437 2030 1490 tui
2063 1439 2329 1514 integram
2388 1463 2508 1503 cum
2579 1453 2968 1518 famulantibus
3024 1471 3112 1538 pic
3156 1437 3210 1528 et
3253 1437 3566 1541 rrfisericors

1952 1541 2236 1592 conserva,
2270 1535 2445 1605 Atque
2478 1539 2551 1594 ita
2605 1548 2861 1614 precibus
2902 1535 3254 1624 ejus'sanctis
3309 1535 3562 1630 effectum

1952 1620 2094 1719 Deus
2124 1626 2368 1698 undique
2399 1633 2569 1692 dedit.
2605 1663 2629 1685 ι»
2658 1620 3015 1705 Hactenus-ex
3051 1620 3395 1719 Ekkehardo—i

2020 1717 2072 1820 7ἶ
2127 1720 2421 1824 Augustam
2488 1730 2898 1795 Vindelicorum
2951 1745 3018 1799 ad
3077 1748 3273 1820 Lycum
3327 1717 3396 1825 (le
3447 1764 3563 1835 Lec)

1988 1811 2168 1908 uvium
2203 1816 2382 1918 sitam,
2416 1827 2728 1894 complures
2783 1846 3037 1893 rexerunt
3089 1811 3340 1918 episcopi
3370 1869 3436 1907 ex
3462 1811 3564 1911 no-I

1943 1905 2085 2007 stris,
2119 1919 2257 1972 quos
2286 1907 2372 1962 hic
2403 1921 2552 1968 certo
2585 1915 2878 1992 designare
2929 1927 3074 1983 haud
3117 1905 3297 1991 “facile.
3322 1950 3426 2007 est,
3457 1945 3564 2000 de-

1945 1986 2258 2048 ficientibus
2287 2013 2386 2052 nos
2435 2001 2651 2060 idoneis
2696 2017 3035 2083 argumentis
3091 1986 3558 2100 Simpertunijam

1941 2079 2282 2144 laudavimus
2323 2092 2377 2146 in
2405 2098 2677 2165 superiori
2711 2108 2858 2160 torno
2883 2124 3006 2182 pag.
3040 2113 3173 2170 553.
3209 2079 3372 2178 lHunc
3399 2079 3560 2186 caro-

1949 2174 2032 2230 lus
2068 2178 2298 2252 Magnus
2323 2201 2414 2240 rex
2448 2209 2471 2235 α
2506 2194 2791 2251 constituit
2848 2201 3171 2275 episcopum
3203 2211 3256 2264 in
3288 2215 3400 2285 ipsa
3424 2223 3557 2279 civi-

1947 2271 2055 2376 tat'e
2091 2288 2113 2317 υ
2164 2272 2421 2344 Augusta,
2467 2287 2603 2334 teste
2661 2283 2976 2347 Ermenrico
3033 2271 3409 2376 Elewangensi
3455 2329 3558 2369 sre-

1944 2354 2049 2408 culi
2081 2374 2132 2410 ix
2165 2365 2456 2430 monacho,
2503 2372 2880 2446 arestituitque
2919 2385 3126 2451 omnia,
3177 2354 3298 2459 quae
3352 2395 3422 2449 ab
3457 2415 3556 2453 an-

1943 2451 2213 2560 ῐθθθῗῗίῗῗίῖ
2241 2468 2341 2507 suo
2374 2454 2605 2528 piPPiuo
2637 2462 2766 2518 illuc
2812 2469 3006 2526 tradita
3063 2451 3295 2549 fuerant,
3333 2451 3558 2560 insuper

1940 2547 1992 2593 et
2021 2543 2235 2651 addidit
2275 2550 2526 2651 plurima.
2558 2555 2823 2630 Suscepto
2876 2566 3218 2642 episcopatu,
3248 2543 3556 2651 Simpertus

1938 2631 2213 2698 profectus
2236 2645 2319 2690 est
2348 2640 2414 2692 ad
2443 2643 2738 2713 Augustam
2770 2631 3132 2713 Vindeliciam
3166 2631 3219 2717 et
3246 2682 3345 2735 per
3365 2631 3551 2730 annos

1935 2716 2048 2833 flere
2076 2723 2296 2796 triginta
2327 2731 2465 2784 rexit
2492 2733 2608 2802 ipsa
2656 2744 3009 2810 monasteria,
3040 2769 3063 2797 η
3105 2716 3302 2824 nempe
3337 2758 3555 2833 Campi-

1934 2808 2204 2880 donense,
2234 2818 2414 2874 Sancti
2447 2823 2602 2890 Galli,
2629 2836 2682 2881 et
2712 2831 2905 2887 cellam
2936 2836 3146 2895 Sanctae
3175 2808 3330 2912 Afrae,
3365 2870 3389 2899 α
3424 2808 3556 2908 edn-

1937 2909 2158 2959 struens
2185 2907 2469 2967 basilicam
2505 2916 2717 2974 Sanctaz
2749 2923 2912 2992 Afra},
2944 2938 2999 2983 et
3031 2942 3346 2993 restaurans
3369 2959 3554 3001 caeno-

1935 2989 2085 3045 bium
2119 2995 2302 3051 Sancti
2364 3000 2562 3076 Magni,
2617 3030 2644 3056 »
2706 3027 2905 3084 nempe
2967 3018 3241 3080 Faucense
3291 3031 3552 3106 (Fuessen)

1935 3084 1980 3106 ί..
2038 3101 2160 3106 μη--.
2220 3089 2274 3106 In
2310 3091 2320 3106 I
2389 3094 2397 3102 -
2505 3097 2558 3106 ..ο
2647 3100 2653 3106 ι
2729 3101 2742 3106 -

1930 3084 2001 3150 (υ.
2037 3089 2276 3187 nni-78,46
2310 3091 2471 3187 hujus
2505 3097 2680 3169 Vitae),
2712 3101 2781 3158 de
2832 3123 2940 3178 quo
2971 3115 3188 3184 egimus
3243 3084 3303 3176 in‘

1928 3175 2194 3241 secundo,
2230 3179 2321 3232 ubi
2349 3181 2416 3236 de
2462 3185 2662 3244 Sancto
2731 3175 2946 3268 Magno.
2986 3175 3037 3251 «υ
3077 3205 3339 3266 Defuncto
3373 3175 3553 3273 autem

1927 3260 2218 3330 Simperto.
2281 3268 2453 3326 Hanto
2517 3278 2617 3343 (sic
2673 3260 2995 3353 legendum,
3064 3260 3555 3367 nori”_l:aiito‘,-wu.i

1926 3359 2114 3420 postea
2144 3359 2370 3428 patebit)
2428 3364 2806 3438 episcopatum
2867 3384 3128 3452 suscepit,
3190 3387 3304 3457 ipse
3348 3359 3550 3450 in

1920 3445 2094 3514 joaria
2118 3457 2296 3507 natus.
2333 3454 2638 3517 Transactis
2673 3475 2793 3534 post
2851 3485 3134 3545 acceptum
3166 3484 3545 3556 episc0patum

1927 3546 2135 3606 septem
2163 3542 2343 3608 annis,
2375 3562 2728 3608 successores
2767 3559 2905 3625 ejus,
2937 3565 3031 3632 qui
3066 3567 3117 3620 in
3153 3571 3269 3639 ipsa
3302 3542 3548 3636 Ecclesia

1933 3630 2207 3685 constituti
2239 3643 2385 3698 sunt,
2417 3639 2629 3708 primus
2660 3645 2932 3704 Nitkarius
2956 3630 3125 3726 coepit
3154 3630 3186 3714 εί
3215 3661 3547 3725 fundamen-

1930 3719 2000 3773 tis
2023 3723 2312 3778 ecclesiam
2338 3728 2517 3784 Saucti
2549 3734 2723 3808 Magni
2775 3751 3096 3801 construere
3139 3768 3152 3815 ;
3187 3757 3371 3810 caeteri
3407 3776 3535 3818 vero

1932 3811 2193 3880 praesules
2218 3817 2777 3892 eumsubsequentes,
2817 3843 2979 3899 prout
3026 3844 3343 3908 potuerunt,
3388 3849 3550 3904 simi-

1935 3901 2056 3956 liter
2080 3913 2518 3967 construxerunt.
2575 3914 2774 3972 Tamen
2832 3938 2942 3977 non
3006 3927 3107 3984 fuit
3146 3933 3268 3988 aula
3303 3935 3545 3997 basilicae

1931 3991 1999 4044 ad
2040 3993 2432 4061 perfectionem
2468 4003 2652 4071 Operis
2704 4009 2989 4079 perducta,
3048 4017 3244 4085 donec,
3310 4024 3542 4084 Domino

1931 4095 2230 4153 annuente,
2263 4107 2292 4144 a
2321 4091 2717 4164 gloriosissimo
2749 4117 2877 4175 rege
2902 4105 3200 4176 Ludovico,
3227 4114 3338 4171 lilio
3363 4118 3546 4176 Ludo-

1928 4177 2032 4230 vici
2101 4180 2389 4237 clarissimi
2435 4185 2802 4258 imperatoris,
2872 4195 3039 4254 Lanto
3091 4202 3265 4273 ipsam
3298 4220 3543 4269 sanctam

1932 4269 2120 4365 sedem
2180 4273 2410 4344 adaptus
2467 4289 2568 4334 est.
2629 4303 2650 4331 ι
2720 4284 2852 4341 Hinc
2881 4269 3247 4365 corrigendus
3295 4300 3544 4361 Bruschii

1932 4358 2230 4434 cataIOgus,
2273 4364 2365 4434 qui
2395 4365 2626 4423 llantoni
2677 4371 3014 4432 Waltherum
3031 4358 3268 4453 “primo,
3299 4358 3546 4449 secundo

1932 4452 2283 4526 Adelgerum,
2315 4475 2379 4514 ac
2405 4463 2562 4518 tertio
2591 4472 2799 4522 tantum
2841 4471 2958 4527 loco
2989 4474 3388 4552 Neodegarium
3422 4489 3548 4543 sub-

1935 4547 2129 4608 stituit.
2156 4567 2278 4606 cum
2338 4571 2403 4609 ex
2459 4559 2689 4617 adverso
2731 4564 3092 4638 Ermenricus,
3148 4585 3340 4633 auctor
3394 4581 3542 4639 illius

1937 4643 2224 4710 temporis,
2285 4646 2520 4704 llantoni
2580 4655 2824 4722 proxime
2889 4659 3212 4732 Nitkarium,
3266 4671 3358 4742 qui
3419 4690 3542 4729 cum

1934 4731 2279 4834 Neodegario
2308 4739 2454 4796 idem
2509 4751 2610 4811 est,
2639 4748 2876 4816 subjicit.
2926 4752 3244 4816 Ermenrico
3274 4731 3546 4836 suffraga-

1933 4826 2021 4872 tur
2043 4831 2198 4877 vetus
2226 4824 2392 4882 index
2445 4831 2872 4906 Augustcnsium
2905 4841 3315 4917 episcoporum,
3345 4852 3399 4906 in
3437 4824 3546 4911 fine

1930 4906 2088 4975 hujus
2117 4912 2240 4966 vitae
2271 4916 2471 4984 editus,
2507 4920 2561 4974 in
2595 4940 2705 4994 quo
2728 4928 2973 5000 episcopi
3004 4906 3116 4989 hoe
3143 4938 3334 4994 ordine
3357 4957 3548 4999 recen-

1923 5009 2131 5108 sentur.
2167 5003 2493 5076 Simpertus,
2557 5013 2749 5080 Hanto,
2808 5021 3030 5094 Nidger,
3084 5027 3364 5100 Odalman,
3397 5034 3550 5108 Wig-

1920 5107 2038 5161 ger,
2101 5094 2293 5161 Lanto,
2347 5100 2643 5171 Adalpero,
2697 5109 2921 5180 lliltine,
2976 5116 3317 5178 Oudalricus.
3353 5094 3546 5182 'Lan‘t'o

1934 5185 2212 5287 basilicam
2239 5190 2422 5286 Sancti
2473 5195 2653 5287 Magni
2714 5206 2940 5274 «quinto
2994 5225 3141 5268 anno
3204 5216 3550 5287 episcOpatus

1932 5273 2014 5327 sui
2071 5275 2320 5344 perfecit,
2374 5299 2403 5330 in
2454 5282 2701 5352 ejusdem
2765 5273 2939 5348 Sancti
3001 5299 3179 5372 Magni
3239 5273 3436 5376 corpus
3494 5305 3549 5359 in

1929 5363 2302 5421 decentiorem
2363 5369 2544 5427 locum
2609 5382 2906 5449 transtulit,
2943 5411 2967 5433 «
2995 5363 3233 5449 consilio
3265 5363 3402 5452 inito
3429 5413 3550 5451 cum

1942 5455 2362 5528 archiepiscopo
2411 5460 2868 5533 Magontiacensis
2925 5473 3186 5535 Ecclesia:
3256 5484 3470 5541 Otkario
3501 5493 3555 5541 ct

1946 5545 2155 5598 caeteris
2193 5547 2470 5621 episcOpis
2501 5553 2616 5606 suis
2645 5554 3027 5629 suffragaueis.
3060 5585 3090 5614 »
3122 5568 3245 5625 llzec
3276 5573 3396 5628 fuse
3459 5576 3558 5630 de-

1945 5634 2135 5690 scribit
2169 5636 2571 5710 Hermenricus,
2604 5644 2697 5715 qui
2727 5662 2968 5716 praesens
3007 5653 3217 5722 aderat,
3252 5664 3398 5730 apud
3431 5664 3561 5720 Gol-

1947 5724 2159 5780 dastum
2193 5727 2247 5782 in
2281 5735 2428 5786 tomo
2460 5733 2500 5788 Ι,
2527 5733 2725 5789 Rerum
2755 5735 3230 5799 Alamannicarum
3265 5724 3389 5821 pag.
3426 5752 3556 5815 315,
