3978 6214
464 311 603 368 1007
648 313 652 317 ·
1544 301 1598 354 S.
1646 298 1949 353 UDALRICI
1992 299 2359 356 AUGUSTANI
2402 304 2719 359 EPISCOPI.
3657 321 3782 377 1003

462 456 527 493 ex
560 456 669 511 quo
700 438 915 510 potiora
946 435 1001 509 in
1034 433 1222 503 Elogio
1262 429 1438 485 sancti
1478 428 1657 503 Magni
1687 426 2073 481 delibavimus.
2102 431 2152 496 Α
2181 437 2303 497 post
2327 431 2489 485 vitam
2523 442 2576 486 et
2601 435 2863 489 miracula
2915 437 3234 495 referemus.
3289 441 3573 501 Liudolfus
3611 459 3780 505 autem

462 529 722 583 Lantonis
749 527 958 582 obitum
989 522 1285 577 Bruschius
1313 518 1603 589 consignat
1621 530 1765 571 anno
1792 516 1929 579 877;
1963 528 2073 585 quo

457 636 602 675 anno
647 619 1044 674 Udelmannum
1096 613 1145 667 ei
1189 612 1468 683 subrogat.
1504 608 1846 664 Udelmanno
1885 605 2071 658 σινιά-

456 712 639 783 garius
682 727 778 764 seu
826 708 1155 777 Widogerus
1198 703 1371 770 abbas
1422 699 1741 756 monasterii
1802 699 2068 753 Uttenbu-

458 800 573 854 rani
598 798 949 865 (Ottcnbourj,
980 795 1180 849 eximie
1212 793 1408 845 doctus
1452 797 1506 843 et
1547 786 2000 849 humanissimus,
2037 806 2065 835 ι

455 887 789 942 successisse
820 884 1024 939 dicitur
1052 897 1197 936 anno
1237 882 1359 934 888.
1408 879 1653 932 Vidimus
1677 877 1897 949 insigne
1923 874 2065 929 istud

454 978 710 1033 dimccsis
764 979 1089 1047 Augustame
1148 970 1563 1030 monasterium,
1600 969 1654 1023 in
1700 982 1918 1021 ammno
1949 966 2069 1021 loco

454 1075 619 1129 situm
662 1074 728 1127 ad
759 1071 1025 1126 Gunzium
1088 1069 1303 1137 (Gnutz)
1347 1081 1585 1129 amnem,
1640 1062 2070 1134 elegantissimis

452 1167 702 1223 aediﬁciis
734 1168 1075 1227 instructum,
1109 1163 1265 1230 cuius
1288 1161 1393 1215 loci
1434 1160 1662 1215 basilica
1690 1158 1894 1212 sanctis
1930 1173 2069 1210 mar-

454 1263 665 1335 tyribus
723 1260 1030 1315 Alexandro
1088 1266 1142 1310 et
1189 1255 1754 1324 Theodoro,quorum
1817 1249 2064 1321 reliquias

453 1351 573 1405 istic
622 1350 914 1412 habentur,
972 1346 1222 1401 dedicata
1280 1350 1379 1398 est.
1451 1342 1665 1396 Primus
1726 1340 1830 1394 loci
1893 1338 2064 1391 abbas

449 1442 624 1507 Totto,
651 1457 812 1512 quem
842 1456 942 1511 pro
992 1446 1180 1492 saneto
1217 1438 1440 1499 habent,
1494 1434 1709 1489 tametsi
1744 1432 2061 1486 anniversa-

452 1534 532 1589 rio
562 1534 689 1586 huic
716 1531 900 1586 officio
930 1528 1229 1601 quotannis
1262 1533 1567 1597 parentant.
1607 1526 1677 1578 De
1694 1539 1760 1577 eo
1786 1524 1836 1577 in
1869 1521 2059 1576 Calen-

448 1622 599 1675 cario
635 1620 1029 1681 Uttenburano,
1064 1637 1087 1666 α
1120 1633 1210 1670 xm
1244 1615 1353 1669 Kal.
1393 1614 1625 1667 Deceml)
1656 1612 1847 1674 ,Totto
1876 1617 2062 1664 noster

447 1709 754 1779 abbas,qui
798 1722 1001 1776 corpus
1059 1705 1230 1759 sancti
1284 1702 1571 1756 Alexandri
1635 1702 1740 1755 huc
1770 1699 1973 1763 attulit,
2003 1705 2057 1751 ct

444 1802 601 1869 cujus
649 1806 907 1869 parentes
947 1798 1125 1851 locum
1181 1795 1342 1849 istum
1400 1793 1788 1848 fundavcrunt.
1837 1814 1861 1835 η
1907 1789 1967 1842 Εῑ
2001 1789 2055 1841 in

443 1895 595 1949 brevi
624 1893 893 1947 Chronico
926 1891 992 1945 ad
1023 1891 1205 1960 cyclos
1237 1888 1563 1960 paschales:
1620 1912 1643 1931 ιι
1700 1888 1853 1938 Anno
1914 1882 2053 1936 1163

440 1983 614 2046 Totto,
649 1981 935 2051 sepelitur,
972 2002 992 2029 ι
1031 1980 1189 2032 idest
1217 1976 1562 2039 transfertur,
1608 1996 1628 2021 ι
1675 1982 1729 2028 et
1749 1971 2056 2044 principale

441 2077 611 2129 altare
661 2074 965 2127 dedicatur.
1037 2092 1066 2121 ι)
1136 2071 1437 2125 Fundatum
1519 2075 1601 2123 est
1665 2064 2057 2120 monasterium

440 2182 587 2220 anno
643 2166 769 2219 701.
823 2165 955 2218 Huic
1006 2163 1288 2218 Udalricus
1328 2161 1638 2215 libertatem
1694 2155 1954 2212 restituit.
1985 2171 2048 2208 ex

439 2256 724 2327 sequentis
782 2255 913 2308 Vitae
961 2269 1080 2323 cap.
1132 2253 1220 2305 25.
1254 2252 1440 2315 Porro,
1492 2259 1551 2303 ut
1583 2248 1649 2301 ad
1707 2248 2046 2316 propositum

441 2349 686 2411 redeam,
716 2345 1028 2417 Widgarius
1063 2358 1206 2397 anno
1236 2342 1359 2408 898,
1418 2348 1475 2394 ut
1527 2345 1678 2393 notat
1730 2335 2045 2399 Bruschius,

441 2442 806 2497 Helvetiorum
860 2439 1129 2510 reliquiis,
1191 2436 1507 2511 gentilismo
1564 2433 1726 2487 etiam
1779 2438 1907 2484 tunc
1956 2428 2045 2482 in-

439 2534 617 2600 fcctis,
660 2533 1041 2596 Christianam,
1098 2530 1383 2584 veritatem
1418 2527 1746 2598 praedicasse
1778 2536 2052 2576 memora-

440 2638 546 2688 tur,
594 2625 664 2680 ob
692 2625 745 2678 id
784 2645 804 2672 ι
866 2622 1239 2678 Helvetiorum
1297 2618 1588 2689 Apostolus
1623 2638 1643 2665 ι
1718 2611 2045 2683 appellatus.

438 2716 776 2789 Widgarium
809 2730 955 2769 anno
985 2713 1091 2767 902
1123 2709 1339 2780 excepit
1395 2705 1687 2770 Adalbero,
1721 2718 1882 2773 quem
1930 2715 2048 2789 mo-

434 2788 669 2861 nachum
740 2804 1208 2875 Elewangensem,
1268 2804 1431 2868 atque
1484 2794 1738 2847 abbatem
1798 2788 2046 2858 ejusdem

435 2899 538 2954 loci
583 2896 744 2951 simul
777 2902 831 2948 et
871 2894 1191 2964 episcopum
1245 2888 1411 2942 fuisse
1472 2884 1765 2939 Bruschius
1797 2888 2046 2935 testatur.

443 3012 465 3039 α
500 2986 737 3042 Fuitvir.
776 2984 955 3055 inquit
1008 2982 1151 3035 idem
1203 2986 1414 3044 auctor,
1453 2976 1653 3031 eximie
1699 2976 1911 3038 doctus,
1944 2989 2046 3026 ex-

433 3080 640 3133 cellens
678 3076 942 3137 musicus,
972 3070 1379 3127 San-Gallensis
1423 3065 1739 3122 monasterii
1780 3065 2048 3119 liberalis-

432 3171 607 3224 simus
640 3167 979 3231 bencfactor,
1012 3164 1183 3218 sancti
1210 3162 1373 3217 Ulrici
1398 3177 1496 3214 seu
1530 3158 1765 3214 Udalrici
1792 3156 2048 3210 alumnus

432 3266 485 3313 et
517 3256 859 3312 informator.
895 3275 921 3304 υ
965 3252 1363 3307 Adalberonem
1416 3249 1586 3304 sancti
1632 3248 1768 3302 Galli
1820 3246 2042 3300 fratrem

432 3347 801 3418 conscriptum
894 3341 1459 3398 beneficentissimum
1546 3337 1822 3392 exstitisse
1881 3335 2045 3389 tradit

434 3441 785 3496 Ekkchardus
810 3455 910 3509 cap
972 3440 1026 3504 5,
1070 3436 1376 3508 probatque
1406 3432 1632 3486 libellus
1669 3430 1739 3484 de
1765 3427 2043 3483 Fratribus

432 3536 760 3606 conscriptis
791 3544 939 3589 tomo
973 3533 1014 3586 ll
1048 3531 1195 3602 apud
1226 3529 1540 3584 Goldastum
1592 3542 1717 3599 pag.
1782 3524 1905 3588 181,
1946 3522 2041 3576 ubi

432 3632 700 3685 Adalbcro
740 3643 884 3683 anno
923 3627 1027 3681 908
1084 3626 1150 3679 ad
1194 3624 1451 3678 Sanctum
1485 3620 1695 3674 Gallum
1756 3619 1812 3672 in
1858 3616 2046 3691 vigilia

432 3724 603 3794 ipsius
640 3721 813 3775 sancti
842 3718 1056 3774 venisse
1088 3716 1311 3779 dicitur,
1344 3740 1370 3760 α
1397 3714 1588 3780 juncto
1613 3710 1720 3765 sibi
1751 3709 2045 3764 mitissimo

430 3811 766 3868 Seboncnsis
796 3809 1047 3865 Ecclesiae
1103 3806 1519 3877 (Sabioncnsem
1567 3801 1769 3874 [Seben]
1827 3800 1893 3871 [v.
1936 3815 2045 3853 me-

426 3915 546 3978 δι’ορ
595 3907 799 3976 Βαιίρς.
834 3922 888 3976 p.
923 3902 1044 3973 439]
1099 3901 1190 3955 alii
1225 3900 1506 3971 appellant
1543 3912 1690 3951 nunc
1745 3894 2036 3947 Brixinen-

424 4005 563 4071 sem)
597 4001 838 4055 antistite
883 3997 1225 4068 Meginberto
1274 4014 1289 4052 :
1321 4015 1346 4045 ι)
1378 4011 1440 4048 ac
1478 3994 1655 4047 locum
1688 3989 1853 4044 variis
1879 3988 2040 4043 donis

425 4091 811 4163 locupletasse.
839 4089 914 4142 En
941 4088 1172 4142 sedente
1208 4085 1489 4141 Udalricus
1518 4096 1662 4136 anno
1682 4080 1786 4135 909
1810 4080 2035 4133 Romam

424 4180 724 4251 profectus,
773 4179 892 4248 ejus
958 4185 1187 4232 mortem
1230 4174 1425 4229 didicit
1451 4190 1482 4227 a
1526 4168 1806 4243 pontifice,
1839 4186 1868 4222 a
1901 4182 2034 4239 quo,

421 4287 544 4327 cum
578 4272 644 4325 ad
676 4270 1091 4341 suscipiendum
1134 4268 1513 4338 episcOpatum
1543 4263 1730 4317 induet
1792 4276 1901 4315 non
1939 4276 2036 4330 po-

422 4360 632 4421 tuisset,
669 4358 905 4412 lliltinus
935 4356 1154 4411 interim
1185 4353 1516 4408 substitutus
1555 4357 1656 4406 est.
1720 4348 1820 4414 Qui
1892 4364 2036 4403 anno

418 4454 523 4506 923
554 4462 822 4515 mortuus,
865 4451 1086 4505 tandem
1142 4449 1322 4504 locum
1376 4447 1507 4503 fecit
1559 4445 1835 4507 Udalrico,
1870 4459 2033 4516 quem

419 4558 529 4612 prae
560 4540 819 4595 manibus
841 4538 1131 4593 habemus.
1170 4539 1218 4592 ls
1248 4537 1293 4591 si
1325 4537 1460 4609 quid
1492 4536 1716 4591 humani
1765 4536 1819 4588 in
1852 4533 2035 4588 studio

415 4648 542 4707 erga
583 4639 841 4703 nepotem
874 4646 1033 4684 suum
1088 4629 1509 4696 Adalberonem,
1553 4644 1717 4700 quem
1748 4640 2034 4682 successo-

417 4740 530 4777 rem
559 4723 891 4795 designavit,
958 4737 1152 4793 passus
1212 4729 1314 4785 est,
1365 4719 1594 4774 indubic
1641 4729 1768 4773 ante
1800 4725 2031 4772 mortem

414 4812 595 4881 diluit,
627 4828 749 4865 cum
793 4810 967 4882 ipsius
1018 4809 1238 4880 nepotis
1294 4819 1675 4879 praematuram
1712 4816 1942 4863 mortem
1979 4808 2032 4861 in

417 4903 760 4975 poenitentiae
798 4902 1103 4957 remedium
1138 4901 1425 4956 convertit.

483 4994 537 5046 8.
571 4991 837 5045 Cancrum
873 4990 1157 5045 Udalricus
1205 4990 1386 5044 statim
1431 5004 1462 5043 a
1492 5003 1591 5042 suo
1636 4988 1809 5060 ipsius
1874 4987 2029 5042 obitu

414 5087 609 5141 merito
641 5094 865 5140 sanctus
895 5085 1074 5140 dictus
1129 5084 1487 5155 creditusque
1526 5095 1628 5137 est.
1673 5084 1803 5137 Nam
1835 5088 2032 5152 praeter

409 5178 530 5248 ejus
568 5177 693 5232 vitae
720 5177 1037 5248 scriptores,
1096 5175 1462 5230 Hartmannus
1520 5175 1574 5229 in
1633 5173 1780 5229 Actis
1828 5180 2031 5227 sancta:

408 5272 719 5327 Wiboradae
749 5272 1004 5342 superius
1068 5270 1341 5340 adductis,
1397 5270 1625 5341 :equalis
1657 5275 1865 5333 auctor,
1899 5284 2032 5322 san-

406 5373 554 5419 ctum
589 5362 898 5417 Udalricum
942 5380 956 5428 ;
1013 5362 1303 5427 Ditmarus,
1365 5377 1510 5415 anno
1560 5361 1696 5417 1018
1758 5366 2030 5425 mortuus,

404 5464 654 5511 sanctum
714 5462 921 5525 patrem
985 5452 1317 5508 Othalricum
1377 5459 1533 5506 vocat
1591 5452 1647 5506 in
1679 5451 1755 5505 lib
1833 5457 1951 5513 μοι
1976 5450 2030 5504 in

404 5545 502 5607 lib,
538 5562 592 5599 ιιι
645 5541 954 5597 Othelricus
1021 5558 1240 5614 gemina
1289 5540 1639 5595 sacerdotum
1702 5540 1771 5595 ab
1830 5540 2026 5595 eodem

404 5638 734 5706 appellatur.
781 5633 889 5688 Nec
929 5634 1125 5686 mirum
1156 5650 1311 5699 sane,
1346 5648 1468 5686 cum
1522 5648 1667 5687 anno
1697 5632 1823 5698 993,
1856 5631 1911 5684 id
1942 5636 2025 5682 est

404 5727 473 5777 ab
502 5726 675 5803 ipsius
714 5724 870 5778 obitu
898 5723 1184 5795 vigesimo.
1222 5725 1277 5777 in
1309 5729 1619 5776 sanctorum
1666 5723 1850 5778 album
1879 5722 2023 5777 rela-

409 5817 494 5863 tus
530 5810 602 5863 sit
630 5826 661 5862 a
686 5810 898 5861 Joanne
930 5821 1073 5876 papa
1117 5808 1225 5875 XV,
1287 5812 1444 5875 cujus
1470 5808 1575 5864 hac
1602 5810 1671 5863 de
1704 5825 1762 5863 re
1808 5807 2019 5863 litteras

2176 523 2604 597 episcopus,qni
2637 529 3091 600 pontificisjnssu
3125 550 3326 606 corpus
3383 542 3557 595 sancti
3629 542 3782 598 Udal-

2172 612 2268 666 rici
2298 615 2506 669 tumulo
2535 618 2751 685 extulit,
2798 622 3095 677 oratorium
3149 624 3204 677 in
3257 627 3375 694 ejus
3414 629 3628 685 honore
3657 647 3779 687 con-

2170 706 2383 770 struxit,
2419 714 2553 760 teste
2597 709 3026 785 Chronegrapho
3066 715 3545 789 Magdeburgensi.
3600 721 3660 777 Et
3689 723 3770 778 hic

2168 811 2300 848 sane
2323 798 2575 852 houoreo
2607 801 2798 867 majori
2830 804 3496 881 considerationedignus
3528 819 3611 865 est
3636 814 3775 883 quod

2167 885 2431 939 solemnis
2487 887 2589 941 iste.
2628 891 2992 945 canonizandi
3068 902 3126 947 ut
3184 895 3501 967 loquuntur)
3568 900 3705 955 ritus
3747 918 3775 957 a

2172 986 2362 1030 sancto
2391 977 2641 1033 Udalrico
2675 980 2889 1034 initium
2913 983 3149 1052 cmpisse
3191 985 3462 1051 videatur,
3508 996 3568 1043 ut
3594 990 3649 1044 in
3685 992 3777 1045 hu-

2165 1065 2321 1132 jusce
2351 1067 2480 1120 tomi
2510 1067 2834 1138 praefatione
2856 1072 3234 1139 exposuimus,
3266 1075 3569 1143 praahabita
3604 1078 3777 1149 inqui-

2170 1161 2371 1215 sitione
2401 1177 2507 1216 non
2536 1162 2827 1234 indignum
2857 1166 3006 1234 quod
3033 1167 3329 1237 Gregorius
3357 1185 3497 1240 papa
3528 1171 3615 1225 Vll
3651 1173 3777 1227 Hen-

2165 1254 2532 1322 sequentibus
2559 1254 2714 1308 libris
2746 1255 3120 1325 proferuntur.
3159 1258 3297 1312 lllud
3331 1259 3495 1313 etiam
3528 1262 3778 1318 observa-

2166 1345 2314 1397 tione
2349 1361 2455 1399 non
2490 1345 2774 1418 indignum
2818 1348 2967 1417 quod
3001 1349 3296 1420 Gregorius
3330 1366 3469 1421 papa
3510 1352 3600 1405 Vll
3635 1354 3774 1408 Hen-

2166 1433 2277 1487 rico
2308 1434 2644 1504 Aquileiensi
2675 1436 2958 1505 episcOpo,
2992 1437 3085 1507 qui
3126 1446 3286 1492 antea
3324 1441 3626 1496 canonicus
3657 1447 3767 1497 Au-

2161 1531 2426 1596 gustanus
2458 1524 2651 1591 fuerat,
2684 1541 2841 1578 usum
2876 1526 3027 1596 pallii
3050 1530 3329 1591 concedit,
3381 1540 3579 1600 praeter
3621 1534 3772 1601 alias,

2168 1635 2185 1660 ι
2221 1613 2273 1665 in
2305 1613 2691 1669 festivitatibus
2724 1617 2864 1670 beati
2922 1617 3155 1673 Udalrici
3186 1620 3523 1676 confessoris
3577 1623 3771 1678 Christi

2080 1749 2133 1819 Β
2160 1711 2323 1806 atque
2357 1706 2653 1775 pontificis,
2689 1715 2743 1760 et
2802 1708 2975 1763 beatae
3016 1710 3152 1765 Afrae
3207 1712 3520 1782 martyris,»
3560 1722 3618 1769 ut
3644 1716 3776 1789 legi-

2162 1806 2246 1849 tur
2273 1796 2326 1850 in
2358 1798 2432 1850 lib
2481 1815 2532 1851 v1
2570 1799 2801 1869 epistola
2856 1801 2942 1855 38.
3012 1802 3089 1855 lta
3129 1818 3255 1857 vero
3290 1803 3527 1858 Udalrici
3574 1821 3772 1862 nomen

2157 1884 2373 1938 celebre
2419 1887 2608 1953 evasit,
2671 1900 2730 1941 ut
2777 1889 3105 1943 vocabulum
3161 1899 3215 1945 et
3260 1892 3475 1947 titulum
3528 1895 3765 1964 primum

2161 1976 2424 2031 indiderit
2463 1978 2712 2032 ecclesiae
2744 1996 2807 2033 ac
2838 1982 3169 2037 monasterio
3209 1984 3419 2039 Sanctae
3456 1985 3596 2040 Afrae
3629 1988 3772 2057 apud

2158 2069 2452 2142 Augustam
2511 2071 2836 2141 perinsigni,
2892 2075 3039 2144 quod
3125 2075 3290 2131 modo
3361 2077 3545 2131 Sancti
3610 2079 3771 2134 Udal-
3827 2077 3839 2087 ’

2159 2161 2253 2216 rici
2286 2164 2347 2229 (S
2403 2165 2575 2233 Ulric)
2606 2173 2659 2218 et
2714 2166 2926 2219 Sancta:
2979 2167 3117 2221 Afrae
3168 2180 3517 2240 nuncupatur
3544 2172 3618 2226 ob
3653 2175 3770 2242 ejus

2153 2253 2206 2306 in
2239 2270 2305 2308 eo
2338 2254 2458 2308 loco
2473 2257 2807 2327 sepulturam
2842 2274 2905 2312 ac
2926 2259 3359 2315 venerationem.
3401 2263 3555 2317 Hunc
3586 2264 3762 2318 locum

2151 2347 2433 2399 monachis
2470 2348 2838 2402 Benedictinis
2865 2365 3010 2405 anno
3063 2352 3199 2406 1012
3247 2355 3523 2409 concessit
3590 2356 3769 2411 Bruuo

2149 2437 2442 2506 episcopus
2474 2441 2837 2508 .‘tugustanus.
2874 2443 3168 2512 praeposito
3225 2444 3425 2499 abbate
3453 2446 3634 2516 primo
3665 2447 3773 2501 Re-

2149 2530 2427 2599 ginbaldo,
2462 2547 2625 2600 quem
2652 2532 2963 2586 Bcrnardus
3024 2533 3396 2590 Hertfelderus
3448 2539 3766 2593 monasterii

2152 2621 2299 2690 prior
2329 2630 2575 2676 sanetum
2611 2631 2767 2677 vocat
2800 2624 2852 2677 in
2883 2640 2980 2678 sua
3007 2624 3235 2681 basilica
3263 2634 3580 2682 sanctorum
3616 2629 3773 2684 Udal-

2151 2712 2245 2766 rici
2271 2721 2324 2766 et
2356 2712 2516 2777 Afrae,
2572 2721 2626 2769 et
2659 2730 2722 2768 ex
2772 2714 3207 2788 Kiburgensibus
3253 2718 3569 2779 comitibus.
3603 2720 3658 2775 id
3690 2729 3771 2776 est

2152 2804 2384 2859 Udalrici
2417 2814 2601 2879 gente,
2636 2807 2952 2861 oriundum.
3020 2808 3362 2879 Reginbaldo
3402 2810 3592 2865 abbati
3645 2828 3770 2868 suc-

2150 2896 2313 2949 cessit
2352 2897 2494 2967 Dego
2549 2913 2695 2953 anno
2728 2899 2885 2960 1015,
2932 2900 3137 2973 Degoni
3168 2907 3289 2969 post
3317 2902 3619 2957 triennium
3661 2904 3767 2959 Go-

2151 2989 2447 3061 desgenus,
2477 2997 2531 3044 et
2558 2997 2679 3061 post
2708 2991 2994 3046 biennium
3036 2992 3400 3049 Frideboldus
3449 3011 3599 3052 anno
3629 2995 3770 3052 1030

2152 3084 2398 3132 mortuus
2431 3096 2442 3131 :
2478 3095 2587 3150 quo
2622 3080 2933 3150 postulante
2992 3082 3166 3135 Berno
3223 3082 3443 3137 tertiam
3476 3084 3546 3138 de
3575 3092 3767 3141 sancto

2150 3168 2398 3223 Udalrico
2418 3170 2770 3239 scriptionem
2803 3187 3095 3241 aggressus
3125 3181 3225 3227 est.
3269 3174 3329 3227 In
3359 3174 3555 3229 eadem
3615 3176 3767 3231 basi-

2150 3255 2250 3308 lica
2273 3267 2621 3311 asservantur
2671 3258 2846 3312 sancti
2908 3258 3143 3313 Udalrici
3183 3259 3452 3331 reliquie,
3474 3278 3675 3337 magna
3706 3280 3768 3319 ex

2147 3352 2300 3414 parte
2322 3346 2424 3399 sub
2449 3346 2568 3413 ejus
2596 3363 2708 3411 ara,
2752 3346 2804 3400 in
2865 3362 2971 3418 qua
3021 3363 3234 3403 sacrum
3268 3347 3451 3406 facere
3481 3350 3646 3406 nobis
3667 3353 3767 3407 da-

2146 3438 2259 3486 tum
2291 3440 2392 3493 est.
2424 3434 2745 3495 reconditas.
2812 3444 3010 3505 praeter
3034 3444 3218 3506 caput,
3251 3438 3471 3509 aliaque
3500 3441 3769 3495 nonnulla

2151 3521 2522 3591 peculiaribus
2568 3523 2845 3577 scriniolis
2913 3524 3147 3589 inclusa,
3199 3541 3434 3596 quorum
3503 3534 3765 3598 ectypum

2147 3612 2369 3666 exhibet
2402 3613 2790 3677 Hertfnlderus,
2813 3614 2890 3669 uti
2921 3622 2974 3669 et
3002 3615 3212 3682 calicis,
3271 3617 3494 3681 casulae,
3522 3619 3680 3673 stolae
3713 3627 3771 3674 et

2147 3704 2412 3775 manipuli
2445 3712 2607 3776 atque
2649 3705 2974 3768 dalmaticze,
3031 3708 3235 3779 quibus
3264 3708 3348 3763 vir
3374 3716 3602 3764 sanctus
3632 3726 3770 3765 usus

2147 3803 2245 3849 est.
2271 3796 2325 3848 In
2349 3796 2684 3851 monasterio
2724 3796 2965 3851 Murensi
2996 3797 3127 3852 item
3170 3798 3292 3867 ejus
3317 3798 3461 3854 stola
3514 3805 3571 3853 et
3607 3815 3766 3870 qua:-

2142 3884 2264 3937 dam
2299 3886 2549 3957 reliquias
2587 3896 2892 3941 servantur.
2932 3888 3005 3941 De
3036 3886 3211 3957 ipsius
3272 3886 3600 3944 inventione
3633 3895 3763 3959 post

2143 3972 2341 4028 librum
2375 3974 2759 4029 Miraculorum
2789 3975 3089 4049 agendum.

2208 4089 2261 4141 9.
2298 4088 2371 4141 De
2402 4086 2731 4158 quibusdam
2760 4087 2998 4158 scriptis,
3021 4102 3144 4158 quae
3179 4086 3432 4143 Udalrico
3490 4087 3760 4143 tribuun-

2139 4183 2243 4242 tur,
2275 4176 2459 4230 dubiaz
2488 4176 2783 4230 admodum
2814 4186 2868 4230 et
2897 4176 3122 4231 incertae
3151 4184 3280 4231 sunt
3307 4178 3663 4246 conjectum.
3699 4179 3761 4233 In

2140 4265 2224 4320 his
2254 4274 2333 4320 est
2369 4281 2581 4319 «sermo
2615 4265 2901 4336 synodalis
2947 4266 3300 4335 parochianis
3330 4267 3673 4338 presbyteris
3702 4269 3760 4322 in

2138 4357 2363 4427 synodis
2394 4355 2786 4410 enuntiandus.
2821 4379 2835 4401 -
2874 4356 3044 4420 Quem
3067 4355 3279 4410 Marcus
3309 4356 3570 4411 Velserus
3600 4357 3764 4412 Udal—

2140 4450 2373 4505 ricicsse
2404 4450 2752 4517 existimavit,
2813 4458 3105 4521 propterea
3159 4449 3307 4520 quod
3358 4448 3761 4520 plerasquein-

2139 4543 2557 4616 terrOgationes,
2602 4558 2738 4613 quas
2800 4540 3085 4596 Udalricus
3141 4540 3482 4612 presbyteris
3510 4542 3567 4595 in
3600 4543 3761 4610 ejus-

2137 4632 2284 4687 modi
2317 4633 2546 4704 synodis
2601 4631 2784 4685 facere
2829 4631 3063 4697 solebat,
3118 4637 3256 4685 teste
3310 4630 3554 4685 Gerardo
3583 4631 3642 4686 in
3664 4648 3760 4687 se-

2137 4724 2357 4795 quentis
2412 4723 2539 4777 libri
2583 4738 2705 4793 cap.
2766 4721 2821 4788 6,
2872 4720 3120 4791 praedicti
3198 4720 3475 4775 sermonis
3527 4721 3645 4792 (qui
3702 4722 3761 4776 in

2136 4819 2284 4867 torno
2304 4812 2367 4866 IX
2397 4811 2765 4867 Conciliorum
2827 4810 3122 4865 Labbeano
3159 4810 3344 4864 editus
3376 4816 3459 4864 est
3487 4810 3593 4865 col.
3627 4811 3762 4880 805)

2135 4900 2661 4975 interrogationibus
2720 4899 3107 4970 respondeant.
3172 4899 3372 4954 Verum
3425 4899 3533 4955 dici
3572 4908 3766 4970 potest

2135 4994 2188 5047 id
2211 5009 2389 5066 genus
2417 4993 2913 5067 interrogationum
2972 4991 3213 5062 capitula
3265 4992 3335 5046 ab
3365 4991 3621 5047 Udalrico
3660 5008 3765 5048 ac-

2134 5090 2296 5152 cepta
2328 5081 2494 5136 fuisse
2521 5095 2587 5135 ex
2636 5079 2846 5154 vulgari
2914 5078 3150 5135 formula
3217 5080 3516 5147 sermonis,
3567 5082 3761 5153 quiin

2133 5171 2451 5241 bujusmodi
2491 5171 2719 5242 synodis
2751 5171 2941 5226 haberi
3011 5171 3246 5226 solebat.
3308 5171 3373 5225 Et
3419 5181 3571 5226 certe
3602 5172 3758 5228 idem

2131 5276 2335 5325 sermo,
2371 5259 2558 5330 paucis
2590 5259 2912 5317 immutatis.
2956 5260 3122 5315 Leoni
3176 5275 3335 5330 papae
3367 5258 3431 5314 ιν
3458 5260 3763 5317 ascribitur

2136 5351 2191 5405 in
2221 5360 2368 5406 torno
2401 5351 2515 5405 Vlll
2575 5349 2944 5405 Conciliorum
3001 5351 3085 5406 col
3139 5351 3229 5406 55.
3266 5349 3474 5406 Similis
3502 5359 3589 5407 est
3617 5351 3755 5408 item

2137 5448 2376 5503 Ratherii
2400 5462 2583 5503 sermo
2613 5447 2912 5519 synodicns
2950 5447 3007 5501 in
3048 5446 3331 5520 Spicilegii
3364 5453 3514 5502 tomo
3546 5448 3591 5502 ll
3622 5465 3754 5524 pag.

2128 5539 2251 5593 256.
2294 5539 2444 5593 Alius
2474 5538 2713 5593 Udalrici
2752 5554 2933 5595 sermo
2988 5538 3057 5592 ad
3097 5537 3365 5609 populum
3425 5536 3669 5593 refertur
3697 5540 3757 5593 in

2127 5627 2411 5700 sequentis
2428 5628 2559 5682 Vitae
2587 5643 2709 5698 cap.
2760 5628 2794 5682 9
2871 5628 2950 5681 Ad
3005 5627 3123 5681 haec
3170 5626 3423 5698 quaedam
3472 5628 3757 5697 superiori

2123 5715 2326 5771 saeculo
2356 5714 2595 5769 Udalrici
2655 5714 2880 5770 nomine
2920 5714 3204 5770 venditata
3267 5721 3353 5770 est
3406 5715 3647 5787 epistola
3680 5716 3753 5772 ad

2121 5806 2403 5861 Nicolaum
2443 5820 2643 5875 papam
2670 5805 2795 5861 :cui
2847 5805 3227 5864 auctoritatem
3282 5805 3583 5865 conciliare
3650 5824 3751 5868 co—
