3978 6214
302 305 437 361 1009

1885 308 2050 362 νιΤΑ.

3500 310 3636 366 1010

298 434 408 488 nati
449 440 579 487 sunt
625 443 917 487 novatores
969 451 1034 487 ex
1084 433 1264 488 dinem
1319 432 1473 487 Silvii
1527 434 1791 508 Apol0gia
1845 435 1984 507 adA
2017 436 2246 500 curavit,
2299 451 2419 490 cum
2453 435 2772 506 frequenter
2809 434 3124 489 admonitus
3180 435 3510 507 resipiscere
3537 453 3639 492 no-

297 519 594 589 Mayerum,
627 520 720 573 ubi
766 520 1083 590 pontiticem
1136 521 1204 573 ab
1259 521 1511 575 Udalrico
1551 522 1618 575 de
1651 521 1916 577 concubi-

295 613 382 665 nis
426 614 824 683 reprehensum
862 614 1014 666 dicit.
1052 614 1125 666 Ad
1162 630 1356 683 purum
1393 623 1767 668 commentum
1792 631 1917 668 cen-

295 713 376 757 set
410 705 690 767 Velscrus;
725 713 835 757 tum
869 706 998 775 quia
1038 705 1221 758 nullus
1256 712 1367 760 toto
1401 705 1634 760 Udalrici
1671 713 1914 775 tempore

293 793 555 846 Nicolaus
597 810 736 862 papa
769 793 1022 846 Ecclesia)
1057 793 1312 846 llomanze
1353 793 1598 864 przefuit;
1634 803 1745 850 tum
1790 795 1916 866 quia

299 883 416 936 lia-c
455 882 636 936 :Enea:
669 882 834 935 verba
869 883 920 935 in
953 883 1229 953 aliquibus
1261 883 1544 937 codicibus
1585 901 1691 939 non
1722 885 1919 957 legun-

293 984 403 1038 tur,
435 973 746 1044 absuntque
769 975 836 1027 ab
867 974 1111 1028 editione
1146 975 1386 1028 Romana
1413 975 1544 1029 anni
1579 976 1750 1038 158.4;
1783 989 1917 1043 prte-

290 1076 446 1121 terea
499 1069 769 1122 Gerardns
817 1069 1020 1121 nullam
1062 1069 1222 1138 hujus
1273 1069 1725 1139 reprehensionis
1760 1085 1918 1122 meu-

299 1156 508 1210 tionem
547 1156 675 1210 facit
728 1157 961 1210 Tametsi
1007 1174 1115 1210 non
1172 1157 1370 1224 injuria
1411 1159 1546 1212 dicit
1604 1166 1802 1230 potest,
1864 1159 1914 1212 id

289 1246 492 1302 cadere
529 1264 688 1317 posse
723 1248 775 1300 in
823 1248 1091 1302 Joannem
1137 1248 1253 1315 .\'ll,
1304 1267 1466 1320 quem
1505 1250 1724 1321 flagitiis
1756 1250 1912 1303 dedi-

292 1356 407 1399 tum
446 1341 566 1394 Otto
602 1340 824 1412 Magnus
885 1340 937 1393 in
987 1340 1259 1411 frequenti
1309 1341 1522 1411 synodo
1571 1343 1908 1397 exauctorari

2019 523 2231 577 luisset.

2092 616 2176 669 t0.
2219 615 2323 668 Sed
2350 615 2460 684 jam
2495 614 2714 668 tandem
2757 613 3046 668 referenda
3089 621 3175 667 est
3221 616 3482 686 anonymi
3537 633 3632 670 seu

2018 707 2234 762 Gerardi
2272 707 2597 771 lucubratio,
2655 724 2817 778 quam
2876 707 3138 760 Baronius
3178 709 3395 762 creteris
3439 710 3631 764 merito

2020 796 2255 866 praetulit
2287 797 2356 850 ob
2379 796 2815 866 simplicitatem,
2845 813 2970 867 quze
3003 797 3244 851 veritatis
3277 798 3469 868 magis,
3497 815 3631 853 cou-

2017 891 2277 938 sentanea
2317 893 2439 947 est;
2499 885 2792 956 laudatque
2847 885 3083 938 Marcum
3141 885 3442 949 Vclserum,
3485 888 3630 957 apud

2018 976 2361 1047 Augustanos
2421 976 2586 1028 duum
2647 975 2820 1028 virum
2879 974 3321 1040 celeberrimum,
3369 975 3630 1045 quihanc

2017 1063 2370 1133 scriptionem
2418 1084 2440 1112 «
2478 1062 2589 1131 jam
2614 1062 2892 1118 oblivione
2921 1063 3189 1133 sepultam
3219 1063 3359 1134 typis
3374 1064 3630 1119 cudendo

2017 1165 2071 1208 et
2122 1155 2266 1209 notis
2314 1155 2658 1219 illustrando,
2697 1155 2970 1211 revocavit
3019 1155 3084 1208 ad
3133 1155 3294 1210 vitam
3363 1175 3385 1204 »
3432 1155 3509 1208 Ita
3549 1155 3630 1210 vir

2014 1247 2414 1301 illustrissimus
2444 1247 2508 1300 ad
2542 1263 2744 1301 annum
2776 1247 2899 1302 9‘24.

1753 1846 2192 1969 VITA

721 2163 1717 2324 SANCTI
1863 2161 3198 2320 UDALBICI

1463 2521 2462 2586 .AUGUSTANIIHHSCOPL

1323 2774 1664 2834 AUCTORE
1715 2775 2050 2836 GERARDO
2101 2778 2588 2839 I’RESBYTERO.

895 3015 1070 3083 (Apud
1105 3014 1308 3069 Mabill.
1349 3019 1490 3072 Acin
1519 3023 1826 3072 sanctorum
1855 3019 2065 3073 ordinis
2107 3023 2163 3074 S.
2213 3024 2406 3076 Bencd.
2444 3025 2579 3080 Sage.
2618 3027 2675 3090 V,
2711 3045 2834 3098 pag.
2882 3030 2974 3080 l'l'i

371 3532 540 3584 Aures
596 3531 952 3602 plurimorum
983 3547 1106 3584 cum
1159 3532 1302 3586 fama
1336 3533 1721 3590 miraculorum
1758 3537 1910 3590 Chri-
1942 3541 1988 3607 Β
2015 3545 2072 3591 ut
2099 3535 2459 3610 diligentibus
2497 3537 2663 3589 Deum
2699 3536 2951 3605 exempla
2984 3534 3371 3589 rediticationis
3399 3545 3633 3607 antepo-

303 3622 391 3687 sti,
425 3638 550 3692 qua:
585 3638 682 3692 per
723 3638 941 3676 servum
982 3631 1140 3675 suum
1185 3631 1434 3679 sanctum
1488 3626 1797 3681 Udalricum
1856 3629 1911 3682 in

306 3714 570 3776 honorem
604 3713 1087 3768 suaasanetissimte
1117 3713 1403 3786 genitricis
1419 3715 1603 3770 Maria:
1628 3716 1748 3771 fieri
1779 3734 1916 3772 con-

299 3802 488 3866 cessit,
547 3801 989 3872 frequentissime
1032 3803 1293 3871 pulsaret,
1368 3812 1423 3858 et
1470 3805 1652 3859 adhuc
1704 3814 1917 3861 mentes

303 3907 490 3945 eorum
517 3890 786 3944 dubitatio
818 3897 1132 3960 occuparet,
1176 3891 1359 3945 missis
1392 3893 1460 3946 ad
1488 3910 1574 3947 me
1608 3893 1804 3967 legatis
1832 3911 1916 3948 re-

307 4003 424 4039 rum
473 3986 730 4039 veritates
784 4002 847 4039 ex
891 3985 1030 4039 meis
1086 3986 1542 4057 responsionibus
1581 4004 1918 4061 cognoscere

305 4080 621 4150 cupiebant,
655 4090 910 4154 rogantes
926 4097 1014 4134 me
1027 4087 1087 4134 ut
1108 4097 1171 4134 ea
1187 4098 1309 4152 quae
1327 4098 1430 4152 ego
1454 4081 1509 4135 in
1532 4082 1760 4137 veritate
1780 4084 1918 4138 scire

308 4175 628 4245 potuissem,
683 4175 865 4229 lucida
935 4175 1309 4246 descriptione
1346 4179 1432 4230 eis
1490 4177 1914 4233 manifestarem.

305 4270 550 4341 Cumque
584 4269 1038 4344 interrogantium
1096 4278 1244 4325 tanta
1283 4271 1515 4342 pluritas
1548 4289 1634 4328 me
1674 4275 1920 4345 undique

307 4361 837 4434 interrogationibus
876 4361 1159 4428 cinxisset,
1197 4370 1257 4416 ut
1281 4364 1540 4419 omnibus
1569 4366 1920 4438 singulariter

305 4466 568 4520 responsa
600 4451 981 4521 seriptis_dare
1026 4467 1134 4505 non
1166 4468 1325 4522 posse
1373 4453 1722 4518 aestimarem,
1766 4455 1918 4527 cogi-

303 4548 416 4593 tare
448 4541 642 4594 tacitus
673 4542 814 4612 ccepi
870 4542 1011 4596 intra
1048 4544 1458 4614 memetipsum,
1507 4553 1566 4600 ut
1595 4562 1716 4600 cum
1759 4547 1919 4600 tacita

303 4631 644 4698 experientia
669 4631 904 4701 experiri
933 4633 1267 4688 studuissem
1299 4635 1568 4708 originem
1599 4645 1750 4691 ortus
1778 4637 1918 4705 ejus,

309 4731 385 4788 ut,
403 4722 678 4794 descripto
705 4724 822 4791 ejus
835 4732 979 4791 ortu,
1009 4726 1172 4780 vitam
1188 4727 1684 4800 subsequentemet
1708 4730 1918 4784 obitum

305 4814 485 4868 veraci
529 4815 700 4869 relatu
759 4817 1221 4890 interrogantibus
1276 4828 1329 4874 et
1385 4820 1568 4895 legere
1609 4822 1922 4876 volentibus

2018 3635 2172 3693 nant,
2231 3631 2282 3678 et
2342 3624 2433 3677 Dei
2493 3631 2767 3694 praecepta
2805 3623 3200 3692 spernentibus
3253 3623 3635 3677 conversionis

2017 3714 2474 3778 emolumentum,
2498 3711 2580 3765 vel
2604 3711 2974 3764 damnationis
2995 3710 3501 3765 interminationem
3535 3711 3632 3764 ad-

2022 3809 2277 3877 augeant.
2316 3803 2420 3855 Ista
2450 3816 2546 3871 pro
2576 3807 2723 3855 certo
2763 3799 2819 3852 in
2850 3815 3033 3853 amore
3060 3797 3256 3854 Christi
3300 3799 3632 3872 legentibus,

2019 3893 2282 3946 auxilium
2307 3891 2402 3946 Dei
2432 3890 2826 3961 omnipotentis
2856 3889 3049 3944 adesse
3071 3888 3427 3954 confidimus,
3455 3895 3511 3942 ut
3537 3906 3635 3959 per

2021 3999 2243 4037 servum
2265 4000 2425 4038 suum
2454 3983 2564 4037 sint
2585 3983 2641 4036 in
2675 3983 2777 4037 isto
2793 3982 2995 4035 sarculo
3022 3980 3168 4047 freti,
3193 3989 3268 4046 et,
3301 3981 3630 4050 eojuvante,

2023 4074 2155 4129 ﬁant
2179 4077 2245 4129 ad
2289 4085 2499 4131 {eterna
2522 4075 2722 4148 gaudia
2761 4075 3027 4146 perducti.

2093 4175 2318 4247 Oportet
2342 4176 2617 4248 imprimis
2643 4191 2710 4230 ne
2740 4177 3067 4230 reticeamus
3095 4172 3225 4227 tanti
3251 4172 3483 4244 talisque
3506 4173 3630 4238 viri,

2021 4265 2226 4335 Spiritu
2284 4274 2476 4321 sancto
2510 4266 2758 4336 juvante,
2797 4264 3036 4320 nominis
3092 4262 3634 4333 interpretationem.

2021 4356 2282 4410 Theutica
2314 4357 2500 4428 itaque
2541 4357 2726 4429 lingua
2777 4356 3065 4412 hmreditos
3117 4371 3147 4408 a
3187 4354 3400 4425 proavis
3430 4354 3636 4407 dereli-

2019 4457 2103 4503 cta
2147 4448 2412 4502 Altuodal
2461 4449 2680 4513 dicitur,
2741 4452 2837 4505 Ric
2873 4448 3089 4504 divitias
3130 4455 3308 4512 sonat,
3365 4447 3488 4501 ideo
3520 4462 3632 4501 non

2023 4538 2323 4610 incongrue
2354 4537 2676 4591 Vodalricus
2706 4553 2735 4590 a
2766 4548 2994 4608 paterna
3026 4537 3339 4592 haereditate
3371 4535 3523 4589 dives
3543 4536 3632 4589 in-

2022 4627 2308 4698 terpretari
2339 4635 2543 4698 potest,
2577 4643 2698 4680 nam
2732 4630 2925 4683 aeterni
2948 4628 3123 4683 Patris
3146 4626 3462 4681 hzereditatc
3489 4626 3634 4680 dita-

2026 4733 2109 4779 tus
2140 4723 2343 4788 ﬂoruit,
2373 4724 2442 4776 de
2475 4740 2584 4795 quo
2625 4725 2775 4779 Patre
2809 4724 3058 4796 quotidie
3093 4725 3147 4777 in
3179 4723 3420 4778 oratione
3450 4730 3636 4776 nostra

2022 4815 2291 4869 dicimus:
2320 4836 2342 4864 «
2366 4814 2524 4868 Pater
2545 4823 2756 4879 noster,
2780 4817 2872 4887 qui
2898 4833 2956 4869 es
2979 4816 3032 4868 in
3064 4815 3238 4880 coriis,
3261 4838 3286 4864 υ
3315 4823 3417 4869 etc.
3441 4815 3514 4867 Ad
3538 4830 3638 4868 cu-

307 4907 568 4961 omnibus
623 4908 678 4961 in
711 4925 1006 4964 commune
1039 4911 1218 4967 facere
1279 4882 1606 4983 potuigse'm,
1640 4931 1749 4971 non
1783 4916 1922 4970 meis
1945 4882 1993 4949 (ἶ
2019 4909 2107 4978 jus
2137 4905 2474 4959 lnereditatis
2512 4912 2733 4959 sanctus
2768 4907 2967 4961 Paulus
3001 4907 3412 4976 possessionem
3456 4904 3509 4958 in
3545 4904 3635 4958 Dei

307 4999 772 5054 antecedentibus
795 5001 1323 5070 meritisconfidens,
1345 5021 1449 5059 nec
1476 5007 1757 5080 sagacitati
1776 5024 1926 5062 men-

309 5090 374 5145 tis
425 5105 585 5154 meze,
643 5092 740 5145 sed
783 5092 838 5145 in
895 5093 988 5147 Dei
1045 5095 1477 5151 misericordiam
1529 5099 1926 5168 omnipotentis

309 5197 562 5250 Sperans,
581 5181 673 5252 qui
706 5182 867 5236 dixit:
902 5205 927 5233 ιι
953 5184 1188 5255 Aperios
1209 5195 1384 5252 tuum,
1410 5196 1462 5242 et
1483 5206 1586 5262 ego
1608 5191 1926 5260 adimplebo

309 5269 441 5323 illud
477 5287 490 5331 ;
542 5291 560 5317 ι
607 5276 663 5324 ut
692 5287 788 5340 per
843 5272 1035 5327 merita
1066 5275 1272 5343 przefati
1305 5277 1551 5348 episc0pi
1609 5280 1928 5352 irrigatione

307 5358 546 5428 Spiritus
571 5359 746 5412 sancti
780 5369 834 5414 et
863 5361 1034 5415 divini
1067 5363 1208 5432 ignis
1241 5365 1457 5420 fervore
1489 5385 1709 5423 sensum
1742 5387 1923 5425 meum

306 5447 546 5522 dirigere
573 5447 849 5519 dignetur,
903 5457 960 5503 ut
990 5450 1042 5504 id
1084 5453 1233 5522 quod
1286 5454 1354 5506 ad
1395 5457 1746 5530 cogitandum
1789 5461 1924 5514 mihi

310 5536 616 5607 inspiravit,
645 5553 710 5590 ae
743 5536 1142 5607 perficiendum
1179 5541 1322 5596 vires
1352 5559 1461 5598 non
1486 5547 1788 5614 subtrahat,
1819 5550 1923 5604 nisi

313 5628 703 5697 praedestinata
721 5632 905 5685 animo
925 5629 1124 5686 idonea
1151 5633 1422 5688 taxatione
1445 5636 1611 5691 edere
1632 5641 1922 5707 concedat,

2025 4999 2334 5053 voluntates
2366 5004 2788 5068 perseverantes
2829 4998 3163 5052 consolatur.
3206 4997 3423 5051 dicens:
3458 5000 3644 5052 Han-e-

2026 5091 2116 5144 des
2146 5089 2360 5158 quidem
2398 5091 2513 5153 Dei,
2544 5088 2839 5141 coheraedes
2866 5093 3043 5141 autem
3078 5089 3267 5144 Chriti
3317 5093 3488 5156 (Rom.
3522 5104 3641 5154 vin;

2031 5185 2048 5238 l
2081 5185 2196 5240 Cor.
2230 5189 2328 5253 II);
2380 5181 2447 5236 de
2479 5198 2584 5252 qua
2625 5181 2788 5234 etiam
2843 5181 3166 5234 haereditate
3219 5183 3482 5253 scriptum
3517 5189 3597 5236 est
3627 5201 3640 5236 :

2029 5278 2178 5343 Quot
2204 5277 2385 5330 oculus
2416 5290 2519 5328 non
2551 5274 2707 5333 riiit,
2742 5288 2835 5325 nec
2866 5274 3017 5324 auris
3049 5272 3286 5336 audivit,
3326 5291 3419 5328 nec
3451 5277 3507 5327 in
3552 5291 3644 5328 cor

2028 5369 2258 5421 hominis
2289 5367 2527 5421 ascendit
2545 5382 2656 5435 qua:
2680 5365 3012 5433 preeparavit
3045 5366 3181 5415 Deus
3211 5364 3566 5430 diligentibus
3587 5382 3644 5419 se

2029 5462 2078 5529 (Ι
2106 5462 2227 5517 Cor.
2287 5463 2384 5533 n);
2445 5461 2600 5529 cujus
2639 5457 2967 5528 compendio
3035 5470 3145 5510 non
3200 5456 3374 5509 solum
3417 5458 3640 5513 sibimet

2027 5553 2243 5618 fruitur,
2275 5570 2463 5608 verum
2489 5552 2651 5607 etiam
2684 5548 2948 5622 plurimos
2970 5543 3305 5601 multimodis
3330 5545 3636 5602 beneficio-

2027 5660 2147 5697 rum
2179 5643 2652 5700 consolationibus
2698 5641 2754 5696 in
2797 5642 2902 5696 hac
2951 5635 3391 5713 peregrinatione
3439 5635 3631 5692 vivens
