3978 6214
396 294 525 349 1011

1470 296 1522 346 S.
1572 290 1875 345 UDALRICI
1917 288 2286 345 AUGUSTANI
2328 292 2644 348 EPISCOPI.

3587 302 3725 357 1012

394 440 931 506 traxit,multimodis
955 439 1327 509 juvaminibus
1344 445 1398 493 et
1418 437 1697 494 continuis
1723 435 2004 491 miraculis

2133 419 2273 485 litus,
2307 421 2561 477 inducias
2589 424 2962 493 respondendi
3005 426 3320 495 postulavit.
3351 426 3503 483 Tunc
3535 429 3725 501 itaqne

396 531 462 583 ad
488 531 627 584 hanc
649 529 979 591 introducet,
1002 528 1143 582 sicut
1175 529 1609 600 insequentibus
1638 527 1928 597 reperitur.

468 621 507 674 Ι.
551 621 726 673 Beata!
761 619 925 692 igitur
969 620 1249 675 memorize
1298 627 1522 674 sanctus
1573 620 1856 675 Udalricus
1910 634 2006 672 ex-

395 713 539 767 celsa
570 711 823 782 prosapia
864 712 1285 767 Alamannorum
1318 728 1382 766 ex
1416 712 1691 785 religiosis
1720 718 1774 766 et
1805 710 2007 766 nobili-

396 805 499 859 bus
526 805 847 874 parentibus
876 811 1050 869 ortus,
1083 814 1234 875 patre
1266 805 1478 861 scilicet
1509 804 1757 876 Hupaldo
1789 806 1865 871 (1)
1952 810 2007 857 et

400 902 570 946 matre
621 892 917 965 Thetpirga
966 894 1035 962 (2}
1082 902 1435 965 nuncupata;
1484 894 1578 965 qui
1638 894 1801 948 solito
1855 908 2005 947 more

399 979 645 1045 laetatus,
679 990 733 1035 et
757 997 972 1036 summo
1013 982 1195 1037 studio
1222 983 1479 1048 nutritus,
1512 981 1763 1053 quamvis
1802 988 2006 1036 statura

400 1070 713 1140 corpusculi
747 1073 994 1144 elegans,
1042 1071 1133 1126 tali
1165 1081 1345 1126 tamen
1386 1071 1697 1127 macilentia
1727 1069 2013 1126 confectus

400 1170 535 1224 erat,
595 1169 654 1215 ut
704 1162 1068 1215 nutritorihus
1119 1161 1449 1215 verecundia
1505 1167 1649 1215 esset
1710 1160 1753 1213 si
1814 1160 2013 1231 aliquis

404 1253 711 1326 ignotorum
754 1253 949 1308 faciem
982 1253 1101 1321 ejus
1142 1254 1491 1324 inspexisset.
1528 1253 1847 1307 Mirantibus
1882 1267 2013 1306 vero

407 1349 559 1413 patre
590 1348 645 1396 et
675 1350 845 1397 matre
892 1360 1060 1413 quare
1108 1351 1255 1399 tanta
1300 1344 1566 1399 tenuitate
1596 1353 1649 1399 et
1680 1344 2013 1399 informitate

406 1438 655 1507 corporis
692 1447 1073 1509 occuparetur,
1134 1448 1186 1494 et
1242 1457 1388 1511 saepe
1448 1441 1574 1495 inde
1620 1439 2012 1514 cogitantibus,

410 1529 758 1584 hebdomada
799 1531 1016 1585 interim
1046 1532 1374 1586 duodecima
1404 1532 1523 1600 ejus
1558 1532 1859 1586 nativitatis
1889 1532 2014 1602 qui-

408 1619 531 1672 dam
565 1619 785 1691 ignotus
815 1620 1069 1685 clericus,
1094 1638 1221 1675 casu
1244 1622 1564 1686 adveniens,
1594 1620 2017 1691 supplicabatut

410 1706 477 1757 ab
504 1705 585 1759 eis
614 1707 823 1778 aliquot
854 1709 1042 1763 diesin
1077 1710 1372 1779 hospitium
1406 1710 1771 1779 reciperetur;
1802 1710 1893 1781 qui
1927 1710 2018 1762 bc-

2105 512 2171 565 ad
2196 514 2490 583 quamdam
2514 514 2588 568 ibi
2620 522 3051 569 commorantcm
3084 517 3348 573 inclusam
3378 519 3622 575 Wiberat
3650 521 3724 589 (3)

2106 604 2464 671 nominatam,
2520 606 2812 660 consilium
2870 607 3173 676 qurerendo
3209 649 3223 673 ,
3280 609 3541 673 accessit;
3598 627 3725 682 quae

2107 700 2474 769 respondens,
2499 700 2636 753 dixit
2661 699 2746 753 ei:
2784 724 2809 746 ιι
2842 699 2966 755 Post
2992 701 3230 756 triduum
3251 702 3318 755 ad
3350 719 3437 755 me
3468 703 3727 769 veniens,

2107 788 2151 839 si
2185 788 2293 841 [leo
2324 788 2522 857 placet,
2557 804 2739 842 meum
2795 789 3002 858 poteris
3061 789 3501 845 animadvertere
3531 792 3728 846 consi-

2108 880 2240 935 lium
2299 900 2322 929 η
2360 881 2512 945 Inde,
2547 880 2640 935 illo
2671 881 2991 947 recedente,
3042 882 3160 953 ipsa
3208 883 3420 937 devotze
3465 884 3733 939 orationis

2109 970 2293 1024 studio
2348 970 2637 1024 Dominum
2696 971 2974 1043 ﬂagitabat
3026 979 3102 1037 ut,
3167 979 3371 1026 statuto
3416 973 3528 1038 die,
3595 974 3731 1027 certi

2112 1058 2434 1129 veracisque
2485 1059 2701 1112 consilii
2747 1059 3011 1113 indicium
3061 1060 3165 1114 sibi
3220 1061 3578 1116 manifestare
3622 1078 3732 1133 po-

2116 1152 2329 1206 tuisset.
2373 1150 2617 1222 Cumque
2674 1152 2789 1217 ille,
2845 1168 3169 1222 responsum
3224 1161 3573 1224 accepturus,
3627 1155 3734 1209 ad-

2114 1242 2527 1303 venisset,dixit
2550 1243 2659 1296 illi:
2691 1267 2714 1289 «ι
2742 1243 2887 1297 Ultra
2912 1244 3180 1299 ba'sitatio
3204 1252 3349 1299 tuam
3370 1261 3478 1300 non
3502 1255 3740 1318 occupet

2116 1342 2380 1391 mentem.
2412 1333 2553 1403 ",quia
2585 1332 2743 1387 istius
2772 1333 3015 1388 emnobii
3045 1335 3346 1405 spiritualis
3377 1346 3534 1407 pater
3564 1356 3595 1392 a
3624 1339 3736 1393 Deo

2117 1424 2370 1479 decretus
2402 1425 2467 1477 ad
2500 1425 2801 1496 regendum
2834 1426 2985 1480 nullo
3020 1428 3185 1482 modo
3212 1429 3599 1495 constitueris;
3636 1431 3736 1484 sed

2120 1518 2170 1571 in
2206 1518 2459 1573 orientali
2498 1526 2667 1588 parte.
2720 1519 2812 1573 ubi
2846 1520 3068 1591 quidam
3110 1520 3308 1576 ﬂuvius
3353 1524 3422 1593 (4)
3469 1524 3607 1578 duas
3647 1524 3737 1577 di-

2116 1610 2251 1663 vidit
2274 1611 2551 1683 regiones,
2594 1611 2647 1664 in
2681 1611 2921 1665 futurum
2950 1612 3251 1683 episcopali
3281 1614 3590 1670 ministerio
3626 1616 3738 1669 Deo

2120 1701 2355 1753 militare
2387 1701 2641 1766 debebis,
2672 1711 2723 1755 et
2757 1703 2808 1756 in
2843 1703 3039 1757 eodem
3082 1704 3201 1759 loco
3232 1706 3403 1759 multa
3432 1707 3564 1760 talia
3596 1723 3732 1777 per-

412 1795 579 1867 nigne
632 1804 939 1867 susceptus,
982 1804 1034 1852 et
1087 1814 1208 1852 cum
1242 1799 1324 1852 eis
1380 1798 1432 1852 in
1483 1800 1622 1853 atrio
1671 1801 1868 1854 domus
1908 1816 2020 1854 suae
2042 1761 2095 1830 Β
2124 1812 2382 1866 pessurus
2414 1803 2463 1849 et
2495 1797 2787 1865 laboriosa,
2820 1799 3005 1869 qualia
3038 1815 3319 1870 nunquam
3352 1808 3737 1857 antecessores

414 1888 545 1942 hora
571 1889 889 1945 refectionis
918 1890 1139 1953 sedens,
1165 1892 1425 1945 audiebat
1465 1892 1519 1945 in
1543 1893 1797 1947 cubiculo
1830 1893 2018 1947 infan-

413 1979 585 2033 tulum
614 1981 944 2053 vagientem,
983 1981 1369 2036 sciscitabatur
1398 1982 1523 2053 quis
1550 1991 1641 2037 aut
1670 1984 1827 2051 cujus
1857 1991 2022 2049 esset,

415 2087 527 2140 pra:
560 2070 771 2141 pudore
802 2087 933 2126 vero
972 2073 1185 2137 maciei,
1241 2073 1349 2127 illis
1393 2074 1709 2128 nolentibus
1758 2074 2023 2141 indicare,

416 2163 582 2215 dixit:
607 2188 629 2209 α
655 2164 709 2216 Si
724 2163 934 2219 salvum
954 2164 1103 2218 illum
1117 2180 1239 2220 esse
1252 2166 1510 2237 cupiatis,
1527 2167 2028 2223 celeriterablacte-

422 2267 510 2312 tur
562 2279 582 2307 ι
615 2258 714 2321 Qui
748 2257 1211 2328 parvipendentes
1236 2258 1732 2326 ejuslocutionem,
1756 2259 2025 2315 eumlacti

419 2366 527 2405 non
561 2350 960 2405 subduxerunt.
991 2350 1172 2405 Altero
1192 2368 1322 2405 vero
1353 2351 1444 2405 die
1476 2367 1601 2405 eum
1634 2351 1889 2415 audiens,
1922 2352 2029 2405 ite-

418 2456 534 2493 rum
559 2440 730 2503 dixit;
773 2461 795 2488 α
827 2441 1001 2503 Quare
1025 2456 1133 2495 non
1166 2440 1374 2495 fecistis
1401 2441 1705 2495 secundum
1738 2441 2025 2495 consilium

416 2545 597 2583 meum
613 2529 640 2581 ‘?
657 2550 677 2579 ι
706 2528 803 2591 Qui
821 2528 998 2583 adhuc
1020 2538 1438 2585 contemnentes
1461 2532 1582 2599 ejus
1599 2530 1887 2585 consilium
1918 2545 2029 2585 non

418 2622 772 2677 crediderunt
804 2622 876 2675 ei.
905 2620 1084 2675 Tertia
1127 2629 1309 2675 autem
1342 2622 1453 2688 die,
1511 2624 1743 2676 audiens
1789 2623 2026 2695 vagitum

417 2713 538 2782 ejus
566 2712 919 2766 infirmiorem
950 2728 1115 2782 quam
1146 2721 1328 2776 antea,
1362 2712 1583 2766 dicebat
1608 2712 1675 2765 ad
1705 2728 1828 2767 eos:
1875 2732 1898 2761 α
1926 2712 2028 2766 Pro

419 2805 631 2859 incuria
674 2810 853 2857 vestra
899 2803 1195 2874 perditioni
1250 2803 1480 2857 traditur
1532 2802 1833 2857 infantulus
1889 2803 2024 2867 iste;

420 2910 517 2965 pro
545 2901 698 2947 certo
726 2892 908 2946 sciatis
952 2892 1102 2963 quia,
1132 2908 1191 2946 se
1225 2891 1490 2945 uberibus
1531 2909 1639 2948 non
1667 2893 2026 2960 subtrahitur,

419 2989 472 3041 in
506 2988 605 3040 ista
625 2994 785 3040 nocte
816 2986 1109 3040 morietur:
1137 2985 1181 3038 si
1235 2994 1414 3040 autem
1446 2987 2029 3054 subtractus,salvabi-

2124 1887 2201 1943 tui
2230 1888 2609 1944 sustinuerunt
2641 1905 2670 1942 a
2702 1890 2930 1961 paganis
2961 1898 3015 1945 et
3042 1891 3201 1946 malis
3235 1892 3573 1960 Christianis,
3616 1911 3740 1965 quae

2124 1987 2305 2034 tamen
2337 1980 2541 2045 omnia,
2575 1980 2682 2033 Deo
2728 1980 2976 2047 juvante,
3011 1981 3065 2035 in
3112 1982 3324 2037 ultimis
3350 1984 3742 2039 decentissime

2123 2076 2411 2145 superabis
2436 2094 2450 2141 ;
2486 2095 2507 2123 ι
2544 2076 2660 2129 haec
2690 2076 2877 2130 audita
2907 2078 3289 2131 secretissimis
3319 2077 3577 2133 fratribus
3608 2079 3743 2134 inti-

2127 2167 2314 2232 mavit,
2343 2174 2395 2219 et
2425 2182 2613 2222 eorum
2644 2167 2957 2222 suasionem
2990 2168 3141 2222 suavi
3185 2167 3465 2239 colloquio
3510 2169 3741 2244 mitiga-

2128 2257 2228 2321 vit,
2262 2264 2541 2326 totamque
2593 2272 2746 2326 spem
2793 2257 3036 2327 pristinas
3092 2258 3485 2313 destinationis
3540 2260 3594 2313 in
3643 2277 3745 2315 sua

2128 2359 2311 2405 mente
2344 2351 2633 2421 deposuit;
2665 2361 2717 2405 et
2749 2352 2819 2405 ob
2851 2352 2955 2406 hoc
2987 2360 3169 2407 tamen
3202 2352 3452 2408 discendi
3499 2353 3741 2408 studium

2131 2458 2240 2497 non
2272 2442 2474 2505 omisit,
2503 2442 2599 2495 sed
2632 2440 2767 2494 inibi
2799 2458 2921 2495 cum
2951 2441 3212 2497 omnibus
3254 2441 3579 2496 charitative
3610 2458 3744 2495 ver-

2129 2530 2380 2595 sabatur;
2413 2530 2611 2592 donec,
2644 2545 2887 2601 congruo
2947 2538 3218 2599 tempore,
3250 2530 3491 2600 duplicis
3550 2530 3748 2605 sagina

2128 2624 2373 2678 scientim
2404 2639 2467 2677 ac
2520 2623 2805 2696 religionis
2857 2623 3117 2693 repletus,
3176 2623 3454 2676 communi
3494 2623 3744 2677 omnium

2131 2717 2383 2772 oratione
2447 2715 2783 2781 consolatus,
2844 2722 2897 2770 et
2953 2714 3308 2769 fraternitatis
3381 2731 3568 2770 amore
3640 2715 3747 2770 fre-

2132 2812 2238 2869 tus,
2300 2811 2557 2875 parentes
2634 2818 2764 2858 suos
2837 2802 3070 2857 amative
3139 2804 3339 2858 missus
3422 2804 3744 2859 revisitavit.

2133 2897 2231 2962 Qui
2280 2903 2429 2962 tunc,
2488 2895 2724 2966 sapienti
2773 2906 2933 2965 capto
2990 2895 3242 2959 consilio,
3317 2912 3442 2951 eum
3500 2896 3749 2967 priesulis

2133 2988 2497 3063 Augustensis
2546 2986 2797 3041 Ecclesia:
2830 2986 3190 3041 Adalberonis
3221 2988 3295 3053 (5)
3341 2986 3588 3041 dominio
3619 2988 3750 3041 sub-

426 3084 538 3141 tur;
574 3077 627 3130 in
660 3081 941 3145 posterum
970 3092 1001 3129 a
1033 3075 1263 3130 Domino
1312 3076 1519 3147 aliquid
1563 3093 1820 3150 magnum
1881 3076 1934 3130 in
1968 3093 2107 3177 coC
2136 3080 2417 3143 diderunt,
2475 3093 2663 3148 quem,
2732 3076 2900 3130 multa
2976 3082 3104 3130 tunc
3165 3075 3429 3173 temporis
3477 3075 3749 3174 sapientia

424 3171 893 3225 manifestabatur.
922 3195 947 3217 »ο
967 3171 1117 3225 Tunc
1137 3172 1355 3225 demum
1372 3173 1423 3225 ei
1441 3173 1890 3243 obtemperantes
1908 3174 2034 3228 aliis

421 3280 547 3319 eum
587 3263 728 3317 escis
779 3269 1087 3317 sustentare
1118 3272 1424 3333 casperunt.
1460 3265 1561 3328 Qui
1589 3264 1773 3318 statim
1820 3280 2034 3319 recrea-

424 3362 528 3416 tus,
561 3354 629 3407 de
663 3352 755 3407 die
783 3352 837 3406 in
879 3352 1026 3408 diem
1060 3350 1375 3423 proficiens,
1418 3354 1580 3408 talem
1635 3354 1885 3425 corporis
1930 3354 2035 3408 for-

425 3444 733 3499 mositatem
767 3441 1000 3511 accepit,
1050 3448 1110 3495 ut
1160 3441 1263 3511 ipsi
1324 3443 1408 3496 sui
1460 3450 1717 3513 parentes
1755 3451 2038 3517 gratantes

423 3550 548 3587 cum
584 3532 949 3595 intuerentur,
982 3536 1035 3583 et
1063 3529 1185 3583 aliis
1212 3531 1586 3585 ostenderent.
1618 3532 1717 3596 Qui
1748 3532 2038 3586 laudantes

425 3628 716 3682 Dominum
743 3625 835 3679 die
851 3635 1122 3697 nocteque
1147 3641 1246 3695 pro
1274 3626 1537 3695 sospitate
1569 3628 1744 3696 pueri,
1770 3635 1823 3682 et
1847 3644 1947 3699 pro
1968 3645 2035 3684 eo

425 3714 574 3786 quod
603 3715 765 3768 talem
816 3713 882 3767 ad
916 3728 1013 3768 eos
1043 3713 1240 3767 direxit
1286 3713 1556 3784 hospitem
1604 3715 1697 3785 qui
1750 3714 1909 3770 istius
1958 3718 2036 3771 rei

427 3805 814 3860 discretionem
848 3804 1237 3879 cognoscebat,
1267 3812 1320 3858 et
1367 3805 1475 3860 illis
1528 3806 1928 3863 innotescebat.
1964 3809 2037 3863 De

428 3897 718 3970 praeteritis
750 3912 882 3971 ergo
922 3896 1105 3951 futura
1158 3896 1467 3964 credentes,
1527 3906 1893 3955 tractaverunt
1940 3900 2037 3955 ubi

426 3990 591 4044 vitam
618 3988 1091 4063 religiosissimam
1108 3995 1163 4043 et
1182 3988 1419 4043 docendi
1448 3990 1856 4045 studiossimam
1885 3993 2043 4046 inve-

428 4080 546 4133 nire
572 4079 906 4149 potuissent,
952 4085 1291 4148 acceptoque
1341 4078 1572 4134 consilio
1625 4081 2043 4135 commendave-

427 4179 553 4226 runt
583 4186 709 4225 eum
734 4170 801 4224 ad
832 4168 1016 4223 Sancti
1052 4170 1186 4224 Galli
1220 4170 1639 4237 monasterium,
1671 4172 1799 4243 quia
1837 4172 1910 4226 ibi
1940 4189 2041 4229 no-

425 4265 621 4320 bilium
655 4262 747 4316 Dei
784 4277 1066 4316 servorum
1120 4261 1437 4328 multitudo,
1479 4270 1531 4316 et
1571 4263 1902 4337 religiositas
1955 4265 2040 4319 di-

429 4357 620 4415 scendi
642 4357 993 4428 docendique
1007 4356 1249 4410 studium
1274 4363 1404 4410 tunc
1426 4358 1693 4428 temporis
1712 4358 2040 4415 habebatur.

429 4450 855 4507 (Iommendatus
883 4465 1015 4504 vero
1060 4448 1277 4503 cuidam
1312 4449 1568 4523 religioso
1610 4450 1725 4506 viro
1761 4468 2038 4525 gramma-

430 4541 549 4595 ticre
581 4540 713 4593 artis
742 4539 958 4603 edocto,
1003 4538 1239 4610 Waning
1292 4547 1630 4610 nuncupato,
1672 4556 1702 4593 a
1736 4556 1844 4611 quo
1897 4539 2041 4596 bene

429 4640 755 4702 procuratus
807 4630 1182 4701 quotidianam
1224 4632 1508 4706 religionis
1562 4639 1725 4704 atque
1792 4633 2042 4688 lectionis

429 4728 732 4783 doctrinam
767 4728 997 4797 accepit,
1028 4734 1081 4781 et
1119 4727 1174 4781 in
1216 4728 1423 4782 intimis
1452 4728 1538 4782 sui
1568 4728 1753 4783 cordis
1785 4728 2038 4794 inseruit,

429 4819 568 4874 adeo
607 4825 667 4872 ut
698 4816 957 4887 paulatim
992 4815 1186 4871 fratres
1235 4816 1290 4870 in
1324 4832 1390 4871 eo
1423 4816 1689 4872 doctrinae
1744 4816 2043 4873 fructifica-

430 4911 634 4966 tionem
665 4910 831 4964 nimis
863 4908 1131 4980 proﬁcere
1176 4910 1464 4977 sentirent,
1496 4918 1551 4965 et
1589 4911 1661 4965 ob
1693 4911 1796 4966 hoc
1826 4928 1951 4967 eum
1988 4914 2042 4969 in

430 5017 542 5055 suae
603 4998 961 5054 fraternitatis
1003 4999 1339 5053 consortium
1410 4999 1707 5074 flagitando
1764 5018 2046 5059 assumere

430 5098 781 5148 conarentur.
808 5090 1006 5146 Horum
1033 5074 1218 5163 itaque
1245 5091 1608 5162 petitionibus
1628 5108 1774 5165 saepe
1799 5110 2045 5152 commo-

499 5247 572 5315 (l)
601 5246 722 5311 AL,
748 5244 1048 5316 Hucpaldo.

498 5318 566 5387 (2)
597 5318 870 5385 Diepirch.

499 5390 574 5457 (3)
596 5387 875 5442 Wiherata
897 5390 1127 5444 inclusa.

498 5461 571 5527 :4)
600 5459 775 5527 Lycus
804 5459 909 5515 Sue
936 5462 1078 5515 viam
1112 5468 1165 5515 et
1188 5461 1469 5516 Bavariam
1500 5462 1858 5518 discriminat.

432 5529 1030 5653 la[Simommendatur
1092 5532 1423 5587 Adalberoni
1484 5534 1747 5604 episcopo
1827 5536 2040 5607 Augus-

501 5669 571 5738 (6)
598 5668 745 5738 [lege
767 5668 1043 5727 Ludovico
1066 5671 1149 5724 lV.

503 5736 578 5809 (7)
610 5735 845 5810 Onulph.
892 5742 969 5801 De
1018 5739 1200 5795 vocib.
1244 5740 1509 5807 Ecclesia:
1544 5742 1815 5810 obscuris,
1867 5758 2043 5799 came-

2060 4498 2114 4566 D

2137 3170 2427 3240 repletum,
2491 3167 2810 3237 musicaque
2858 3171 2972 3219 arte
3002 3181 3114 3235 prae
3170 3164 3385 3219 caeteris
3434 3164 3748 3234 praeditum,

2136 3259 2619 3335 gubernaculaque
2673 3257 2827 3329 regni
2879 3273 3020 3327 pene
3077 3257 3264 3310 omnia
3313 3272 3438 3311 cum
3497 3272 3628 3329 rege
3680 3257 3750 3326 (6)

2138 3354 2521 3423 disponentem
2555 3358 2913 3424 agnoverunt.
2949 3350 3068 3420 Ipse
3098 3364 3251 3415 vero,
3294 3355 3518 3421 propter
3544 3348 3750 3404 nobili-

2138 3448 2300 3495 tatem
2329 3445 2639 3510 parentum,
2674 3447 2728 3492 et
2781 3439 2979 3492 bonam
3011 3436 3131 3505 ejus
3161 3437 3406 3491 indolem
3448 3444 3504 3491 et
3545 3435 3753 3492 formo-

2135 3530 2374 3595 sitatem,
2408 3528 2531 3581 lzeto
2562 3527 2746 3581 animo
2800 3526 3132 3594 suscipiens,
3163 3524 3534 3579 ministerium
3568 3540 3754 3580 came-

2137 3621 2265 3676 rarii
2297 3621 2361 3689 (7)
2395 3618 2501 3673 sibi
2548 3618 2970 3673 commendavit.
3030 3618 3145 3682 Quo
3184 3624 3464 3687 suscepto,
3515 3622 3569 3671 et
3628 3616 3751 3671 aliis

2139 3716 2444 3771 secundum
2500 3731 2651 3769 suam
2700 3713 3021 3788 dignitatem
3064 3711 3369 3778 beneficiis,
3424 3711 3587 3767 sicuti
3610 3728 3754 3781 prae-

2140 3825 2349 3879 coquus
2377 3814 2495 3862 erat
2534 3807 2588 3860 in
2628 3806 2906 3871 omnibus,
2950 3822 3214 3877 prospere
3244 3820 3413 3879 agens
3452 3804 3521 3858 de
3567 3803 3658 3858 die
3695 3804 3750 3858 in

2140 3898 2285 3951 diem
2328 3894 2668 3967 proﬁciebat.
2722 3895 2946 3948 Interim
3007 3909 3136 3949 vero
3190 3893 3351 3947 libuit
3389 3909 3511 3947 eum
3565 3892 3756 3947 limina

2141 3987 2363 4042 visitare
2389 3986 2673 4040 beatorum
2706 3983 3080 4055 apostolorum
3115 3983 3255 4036 Petri
3280 3989 3334 4037 et
3373 3981 3547 4036 Pauli.
3579 3981 3750 4035 Cum-

2144 4099 2249 4155 que
2281 4082 2410 4136 illuc
2447 4082 2807 4151 pervenisset,
2851 4096 2881 4133 a
2906 4079 3223 4134 venerando
3254 4095 3396 4149 papa
3436 4077 3645 4132 Marino
3676 4077 3754 4146 (8)

2142 4179 2284 4233 bene
2341 4183 2629 4247 susceptus
2656 4183 2759 4242 est,
2807 4182 2860 4229 et
2890 4175 2958 4229 ab
3007 4190 3074 4229 eo
3120 4174 3489 4247 interrogatus
3538 4172 3608 4227 de
3648 4190 3756 4244 qua
3842 4196 3847 4200 ·

2143 4271 2425 4343 provincia
2478 4269 2564 4323 vel
2606 4268 2824 4323 civitate
2882 4273 3030 4321 esset
3084 4266 3320 4320 nativus.
3384 4265 3482 4329 Qui
3524 4280 3757 4335 respon-

2142 4360 2283 4414 dens
2313 4359 2482 4413 dixit:
2533 4377 2556 4406 σ
2598 4358 2669 4410 De
2726 4354 3008 4426 provincia
3047 4352 3388 4415 Alamannia,
3431 4352 3577 4405 etde
3612 4350 3753 4404 civi-

2146 4458 2253 4506 tate
2299 4452 2535 4525 Augusta
2574 4447 2843 4504 oriundus
2892 4462 3033 4510 sum,
3080 4461 3379 4516 versorque
3430 4444 3485 4498 in
3526 4443 3754 4498 servitio

2143 4545 2507 4599 Adalberonis
2530 4542 2777 4611 ejusdem
2805 4540 3039 4597 civitatis
3070 4540 3340 4610 episcopi.
3366 4563 3390 4584 ι»
3414 4569 3483 4579 -
3517 4537 3758 4591 «Netur-

2142 4637 2325 4698 beris,
2378 4636 2586 4706 inquit,
2648 4636 2864 4698 animo,
2919 4649 2951 4689 ο
3006 4633 3175 4687 frater
3219 4634 3309 4695 (9),
3360 4631 3453 4685 ille
3520 4630 3589 4683 de
3646 4644 3758 4699 quo

2144 4726 2277 4781 mihi
2357 4725 2591 4787 dixisti,
2673 4723 2862 4777 senior
2941 4729 3068 4775 tuus
3156 4719 3423 4774 Adalhero
3501 4716 3758 4790 migravit

2145 4837 2175 4874 a
2230 4818 2453 4879 saeculo,
2528 4825 2601 4880 et,
2660 4816 2771 4870 Deo
2824 4814 3074 4882 iubente,
3138 4819 3190 4866 te
3249 4810 3496 4879 ejusdem
3566 4808 3761 4862 matri-

2146 4909 2282 4965 culm
2312 4906 2417 4976 (10)
2465 4907 2626 4960 decet
2653 4919 2778 4960 esse
2838 4912 3135 4974 pastorem.
3178 4921 3202 4950 η
3253 4901 3325 4954 Eo
3381 4899 3606 4970 quidem
3658 4913 3757 4952 re-

2147 5005 2352 5053 nuente
2398 4995 2545 5050 infit:
2591 5015 2616 5044 α
2659 4994 2766 5049 Cur
2803 5009 3023 5048 recusas
3068 4990 3489 5046 destinationem
3550 4987 3683 5042 Dei?
3711 4988 3762 5043 si

2149 5110 2293 5149 nunc
2352 5093 2733 5147 inconcussam
2790 5098 2845 5144 et
2891 5088 3253 5143 indesolatam
3284 5086 3535 5156 accipere
3588 5083 3763 5139 refra-

2136 5254 2347 5306 rarium
2399 5245 2941 5319 interpretaturgquig
2968 5244 3330 5319 pecuniarum
3366 5256 3553 5319 curam
3594 5242 3759 5316 gerit,

2141 5322 2419 5377 Welserus
2447 5313 2576 5375 vero
2606 5320 2697 5373 hic
2727 5313 3125 5388 cubicularium
3157 5313 3436 5388 intelligit.

2215 5394 2290 5464 (8)
2323 5390 2630 5466 Welserus
2664 5397 2818 5466 putat
2872 5387 3133 5466 Marinum
3182 5385 3377 5466 papam
3431 5385 3765 5466 pernantici-

2142 5455 2435 5535 pationemr
2452 5455 2863 5535 vocarifidenr
2876 5458 3056 5535 sentit
3074 5455 3508 5535 Baroniusanno

2216 5537 2282 5603 (9)
2314 5534 2554 5589 Marinus
2592 5532 2637 5586 si
2679 5531 2927 5602 pontifex
2984 5528 3193 5595 fuisset,
3229 5526 3541 5581 Udalricum
3585 5525 3759 5582 filium

2142 5623 2251 5662 non
2282 5606 2503 5660 fratrem
2530 5611 2800 5659 vocasset.

2215 5678 2301 5747 (10
2334 5676 2587 5730 Ecclesiae
2626 5672 2957 5729 cathedralis
