3978 6214
200 311 344 367 1013

1783 302 1951 358 νιτΑ.
1989 331 1996 336 -

3409 295 3551 349 1014

191 442 346 513 garis
369 441 426 495 in
457 438 874 511 tranquillitate,
906 438 960 491 in
1017 445 1178 491 antea
1231 451 1360 490 vero
1394 437 1727 491 destructam
1767 442 1821 489 et
1852 439 1899 505 Α
1929 440 2012 487 tur
2050 448 2132 498 se,
2174 431 2315 485 sicut
2363 427 2594 494 solebat,
2639 442 2761 480 cum
2823 425 2916 478 illo
2981 423 3222 494 psalmos
3253 423 3549 479 decantare

192 529 573 601 depraedatam
607 528 659 582 in
721 526 1138 598 perturbatione
1182 524 1448 594 accipies,
1481 532 1535 578 et
1585 540 1705 578 cum
1740 523 1822 576 la-

193 625 334 680 bore
365 620 709 697 gubernabis
737 626 791 673 et
850 617 1236 673 rezediticabis.
1291 640 1314 668 (ι
1365 617 1548 670 Altera
1579 631 1706 670 vero
1735 615 1824 668 die

193 719 322 772 sine
355 715 574 770 licentia
623 730 803 784 papae.
864 720 1087 782 propter
1118 711 1391 766 tristitiam
1458 710 1703 764 defuncti
1727 709 1826 764 do-

190 809 334 864 mini
361 808 465 871 sui,
497 816 552 860 et
596 822 664 858 ne
708 806 776 857 ab
832 819 898 858 eo
955 804 1076 873 plus
1108 803 1292 857 verbis
1326 803 1819 874 constringeretur,

185 906 361 961 exivit
405 906 594 965 Roma,
647 904 1058 974 Augustamque
1111 899 1433 962 revisitavit,
1495 907 1549 952 et
1613 897 1822 951 invenit

190 1000 267 1053 ita
289 999 431 1053 sicut
463 994 722 1066 praefatus
754 1010 896 1063 papa
957 991 1228 1062 prtedixit.
1281 991 1432 1044 Tunc
1470 990 1671 1043 Hiltine
1712 990 1818 1058 (ll)

185 1105 482 1145 successor
511 1085 874 1141 Adalberonis
903 1083 1134 1137 effectus
1181 1094 1281 1137 est.
1316 1083 1414 1147 Qui
1446 1090 1626 1136 tamen
1657 1089 1819 1136 tantae

188 1199 306 1238 non
340 1182 446 1236 fuit
474 1178 820 1236 celsitudinis
851 1184 907 1230 ut
947 1192 1048 1230 suo
1079 1193 1137 1230 se
1184 1175 1350 1229 vellet
1383 1175 1662 1244 applicare
1702 1190 1819 1227 ser-

185 1271 326 1325 vitio
409 1269 635 1323 Interim
691 1282 820 1320 vero
882 1274 1032 1335 patre
1097 1265 1218 1332 ejus
1262 1263 1544 1327 defuncto,
1599 1263 1820 1316 rediens

185 1363 440 1434 suscepit
472 1360 916 1433 procurationem
949 1359 1137 1413 matris
1176 1375 1312 1419 sure,
1348 1357 1644 1410 recordans
1676 1371 1820 1426 prae-

187 1456 340 1526 cepti
373 1454 586 1510 Domini
615 1451 853 1506 dicentis
886 1468 898 1504 :
948 1453 1167 1504 Honora
1197 1456 1406 1518 patrem
1446 1454 1594 1500 tuum
1623 1454 1670 1498 et
1701 1463 1816 1499 ma-

184 1555 326 1602 trem
368 1547 568 1615 (Exod.
603 1546 716 1610 xx),
751 1551 860 1597 etc.
913 1542 1080 1596 Tanta
1139 1542 1324 1611 itaque
1381 1556 1500 1594 eam
1532 1537 1817 1612 diligentia

183 1647 245 1694 et
274 1637 463 1693 omnia
483 1652 584 1690 sua
607 1633 902 1689 custodivit
941 1649 1004 1687 ac
1055 1632 1351 1702 disposuit,
1397 1637 1560 1700 prout
1589 1637 1643 1683 et
1671 1630 1816 1683 vires

182 1745 214 1781 a
247 1725 482 1780 Domino
512 1737 794 1778 concessae
851 1721 1238 1791 suppetabant.
1307 1720 1433 1773 Post
1490 1718 1810 1788 quindecim

1927 525 2208 588 debuisse,
2259 530 2312 577 et
2372 521 2590 576 interim
2650 518 3050 574 Adalberonem
3111 516 3437 588 episcOpum
3493 519 3549 573 in

1925 619 2231 692 aquilonari
2267 625 2417 689 parte
2459 622 2682 686 cryptah,
2738 613 3020 668 missatico
3077 622 3347 682 apparatu
3377 614 3548 668 vesti-

1926 711 2181 779 tum,sibi
2201 716 3036 780 apparentem,annuentcmquc
3052 711 3108 758 ut
3131 703 3197 757 ad
3221 720 3279 756 se
3307 704 3540 768 veniret;

1926 800 2023 852 sed
2058 800 2148 853 ille
2174 800 2401 870 ancipiti
2434 801 2628 854 timore
2661 807 2851 868 septus
2881 797 3116 851 viventis
3149 803 3312 866 atque
3343 793 3542 850 defun-

1923 889 1992 943 cti
2024 889 2256 954 domini,
2280 889 2447 958 erepit
2478 887 2654 942 oculis
2698 902 2902 957 pavens
2935 885 2988 938 in
3023 902 3147 939 eum
3181 884 3493 954 conspicari
3523 901 3536 948 ;

1925 977 2403 1050 interrOgatusque
2450 977 2518 1030 ab
2565 992 2654 1040 eo,
2683 991 2855 1046 quare
2903 974 2981 1028 sic
3035 973 3226 1028 oculos
3284 972 3424 1028 inse
3455 973 3542 1026 in-

1923 1072 2184 1136 tlecteret,
2211 1072 2302 1126 ille
2321 1071 2686 1142 respondens,
2714 1069 2850 1123 dixit
2886 1086 2897 1121 :
2937 1090 2954 1116 ι
2995 1069 3127 1122 Ecce
3169 1068 3330 1122 video
3361 1067 3542 1122 senio-

1923 1179 2036 1216 rem
2070 1181 2251 1217 meum
2289 1164 2691 1218 Adalberouem
2735 1160 3122 1231 cpiscopaliter
3164 1166 3408 1232 paratum
3472 1160 3540 1212 ad

1922 1253 2167 1318 missam,
2196 1271 2394 1325 meque
2421 1264 2706 1307 vocantem
2732 1253 2799 1306 ad
2828 1268 2904 1306 se.
2940 1271 2963 1300 υ
2999 1254 3063 1304 At
3095 1250 3185 1304 ille
3213 1269 3224 1304 :
3258 1272 3276 1297 ι
3305 1250 3540 1315 Festina,

1921 1345 2117 1417 inquit,
2145 1348 2453 1414 jussionem
2489 1348 2608 1416 ejus
2636 1347 2886 1416 implere.
2927 1366 2947 1395 ι
2983 1344 3076 1401 Cui
3110 1344 3352 1399 venienti
3385 1345 3451 1398 ad
3486 1361 3542 1398 se

1918 1440 2055 1493 dixit
2084 1457 2096 1493 :
2125 1465 2145 1485 ει
2195 1440 2505 1500 Rambcrte.
2543 1440 2866 1494 diedomino
2893 1446 2986 1494 tuo
3023 1439 3310 1508 episcopo,
3335 1455 3544 1493 merce-

1918 1529 2042 1584 dem
2074 1547 2104 1584 a
2146 1532 2375 1585 Domino
2405 1541 2763 1602 accepturum
2800 1547 2894 1601 pro
2937 1530 3279 1585 orationibus
3312 1538 3365 1585 et
3396 1531 3544 1585 elee-

1919 1621 2164 1690 mosynis
2202 1638 2341 1691 quas
2364 1622 2492 1674 mihi
2540 1621 2773 1674 fideliter
2841 1620 3160 1685 transmisit,
3204 1626 3258 1673 et
3289 1620 3392 1673 hoc
3431 1620 3540 1690 sig-

1916 1731 2045 1768 num
2071 1715 2238 1768 dicito
2273 1714 2373 1778 illi,
2398 1715 2544 1786 quod
2575 1715 2902 1768 Fortunatus
2926 1715 3034 1782 )H)
3059 1721 3111 1767 et
3135 1729 3237 1787 ego
3274 1713 3325 1766 in
3361 1713 3541 1782 proxi-

182 1834 368 1874 annos
397 1817 655 1872 defuncto
695 1815 894 1869 Hiltine
945 1814 1232 1884 episcOpo,
1265 1812 1675 1866 machinatione
1710 1825 1808 1864 nc-
1839 1801 1886 1838 ι)
1912 1820 1996 1856 ma
2024 1820 2176 1857 carna
2208 1804 2442 1866 Domini,
2478 1805 2708 1858 Domino
2732 1803 3099 1866 concedente,
3131 1818 3253 1854 cum
3285 1801 3375 1855 illo
3393 1801 3538 1855 chri-

183 1912 338 1983 potis
367 1909 472 1974 sui,
508 1907 804 1962 Burchardi
835 1907 1010 1971 ducis,
1039 1914 1093 1960 et
1115 1906 1347 1960 aliorum
1371 1904 1806 1975 propinquorum

178 2019 429 2059 suorum.
467 2001 718 2054 Heinrico
750 2000 859 2067 (12‘)
881 1999 994 2068 regi
1031 2005 1414 2067 ριέεερηιδιιιε,
1457 1997 1688 2066 ejusque
1712 2011 1810 2048 su-

179 2091 444 2148 blimitati
475 2098 604 2145 nota
635 2089 774 2143 facta
803 2096 886 2142 est
938 2089 1190 2142 decessio
1237 2087 1504 2157 episcOpi,
1531 2085 1809 2155 supplica-

182 2195 417 2255 tumque
457 2189 623 2238 estut
663 2181 885 2251 pra-fato
917 2181 1142 2235 domino
1177 2178 1431 2232 lidalrico
1473 2177 1808 2246 episcOpalis

186 2278 434 2339 potestas
459 2269 528 2322 ab
559 2284 624 2322 eo
673 2268 1091 2321 concederetur.
1141 2267 1245 2320 Rex
1304 2282 1434 2319 vero
1469 2266 1688 2319 intuens
1712 2265 1808 2318 lie-

189 2362 453 2416 rilitatem
482 2369 704 2415 staturas
731 2361 897 2424 illius,
933 2369 986 2414 et
1016 2360 1366 2429 comperiens
1401 2359 1663 2413 doctrinae
1694 2375 1808 2415 sua:

186 2451 500 2512 scientiam,
528 2449 779 2520 petitioni
807 2465 996 2504 eorum
1021 2465 1308 2503 assensum
1345 2451 1616 2518 praebens,
1655 2451 1809 2524 regio

188 2556 346 2596 more
379 2540 434 2592 in
463 2555 658 2592 manus
699 2554 824 2592 eum
847 2539 1079 2608 accepit,
1139 2554 1480 2608 munereque
1525 2539 1812 2608 pontifica-

197 2641 288 2688 tus
317 2633 629 2687 honoravit.
667 2632 755 2686 llis
812 2647 940 2685 vero
1002 2631 1072 2684 ita
1126 2631 1386 2700 peractis,
1442 2631 1597 2685 hilari
1632 2633 1816 2686 animo

191 2721 263 2774 de
322 2736 452 2793 rege
521 2727 879 2785 revertentes,
933 2727 987 2772 et
1044 2721 1341 2789 Augustam
1404 2721 1815 2788 pervenientes,

192 2809 499 2863 secundum
559 2808 702 2878 regis
779 2807 1017 2861 edictum
1094 2806 1420 2876 potestativa
1506 2824 1670 2861 manu
1731 2808 1813 2861 in-

193 2900 506 2955 vestitatum
581 2901 934 2970 episcOpatus
1005 2897 1110 2951 sibi
1188 2897 1555 2968 perfecerunt.
1616 2902 1816 2954 Succe-

192 2994 364 3046 dente
403 3007 532 3046 vero
566 2999 811 3062 tempore
870 2993 1174 3048 Nativitatis
1233 2991 1444 3047 Domini
1506 2992 1559 3045 in
1611 2992 1701 3045 die
1729 3008 1819 3047 so-

1910 1910 2025 1947 sma
2055 1891 2541 1956 sanctilicabimus,
2587 1899 2640 1946 et
2669 1892 2818 1963 quod
2850 1891 3098 1961 Operatio
3131 1891 3291 1958 liujns
3321 1899 3527 1960 cryptae

1911 1993 1992 2039 est
2022 1986 2232 2039 ruitura
2269 2003 2282 2049 ;
2317 1985 2386 2038 ob
2420 1985 2523 2038 hoc
2555 1991 2738 2038 tamen
2765 1999 2873 2037 non
2907 1984 3073 2038 debet
3101 1983 3353 2037 omittere
3382 1983 3531 2052 fquin

1907 2077 2127 2130 studeat
2157 2076 2209 2129 in
2264 2083 2543 2145 posterum
2602 2075 2875 2129 stabiliter
2931 2082 3268 2145 perpetrare.
3327 2073 3534 2126 Fratres

1909 2183 2128 2238 quoque
2181 2167 2452 2221 recordari
2507 2175 2752 2231 moneto,
2823 2166 2971 2238 quod
3028 2166 3148 2218 sine
3209 2165 3282 2230 vi,
3339 2173 3390 2217 et
3440 2180 3536 2218 sua

1908 2267 2126 2331 sponte.
2154 2259 2348 2313 sedula
2379 2267 2432 2313 et
2464 2259 2683 2312 assidua
2714 2266 2962 2313 oratione
3025 2274 3122 2328 pro
3155 2274 3242 2311 me
3283 2258 3533 2312 laborare

1908 2355 2348 2424 Spoponderunt,
2409 2363 2462 2408 et
2508 2354 2653 2424 quod
2696 2355 2776 2408 sic
2809 2369 2916 2406 non
2967 2352 3239 2416 fecerunt,
3267 2360 3319 2406 et
3354 2352 3396 2404 si
3433 2352 3535 2406 hoc

1909 2446 2252 2500 emendaturi
2314 2461 2422 2500 non
2482 2445 2708 2508 fuerint,
2765 2446 2940 2499 sciant
2972 2460 3029 2498 se
3083 2460 3205 2498 esse
3239 2445 3306 2497 de
3342 2445 3446 2498 hoc
3480 2444 3534 2498 in

1918 2545 2218 2607 conspectu
2247 2537 2462 2591 Domini
2511 2537 2777 2590 rationem
2821 2536 3133 2590 reddituros
3163 2539 3182 2601 (
3221 2543 3273 2589 et
3307 2543 3359 2589 tu
3395 2552 3534 2606 quo-

1919 2627 2052 2680 tidie
2086 2643 2253 2680 unum
2292 2642 2388 2696 pro
2412 2642 2500 2679 me
2530 2627 2800 2696 psalmum
2833 2624 3100 2688 cantabis,
3144 2624 3264 2677 sine
3298 2625 3534 2689 cautela,

1923 2726 1976 2773 et
2017 2719 2122 2771 hoc
2146 2726 2195 2770 te
2219 2719 2513 2772 emendare
2571 2717 2831 2772 monebo.
2873 2742 2894 2761 ιι
2929 2718 3048 2786 lpse
3080 2733 3207 2770 vero
3237 2718 3536 2788 cpiscopus

1922 2809 2141 2864 interim
2175 2809 2342 2883 regiis
2387 2816 2688 2879 occupatus
2747 2807 3030 2878 obSequiis
3086 2824 3299 2861 cursum
3342 2808 3540 2862 direxit

1919 2901 1986 2953 ad
2014 2907 2245 2962 curtem,
2302 2899 2491 2970 ibique
2549 2898 2693 2970 apud
2733 2899 2939 2953 aulicos
2988 2899 3154 2972 digno
3209 2900 3414 2954 honore
3445 2899 3538 2953 ditt

1920 2997 2184 3054 retentus,
2217 2990 2553 3061 tandemque
2610 2989 2877 3060 requisita
2942 2989 3150 3043 salubri
3188 2989 3410 3043 licentia
3443 2991 3542 3044 do-

196 3081 503 3136 lemnitatis
540 3082 649 3151 (13)
727 3083 1105 3137 Innocentium
1165 3081 1653 3137 consuetudinario
1712 3082 1818 3136 ritu
1848 3141 1888 3160 Π
1919 3094 2067 3131 mum
2101 3079 2404 3147 repedavit,
2429 3094 2682 3149 opusque
2713 3079 2873 3146 cujus
2888 3077 3140 3133 effectum
3172 3096 3294 3134 sese
3321 3097 3545 3134 cernere

192 3170 474 3224 ordinatio
513 3170 633 3237 ejus
693 3180 913 3241 peracta
946 3180 1046 3226 est.
1094 3171 1224 3225 Inde
1273 3186 1402 3225 vero
1436 3187 1701 3240 prospero
1733 3188 1820 3225 re-
1843 3143 1891 3206 (ἶ
1918 3169 2180 3240 speravit,
2213 3176 2385 3223 totum
2419 3169 2640 3239 penitus
2671 3169 2945 3240 dilapsum
2982 3172 3188 3241 reperit
3226 3188 3290 3225 ac
3321 3172 3548 3226 subver-

195 3263 317 3315 ditu
365 3261 589 3316 domum
622 3263 871 3328 veniens,
913 3262 1380 3333 conspiciensque
1423 3277 1608 3315 muros
1637 3262 1819 3316 eccle-

194 3354 295 3408 siae
355 3353 602 3424 undique
651 3354 953 3424 depositos,
1023 3354 1318 3425 omniaque
1368 3353 1598 3408 aedilicia
1659 3355 1820 3409 nimis

199 3448 448 3518 delapsa,
491 3449 629 3502 sicut
668 3449 769 3503 sub
826 3449 993 3519 priori
1027 3451 1274 3513 antistite
1331 3449 1456 3521 igne
1513 3457 1639 3504 sunt
1687 3466 1822 3504 con-

196 3549 493 3602 summata,
525 3541 693 3594 nimia
741 3549 869 3596 tunc
928 3542 1132 3595 mentis
1189 3542 1466 3596 anxietate
1527 3542 1818 3608 fluctuans,

200 3632 481 3705 cogitabat
527 3633 763 3698 qualiter
845 3635 1363 3688 convenientissime
1450 3642 1556 3688 tam
1603 3636 1821 3704 penitus

204 3725 482 3778 destructa
512 3724 848 3780 rezedificare
905 3727 1205 3796 potuisset:
1263 3726 1394 3797 quia
1433 3727 1668 3780 maxima
1700 3745 1824 3798 pars

205 3812 428 3867 familize
459 3831 488 3866 a
521 3815 751 3885 paganis
789 3814 960 3869 fuerat
990 3815 1191 3880 occisa,
1227 3825 1281 3869 et
1309 3816 1513 3886 oppida
1543 3824 1735 3871 exusta
1771 3825 1824 3871 et

205 3905 546 3973 deprzedata,
581 3922 705 3975 pars
732 3916 914 3960 autem
969 3907 1186 3960 familiae
1241 3922 1364 3978 qua:
1406 3917 1745 3963 remanserat
1769 3910 1822 3963 in

212 4012 410 4069 magno
440 3997 704 4069 egestatis
761 3997 946 4052 labore
987 4006 1103 4052 erat
1151 3998 1372 4052 afflicta.
1422 4000 1712 4070 Acquisitis
1744 4009 1826 4054 ta-

212 4101 337 4139 men
368 4087 679 4140 architectis
709 4095 762 4140 et
815 4087 1169 4143 multitudine
1221 4098 1550 4161 congregata
1584 4088 1828 4155 familite,

209 4174 383 4244 erepit
429 4175 704 4248 sagaciter
749 4176 928 4230 diruta
991 4185 1319 4242 restaurare,
1372 4178 1620 4248 satisque
1651 4179 1829 4233 sensi-

210 4265 395 4320 biliter
423 4267 701 4330 ordinare,
762 4285 1074 4343 magnoque
1128 4268 1296 4324 animi
1353 4268 1562 4324 fervore
1600 4270 1831 4326 studens

214 4365 272 4409 ut
317 4366 498 4427 empta
558 4357 823 4428 perlicere
885 4375 993 4413 non
1047 4359 1354 4414 desisteret.
1420 4359 1550 4414 Cum
1583 4377 1714 4416 vero
1745 4361 1828 4416 vir

216 4461 430 4521 magna:
452 4446 738 4502 suavitatis
778 4447 1092 4502 inchoatum
1147 4465 1307 4518 Opus,
1341 4449 1592 4519 quamvis
1638 4465 1824 4520 pressa

213 4539 581 4610 supellectile,
610 4539 798 4594 divino
845 4548 956 4594 tum
1007 4540 1178 4595 fretus
1206 4541 1540 4596 adminiculo
1571 4542 1828 4596 ardenter

216 4633 286 4685 im
297 4631 583 4702 plevit,om
594 4632 793 4702 niaque
822 4632 992 4702 ipsius
1016 4632 1204 4703 templi
1235 4633 1496 4688 interiora
1509 4634 1827 4706 omnigeno,

216 4731 483 4794 quantum
525 4723 715 4789 valuit,
757 4723 1112 4778 decoramine
1134 4740 1330 4780 ornare
1361 4725 1643 4780 contendit
1675 4745 1689 4788 ;
1730 4741 1832 4779 nec

220 4830 330 4869 non
364 4815 526 4868 etiam
564 4812 880 4883 frequenter
909 4813 1089 4884 sagaci
1133 4815 1414 4869 oculorum
1447 4815 1564 4868 acie
1605 4815 1752 4869 intus
1779 4824 1832 4870 et

218 4906 525 4960 forinsecus
545 4905 845 4974 positiones
874 4905 1122 4959 ecclesia:
1148 4914 1305 4960 caute
1326 4906 1684 4976 perlustrans,
1709 4926 1832 4980 par-

218 4996 439 5050 vitatem
473 5009 581 5050 non
613 4993 808 5048 lucida}
857 5001 1062 5063 crypta:
1095 4993 1472 5065 vilitatcmquc
1513 4995 1620 5050 sibi
1669 4998 1832 5051 nimis

218 5089 512 5159 displicere
545 5094 900 5157 conquestus,
935 5102 1107 5156 seque
1161 5087 1438 5157 professus
1495 5098 1577 5143 est
1606 5106 1831 5161 compe-

221 5174 425 5228 tentius
462 5173 882 5244 decentiusque,
922 5174 967 5228 si
1015 5175 1157 5229 Deus
1191 5176 1443 5230 annuerit
1504 5179 1828 5246 positurum.

218 5267 463 5336 Cumque
511 5282 652 5335 opus
706 5276 944 5337 cosptum
1004 5268 1136 5322 satis
1217 5285 1467 5323 crescere
1527 5271 1833 5338 videretur,

221 5358 515 5412 Ramberto
545 5358 762 5412 cuidam
798 5358 948 5412 fratri
1009 5359 1063 5413 in
1113 5361 1312 5416 exstasi
1351 5363 1554 5418 mentis
1613 5365 1840 5421 videba-

285 5543 395 5610 (11)
417 5543 669 5606 Hiltinus,
699 5543 983 5598 Hiltenius.

293 5614 398 5678 (1‘2)
420 5613 651 5669 llenrico
679 5615 908 5684 Aucupi.

291 5684 396 5751 (13)
428 5686 580 5739 Anno
610 5685 867 5739 nimirum
890 5685 959 5739 24
991 5685 1216 5741 ineunte

1918 3281 2060 3328 sum,
2092 3263 2396 3318 secundum
2436 3262 2752 3332 praedictam
2819 3265 3084 3319 rationem
3128 3266 3337 3336 praefati
3380 3267 3547 3320 Ram—

1920 3355 2082 3410 berti.
2112 3355 2246 3410 Tum
2301 3369 2436 3408 vero
2495 3354 2845 3410 cautioribus
2902 3354 3278 3410 fundamentis
3323 3358 3542 3427 positis,

1920 3449 2189 3503 stabiliter
2219 3446 2468 3518 perfecit.

1995 3539 2109 3592 Alia
2147 3545 2324 3591 autem
2356 3535 2471 3589 vice
2493 3551 2616 3589 cum
2653 3536 2704 3588 in
2737 3536 2945 3606 Oppido
2978 3536 3252 3609 Waringa,
3293 3539 3533 3594 vocitato

1926 3636 2104 3706 primo
2159 3649 2318 3687 mane
2363 3630 2852 3686 consuetudinario
2906 3647 3057 3685 more
3092 3673 3105 3696 ,
3181 3632 3542 3702 psalmodiam

1924 3740 2047 3778 cum
2078 3723 2272 3778 eodem
2307 3721 2594 3774 Ilamberto
2634 3718 2937 3774 studuisset
2960 3721 3206 3790 explere,
3249 3721 3395 3774 idem
3432 3722 3546 3776 fra-

1926 3821 2008 3867 ter
2037 3813 2204 3883 cozpit
2235 3811 2448 3864 reflexis
2488 3809 2660 3864 oculis
2719 3809 2908 3863 timide
2966 3810 3194 3864 moveri.
3231 3811 3542 3883 Interroga-

1927 3912 2122 3975 tusque
2149 3905 2217 3957 ab
2255 3919 2342 3965 eo,
2370 3901 2758 3972 respondebat,
2787 3901 2978 3955 dicens
3006 3919 3018 3954 :
3051 3922 3075 3950 (ι
3110 3902 3245 3956 Ecce
3270 3902 3432 3957 video
3453 3921 3544 3958 sc-

1933 4001 2142 4054 niorem
2186 4015 2366 4052 meum
2402 3997 2797 4050 Adalbcronem
2841 3997 3034 4051 eodem
3069 3998 3231 4051 modo
3263 3997 3404 4050 sicut
3444 4016 3543 4051 an-

1932 4101 2016 4146 tea
2038 4110 2163 4147 eum
2189 4092 2297 4145 vidi
2331 4089 2742 4160 prrecipientem
2764 4089 2896 4144 mihi
2916 4091 3063 4144 utilli
3083 4090 3446 4144 ministrarem
3473 4093 3539 4145 ad

1932 4183 2176 4236 missam.
2214 4205 2238 4225 η
2275 4180 2372 4244 Qui
2403 4179 2582 4233 statim
2614 4195 2863 4251 surgens,
2895 4181 3143 4234 retractis
3194 4179 3428 4245 foribus,
3455 4197 3541 4235 re-

1929 4273 2092 4326 cessit
2117 4271 2185 4325 de
2212 4271 2448 4324 ecclesia
2487 4270 2666 4324 donec
2719 4271 2833 4324 haec
2863 4271 2998 4325 visio
3056 4269 3327 4326 finiretur.
3361 4271 3534 4326 Aliam

1932 4376 2059 4414 vero
2078 4359 2368 4423 visionem,
2405 4376 2567 4430 quam
2599 4359 2665 4412 dc
2705 4360 2892 4414 multis
2921 4360 3175 4414 fratribus
3210 4360 3265 4414 in
3315 4361 3537 4415 veritate

1929 4451 2240 4505 dicentibus
2267 4451 2534 4506 accidisse
2588 4451 2918 4515 dedicimus,
2961 4451 3221 4507 oblivioni
3267 4467 3364 4506 nos
3422 4459 3539 4506 tra-

1931 4545 2063 4599 dere
2095 4558 2202 4596 non
2234 4549 2470 4611 oportet.
2524 4543 2656 4607 Quia
2683 4560 2807 4598 cum
2849 4544 3138 4615 religiosus
3180 4543 3257 4597 vir
3298 4543 3387 4597 die
3416 4543 3544 4597 l'as-

1932 4639 2048 4693 cli-ae
2078 4635 2439 4689 ministerium
2499 4643 2963 4691 sacramentorum
3006 4637 3248 4692 studiose
3278 4635 3543 4706 perlicere

1933 4730 2257 4791 decertaret,
2282 4727 2632 4780 multitudine
2658 4727 2981 4782 clericorum
3000 4727 3345 4791 adveniente,
3361 4735 3414 4780 et
3433 4727 3545 4780 cui-

1934 4819 2056 4872 dam
2085 4815 2437 4882 llcilricoﬂS)
2482 4815 2804 4885 presbytero
2844 4823 3068 4870 cantore
3108 4815 3379 4868 existente
3407 4815 3543 4884 (sic),

1935 4904 2184 4978 apparuit
2215 4903 2436 4956 dextera
2475 4919 2596 4956 cum
2657 4903 2880 4957 dextera
2919 4905 3164 4974 cpisc0pi
3207 4910 3549 4958 sacramenta

1936 4995 2304 5053 sanetilicans.
2342 4995 2561 5063 Expleta
2602 5010 2731 5048 vero
2762 4994 2951 5060 missa,
2986 4995 3075 5048 ille
3110 4994 3369 5064 praefatus
3403 4995 3552 5048 Heil-

1936 5090 2080 5144 ricus
2119 5101 2359 5156 sequens
2412 5100 2536 5137 eum
2598 5083 2652 5136 in
2685 5084 3003 5138 cubiculum
3064 5102 3223 5138 suum
3258 5085 3454 5140 cecidit
3485 5087 3554 5141 ad

1937 5179 2108 5250 pedes
2137 5175 2346 5243 ejus,et
2377 5173 2646 5228 incautius
2678 5189 2842 5244 quam
2864 5172 3222 5227 debuissetin
3257 5177 3555 5246 praesentia

1939 5270 2373 5327 laicorumltanc
2402 5265 2670 5321 visionem
2731 5264 3062 5334 explanavit.
3122 5264 3250 5319 Cum
3311 5268 3403 5322 ille
3459 5285 3556 5322 re-

1939 5363 2239 5435 Spondens,
2274 5361 2408 5415 dixit
2441 5377 2453 5414 :
2490 5380 2512 5411 υ
2561 5358 2756 5413 Utilius
2807 5356 2905 5411 tibi
2959 5355 3152 5410 fuisset
3184 5356 3289 5411 ista
3323 5360 3556 5416 reticere

2010 5549 2118 5618 (14)
2150 5545 2501 5603 Fortunatum
2535 5543 2928 5601 Pictaviensem
2969 5538 3292 5611 cpisc0pum
3328 5539 3550 5597 intelli-

1935 5622 2014 5695 git
2041 5619 2350 5695 iWelserus.

2007 5693 2116 5760 (15)
2161 5692 2412 5747 Henrico.
