  <div class='ocr_page' id='page_1' title='image "/cluster/home/n/w/nwhite01/storage/ocr_20150623/134-135/uva.x000829784/1095.png"; bbox 0 0 3978 6214; ppageno 0'>
   <div class='ocr_carea' id='block_1_1' title="bbox 434 279 574 331">
    <p class='ocr_par' dir='ltr' id='par_1_1' title="bbox 434 279 574 331">
     <span class='ocr_line' id='line_1_1' title="bbox 434 279 574 331; baseline -0.014 0"><span class='ocrx_word' id='word_1_1' title='bbox 434 279 574 331; x_wconf 73' lang='grc'><strong>1015</strong></span> 
     </span>
    </p>
   </div>
   <div class='ocr_carea' id='block_1_2' title="bbox 1508 268 2687 325">
    <p class='ocr_par' dir='ltr' id='par_1_2' title="bbox 1508 268 2687 325">
     <span class='ocr_line' id='line_1_2' title="bbox 1508 268 2687 325; baseline 0 -3"><span class='ocrx_word' id='word_1_2' title='bbox 1508 273 1560 325; x_wconf 79' lang='lat' dir='ltr'>S.</span> <span class='ocrx_word' id='word_1_3' title='bbox 1610 268 1911 323; x_wconf 79' lang='lat' dir='ltr'>l&#39;[)ALRlCl</span> <span class='ocrx_word' id='word_1_4' title='bbox 1957 268 2328 324; x_wconf 69' lang='lat' dir='ltr'>AUGUSTANI</span> <span class='ocrx_word' id='word_1_5' title='bbox 2375 269 2687 325; x_wconf 82' lang='lat' dir='ltr'>EPISCOPI.</span> 
     </span>
    </p>
   </div>
   <div class='ocr_carea' id='block_1_3' title="bbox 3638 284 3781 347">
    <p class='ocr_par' dir='ltr' id='par_1_3' title="bbox 3638 284 3781 347">
     <span class='ocr_line' id='line_1_3' title="bbox 3638 284 3781 347; baseline 0.014 -10"><span class='ocrx_word' id='word_1_6' title='bbox 3638 284 3781 347; x_wconf 81' lang='lat'>1016</span> 
     </span>
    </p>
   </div>
   <div class='ocr_carea' id='block_1_4' title="bbox 433 398 3776 479">
    <p class='ocr_par' dir='ltr' id='par_1_4' title="bbox 433 398 3776 479">
     <span class='ocr_line' id='line_1_4' title="bbox 433 398 3776 479; baseline 0.001 -17"><span class='ocrx_word' id='word_1_7' title='bbox 433 425 594 479; x_wconf 89' lang='lat' dir='ltr'>quam</span> <span class='ocrx_word' id='word_1_8' title='bbox 628 407 774 477; x_wconf 86' lang='lat' dir='ltr'><strong>loqui</strong></span> <span class='ocrx_word' id='word_1_9' title='bbox 805 423 816 457; x_wconf 89' lang='lat'>:</span> <span class='ocrx_word' id='word_1_10' title='bbox 854 425 876 453; x_wconf 81' lang='grc' dir='ltr'>ι)</span> <span class='ocrx_word' id='word_1_11' title='bbox 908 404 974 456; x_wconf 89' lang='lat' dir='ltr'>de</span> <span class='ocrx_word' id='word_1_12' title='bbox 1008 404 1107 456; x_wconf 89' lang='lat' dir='ltr'>hac</span> <span class='ocrx_word' id='word_1_13' title='bbox 1141 417 1267 455; x_wconf 88' lang='lat' dir='ltr'>vero</span> <span class='ocrx_word' id='word_1_14' title='bbox 1300 400 1660 471; x_wconf 84' lang='lat' dir='ltr'>responsione</span> <span class='ocrx_word' id='word_1_15' title='bbox 1700 398 2037 469; x_wconf 80' lang='lat' dir='ltr'>stupefactus</span> <span class='ocrx_word' id='word_1_16' title='bbox 2069 404 2115 469; x_wconf 79' lang='grc' dir='ltr'><strong>Α</strong></span> <span class='ocrx_word' id='word_1_17' title='bbox 2142 414 2268 452; x_wconf 90' lang='lat' dir='ltr'>cum</span> <span class='ocrx_word' id='word_1_18' title='bbox 2299 398 2521 469; x_wconf 87' lang='lat' dir='ltr'>populis</span> <span class='ocrx_word' id='word_1_19' title='bbox 2551 398 2895 453; x_wconf 89' lang='lat' dir='ltr'>diversarum</span> <span class='ocrx_word' id='word_1_20' title='bbox 2951 401 3360 471; x_wconf 71' lang='lat' dir='ltr'>provinciarum</span> <span class='ocrx_word' id='word_1_21' title='bbox 3395 406 3587 465; x_wconf 80' lang='lat' dir='ltr'>habuit</span> <span class='ocrx_word' id='word_1_22' title='bbox 3620 429 3636 474; x_wconf 84' lang='lat'><strong>;</strong></span> <span class='ocrx_word' id='word_1_23' title='bbox 3676 415 3776 470; x_wconf 90' lang='lat' dir='ltr'>ubi</span> 
     </span>
    </p>
   </div>
   <div class='ocr_carea' id='block_1_5' title="bbox 435 487 2040 560">
    <p class='ocr_par' dir='ltr' id='par_1_5' title="bbox 435 487 2040 560">
     <span class='ocr_line' id='line_1_5' title="bbox 435 487 2040 560; baseline -0.007 -10"><span class='ocrx_word' id='word_1_24' title='bbox 435 495 659 550; x_wconf 86' lang='lat' dir='ltr'>recessit</span> <span class='ocrx_word' id='word_1_25' title='bbox 688 496 863 556; x_wconf 90' lang='lat' dir='ltr'>abeo,</span> <span class='ocrx_word' id='word_1_26' title='bbox 909 499 961 545; x_wconf 91' lang='lat' dir='ltr'>et</span> <span class='ocrx_word' id='word_1_27' title='bbox 991 492 1046 543; x_wconf 93' lang='lat' dir='ltr'>in</span> <span class='ocrx_word' id='word_1_28' title='bbox 1079 506 1229 543; x_wconf 65' lang='lat' dir='ltr'>caena</span> <span class='ocrx_word' id='word_1_29' title='bbox 1256 505 1378 560; x_wconf 80' lang='lat' dir='ltr'>qme</span> <span class='ocrx_word' id='word_1_30' title='bbox 1405 497 1533 542; x_wconf 91' lang='lat' dir='ltr'>ante</span> <span class='ocrx_word' id='word_1_31' title='bbox 1565 488 1878 541; x_wconf 81' lang='lat' dir='ltr'>cubiculum</span> <span class='ocrx_word' id='word_1_32' title='bbox 1920 487 2040 556; x_wconf 84' lang='lat' dir='ltr'>ejus</span> 
     </span>
    </p>
   </div>
   <div class='ocr_carea' id='block_1_6' title="bbox 434 576 2042 651">
    <p class='ocr_par' dir='ltr' id='par_1_6' title="bbox 434 576 2042 651">
     <span class='ocr_line' id='line_1_6' title="bbox 434 576 2042 651; baseline -0.007 -10"><span class='ocrx_word' id='word_1_33' title='bbox 434 597 513 641; x_wconf 87' lang='lat' dir='ltr'>est</span> <span class='ocrx_word' id='word_1_34' title='bbox 538 595 641 639; x_wconf 69' lang='lat' dir='ltr'>sata</span> <span class='ocrx_word' id='word_1_35' title='bbox 671 583 942 645; x_wconf 90' lang='lat' dir='ltr'>consedit,</span> <span class='ocrx_word' id='word_1_36' title='bbox 976 590 1028 635; x_wconf 93' lang='lat' dir='ltr'>et</span> <span class='ocrx_word' id='word_1_37' title='bbox 1050 581 1231 634; x_wconf 91' lang='lat' dir='ltr'>statim</span> <span class='ocrx_word' id='word_1_38' title='bbox 1260 579 1406 633; x_wconf 89' lang='lat' dir='ltr'>oculi</span> <span class='ocrx_word' id='word_1_39' title='bbox 1436 579 1555 645; x_wconf 80' lang='lat' dir='ltr'>ejus</span> <span class='ocrx_word' id='word_1_40' title='bbox 1610 594 1807 651; x_wconf 88' lang='lat' dir='ltr'>magna</span> <span class='ocrx_word' id='word_1_41' title='bbox 1843 576 2042 629; x_wconf 89' lang='lat' dir='ltr'>nimie-</span> 
     </span>
    </p>
   </div>
   <div class='ocr_carea' id='block_1_7' title="bbox 436 667 2042 747">
    <p class='ocr_par' dir='ltr' id='par_1_7' title="bbox 436 667 2042 747">
     <span class='ocr_line' id='line_1_7' title="bbox 436 667 2042 747; baseline -0.007 -14"><span class='ocrx_word' id='word_1_42' title='bbox 436 688 541 734; x_wconf 90' lang='lat' dir='ltr'>tate</span> <span class='ocrx_word' id='word_1_43' title='bbox 580 682 867 747; x_wconf 52' lang='lat' dir='ltr'>casperunt</span> <span class='ocrx_word' id='word_1_44' title='bbox 897 676 1161 743; x_wconf 73' lang='lat' dir='ltr'>lacrymas</span> <span class='ocrx_word' id='word_1_45' title='bbox 1189 670 1495 734; x_wconf 75' lang='lat' dir='ltr'>effundere,</span> <span class='ocrx_word' id='word_1_46' title='bbox 1527 677 1579 723; x_wconf 90' lang='lat' dir='ltr'>et</span> <span class='ocrx_word' id='word_1_47' title='bbox 1599 670 1649 723; x_wconf 91' lang='lat' dir='ltr'>in</span> <span class='ocrx_word' id='word_1_48' title='bbox 1676 686 1741 722; x_wconf 79' lang='lat' dir='ltr'>ea</span> <span class='ocrx_word' id='word_1_49' title='bbox 1774 667 2042 722; x_wconf 73' lang='lat' dir='ltr'>effusione</span> 
     </span>
    </p>
   </div>
   <div class='ocr_carea' id='block_1_8' title="bbox 435 756 2041 838">
    <p class='ocr_par' dir='ltr' id='par_1_8' title="bbox 435 756 2041 838">
     <span class='ocr_line' id='line_1_8' title="bbox 435 756 2041 838; baseline -0.007 -18"><span class='ocrx_word' id='word_1_50' title='bbox 435 768 855 838; x_wconf 89' lang='lat' dir='ltr'>permanserunt</span> <span class='ocrx_word' id='word_1_51' title='bbox 882 778 1055 831; x_wconf 86' lang='lat' dir='ltr'>usque</span> <span class='ocrx_word' id='word_1_52' title='bbox 1097 760 1225 813; x_wconf 93' lang='lat' dir='ltr'>dum</span> <span class='ocrx_word' id='word_1_53' title='bbox 1259 760 1314 812; x_wconf 92' lang='lat' dir='ltr'>in</span> <span class='ocrx_word' id='word_1_54' title='bbox 1342 766 1512 813; x_wconf 91' lang='lat' dir='ltr'>totum</span> <span class='ocrx_word' id='word_1_55' title='bbox 1550 757 1806 828; x_wconf 65' lang='lat' dir='ltr'>praesenti</span> <span class='ocrx_word' id='word_1_56' title='bbox 1835 756 2041 810; x_wconf 90' lang='lat' dir='ltr'>lumine</span> 
     </span>
    </p>
   </div>
   <div class='ocr_carea' id='block_1_9' title="bbox 436 858 809 930">
    <p class='ocr_par' dir='ltr' id='par_1_9' title="bbox 436 858 809 930">
     <span class='ocr_line' id='line_1_9' title="bbox 436 858 809 930; baseline -0.003 -19"><span class='ocrx_word' id='word_1_57' title='bbox 436 858 628 930; x_wconf 87' lang='lat' dir='ltr'>privati</span> <span class='ocrx_word' id='word_1_58' title='bbox 662 866 809 910; x_wconf 89' lang='lat' dir='ltr'>sunt.</span> 
     </span>
    </p>
   </div>
   <div class='ocr_carea' id='block_1_10' title="bbox 508 942 2046 1017">
    <p class='ocr_par' dir='ltr' id='par_1_10' title="bbox 508 942 2046 1017">
     <span class='ocr_line' id='line_1_10' title="bbox 508 942 2046 1017; baseline -0.006 -14"><span class='ocrx_word' id='word_1_59' title='bbox 508 950 571 1004; x_wconf 91' lang='lat' dir='ltr'>ll.</span> <span class='ocrx_word' id='word_1_60' title='bbox 615 949 728 1002; x_wconf 73' lang='lat' dir='ltr'>Alio</span> <span class='ocrx_word' id='word_1_61' title='bbox 762 955 1030 1017; x_wconf 90' lang='lat' dir='ltr'>tempore,</span> <span class='ocrx_word' id='word_1_62' title='bbox 1061 945 1116 998; x_wconf 95' lang='lat' dir='ltr'>in</span> <span class='ocrx_word' id='word_1_63' title='bbox 1152 952 1313 998; x_wconf 89' lang='lat' dir='ltr'>nocte</span> <span class='ocrx_word' id='word_1_64' title='bbox 1345 942 1710 998; x_wconf 88' lang='lat' dir='ltr'>antecedente</span> <span class='ocrx_word' id='word_1_65' title='bbox 1741 942 1885 995; x_wconf 90' lang='lat' dir='ltr'>diem</span> <span class='ocrx_word' id='word_1_66' title='bbox 1920 957 2046 994; x_wconf 83' lang='lat' dir='ltr'>san-</span> 
     </span>
    </p>
   </div>
   <div class='ocr_carea' id='block_1_11' title="bbox 435 1031 2043 1106">
    <p class='ocr_par' dir='ltr' id='par_1_11' title="bbox 435 1031 2043 1106">
     <span class='ocr_line' id='line_1_11' title="bbox 435 1031 2043 1106; baseline -0.007 -11"><span class='ocrx_word' id='word_1_67' title='bbox 435 1051 580 1095; x_wconf 92' lang='lat' dir='ltr'>ctum</span> <span class='ocrx_word' id='word_1_68' title='bbox 611 1040 789 1094; x_wconf 63' lang='lat' dir='ltr'>Cosme</span> <span class='ocrx_word' id='word_1_69' title='bbox 823 1037 1057 1100; x_wconf 88' lang='lat' dir='ltr'>Domini,</span> <span class='ocrx_word' id='word_1_70' title='bbox 1090 1036 1245 1106; x_wconf 89' lang='lat' dir='ltr'>quasi</span> <span class='ocrx_word' id='word_1_71' title='bbox 1298 1035 1350 1088; x_wconf 91' lang='lat' dir='ltr'>in</span> <span class='ocrx_word' id='word_1_72' title='bbox 1381 1034 1592 1087; x_wconf 86' lang='lat' dir='ltr'>somnis</span> <span class='ocrx_word' id='word_1_73' title='bbox 1619 1031 1829 1087; x_wconf 81' lang='lat' dir='ltr'>audivit</span> <span class='ocrx_word' id='word_1_74' title='bbox 1856 1048 2043 1087; x_wconf 89' lang='lat' dir='ltr'>vocem</span> 
     </span>
    </p>
   </div>
   <div class='ocr_carea' id='block_1_12' title="bbox 434 1126 2049 1204">
    <p class='ocr_par' dir='ltr' id='par_1_12' title="bbox 434 1126 2049 1204">
     <span class='ocr_line' id='line_1_12' title="bbox 434 1126 2049 1204; baseline -0.006 -15"><span class='ocrx_word' id='word_1_75' title='bbox 434 1135 537 1189; x_wconf 89' lang='lat' dir='ltr'>sibi</span> <span class='ocrx_word' id='word_1_76' title='bbox 569 1136 886 1204; x_wconf 88' lang='lat' dir='ltr'>loquentem</span> <span class='ocrx_word' id='word_1_77' title='bbox 921 1148 973 1183; x_wconf 81' lang='grc'>;‹‹</span> <span class='ocrx_word' id='word_1_78' title='bbox 1007 1129 1259 1183; x_wconf 89' lang='lat' dir='ltr'>Udalrice</span> <span class='ocrx_word' id='word_1_79' title='bbox 1280 1130 1565 1201; x_wconf 90' lang='lat' dir='ltr'>episc0pe,</span> <span class='ocrx_word' id='word_1_80' title='bbox 1598 1128 1741 1181; x_wconf 80' lang='lat' dir='ltr'>scias</span> <span class='ocrx_word' id='word_1_81' title='bbox 1775 1134 1825 1180; x_wconf 94' lang='lat' dir='ltr'>te</span> <span class='ocrx_word' id='word_1_82' title='bbox 1882 1126 2049 1181; x_wconf 83' lang='lat' dir='ltr'>hodie</span> 
     </span>
    </p>
   </div>
   <div class='ocr_carea' id='block_1_13' title="bbox 436 1215 2047 1294">
    <p class='ocr_par' dir='ltr' id='par_1_13' title="bbox 436 1215 2047 1294">
     <span class='ocr_line' id='line_1_13' title="bbox 436 1215 2047 1294; baseline -0.006 -15"><span class='ocrx_word' id='word_1_83' title='bbox 436 1224 682 1294; x_wconf 86' lang='lat' dir='ltr'>hospites</span> <span class='ocrx_word' id='word_1_84' title='bbox 706 1237 825 1274; x_wconf 89' lang='lat' dir='ltr'>esse</span> <span class='ocrx_word' id='word_1_85' title='bbox 854 1226 1258 1289; x_wconf 89' lang='lat' dir='ltr'>suscepturum.</span> <span class='ocrx_word' id='word_1_86' title='bbox 1293 1241 1310 1267; x_wconf 75' lang='grc' dir='ltr'>ι</span> <span class='ocrx_word' id='word_1_87' title='bbox 1347 1217 1404 1271; x_wconf 82' lang='lat' dir='ltr'>Et</span> <span class='ocrx_word' id='word_1_88' title='bbox 1428 1215 1847 1289; x_wconf 79' lang='lat' dir='ltr'>expergefactus</span> <span class='ocrx_word' id='word_1_89' title='bbox 1869 1232 1899 1269; x_wconf 91' lang='lat' dir='ltr'>a</span> <span class='ocrx_word' id='word_1_90' title='bbox 1916 1230 2047 1269; x_wconf 89' lang='lat' dir='ltr'>voce</span> 
     </span>
    </p>
   </div>
   <div class='ocr_carea' id='block_1_14' title="bbox 436 1309 2047 1390">
    <p class='ocr_par' dir='ltr' id='par_1_14' title="bbox 436 1309 2047 1390">
     <span class='ocr_line' id='line_1_14' title="bbox 436 1309 2047 1390; baseline -0.006 -18"><span class='ocrx_word' id='word_1_91' title='bbox 436 1319 529 1390; x_wconf 88' lang='lat' dir='ltr'>qui</span> <span class='ocrx_word' id='word_1_92' title='bbox 561 1326 746 1371; x_wconf 84' lang='lat' dir='ltr'>essent</span> <span class='ocrx_word' id='word_1_93' title='bbox 774 1315 849 1369; x_wconf 87' lang='lat' dir='ltr'>illi</span> <span class='ocrx_word' id='word_1_94' title='bbox 889 1313 1136 1383; x_wconf 89' lang='lat' dir='ltr'>hospites</span> <span class='ocrx_word' id='word_1_95' title='bbox 1186 1312 1355 1382; x_wconf 71' lang='lat' dir='ltr'>cmpit</span> <span class='ocrx_word' id='word_1_96' title='bbox 1401 1319 1652 1364; x_wconf 89' lang='lat' dir='ltr'>tractare.</span> <span class='ocrx_word' id='word_1_97' title='bbox 1690 1309 1824 1363; x_wconf 88' lang='lat' dir='ltr'>Cum</span> <span class='ocrx_word' id='word_1_98' title='bbox 1865 1316 2047 1363; x_wconf 88' lang='lat' dir='ltr'>autem</span> 
     </span>
    </p>
   </div>
   <div class='ocr_carea' id='block_1_15' title="bbox 436 1401 2049 1478">
    <p class='ocr_par' dir='ltr' id='par_1_15' title="bbox 436 1401 2049 1478">
     <span class='ocr_line' id='line_1_15' title="bbox 436 1401 2049 1478; baseline -0.007 -13"><span class='ocrx_word' id='word_1_99' title='bbox 436 1405 1018 1478; x_wconf 89' lang='lat' dir='ltr'>dormiret,loquentis</span> <span class='ocrx_word' id='word_1_100' title='bbox 1046 1405 1150 1457; x_wconf 89' lang='lat' dir='ltr'>sibi</span> <span class='ocrx_word' id='word_1_101' title='bbox 1213 1404 1380 1457; x_wconf 88' lang='lat' dir='ltr'>verba</span> <span class='ocrx_word' id='word_1_102' title='bbox 1413 1401 1617 1455; x_wconf 82' lang='lat' dir='ltr'>audivit</span> <span class='ocrx_word' id='word_1_103' title='bbox 1656 1420 1667 1454; x_wconf 91' lang='lat'><strong>:</strong></span> <span class='ocrx_word' id='word_1_104' title='bbox 1713 1421 1736 1450; x_wconf 77' lang='grc' dir='ltr'><strong>α</strong></span> <span class='ocrx_word' id='word_1_105' title='bbox 1763 1401 2049 1455; x_wconf 87' lang='lat' dir='ltr'>Orationes</span> 
     </span>
    </p>
   </div>
   <div class='ocr_carea' id='block_1_16' title="bbox 439 1493 2046 1568">
    <p class='ocr_par' dir='ltr' id='par_1_16' title="bbox 439 1493 2046 1568">
     <span class='ocr_line' id='line_1_16' title="bbox 439 1493 2046 1568; baseline -0.006 -13"><span class='ocrx_word' id='word_1_106' title='bbox 439 1510 555 1555; x_wconf 88' lang='lat' dir='ltr'>tuas</span> <span class='ocrx_word' id='word_1_107' title='bbox 582 1509 636 1554; x_wconf 91' lang='lat' dir='ltr'>et</span> <span class='ocrx_word' id='word_1_108' title='bbox 665 1500 1047 1568; x_wconf 72' lang='lat' dir='ltr'>eleemosynas</span> <span class='ocrx_word' id='word_1_109' title='bbox 1076 1502 1196 1549; x_wconf 91' lang='lat' dir='ltr'>tuas</span> <span class='ocrx_word' id='word_1_110' title='bbox 1234 1495 1378 1549; x_wconf 90' lang='lat' dir='ltr'>oculi</span> <span class='ocrx_word' id='word_1_111' title='bbox 1438 1493 1651 1548; x_wconf 85' lang='lat' dir='ltr'>Domini</span> <span class='ocrx_word' id='word_1_112' title='bbox 1685 1509 2046 1563; x_wconf 89' lang='lat' dir='ltr'>conspexere,</span> 
     </span>
    </p>
   </div>
   <div class='ocr_carea' id='block_1_17' title="bbox 436 1584 2050 1654">
    <p class='ocr_par' dir='ltr' id='par_1_17' title="bbox 436 1584 2050 1654">
     <span class='ocr_line' id='line_1_17' title="bbox 436 1584 2050 1654; baseline -0.006 -7"><span class='ocrx_word' id='word_1_113' title='bbox 436 1602 487 1647; x_wconf 93' lang='lat' dir='ltr'>et</span> <span class='ocrx_word' id='word_1_114' title='bbox 529 1594 653 1647; x_wconf 90' lang='lat' dir='ltr'>ideo</span> <span class='ocrx_word' id='word_1_115' title='bbox 685 1591 830 1644; x_wconf 86' lang='lat' dir='ltr'>binis</span> <span class='ocrx_word' id='word_1_116' title='bbox 881 1586 1325 1643; x_wconf 81' lang='lat' dir='ltr'>antecessoribus</span> <span class='ocrx_word' id='word_1_117' title='bbox 1393 1586 1499 1640; x_wconf 84' lang='lat' dir='ltr'>tuis</span> <span class='ocrx_word' id='word_1_118' title='bbox 1531 1586 1641 1654; x_wconf 79' lang='lat'>(16)</span> <span class='ocrx_word' id='word_1_119' title='bbox 1677 1584 1974 1638; x_wconf 66' lang='lat' dir='ltr'>Fortunato</span> <span class='ocrx_word' id='word_1_120' title='bbox 1998 1592 2050 1637; x_wconf 92' lang='lat' dir='ltr'>et</span> 
     </span>
    </p>
   </div>
   <div class='ocr_carea' id='block_1_18' title="bbox 2144 490 3775 573">
    <p class='ocr_par' dir='ltr' id='par_1_18' title="bbox 2144 490 3775 573">
     <span class='ocr_line' id='line_1_18' title="bbox 2144 490 3775 573; baseline 0.01 -29"><span class='ocrx_word' id='word_1_121' title='bbox 2144 505 2236 544; x_wconf 89' lang='lat' dir='ltr'>rex</span> <span class='ocrx_word' id='word_1_122' title='bbox 2260 490 2627 563; x_wconf 83' lang='lat' dir='ltr'>Berengarius</span> <span class='ocrx_word' id='word_1_123' title='bbox 2681 491 2748 545; x_wconf 92' lang='lat' dir='ltr'>de</span> <span class='ocrx_word' id='word_1_124' title='bbox 2807 491 3190 565; x_wconf 81' lang='lat' dir='ltr'>Longobardia</span> <span class='ocrx_word' id='word_1_125' title='bbox 3245 496 3357 566; x_wconf 88' lang='lat'>(17)</span> <span class='ocrx_word' id='word_1_126' title='bbox 3388 504 3442 551; x_wconf 89' lang='lat' dir='ltr'>et</span> <span class='ocrx_word' id='word_1_127' title='bbox 3474 498 3622 556; x_wconf 85' lang='lat' dir='ltr'>filius</span> <span class='ocrx_word' id='word_1_128' title='bbox 3652 505 3775 573; x_wconf 86' lang='lat' dir='ltr'>ejus</span> 
     </span>
    </p>
   </div>
   <div class='ocr_carea' id='block_1_19' title="bbox 2146 578 3766 658">
    <p class='ocr_par' dir='ltr' id='par_1_19' title="bbox 2146 578 3766 658">
     <span class='ocr_line' id='line_1_19' title="bbox 2146 578 3766 658; baseline 0.009 -26"><span class='ocrx_word' id='word_1_129' title='bbox 2146 578 2469 633; x_wconf 83' lang='lat' dir='ltr'>Adalbertus</span> <span class='ocrx_word' id='word_1_130' title='bbox 2500 595 2621 632; x_wconf 91' lang='lat' dir='ltr'>cum</span> <span class='ocrx_word' id='word_1_131' title='bbox 2651 579 2838 634; x_wconf 92' lang='lat' dir='ltr'>multis</span> <span class='ocrx_word' id='word_1_132' title='bbox 2866 581 3143 651; x_wconf 84' lang='lat' dir='ltr'>episcopis</span> <span class='ocrx_word' id='word_1_133' title='bbox 3178 598 3239 636; x_wconf 90' lang='lat' dir='ltr'>se</span> <span class='ocrx_word' id='word_1_134' title='bbox 3266 595 3766 658; x_wconf 63' lang='lat' dir='ltr'>praesentaverunt,</span> 
     </span>
    </p>
   </div>
   <div class='ocr_carea' id='block_1_20' title="bbox 2147 670 3774 749">
    <p class='ocr_par' dir='ltr' id='par_1_20' title="bbox 2147 670 3774 749">
     <span class='ocr_line' id='line_1_20' title="bbox 2147 670 3774 749; baseline 0.007 -23"><span class='ocrx_word' id='word_1_135' title='bbox 2147 678 2200 726; x_wconf 90' lang='lat' dir='ltr'>et</span> <span class='ocrx_word' id='word_1_136' title='bbox 2240 671 2487 725; x_wconf 89' lang='lat' dir='ltr'>dominio</span> <span class='ocrx_word' id='word_1_137' title='bbox 2530 670 2643 737; x_wconf 82' lang='lat'>(18)</span> <span class='ocrx_word' id='word_1_138' title='bbox 2696 671 3085 726; x_wconf 88' lang='lat' dir='ltr'>subdiderunt.</span> <span class='ocrx_word' id='word_1_139' title='bbox 3139 674 3516 749; x_wconf 89' lang='lat' dir='ltr'>lndicavitque</span> <span class='ocrx_word' id='word_1_140' title='bbox 3544 681 3594 734; x_wconf 88' lang='lat' dir='ltr'>ei</span> <span class='ocrx_word' id='word_1_141' title='bbox 3629 699 3774 737; x_wconf 87' lang='lat' dir='ltr'>ven-</span> 
     </span>
    </p>
   </div>
   <div class='ocr_carea' id='block_1_21' title="bbox 2150 763 3775 841">
    <p class='ocr_par' dir='ltr' id='par_1_21' title="bbox 2150 763 3775 841">
     <span class='ocr_line' id='line_1_21' title="bbox 2150 763 3775 841; baseline 0.007 -23"><span class='ocrx_word' id='word_1_142' title='bbox 2150 770 2322 818; x_wconf 85' lang='lat' dir='ltr'>turam</span> <span class='ocrx_word' id='word_1_143' title='bbox 2370 763 2879 836; x_wconf 88' lang='lat' dir='ltr'>supergressionem</span> <span class='ocrx_word' id='word_1_144' title='bbox 2946 764 3312 837; x_wconf 85' lang='lat' dir='ltr'>Ungarorum,</span> <span class='ocrx_word' id='word_1_145' title='bbox 3363 775 3418 823; x_wconf 89' lang='lat' dir='ltr'>et</span> <span class='ocrx_word' id='word_1_146' title='bbox 3447 770 3567 827; x_wconf 90' lang='lat' dir='ltr'>loca</span> <span class='ocrx_word' id='word_1_147' title='bbox 3614 773 3775 841; x_wconf 89' lang='lat' dir='ltr'>belli,</span> 
     </span>
    </p>
   </div>
   <div class='ocr_carea' id='block_1_22' title="bbox 2149 851 3777 923">
    <p class='ocr_par' dir='ltr' id='par_1_22' title="bbox 2149 851 3777 923">
     <span class='ocr_line' id='line_1_22' title="bbox 2149 851 3777 923; baseline 0.007 -18"><span class='ocrx_word' id='word_1_148' title='bbox 2149 859 2202 906; x_wconf 86' lang='lat' dir='ltr'>et</span> <span class='ocrx_word' id='word_1_149' title='bbox 2227 852 2475 923; x_wconf 83' lang='lat' dir='ltr'>quamvis</span> <span class='ocrx_word' id='word_1_150' title='bbox 2516 851 2811 917; x_wconf 87' lang='lat' dir='ltr'>laboriose,</span> <span class='ocrx_word' id='word_1_151' title='bbox 2871 861 3055 907; x_wconf 90' lang='lat' dir='ltr'>tamen</span> <span class='ocrx_word' id='word_1_152' title='bbox 3124 854 3409 912; x_wconf 79' lang='lat' dir='ltr'>victoriam</span> <span class='ocrx_word' id='word_1_153' title='bbox 3441 858 3777 918; x_wconf 82' lang='lat' dir='ltr'>Christianis</span> 
     </span>
    </p>
   </div>
   <div class='ocr_carea' id='block_1_23' title="bbox 2148 946 3775 1022">
    <p class='ocr_par' dir='ltr' id='par_1_23' title="bbox 2148 946 3775 1022">
     <span class='ocr_line' id='line_1_23' title="bbox 2148 946 3775 1022; baseline 0.007 -22"><span class='ocrx_word' id='word_1_154' title='bbox 2148 962 2468 1001; x_wconf 89' lang='lat' dir='ltr'>concessam</span> <span class='ocrx_word' id='word_1_155' title='bbox 2502 961 2623 999; x_wconf 89' lang='lat' dir='ltr'>esse</span> <span class='ocrx_word' id='word_1_156' title='bbox 2666 946 2958 1001; x_wconf 86' lang='lat' dir='ltr'>nuntiavit.</span> <span class='ocrx_word' id='word_1_157' title='bbox 3018 947 3124 1003; x_wconf 85' lang='lat' dir='ltr'>Hac</span> <span class='ocrx_word' id='word_1_158' title='bbox 3168 950 3384 1005; x_wconf 85' lang='lat' dir='ltr'>visione</span> <span class='ocrx_word' id='word_1_159' title='bbox 3408 962 3652 1022; x_wconf 89' lang='lat' dir='ltr'>peracta,</span> <span class='ocrx_word' id='word_1_160' title='bbox 3680 973 3775 1012; x_wconf 88' lang='lat' dir='ltr'>re-</span> 
     </span>
    </p>
   </div>
   <div class='ocr_carea' id='block_1_24' title="bbox 2150 1040 3768 1121">
    <p class='ocr_par' dir='ltr' id='par_1_24' title="bbox 2150 1040 3768 1121">
     <span class='ocr_line' id='line_1_24' title="bbox 2150 1040 3768 1121; baseline 0.007 -26"><span class='ocrx_word' id='word_1_161' title='bbox 2150 1041 2369 1095; x_wconf 88' lang='lat' dir='ltr'>ductum</span> <span class='ocrx_word' id='word_1_162' title='bbox 2424 1057 2549 1095; x_wconf 91' lang='lat' dir='ltr'>eum</span> <span class='ocrx_word' id='word_1_163' title='bbox 2596 1040 2650 1094; x_wconf 91' lang='lat' dir='ltr'>in</span> <span class='ocrx_word' id='word_1_164' title='bbox 2706 1040 2907 1095; x_wconf 91' lang='lat' dir='ltr'>lectulo</span> <span class='ocrx_word' id='word_1_165' title='bbox 2967 1042 3294 1098; x_wconf 89' lang='lat' dir='ltr'>collocatum</span> <span class='ocrx_word' id='word_1_166' title='bbox 3353 1045 3581 1103; x_wconf 89' lang='lat' dir='ltr'>dimisit.</span> <span class='ocrx_word' id='word_1_167' title='bbox 3646 1051 3768 1121; x_wconf 91' lang='lat' dir='ltr'>lpse</span> 
     </span>
    </p>
   </div>
   <div class='ocr_carea' id='block_1_25' title="bbox 2148 1130 3779 1203">
    <p class='ocr_par' dir='ltr' id='par_1_25' title="bbox 2148 1130 3779 1203">
     <span class='ocr_line' id='line_1_25' title="bbox 2148 1130 3779 1203; baseline 0.007 -21"><span class='ocrx_word' id='word_1_168' title='bbox 2148 1146 2277 1184; x_wconf 90' lang='lat' dir='ltr'>vero</span> <span class='ocrx_word' id='word_1_169' title='bbox 2303 1130 2369 1183; x_wconf 90' lang='lat' dir='ltr'>ad</span> <span class='ocrx_word' id='word_1_170' title='bbox 2427 1146 2486 1183; x_wconf 89' lang='lat' dir='ltr'>se</span> <span class='ocrx_word' id='word_1_171' title='bbox 2547 1144 2801 1183; x_wconf 76' lang='lat' dir='ltr'>reversus</span> <span class='ocrx_word' id='word_1_172' title='bbox 2846 1130 3137 1203; x_wconf 77' lang='lat' dir='ltr'>cogitabat.</span> <span class='ocrx_word' id='word_1_173' title='bbox 3192 1142 3514 1190; x_wconf 87' lang='lat' dir='ltr'>reverenter</span> <span class='ocrx_word' id='word_1_174' title='bbox 3571 1138 3624 1192; x_wconf 91' lang='lat' dir='ltr'>in</span> <span class='ocrx_word' id='word_1_175' title='bbox 3681 1156 3779 1194; x_wconf 87' lang='lat' dir='ltr'>re-</span> 
     </span>
    </p>
   </div>
   <div class='ocr_carea' id='block_1_26' title="bbox 2149 1220 3779 1283">
    <p class='ocr_par' dir='ltr' id='par_1_26' title="bbox 2149 1220 3779 1283">
     <span class='ocr_line' id='line_1_26' title="bbox 2149 1220 3779 1283; baseline 0.006 -9"><span class='ocrx_word' id='word_1_176' title='bbox 2149 1220 2525 1275; x_wconf 91' lang='lat' dir='ltr'>cordationem</span> <span class='ocrx_word' id='word_1_177' title='bbox 2550 1234 2703 1273; x_wconf 86' lang='lat' dir='ltr'>suam</span> <span class='ocrx_word' id='word_1_178' title='bbox 2736 1220 2948 1273; x_wconf 91' lang='lat' dir='ltr'>ducens</span> <span class='ocrx_word' id='word_1_179' title='bbox 2982 1220 3114 1274; x_wconf 91' lang='lat' dir='ltr'>illud</span> <span class='ocrx_word' id='word_1_180' title='bbox 3144 1222 3375 1277; x_wconf 90' lang='lat' dir='ltr'>illustris</span> <span class='ocrx_word' id='word_1_181' title='bbox 3415 1225 3779 1283; x_wconf 88' lang='lat' dir='ltr'>verbisatoris</span> 
     </span>
    </p>
   </div>
   <div class='ocr_carea' id='block_1_27' title="bbox 2150 1314 3779 1384">
    <p class='ocr_par' dir='ltr' id='par_1_27' title="bbox 2150 1314 3779 1384">
     <span class='ocr_line' id='line_1_27' title="bbox 2150 1314 3779 1384; baseline 0.006 -15"><span class='ocrx_word' id='word_1_182' title='bbox 2150 1315 2288 1384; x_wconf 87' lang='lat' dir='ltr'>rapti</span> <span class='ocrx_word' id='word_1_183' title='bbox 2314 1316 2379 1369; x_wconf 91' lang='lat' dir='ltr'>ad</span> <span class='ocrx_word' id='word_1_184' title='bbox 2406 1321 2618 1369; x_wconf 88' lang='lat' dir='ltr'>secreta</span> <span class='ocrx_word' id='word_1_185' title='bbox 2663 1314 2803 1368; x_wconf 86' lang='lat' dir='ltr'>tertii</span> <span class='ocrx_word' id='word_1_186' title='bbox 2850 1314 2973 1369; x_wconf 70' lang='lat' dir='ltr'>etpli</span> <span class='ocrx_word' id='word_1_187' title='bbox 3027 1316 3264 1371; x_wconf 86' lang='lat' dir='ltr'>dicentis</span> <span class='ocrx_word' id='word_1_188' title='bbox 3320 1336 3334 1372; x_wconf 85' lang='lat'><strong>:</strong></span> <span class='ocrx_word' id='word_1_189' title='bbox 3396 1321 3520 1375; x_wconf 76' lang='lat' dir='ltr'>Sive</span> <span class='ocrx_word' id='word_1_190' title='bbox 3568 1324 3628 1376; x_wconf 82' lang='lat' dir='ltr'>in</span> <span class='ocrx_word' id='word_1_191' title='bbox 3657 1339 3779 1377; x_wconf 80' lang='lat' dir='ltr'>cor-</span> 
     </span>
    </p>
   </div>
   <div class='ocr_carea' id='block_1_28' title="bbox 2148 1405 3778 1473">
    <p class='ocr_par' dir='ltr' id='par_1_28' title="bbox 2148 1405 3778 1473">
     <span class='ocr_line' id='line_1_28' title="bbox 2148 1405 3778 1473; baseline 0.008 -20"><span class='ocrx_word' id='word_1_192' title='bbox 2148 1418 2293 1470; x_wconf 76' lang='lat' dir='ltr'>pore,</span> <span class='ocrx_word' id='word_1_193' title='bbox 2326 1405 2437 1456; x_wconf 67' lang='lat' dir='ltr'>sive</span> <span class='ocrx_word' id='word_1_194' title='bbox 2466 1408 2623 1456; x_wconf 69' lang='lat' dir='ltr'>emtra</span> <span class='ocrx_word' id='word_1_195' title='bbox 2654 1419 2845 1472; x_wconf 85' lang='lat' dir='ltr'>corpus</span> <span class='ocrx_word' id='word_1_196' title='bbox 2885 1406 2949 1463; x_wconf 68' lang='grc' dir='ltr'>(ΙΙ</span> <span class='ocrx_word' id='word_1_197' title='bbox 3007 1406 3125 1460; x_wconf 85' lang='lat' dir='ltr'>Cor.</span> <span class='ocrx_word' id='word_1_198' title='bbox 3188 1407 3309 1473; x_wconf 85' lang='lat' dir='ltr'>xu),</span> <span class='ocrx_word' id='word_1_199' title='bbox 3344 1416 3450 1463; x_wconf 87' lang='lat' dir='ltr'>etc.</span> <span class='ocrx_word' id='word_1_200' title='bbox 3490 1410 3611 1465; x_wconf 48' lang='lat' dir='ltr'>Haec</span> <span class='ocrx_word' id='word_1_201' title='bbox 3642 1428 3778 1466; x_wconf 88' lang='lat' dir='ltr'>vero</span> 
     </span>
    </p>
   </div>
   <div class='ocr_carea' id='block_1_29' title="bbox 2151 1492 3781 1563">
    <p class='ocr_par' dir='ltr' id='par_1_29' title="bbox 2151 1492 3781 1563">
     <span class='ocr_line' id='line_1_29' title="bbox 2151 1492 3781 1563; baseline 0.006 -16"><span class='ocrx_word' id='word_1_202' title='bbox 2151 1492 2287 1547; x_wconf 89' lang='lat' dir='ltr'>visio</span> <span class='ocrx_word' id='word_1_203' title='bbox 2320 1492 2388 1546; x_wconf 89' lang='lat' dir='ltr'>ab</span> <span class='ocrx_word' id='word_1_204' title='bbox 2408 1508 2473 1547; x_wconf 94' lang='lat' dir='ltr'>eo</span> <span class='ocrx_word' id='word_1_205' title='bbox 2497 1493 2687 1563; x_wconf 89' lang='lat' dir='ltr'>paucis</span> <span class='ocrx_word' id='word_1_206' title='bbox 2741 1494 3109 1562; x_wconf 81' lang='lat' dir='ltr'>prudentibus</span> <span class='ocrx_word' id='word_1_207' title='bbox 3144 1511 3206 1550; x_wconf 91' lang='lat' dir='ltr'>ac</span> <span class='ocrx_word' id='word_1_208' title='bbox 3256 1497 3365 1551; x_wconf 91' lang='lat' dir='ltr'>sibi</span> <span class='ocrx_word' id='word_1_209' title='bbox 3410 1498 3781 1557; x_wconf 78' lang='lat' dir='ltr'>familiaribus</span> 
     </span>
    </p>
   </div>
   <div class='ocr_carea' id='block_1_30' title="bbox 2150 1580 3777 1662">
    <p class='ocr_par' dir='ltr' id='par_1_30' title="bbox 2150 1580 3777 1662">
     <span class='ocr_line' id='line_1_30' title="bbox 2150 1580 3777 1662; baseline 0.008 -29"><span class='ocrx_word' id='word_1_210' title='bbox 2150 1580 2494 1634; x_wconf 86' lang='lat' dir='ltr'>manifestata</span> <span class='ocrx_word' id='word_1_211' title='bbox 2514 1589 2613 1635; x_wconf 88' lang='lat' dir='ltr'>est.</span> <span class='ocrx_word' id='word_1_212' title='bbox 2652 1581 2843 1635; x_wconf 89' lang='lat' dir='ltr'>Postea</span> <span class='ocrx_word' id='word_1_213' title='bbox 2901 1591 3081 1637; x_wconf 90' lang='lat' dir='ltr'>autem</span> <span class='ocrx_word' id='word_1_214' title='bbox 3131 1593 3338 1642; x_wconf 88' lang='lat' dir='ltr'>curtem</span> <span class='ocrx_word' id='word_1_215' title='bbox 3382 1590 3528 1662; x_wconf 90' lang='lat' dir='ltr'>regis</span> <span class='ocrx_word' id='word_1_216' title='bbox 3555 1591 3777 1659; x_wconf 89' lang='lat' dir='ltr'>adiens,</span> 
     </span>
    </p>
   </div>
   <div class='ocr_carea' id='block_1_31' title="bbox 444 1672 3781 1775">
    <p class='ocr_par' dir='ltr' id='par_1_31' title="bbox 444 1672 3781 1775">
     <span class='ocr_line' id='line_1_31' title="bbox 444 1672 3781 1775; baseline -0.001 -33"><span class='ocrx_word' id='word_1_217' title='bbox 444 1685 768 1742; x_wconf 62' lang='lat' dir='ltr'>Adalberoni</span> <span class='ocrx_word' id='word_1_218' title='bbox 793 1701 852 1738; x_wconf 93' lang='lat' dir='ltr'>es</span> <span class='ocrx_word' id='word_1_219' title='bbox 906 1683 1348 1745; x_wconf 90' lang='lat' dir='ltr'>commendatus,</span> <span class='ocrx_word' id='word_1_220' title='bbox 1405 1689 1462 1734; x_wconf 90' lang='lat' dir='ltr'>ut</span> <span class='ocrx_word' id='word_1_221' title='bbox 1502 1680 1600 1735; x_wconf 87' lang='lat' dir='ltr'>tibi</span> <span class='ocrx_word' id='word_1_222' title='bbox 1645 1678 1809 1733; x_wconf 90' lang='lat' dir='ltr'>hodie</span> <span class='ocrx_word' id='word_1_223' title='bbox 1842 1688 1894 1734; x_wconf 90' lang='lat' dir='ltr'>et</span> <span class='ocrx_word' id='word_1_224' title='bbox 1929 1687 2050 1750; x_wconf 87' lang='lat' dir='ltr'>post</span> <span class='ocrx_word' id='word_1_225' title='bbox 2078 1710 2127 1775; x_wconf 72' lang='grc' dir='ltr'>Β</span> <span class='ocrx_word' id='word_1_226' title='bbox 2151 1672 2313 1727; x_wconf 89' lang='lat' dir='ltr'>solito</span> <span class='ocrx_word' id='word_1_227' title='bbox 2339 1688 2489 1726; x_wconf 91' lang='lat' dir='ltr'>more</span> <span class='ocrx_word' id='word_1_228' title='bbox 2522 1673 2747 1727; x_wconf 90' lang='lat' dir='ltr'>servitio</span> <span class='ocrx_word' id='word_1_229' title='bbox 2773 1675 2896 1742; x_wconf 88' lang='lat' dir='ltr'>ejus</span> <span class='ocrx_word' id='word_1_230' title='bbox 2922 1675 3287 1744; x_wconf 88' lang='lat' dir='ltr'>subdebatur,</span> <span class='ocrx_word' id='word_1_231' title='bbox 3321 1695 3497 1751; x_wconf 90' lang='lat' dir='ltr'>usque</span> <span class='ocrx_word' id='word_1_232' title='bbox 3529 1682 3658 1736; x_wconf 86' lang='lat' dir='ltr'>dum</span> <span class='ocrx_word' id='word_1_233' title='bbox 3680 1700 3781 1738; x_wconf 85' lang='lat' dir='ltr'>rex</span> 
     </span>
    </p>
   </div>
   <div class='ocr_carea' id='block_1_32' title="bbox 439 1776 2051 1847">
    <p class='ocr_par' dir='ltr' id='par_1_32' title="bbox 439 1776 2051 1847">
     <span class='ocr_line' id='line_1_32' title="bbox 439 1776 2051 1847; baseline -0.005 -10"><span class='ocrx_word' id='word_1_234' title='bbox 439 1783 567 1837; x_wconf 90' lang='lat' dir='ltr'>hinc</span> <span class='ocrx_word' id='word_1_235' title='bbox 596 1782 648 1835; x_wconf 92' lang='lat' dir='ltr'>in</span> <span class='ocrx_word' id='word_1_236' title='bbox 705 1781 823 1834; x_wconf 87' lang='lat' dir='ltr'>istis</span> <span class='ocrx_word' id='word_1_237' title='bbox 882 1779 1049 1833; x_wconf 87' lang='lat' dir='ltr'>sacris</span> <span class='ocrx_word' id='word_1_238' title='bbox 1105 1776 1548 1832; x_wconf 89' lang='lat' dir='ltr'>solemnitatibus</span> <span class='ocrx_word' id='word_1_239' title='bbox 1593 1793 1744 1831; x_wconf 87' lang='lat' dir='ltr'>sacra</span> <span class='ocrx_word' id='word_1_240' title='bbox 1794 1776 2051 1847; x_wconf 81' lang='lat' dir='ltr'>mysteria</span> 
     </span>
    </p>
   </div>
   <div class='ocr_carea' id='block_1_33' title="bbox 439 1869 2057 1937">
    <p class='ocr_par' dir='ltr' id='par_1_33' title="bbox 439 1869 2057 1937">
     <span class='ocr_line' id='line_1_33' title="bbox 439 1869 2057 1937; baseline -0.005 -7"><span class='ocrx_word' id='word_1_241' title='bbox 439 1874 739 1931; x_wconf 87' lang='lat' dir='ltr'>celebranti</span> <span class='ocrx_word' id='word_1_242' title='bbox 773 1873 1054 1937; x_wconf 81' lang='lat' dir='ltr'>assistant,</span> <span class='ocrx_word' id='word_1_243' title='bbox 1087 1879 1139 1925; x_wconf 91' lang='lat' dir='ltr'>et</span> <span class='ocrx_word' id='word_1_244' title='bbox 1176 1887 1239 1924; x_wconf 90' lang='lat' dir='ltr'>ea</span> <span class='ocrx_word' id='word_1_245' title='bbox 1284 1879 1459 1925; x_wconf 83' lang='lat' dir='ltr'>tecum</span> <span class='ocrx_word' id='word_1_246' title='bbox 1480 1870 1831 1925; x_wconf 89' lang='lat' dir='ltr'>benedicant.</span> <span class='ocrx_word' id='word_1_247' title='bbox 1860 1891 1883 1919; x_wconf 74' lang='grc' dir='ltr'>ι)</span> <span class='ocrx_word' id='word_1_248' title='bbox 1904 1869 2057 1922; x_wconf 84' lang='lat' dir='ltr'>Mane</span> 
     </span>
    </p>
   </div>
   <div class='ocr_carea' id='block_1_34' title="bbox 440 1959 2055 2031">
    <p class='ocr_par' dir='ltr' id='par_1_34' title="bbox 440 1959 2055 2031">
     <span class='ocr_line' id='line_1_34' title="bbox 440 1959 2055 2031; baseline -0.005 -10"><span class='ocrx_word' id='word_1_249' title='bbox 440 1976 620 2021; x_wconf 91' lang='lat' dir='ltr'>autem</span> <span class='ocrx_word' id='word_1_250' title='bbox 653 1965 815 2031; x_wconf 86' lang='lat' dir='ltr'>facto,</span> <span class='ocrx_word' id='word_1_251' title='bbox 848 1964 991 2027; x_wconf 86' lang='lat' dir='ltr'>aliis,</span> <span class='ocrx_word' id='word_1_252' title='bbox 1021 1964 1160 2016; x_wconf 90' lang='lat' dir='ltr'>sicut</span> <span class='ocrx_word' id='word_1_253' title='bbox 1189 1978 1309 2016; x_wconf 91' lang='lat' dir='ltr'>mos</span> <span class='ocrx_word' id='word_1_254' title='bbox 1342 1969 1449 2025; x_wconf 92' lang='lat' dir='ltr'>est,</span> <span class='ocrx_word' id='word_1_255' title='bbox 1484 1961 1721 2031; x_wconf 86' lang='lat' dir='ltr'>peractis</span> <span class='ocrx_word' id='word_1_256' title='bbox 1753 1959 2055 2031; x_wconf 73' lang='lat' dir='ltr'>mysteriis,</span> 
     </span>
    </p>
   </div>
   <div class='ocr_carea' id='block_1_35' title="bbox 439 2051 2056 2117">
    <p class='ocr_par' dir='ltr' id='par_1_35' title="bbox 439 2051 2056 2117">
     <span class='ocr_line' id='line_1_35' title="bbox 439 2051 2056 2117; baseline -0.006 -4"><span class='ocrx_word' id='word_1_257' title='bbox 439 2054 923 2113; x_wconf 88' lang='lat' dir='ltr'>circumstantibus</span> <span class='ocrx_word' id='word_1_258' title='bbox 951 2054 1325 2107; x_wconf 90' lang='lat' dir='ltr'>ministrorum</span> <span class='ocrx_word' id='word_1_259' title='bbox 1360 2051 1673 2117; x_wconf 88' lang='lat' dir='ltr'>ordinibus,</span> <span class='ocrx_word' id='word_1_260' title='bbox 1716 2068 1835 2106; x_wconf 86' lang='lat' dir='ltr'>cum</span> <span class='ocrx_word' id='word_1_261' title='bbox 1868 2067 2056 2105; x_wconf 89' lang='lat' dir='ltr'>sacra-</span> 
     </span>
    </p>
   </div>
   <div class='ocr_carea' id='block_1_36' title="bbox 440 2142 2057 2214">
    <p class='ocr_par' dir='ltr' id='par_1_36' title="bbox 440 2142 2057 2214">
     <span class='ocr_line' id='line_1_36' title="bbox 440 2142 2057 2214; baseline -0.005 -12"><span class='ocrx_word' id='word_1_262' title='bbox 440 2158 625 2202; x_wconf 90' lang='lat' dir='ltr'>menta</span> <span class='ocrx_word' id='word_1_263' title='bbox 648 2151 1022 2205; x_wconf 85' lang='lat' dir='ltr'>consecraret,</span> <span class='ocrx_word' id='word_1_264' title='bbox 1065 2144 1183 2214; x_wconf 91' lang='lat' dir='ltr'>ipse</span> <span class='ocrx_word' id='word_1_265' title='bbox 1209 2150 1261 2196; x_wconf 93' lang='lat' dir='ltr'>et</span> <span class='ocrx_word' id='word_1_266' title='bbox 1304 2142 1525 2213; x_wconf 89' lang='lat' dir='ltr'>quidam</span> <span class='ocrx_word' id='word_1_267' title='bbox 1575 2143 1643 2196; x_wconf 89' lang='lat' dir='ltr'>de</span> <span class='ocrx_word' id='word_1_268' title='bbox 1692 2143 2057 2197; x_wconf 88' lang='lat' dir='ltr'>circumstan-</span> 
     </span>
    </p>
   </div>
   <div class='ocr_carea' id='block_1_37' title="bbox 439 2231 2060 2291">
    <p class='ocr_par' dir='ltr' id='par_1_37' title="bbox 439 2231 2060 2291">
     <span class='ocr_line' id='line_1_37' title="bbox 439 2231 2060 2291; baseline -0.004 -1"><span class='ocrx_word' id='word_1_269' title='bbox 439 2237 583 2291; x_wconf 89' lang='lat' dir='ltr'>tibus</span> <span class='ocrx_word' id='word_1_270' title='bbox 614 2234 929 2289; x_wconf 89' lang='lat' dir='ltr'>devotiores</span> <span class='ocrx_word' id='word_1_271' title='bbox 979 2233 1235 2285; x_wconf 90' lang='lat' dir='ltr'>viderunt</span> <span class='ocrx_word' id='word_1_272' title='bbox 1268 2232 1547 2286; x_wconf 87' lang='lat' dir='ltr'>dexteram</span> <span class='ocrx_word' id='word_1_273' title='bbox 1601 2231 1814 2285; x_wconf 89' lang='lat' dir='ltr'>Domini</span> <span class='ocrx_word' id='word_1_274' title='bbox 1843 2247 1964 2285; x_wconf 89' lang='lat' dir='ltr'>cum</span> <span class='ocrx_word' id='word_1_275' title='bbox 1994 2246 2060 2284; x_wconf 88' lang='lat' dir='ltr'>eo</span> 
     </span>
    </p>
   </div>
   <div class='ocr_carea' id='block_1_38' title="bbox 439 2319 2059 2390">
    <p class='ocr_par' dir='ltr' id='par_1_38' title="bbox 439 2319 2059 2390">
     <span class='ocr_line' id='line_1_38' title="bbox 439 2319 2059 2390; baseline -0.002 -15"><span class='ocrx_word' id='word_1_276' title='bbox 439 2330 781 2375; x_wconf 80' lang='lat' dir='ltr'>sacramenta</span> <span class='ocrx_word' id='word_1_277' title='bbox 816 2336 1163 2383; x_wconf 84' lang='lat' dir='ltr'>consecrare,</span> <span class='ocrx_word' id='word_1_278' title='bbox 1200 2324 1253 2372; x_wconf 86' lang='lat' dir='ltr'>et</span> <span class='ocrx_word' id='word_1_279' title='bbox 1282 2320 1496 2390; x_wconf 82' lang='lat' dir='ltr'>signum</span> <span class='ocrx_word' id='word_1_280' title='bbox 1531 2319 1710 2373; x_wconf 85' lang='lat' dir='ltr'>crucis</span> <span class='ocrx_word' id='word_1_281' title='bbox 1739 2320 2019 2388; x_wconf 84' lang='lat' dir='ltr'>imponere</span> <span class='ocrx_word' id='word_1_282' title='bbox 2046 2335 2059 2381; x_wconf 88' lang='lat'><strong>;</strong></span> 
     </span>
    </p>
   </div>
   <div class='ocr_carea' id='block_1_39' title="bbox 440 2409 2052 2481">
    <p class='ocr_par' dir='ltr' id='par_1_39' title="bbox 440 2409 2052 2481">
     <span class='ocr_line' id='line_1_39' title="bbox 440 2409 2052 2481; baseline 0 -20"><span class='ocrx_word' id='word_1_283' title='bbox 440 2411 662 2481; x_wconf 82' lang='lat' dir='ltr'>quibus,</span> <span class='ocrx_word' id='word_1_284' title='bbox 706 2410 831 2481; x_wconf 89' lang='lat' dir='ltr'>quia</span> <span class='ocrx_word' id='word_1_285' title='bbox 881 2428 979 2480; x_wconf 91' lang='lat' dir='ltr'>per</span> <span class='ocrx_word' id='word_1_286' title='bbox 1015 2410 1265 2480; x_wconf 82' lang='lat' dir='ltr'>Spiritum</span> <span class='ocrx_word' id='word_1_287' title='bbox 1318 2426 1413 2464; x_wconf 86' lang='lat' dir='ltr'>eos</span> <span class='ocrx_word' id='word_1_288' title='bbox 1445 2411 1672 2470; x_wconf 89' lang='lat' dir='ltr'>sciebat,</span> <span class='ocrx_word' id='word_1_289' title='bbox 1724 2427 1847 2464; x_wconf 88' lang='lat' dir='ltr'>cum</span> <span class='ocrx_word' id='word_1_290' title='bbox 1888 2409 2052 2463; x_wconf 90' lang='lat' dir='ltr'>viati-</span> 
     </span>
    </p>
   </div>
   <div class='ocr_carea' id='block_1_40' title="bbox 438 2505 2054 2578">
    <p class='ocr_par' dir='ltr' id='par_1_40' title="bbox 438 2505 2054 2578">
     <span class='ocr_line' id='line_1_40' title="bbox 438 2505 2054 2578; baseline -0.002 -19"><span class='ocrx_word' id='word_1_291' title='bbox 438 2522 559 2559; x_wconf 88' lang='lat' dir='ltr'>cum</span> <span class='ocrx_word' id='word_1_292' title='bbox 593 2506 659 2559; x_wconf 89' lang='lat' dir='ltr'>ab</span> <span class='ocrx_word' id='word_1_293' title='bbox 693 2522 758 2559; x_wconf 89' lang='lat' dir='ltr'>eo</span> <span class='ocrx_word' id='word_1_294' title='bbox 789 2505 1069 2576; x_wconf 88' lang='lat' dir='ltr'>accepturi</span> <span class='ocrx_word' id='word_1_295' title='bbox 1110 2506 1458 2569; x_wconf 77' lang='lat' dir='ltr'>accederent,</span> <span class='ocrx_word' id='word_1_296' title='bbox 1485 2506 1716 2578; x_wconf 74' lang='lat' dir='ltr'>digitum</span> <span class='ocrx_word' id='word_1_297' title='bbox 1748 2506 1828 2559; x_wconf 91' lang='lat' dir='ltr'>ori</span> <span class='ocrx_word' id='word_1_298' title='bbox 1853 2521 2054 2573; x_wconf 88' lang='lat' dir='ltr'>super-</span> 
     </span>
    </p>
   </div>
   <div class='ocr_carea' id='block_1_41' title="bbox 441 2594 2054 2664">
    <p class='ocr_par' dir='ltr' id='par_1_41' title="bbox 441 2594 2054 2664">
     <span class='ocr_line' id='line_1_41' title="bbox 441 2594 2054 2664; baseline 0.001 -20"><span class='ocrx_word' id='word_1_299' title='bbox 441 2595 786 2663; x_wconf 85' lang='lat' dir='ltr'>posuitutde</span> <span class='ocrx_word' id='word_1_300' title='bbox 820 2594 1029 2647; x_wconf 85' lang='lat' dir='ltr'>visione</span> <span class='ocrx_word' id='word_1_301' title='bbox 1091 2600 1355 2652; x_wconf 86' lang='lat' dir='ltr'>tacerent.</span> <span class='ocrx_word' id='word_1_302' title='bbox 1391 2594 1591 2664; x_wconf 88' lang='lat' dir='ltr'>quibus</span> <span class='ocrx_word' id='word_1_303' title='bbox 1644 2594 1830 2657; x_wconf 89' lang='lat' dir='ltr'>etiam,</span> <span class='ocrx_word' id='word_1_304' title='bbox 1867 2599 2054 2660; x_wconf 86' lang='lat' dir='ltr'>postea</span> 
     </span>
    </p>
   </div>
   <div class='ocr_carea' id='block_1_42' title="bbox 437 2683 2053 2755">
    <p class='ocr_par' dir='ltr' id='par_1_42' title="bbox 437 2683 2053 2755">
     <span class='ocr_line' id='line_1_42' title="bbox 437 2683 2053 2755; baseline 0.001 -18"><span class='ocrx_word' id='word_1_305' title='bbox 437 2685 503 2737; x_wconf 90' lang='lat' dir='ltr'>ad</span> <span class='ocrx_word' id='word_1_306' title='bbox 533 2701 590 2737; x_wconf 85' lang='lat' dir='ltr'>se</span> <span class='ocrx_word' id='word_1_307' title='bbox 622 2684 848 2749; x_wconf 79' lang='lat' dir='ltr'>vocatis,</span> <span class='ocrx_word' id='word_1_308' title='bbox 882 2700 1003 2755; x_wconf 66' lang='lat' dir='ltr'>quae</span> <span class='ocrx_word' id='word_1_309' title='bbox 1035 2684 1083 2736; x_wconf 92' lang='lat' dir='ltr'>ei</span> <span class='ocrx_word' id='word_1_310' title='bbox 1145 2684 1199 2737; x_wconf 94' lang='lat' dir='ltr'>in</span> <span class='ocrx_word' id='word_1_311' title='bbox 1232 2691 1390 2737; x_wconf 89' lang='lat' dir='ltr'>nocte</span> <span class='ocrx_word' id='word_1_312' title='bbox 1445 2683 1588 2737; x_wconf 89' lang='lat' dir='ltr'>dicta</span> <span class='ocrx_word' id='word_1_313' title='bbox 1640 2693 1789 2747; x_wconf 80' lang='lat' dir='ltr'>sunt,</span> <span class='ocrx_word' id='word_1_314' title='bbox 1841 2690 2053 2738; x_wconf 86' lang='lat' dir='ltr'>secreto</span> 
     </span>
    </p>
   </div>
   <div class='ocr_carea' id='block_1_43' title="bbox 441 2774 2051 2844">
    <p class='ocr_par' dir='ltr' id='par_1_43' title="bbox 441 2774 2051 2844">
     <span class='ocr_line' id='line_1_43' title="bbox 441 2774 2051 2844; baseline -0.001 -15"><span class='ocrx_word' id='word_1_315' title='bbox 441 2776 732 2838; x_wconf 88' lang='lat' dir='ltr'>nuntiavit,</span> <span class='ocrx_word' id='word_1_316' title='bbox 765 2783 817 2827; x_wconf 92' lang='lat' dir='ltr'>et</span> <span class='ocrx_word' id='word_1_317' title='bbox 846 2775 1104 2844; x_wconf 65' lang='lat' dir='ltr'>praecepit</span> <span class='ocrx_word' id='word_1_318' title='bbox 1154 2783 1232 2838; x_wconf 93' lang='lat' dir='ltr'>ut,</span> <span class='ocrx_word' id='word_1_319' title='bbox 1275 2790 1341 2829; x_wconf 93' lang='lat' dir='ltr'>eo</span> <span class='ocrx_word' id='word_1_320' title='bbox 1402 2774 1641 2837; x_wconf 90' lang='lat' dir='ltr'>vivente,</span> <span class='ocrx_word' id='word_1_321' title='bbox 1696 2791 1875 2844; x_wconf 87' lang='lat' dir='ltr'>neque</span> <span class='ocrx_word' id='word_1_322' title='bbox 1918 2775 2051 2839; x_wconf 87' lang='lat' dir='ltr'>visa,</span> 
     </span>
    </p>
   </div>
   <div class='ocr_carea' id='block_1_44' title="bbox 442 2865 2052 2938">
    <p class='ocr_par' dir='ltr' id='par_1_44' title="bbox 442 2865 2052 2938">
     <span class='ocr_line' id='line_1_44' title="bbox 442 2865 2052 2938; baseline -0.001 -17"><span class='ocrx_word' id='word_1_323' title='bbox 442 2885 619 2938; x_wconf 89' lang='lat' dir='ltr'>neque</span> <span class='ocrx_word' id='word_1_324' title='bbox 650 2868 814 2920; x_wconf 89' lang='lat' dir='ltr'>abeo</span> <span class='ocrx_word' id='word_1_325' title='bbox 864 2874 1073 2919; x_wconf 82' lang='lat' dir='ltr'>secrete</span> <span class='ocrx_word' id='word_1_326' title='bbox 1122 2866 1306 2918; x_wconf 88' lang='lat' dir='ltr'>audita</span> <span class='ocrx_word' id='word_1_327' title='bbox 1353 2865 1515 2919; x_wconf 90' lang='lat' dir='ltr'>alicui</span> <span class='ocrx_word' id='word_1_328' title='bbox 1558 2865 2052 2931; x_wconf 86' lang='lat' dir='ltr'>manifestarcnt,si</span> 
     </span>
    </p>
   </div>
   <div class='ocr_carea' id='block_1_45' title="bbox 442 2955 1764 3026">
    <p class='ocr_par' dir='ltr' id='par_1_45' title="bbox 442 2955 1764 3026">
     <span class='ocr_line' id='line_1_45' title="bbox 442 2955 1764 3026; baseline 0.002 -19"><span class='ocrx_word' id='word_1_329' title='bbox 442 2963 766 3026; x_wconf 70' lang='lat' dir='ltr'>pra-sentem</span> <span class='ocrx_word' id='word_1_330' title='bbox 798 2956 977 3008; x_wconf 88' lang='lat' dir='ltr'>adhuc</span> <span class='ocrx_word' id='word_1_331' title='bbox 1007 2955 1172 3008; x_wconf 88' lang='lat' dir='ltr'>vitam</span> <span class='ocrx_word' id='word_1_332' title='bbox 1208 2955 1410 3009; x_wconf 90' lang='lat' dir='ltr'>habere</span> <span class='ocrx_word' id='word_1_333' title='bbox 1444 2955 1764 3010; x_wconf 89' lang='lat' dir='ltr'>voluissent.</span> 
     </span>
    </p>
   </div>
   <div class='ocr_carea' id='block_1_46' title="bbox 513 3044 2125 3128">
    <p class='ocr_par' dir='ltr' id='par_1_46' title="bbox 513 3044 2125 3128">
     <span class='ocr_line' id='line_1_46' title="bbox 513 3044 2125 3128; baseline 0.001 -31"><span class='ocrx_word' id='word_1_334' title='bbox 513 3045 729 3111; x_wconf 79' lang='lat' dir='ltr'>Majoris</span> <span class='ocrx_word' id='word_1_335' title='bbox 762 3045 923 3098; x_wconf 82' lang='lat' dir='ltr'>etiam</span> <span class='ocrx_word' id='word_1_336' title='bbox 953 3044 1181 3097; x_wconf 86' lang='lat' dir='ltr'>visionis</span> <span class='ocrx_word' id='word_1_337' title='bbox 1214 3044 1545 3115; x_wconf 89' lang='lat' dir='ltr'>sibimetipsi</span> <span class='ocrx_word' id='word_1_338' title='bbox 1580 3044 1927 3099; x_wconf 87' lang='lat' dir='ltr'>manifestata</span> <span class='ocrx_word' id='word_1_339' title='bbox 1955 3046 2051 3098; x_wconf 87' lang='lat' dir='ltr'>mi-</span> <span class='ocrx_word' id='word_1_340' title='bbox 2079 3067 2125 3128; x_wconf 51' lang='grc' dir='ltr'>(ς</span> 
     </span>
    </p>
   </div>
   <div class='ocr_carea' id='block_1_47' title="bbox 444 3135 2049 3190">
    <p class='ocr_par' dir='ltr' id='par_1_47' title="bbox 444 3135 2049 3190">
     <span class='ocr_line' id='line_1_47' title="bbox 444 3135 2049 3190; baseline 0 0"><span class='ocrx_word' id='word_1_341' title='bbox 444 3138 624 3190; x_wconf 82' lang='lat' dir='ltr'>racula</span> <span class='ocrx_word' id='word_1_342' title='bbox 658 3138 758 3189; x_wconf 87' lang='lat' dir='ltr'>sub</span> <span class='ocrx_word' id='word_1_343' title='bbox 789 3135 1009 3190; x_wconf 89' lang='lat' dir='ltr'>silentio</span> <span class='ocrx_word' id='word_1_344' title='bbox 1057 3136 1467 3190; x_wconf 88' lang='lat' dir='ltr'>recondendum</span> <span class='ocrx_word' id='word_1_345' title='bbox 1521 3137 1727 3190; x_wconf 79' lang='lat' dir='ltr'>bonum</span> <span class='ocrx_word' id='word_1_346' title='bbox 1779 3154 1901 3190; x_wconf 87' lang='lat' dir='ltr'>esse</span> <span class='ocrx_word' id='word_1_347' title='bbox 1941 3154 2049 3190; x_wconf 91' lang='lat' dir='ltr'>non</span> 
     </span>
    </p>
   </div>
   <div class='ocr_carea' id='block_1_48' title="bbox 440 3229 2049 3301">
    <p class='ocr_par' dir='ltr' id='par_1_48' title="bbox 440 3229 2049 3301">
     <span class='ocr_line' id='line_1_48' title="bbox 440 3229 2049 3301; baseline -0.001 -17"><span class='ocrx_word' id='word_1_348' title='bbox 440 3231 667 3284; x_wconf 62' lang='lat' dir='ltr'>testium.</span> <span class='ocrx_word' id='word_1_349' title='bbox 705 3230 836 3293; x_wconf 81' lang='lat' dir='ltr'>Quia</span> <span class='ocrx_word' id='word_1_350' title='bbox 855 3229 1089 3301; x_wconf 86' lang='lat' dir='ltr'>quadam</span> <span class='ocrx_word' id='word_1_351' title='bbox 1140 3238 1319 3294; x_wconf 90' lang='lat' dir='ltr'>nocte,</span> <span class='ocrx_word' id='word_1_352' title='bbox 1358 3246 1480 3282; x_wconf 90' lang='lat' dir='ltr'>cum</span> <span class='ocrx_word' id='word_1_353' title='bbox 1517 3246 1717 3299; x_wconf 91' lang='lat' dir='ltr'>corpus</span> <span class='ocrx_word' id='word_1_354' title='bbox 1750 3229 1949 3283; x_wconf 80' lang='lat' dir='ltr'>lectulo</span> <span class='ocrx_word' id='word_1_355' title='bbox 1984 3230 2049 3282; x_wconf 91' lang='lat' dir='ltr'>ad</span> 
     </span>
    </p>
   </div>
   <div class='ocr_carea' id='block_1_49' title="bbox 440 3317 2048 3383">
    <p class='ocr_par' dir='ltr' id='par_1_49' title="bbox 440 3317 2048 3383">
     <span class='ocr_line' id='line_1_49' title="bbox 440 3317 2048 3383; baseline 0 -12"><span class='ocrx_word' id='word_1_356' title='bbox 440 3319 825 3373; x_wconf 88' lang='lat' dir='ltr'>dormiendum</span> <span class='ocrx_word' id='word_1_357' title='bbox 891 3319 1233 3383; x_wconf 89' lang='lat' dir='ltr'>collocasset,</span> <span class='ocrx_word' id='word_1_358' title='bbox 1283 3319 1418 3372; x_wconf 83' lang='lat' dir='ltr'>vidit</span> <span class='ocrx_word' id='word_1_359' title='bbox 1472 3326 1715 3371; x_wconf 81' lang='lat' dir='ltr'>sanctam</span> <span class='ocrx_word' id='word_1_360' title='bbox 1764 3317 1940 3371; x_wconf 76' lang='lat' dir='ltr'>Afrani</span> <span class='ocrx_word' id='word_1_361' title='bbox 1996 3318 2048 3371; x_wconf 93' lang='lat' dir='ltr'>in</span> 
     </span>
    </p>
   </div>
   <div class='ocr_carea' id='block_1_50' title="bbox 441 3407 2051 3481">
    <p class='ocr_par' dir='ltr' id='par_1_50' title="bbox 441 3407 2051 3481">
     <span class='ocr_line' id='line_1_50' title="bbox 441 3407 2051 3481; baseline 0.002 -22"><span class='ocrx_word' id='word_1_362' title='bbox 441 3424 637 3481; x_wconf 86' lang='lat' dir='ltr'>magna</span> <span class='ocrx_word' id='word_1_363' title='bbox 670 3407 1030 3471; x_wconf 87' lang='lat' dir='ltr'>formositate,</span> <span class='ocrx_word' id='word_1_364' title='bbox 1066 3408 1291 3477; x_wconf 89' lang='lat' dir='ltr'>pulchra</span> <span class='ocrx_word' id='word_1_365' title='bbox 1349 3408 1530 3461; x_wconf 90' lang='lat' dir='ltr'>tunica</span> <span class='ocrx_word' id='word_1_366' title='bbox 1587 3407 1833 3462; x_wconf 91' lang='lat' dir='ltr'>indutam</span> <span class='ocrx_word' id='word_1_367' title='bbox 1889 3415 2051 3478; x_wconf 91' lang='lat' dir='ltr'>atque</span> 
     </span>
    </p>
   </div>
   <div class='ocr_carea' id='block_1_51' title="bbox 439 3499 2050 3571">
    <p class='ocr_par' dir='ltr' id='par_1_51' title="bbox 439 3499 2050 3571">
     <span class='ocr_line' id='line_1_51' title="bbox 439 3499 2050 3571; baseline 0.002 -21"><span class='ocrx_word' id='word_1_368' title='bbox 439 3499 798 3565; x_wconf 80' lang='lat' dir='ltr'>succinctam,</span> <span class='ocrx_word' id='word_1_369' title='bbox 833 3506 1070 3552; x_wconf 88' lang='lat' dir='ltr'>stantem</span> <span class='ocrx_word' id='word_1_370' title='bbox 1096 3508 1221 3552; x_wconf 88' lang='lat' dir='ltr'>ante</span> <span class='ocrx_word' id='word_1_371' title='bbox 1250 3499 1454 3568; x_wconf 86' lang='lat' dir='ltr'>ipsum,</span> <span class='ocrx_word' id='word_1_372' title='bbox 1488 3499 1878 3571; x_wconf 85' lang='lat' dir='ltr'>dicentemque</span> <span class='ocrx_word' id='word_1_373' title='bbox 1902 3500 2007 3553; x_wconf 89' lang='lat' dir='ltr'>sibi</span> <span class='ocrx_word' id='word_1_374' title='bbox 2039 3518 2050 3553; x_wconf 94' lang='lat'>:</span> 
     </span>
    </p>
   </div>
   <div class='ocr_carea' id='block_1_52' title="bbox 441 3590 2054 3664">
    <p class='ocr_par' dir='ltr' id='par_1_52' title="bbox 441 3590 2054 3664">
     <span class='ocr_line' id='line_1_52' title="bbox 441 3590 2054 3664; baseline 0.002 -21"><span class='ocrx_word' id='word_1_375' title='bbox 441 3591 671 3664; x_wconf 79' lang='lat' dir='ltr'>«Surge,</span> <span class='ocrx_word' id='word_1_376' title='bbox 696 3598 747 3644; x_wconf 93' lang='lat' dir='ltr'>et</span> <span class='ocrx_word' id='word_1_377' title='bbox 765 3607 999 3662; x_wconf 88' lang='lat' dir='ltr'>sequere</span> <span class='ocrx_word' id='word_1_378' title='bbox 1025 3607 1129 3645; x_wconf 89' lang='lat' dir='ltr'>me.</span> <span class='ocrx_word' id='word_1_379' title='bbox 1162 3612 1190 3640; x_wconf 84' lang='lat'>»</span> <span class='ocrx_word' id='word_1_380' title='bbox 1208 3590 1268 3645; x_wconf 88' lang='lat' dir='ltr'>Et</span> <span class='ocrx_word' id='word_1_381' title='bbox 1290 3591 1406 3644; x_wconf 61' lang='lat' dir='ltr'>haec</span> <span class='ocrx_word' id='word_1_382' title='bbox 1429 3591 1641 3656; x_wconf 85' lang='lat' dir='ltr'>dicens,</span> <span class='ocrx_word' id='word_1_383' title='bbox 1661 3593 1983 3647; x_wconf 88' lang='lat' dir='ltr'>eduxiteum</span> <span class='ocrx_word' id='word_1_384' title='bbox 2001 3594 2054 3647; x_wconf 92' lang='lat' dir='ltr'>in</span> 
     </span>
    </p>
   </div>
   <div class='ocr_carea' id='block_1_53' title="bbox 440 3685 2055 3759">
    <p class='ocr_par' dir='ltr' id='par_1_53' title="bbox 440 3685 2055 3759">
     <span class='ocr_line' id='line_1_53' title="bbox 440 3685 2055 3759; baseline 0.001 -21"><span class='ocrx_word' id='word_1_385' title='bbox 440 3701 690 3754; x_wconf 88' lang='lat' dir='ltr'>campum</span> <span class='ocrx_word' id='word_1_386' title='bbox 715 3685 808 3756; x_wconf 91' lang='lat' dir='ltr'>qui</span> <span class='ocrx_word' id='word_1_387' title='bbox 850 3685 1012 3759; x_wconf 90' lang='lat' dir='ltr'>vulgo</span> <span class='ocrx_word' id='word_1_388' title='bbox 1052 3685 1255 3739; x_wconf 88' lang='lat' dir='ltr'>dicitur</span> <span class='ocrx_word' id='word_1_389' title='bbox 1300 3685 1577 3740; x_wconf 82' lang='lat' dir='ltr'>Lechf&#39;eld.</span> <span class='ocrx_word' id='word_1_390' title='bbox 1640 3686 1719 3739; x_wconf 89' lang='lat' dir='ltr'>lbi</span> <span class='ocrx_word' id='word_1_391' title='bbox 1749 3686 1900 3740; x_wconf 92' lang='lat' dir='ltr'>enim</span> <span class='ocrx_word' id='word_1_392' title='bbox 1927 3703 2055 3740; x_wconf 89' lang='lat' dir='ltr'>san-</span> 
     </span>
    </p>
   </div>
   <div class='ocr_carea' id='block_1_54' title="bbox 439 3774 2054 3845">
    <p class='ocr_par' dir='ltr' id='par_1_54' title="bbox 439 3774 2054 3845">
     <span class='ocr_line' id='line_1_54' title="bbox 439 3774 2054 3845; baseline 0.001 -16"><span class='ocrx_word' id='word_1_393' title='bbox 439 3784 584 3829; x_wconf 86' lang='lat' dir='ltr'>ctum</span> <span class='ocrx_word' id='word_1_394' title='bbox 616 3774 852 3838; x_wconf 83' lang='lat' dir='ltr'>Petrum,</span> <span class='ocrx_word' id='word_1_395' title='bbox 903 3775 1208 3845; x_wconf 88' lang='lat' dir='ltr'>principem</span> <span class='ocrx_word' id='word_1_396' title='bbox 1259 3776 1659 3845; x_wconf 88' lang='lat' dir='ltr'>apostolorum,</span> <span class='ocrx_word' id='word_1_397' title='bbox 1694 3777 1905 3831; x_wconf 87' lang='lat' dir='ltr'>invenit</span> <span class='ocrx_word' id='word_1_398' title='bbox 1931 3794 2054 3832; x_wconf 90' lang='lat' dir='ltr'>cum</span> 
     </span>
    </p>
   </div>
   <div class='ocr_carea' id='block_1_55' title="bbox 440 3864 2057 3939">
    <p class='ocr_par' dir='ltr' id='par_1_55' title="bbox 440 3864 2057 3939">
     <span class='ocr_line' id='line_1_55' title="bbox 440 3864 2057 3939; baseline 0.004 -21"><span class='ocrx_word' id='word_1_399' title='bbox 440 3864 790 3919; x_wconf 88' lang='lat' dir='ltr'>multitudine</span> <span class='ocrx_word' id='word_1_400' title='bbox 823 3881 1020 3939; x_wconf 85' lang='lat' dir='ltr'>magna</span> <span class='ocrx_word' id='word_1_401' title='bbox 1050 3866 1433 3936; x_wconf 87' lang='lat' dir='ltr'>episcoporum</span> <span class='ocrx_word' id='word_1_402' title='bbox 1466 3875 1521 3921; x_wconf 91' lang='lat' dir='ltr'>et</span> <span class='ocrx_word' id='word_1_403' title='bbox 1572 3868 1804 3922; x_wconf 80' lang='lat' dir='ltr'>aliorum</span> <span class='ocrx_word' id='word_1_404' title='bbox 1837 3878 2057 3924; x_wconf 90' lang='lat' dir='ltr'>sancto-</span> 
     </span>
    </p>
   </div>
   <div class='ocr_carea' id='block_1_56' title="bbox 441 3957 2051 4028">
    <p class='ocr_par' dir='ltr' id='par_1_56' title="bbox 441 3957 2051 4028">
     <span class='ocr_line' id='line_1_56' title="bbox 441 3957 2051 4028; baseline 0.003 -17"><span class='ocrx_word' id='word_1_405' title='bbox 441 3974 582 4023; x_wconf 88' lang='lat' dir='ltr'>rum,</span> <span class='ocrx_word' id='word_1_406' title='bbox 613 3966 666 4010; x_wconf 92' lang='lat' dir='ltr'>et</span> <span class='ocrx_word' id='word_1_407' title='bbox 696 3974 885 4011; x_wconf 90' lang='lat' dir='ltr'>eorum</span> <span class='ocrx_word' id='word_1_408' title='bbox 920 3973 1058 4028; x_wconf 90' lang='lat' dir='ltr'>quos</span> <span class='ocrx_word' id='word_1_409' title='bbox 1117 3957 1209 4013; x_wconf 81' lang='lat' dir='ltr'>ille</span> <span class='ocrx_word' id='word_1_410' title='bbox 1257 3967 1383 4013; x_wconf 91' lang='lat' dir='ltr'>ante</span> <span class='ocrx_word' id='word_1_411' title='bbox 1436 3976 1545 4014; x_wconf 90' lang='lat' dir='ltr'>non</span> <span class='ocrx_word' id='word_1_412' title='bbox 1576 3960 1821 4027; x_wconf 86' lang='lat' dir='ltr'>videbat,</span> <span class='ocrx_word' id='word_1_413' title='bbox 1857 3971 1909 4015; x_wconf 93' lang='lat' dir='ltr'>et</span> <span class='ocrx_word' id='word_1_414' title='bbox 1940 3969 2051 4016; x_wconf 90' lang='lat' dir='ltr'>tum</span> 
     </span>
    </p>
   </div>
   <div class='ocr_carea' id='block_1_57' title="bbox 439 4045 2052 4120">
    <p class='ocr_par' dir='ltr' id='par_1_57' title="bbox 439 4045 2052 4120">
     <span class='ocr_line' id='line_1_57' title="bbox 439 4045 2052 4120; baseline 0.004 -22"><span class='ocrx_word' id='word_1_415' title='bbox 439 4053 574 4099; x_wconf 88' lang='lat' dir='ltr'>nutu</span> <span class='ocrx_word' id='word_1_416' title='bbox 604 4045 698 4098; x_wconf 90' lang='lat' dir='ltr'>Dei</span> <span class='ocrx_word' id='word_1_417' title='bbox 761 4046 1131 4120; x_wconf 77' lang='lat' dir='ltr'>cognoscebat</span> <span class='ocrx_word' id='word_1_418' title='bbox 1189 4046 1353 4111; x_wconf 88' lang='lat' dir='ltr'>bene,</span> <span class='ocrx_word' id='word_1_419' title='bbox 1413 4048 1680 4119; x_wconf 79' lang='lat' dir='ltr'>synodale</span> <span class='ocrx_word' id='word_1_420' title='bbox 1712 4050 2052 4120; x_wconf 91' lang='lat' dir='ltr'>colloquium</span> 
     </span>
    </p>
   </div>
   <div class='ocr_carea' id='block_1_58' title="bbox 440 4138 2055 4217">
    <p class='ocr_par' dir='ltr' id='par_1_58' title="bbox 440 4138 2055 4217">
     <span class='ocr_line' id='line_1_58' title="bbox 440 4138 2055 4217; baseline 0.004 -25"><span class='ocrx_word' id='word_1_421' title='bbox 440 4157 562 4193; x_wconf 88' lang='lat' dir='ltr'>cum</span> <span class='ocrx_word' id='word_1_422' title='bbox 589 4139 671 4193; x_wconf 88' lang='lat' dir='ltr'>eis</span> <span class='ocrx_word' id='word_1_423' title='bbox 704 4138 1017 4205; x_wconf 87' lang='lat' dir='ltr'>facientem,</span> <span class='ocrx_word' id='word_1_424' title='bbox 1046 4149 1099 4195; x_wconf 93' lang='lat' dir='ltr'>et</span> <span class='ocrx_word' id='word_1_425' title='bbox 1130 4158 1327 4217; x_wconf 88' lang='lat' dir='ltr'>magna</span> <span class='ocrx_word' id='word_1_426' title='bbox 1342 4151 1394 4196; x_wconf 87' lang='lat' dir='ltr'>et</span> <span class='ocrx_word' id='word_1_427' title='bbox 1415 4142 1842 4197; x_wconf 82' lang='lat' dir='ltr'>innumerabilia</span> <span class='ocrx_word' id='word_1_428' title='bbox 1865 4142 2055 4214; x_wconf 91' lang='lat' dir='ltr'>dispo-</span> 
     </span>
    </p>
   </div>
   <div class='ocr_carea' id='block_1_59' title="bbox 441 4232 2054 4305">
    <p class='ocr_par' dir='ltr' id='par_1_59' title="bbox 441 4232 2054 4305">
     <span class='ocr_line' id='line_1_59' title="bbox 441 4232 2054 4305; baseline 0.004 -20"><span class='ocrx_word' id='word_1_429' title='bbox 441 4240 685 4297; x_wconf 88' lang='lat' dir='ltr'>nentem,</span> <span class='ocrx_word' id='word_1_430' title='bbox 728 4232 1185 4305; x_wconf 76' lang='lat' dir='ltr'>Arnolphumque</span> <span class='ocrx_word' id='word_1_431' title='bbox 1235 4235 1432 4289; x_wconf 91' lang='lat' dir='ltr'>ducem</span> <span class='ocrx_word' id='word_1_432' title='bbox 1489 4236 1838 4290; x_wconf 88' lang='lat' dir='ltr'>Bavariorum</span> <span class='ocrx_word' id='word_1_433' title='bbox 1873 4236 2054 4291; x_wconf 90' lang='lat' dir='ltr'>adhuc</span> 
     </span>
    </p>
   </div>
   <div class='ocr_carea' id='block_1_60' title="bbox 442 4327 2055 4398">
    <p class='ocr_par' dir='ltr' id='par_1_60' title="bbox 442 4327 2055 4398">
     <span class='ocr_line' id='line_1_60' title="bbox 442 4327 2055 4398; baseline 0.004 -19"><span class='ocrx_word' id='word_1_434' title='bbox 442 4327 1204 4387; x_wconf 86' lang='lat' dir='ltr'>viventem,dedestructione</span> <span class='ocrx_word' id='word_1_435' title='bbox 1238 4331 1531 4385; x_wconf 91' lang='lat' dir='ltr'>multorum</span> <span class='ocrx_word' id='word_1_436' title='bbox 1571 4331 2055 4398; x_wconf 86' lang='lat' dir='ltr'>monasteriorum,</span> 
     </span>
    </p>
   </div>
   <div class='ocr_carea' id='block_1_61' title="bbox 441 4422 2059 4494">
    <p class='ocr_par' dir='ltr' id='par_1_61' title="bbox 441 4422 2059 4494">
     <span class='ocr_line' id='line_1_61' title="bbox 441 4422 2059 4494; baseline 0.002 -17"><span class='ocrx_word' id='word_1_437' title='bbox 441 4441 563 4494; x_wconf 66' lang='lat' dir='ltr'>qua:</span> <span class='ocrx_word' id='word_1_438' title='bbox 597 4423 649 4477; x_wconf 93' lang='lat' dir='ltr'>in</span> <span class='ocrx_word' id='word_1_439' title='bbox 682 4422 953 4477; x_wconf 84' lang='lat' dir='ltr'>beneficia</span> <span class='ocrx_word' id='word_1_440' title='bbox 981 4424 1244 4479; x_wconf 89' lang='lat' dir='ltr'>laicorum</span> <span class='ocrx_word' id='word_1_441' title='bbox 1278 4425 1487 4490; x_wconf 90' lang='lat' dir='ltr'>divisit,</span> <span class='ocrx_word' id='word_1_442' title='bbox 1523 4426 1590 4479; x_wconf 91' lang='lat' dir='ltr'>de</span> <span class='ocrx_word' id='word_1_443' title='bbox 1623 4426 1813 4480; x_wconf 90' lang='lat' dir='ltr'>multis</span> <span class='ocrx_word' id='word_1_444' title='bbox 1854 4428 2059 4482; x_wconf 89' lang='lat' dir='ltr'>sanctis</span> 
     </span>
    </p>
   </div>
   <div class='ocr_carea' id='block_1_62' title="bbox 439 4513 2058 4587">
    <p class='ocr_par' dir='ltr' id='par_1_62' title="bbox 439 4513 2058 4587">
     <span class='ocr_line' id='line_1_62' title="bbox 439 4513 2058 4587; baseline 0.003 -20"><span class='ocrx_word' id='word_1_445' title='bbox 439 4521 755 4569; x_wconf 88' lang='lat' dir='ltr'>accusatum</span> <span class='ocrx_word' id='word_1_446' title='bbox 788 4513 1417 4587; x_wconf 76' lang='lat' dir='ltr'>legaliterjudicantem,</span> <span class='ocrx_word' id='word_1_447' title='bbox 1460 4525 1513 4570; x_wconf 90' lang='lat' dir='ltr'>et</span> <span class='ocrx_word' id='word_1_448' title='bbox 1545 4533 1707 4572; x_wconf 82' lang='lat' dir='ltr'>enses</span> <span class='ocrx_word' id='word_1_449' title='bbox 1736 4517 1876 4571; x_wconf 89' lang='lat' dir='ltr'>duos</span> <span class='ocrx_word' id='word_1_450' title='bbox 1902 4518 2058 4572; x_wconf 85' lang='lat' dir='ltr'>valde</span> 
     </span>
    </p>
   </div>
   <div class='ocr_carea' id='block_1_63' title="bbox 442 4603 2057 4678">
    <p class='ocr_par' dir='ltr' id='par_1_63' title="bbox 442 4603 2057 4678">
     <span class='ocr_line' id='line_1_63' title="bbox 442 4603 2057 4678; baseline 0.004 -22"><span class='ocrx_word' id='word_1_451' title='bbox 442 4603 663 4667; x_wconf 90' lang='lat' dir='ltr'>heriles,</span> <span class='ocrx_word' id='word_1_452' title='bbox 698 4620 867 4657; x_wconf 93' lang='lat' dir='ltr'>unum</span> <span class='ocrx_word' id='word_1_453' title='bbox 912 4620 1033 4658; x_wconf 92' lang='lat' dir='ltr'>cum</span> <span class='ocrx_word' id='word_1_454' title='bbox 1090 4606 1308 4676; x_wconf 86' lang='lat' dir='ltr'>capulo.</span> <span class='ocrx_word' id='word_1_455' title='bbox 1351 4613 1404 4660; x_wconf 89' lang='lat' dir='ltr'>et</span> <span class='ocrx_word' id='word_1_456' title='bbox 1435 4606 1663 4659; x_wconf 88' lang='lat' dir='ltr'>alterum</span> <span class='ocrx_word' id='word_1_457' title='bbox 1693 4606 1813 4661; x_wconf 89' lang='lat' dir='ltr'>sine</span> <span class='ocrx_word' id='word_1_458' title='bbox 1862 4608 2057 4678; x_wconf 91' lang='lat' dir='ltr'>capulo</span> 
     </span>
    </p>
   </div>
   <div class='ocr_carea' id='block_1_64' title="bbox 441 4697 2055 4772">
    <p class='ocr_par' dir='ltr' id='par_1_64' title="bbox 441 4697 2055 4772">
     <span class='ocr_line' id='line_1_64' title="bbox 441 4697 2055 4772; baseline 0.004 -22"><span class='ocrx_word' id='word_1_459' title='bbox 441 4698 545 4752; x_wconf 91' lang='lat' dir='ltr'>sibi</span> <span class='ocrx_word' id='word_1_460' title='bbox 577 4697 985 4763; x_wconf 89' lang='lat' dir='ltr'>ostendentem,</span> <span class='ocrx_word' id='word_1_461' title='bbox 1018 4707 1072 4754; x_wconf 91' lang='lat' dir='ltr'>et</span> <span class='ocrx_word' id='word_1_462' title='bbox 1103 4701 1181 4755; x_wconf 90' lang='lat' dir='ltr'>sic</span> <span class='ocrx_word' id='word_1_463' title='bbox 1214 4700 1603 4772; x_wconf 68' lang='lat' dir='ltr'>loquentemzu</span> <span class='ocrx_word' id='word_1_464' title='bbox 1639 4702 1731 4755; x_wconf 91' lang='lat' dir='ltr'>Dic</span> <span class='ocrx_word' id='word_1_465' title='bbox 1765 4702 1877 4772; x_wconf 84' lang='lat' dir='ltr'>regi</span> <span class='ocrx_word' id='word_1_466' title='bbox 1912 4703 2055 4758; x_wconf 78' lang='lat' dir='ltr'>lien-</span> 
     </span>
    </p>
   </div>
   <div class='ocr_carea' id='block_1_65' title="bbox 444 4789 2053 4866">
    <p class='ocr_par' dir='ltr' id='par_1_65' title="bbox 444 4789 2053 4866">
     <span class='ocr_line' id='line_1_65' title="bbox 444 4789 2053 4866; baseline 0.005 -24"><span class='ocrx_word' id='word_1_467' title='bbox 444 4789 689 4850; x_wconf 84' lang='lat' dir='ltr'>rico,illo</span> <span class='ocrx_word' id='word_1_468' title='bbox 715 4790 862 4844; x_wconf 86' lang='lat' dir='ltr'>ensis</span> <span class='ocrx_word' id='word_1_469' title='bbox 888 4791 980 4863; x_wconf 92' lang='lat' dir='ltr'>qui</span> <span class='ocrx_word' id='word_1_470' title='bbox 1010 4798 1092 4845; x_wconf 93' lang='lat' dir='ltr'>est</span> <span class='ocrx_word' id='word_1_471' title='bbox 1142 4791 1262 4845; x_wconf 91' lang='lat' dir='ltr'>sine</span> <span class='ocrx_word' id='word_1_472' title='bbox 1306 4791 1519 4863; x_wconf 90' lang='lat' dir='ltr'>capulo,</span> <span class='ocrx_word' id='word_1_473' title='bbox 1564 4792 1835 4866; x_wconf 87' lang='lat' dir='ltr'>significat</span> <span class='ocrx_word' id='word_1_474' title='bbox 1870 4812 2053 4865; x_wconf 84' lang='lat' dir='ltr'>regem</span> 
     </span>
    </p>
   </div>
   <div class='ocr_carea' id='block_1_66' title="bbox 442 4882 2053 4960">
    <p class='ocr_par' dir='ltr' id='par_1_66' title="bbox 442 4882 2053 4960">
     <span class='ocr_line' id='line_1_66' title="bbox 442 4882 2053 4960; baseline 0.005 -24"><span class='ocrx_word' id='word_1_475' title='bbox 442 4883 535 4954; x_wconf 91' lang='lat' dir='ltr'>qui</span> <span class='ocrx_word' id='word_1_476' title='bbox 568 4882 689 4937; x_wconf 92' lang='lat' dir='ltr'>sine</span> <span class='ocrx_word' id='word_1_477' title='bbox 715 4883 1107 4939; x_wconf 87' lang='lat' dir='ltr'>benedictione</span> <span class='ocrx_word' id='word_1_478' title='bbox 1150 4884 1449 4955; x_wconf 84' lang='lat' dir='ltr'>pontificali</span> <span class='ocrx_word' id='word_1_479' title='bbox 1501 4903 1728 4960; x_wconf 85' lang='lat' dir='ltr'>regnum</span> <span class='ocrx_word' id='word_1_480' title='bbox 1792 4888 2005 4944; x_wconf 88' lang='lat' dir='ltr'>tenebit</span> <span class='ocrx_word' id='word_1_481' title='bbox 2039 4907 2053 4954; x_wconf 92' lang='lat'><strong>;</strong></span> 
     </span>
    </p>
   </div>
   <div class='ocr_carea' id='block_1_67' title="bbox 441 4976 2059 5052">
    <p class='ocr_par' dir='ltr' id='par_1_67' title="bbox 441 4976 2059 5052">
     <span class='ocr_line' id='line_1_67' title="bbox 441 4976 2059 5052; baseline 0.002 -22"><span class='ocrx_word' id='word_1_482' title='bbox 441 4976 726 5045; x_wconf 88' lang='lat' dir='ltr'>capulatus</span> <span class='ocrx_word' id='word_1_483' title='bbox 757 4985 965 5034; x_wconf 89' lang='lat' dir='ltr'>autem.</span> <span class='ocrx_word' id='word_1_484' title='bbox 996 4976 1088 5047; x_wconf 91' lang='lat' dir='ltr'>qui</span> <span class='ocrx_word' id='word_1_485' title='bbox 1144 4977 1537 5039; x_wconf 84' lang='lat' dir='ltr'>benedictione</span> <span class='ocrx_word' id='word_1_486' title='bbox 1590 4978 1774 5033; x_wconf 91' lang='lat' dir='ltr'>divina</span> <span class='ocrx_word' id='word_1_487' title='bbox 1805 4979 1958 5052; x_wconf 81' lang='lat' dir='ltr'>regni</span> <span class='ocrx_word' id='word_1_488' title='bbox 1986 4987 2059 5034; x_wconf 90' lang='lat' dir='ltr'>te-</span> 
     </span>
    </p>
   </div>
   <div class='ocr_carea' id='block_1_68' title="bbox 442 5067 2053 5143">
    <p class='ocr_par' dir='ltr' id='par_1_68' title="bbox 442 5067 2053 5143">
     <span class='ocr_line' id='line_1_68' title="bbox 442 5067 2053 5143; baseline 0.003 -23"><span class='ocrx_word' id='word_1_489' title='bbox 442 5067 1002 5143; x_wconf 88' lang='lat' dir='ltr'>nebitgubernacula.</span> <span class='ocrx_word' id='word_1_490' title='bbox 1039 5091 1062 5120; x_wconf 78' lang='grc' dir='ltr'>ι)</span> <span class='ocrx_word' id='word_1_491' title='bbox 1121 5069 1297 5125; x_wconf 81' lang='lat' dir='ltr'>Finita</span> <span class='ocrx_word' id='word_1_492' title='bbox 1329 5070 1515 5142; x_wconf 91' lang='lat' dir='ltr'>itaque</span> <span class='ocrx_word' id='word_1_493' title='bbox 1557 5071 1773 5141; x_wconf 82' lang='lat' dir='ltr'>synodo</span> <span class='ocrx_word' id='word_1_494' title='bbox 1807 5071 2053 5141; x_wconf 66' lang='lat' dir='ltr'>praefata,</span> 
     </span>
    </p>
   </div>
   <div class='ocr_carea' id='block_1_69' title="bbox 442 5156 2057 5231">
    <p class='ocr_par' dir='ltr' id='par_1_69' title="bbox 442 5156 2057 5231">
     <span class='ocr_line' id='line_1_69' title="bbox 442 5156 2057 5231; baseline 0.004 -22"><span class='ocrx_word' id='word_1_495' title='bbox 442 5156 533 5210; x_wconf 93' lang='lat' dir='ltr'>Dei</span> <span class='ocrx_word' id='word_1_496' title='bbox 567 5163 769 5227; x_wconf 86' lang='lat' dir='ltr'>martyr</span> <span class='ocrx_word' id='word_1_497' title='bbox 798 5160 1120 5213; x_wconf 89' lang='lat' dir='ltr'>monstravit</span> <span class='ocrx_word' id='word_1_498' title='bbox 1168 5159 1243 5213; x_wconf 88' lang='lat' dir='ltr'>illi</span> <span class='ocrx_word' id='word_1_499' title='bbox 1302 5160 1419 5214; x_wconf 90' lang='lat' dir='ltr'>loca</span> <span class='ocrx_word' id='word_1_500' title='bbox 1448 5167 1750 5214; x_wconf 89' lang='lat' dir='ltr'>castrorum</span> <span class='ocrx_word' id='word_1_501' title='bbox 1802 5158 1898 5214; x_wconf 92' lang='lat' dir='ltr'>ubi</span> <span class='ocrx_word' id='word_1_502' title='bbox 1956 5175 2057 5231; x_wconf 89' lang='lat' dir='ltr'>po-</span> 
     </span>
    </p>
   </div>
   <div class='ocr_carea' id='block_1_70' title="bbox 443 5249 2049 5326">
    <p class='ocr_par' dir='ltr' id='par_1_70' title="bbox 443 5249 2049 5326">
     <span class='ocr_line' id='line_1_70' title="bbox 443 5249 2049 5326; baseline 0.002 -25"><span class='ocrx_word' id='word_1_503' title='bbox 443 5255 555 5303; x_wconf 90' lang='lat' dir='ltr'>stea</span> <span class='ocrx_word' id='word_1_504' title='bbox 577 5249 717 5313; x_wconf 91' lang='lat' dir='ltr'>Otto,</span> <span class='ocrx_word' id='word_1_505' title='bbox 768 5265 858 5304; x_wconf 89' lang='lat' dir='ltr'>rex</span> <span class='ocrx_word' id='word_1_506' title='bbox 889 5251 1068 5306; x_wconf 88' lang='lat' dir='ltr'>adhuc</span> <span class='ocrx_word' id='word_1_507' title='bbox 1111 5267 1363 5319; x_wconf 86' lang='lat' dir='ltr'>manens,</span> <span class='ocrx_word' id='word_1_508' title='bbox 1422 5253 1661 5326; x_wconf 80' lang='lat' dir='ltr'>regalem</span> <span class='ocrx_word' id='word_1_509' title='bbox 1714 5251 2049 5307; x_wconf 88' lang='lat' dir='ltr'>locutionem</span> 
     </span>
    </p>
   </div>
   <div class='ocr_carea' id='block_1_71' title="bbox 510 5401 2054 5527">
    <p class='ocr_par' dir='ltr' id='par_1_71' title="bbox 510 5401 2054 5527">
     <span class='ocr_line' id='line_1_71' title="bbox 510 5401 2054 5527; baseline 0 -70"><span class='ocrx_word' id='word_1_510' title='bbox 510 5402 618 5527; x_wconf 52' lang='lat' dir='ltr'>S16)</span> <span class='ocrx_word' id='word_1_511' title='bbox 671 5401 783 5455; x_wconf 83' lang='lat' dir='ltr'>Hoc</span> <span class='ocrx_word' id='word_1_512' title='bbox 845 5406 1072 5460; x_wconf 92' lang='lat' dir='ltr'>verbum</span> <span class='ocrx_word' id='word_1_513' title='bbox 1134 5407 1243 5460; x_wconf 90' lang='lat' dir='ltr'>late</span> <span class='ocrx_word' id='word_1_514' title='bbox 1295 5408 1624 5461; x_wconf 87' lang='lat' dir='ltr'>sumendum</span> <span class='ocrx_word' id='word_1_515' title='bbox 1672 5406 1907 5469; x_wconf 88' lang='lat' dir='ltr'>videtur,</span> <span class='ocrx_word' id='word_1_516' title='bbox 1930 5420 2054 5460; x_wconf 90' lang='lat' dir='ltr'>cum</span> 
     </span>
     <span class='ocr_line' id='line_1_72' title="bbox 510 5471 2051 5527; baseline 0 0"><span class='ocrx_word' id='word_1_517' title='bbox 510 5520 512 5527; x_wconf 41' lang='grc' dir='ltr'>ι</span> <span class='ocrx_word' id='word_1_518' title='bbox 540 5474 626 5527; x_wconf 88' lang='lat' dir='ltr'>lus</span> <span class='ocrx_word' id='word_1_519' title='bbox 650 5471 974 5527; x_wconf 83' lang='lat' dir='ltr'>Fortunatus</span> <span class='ocrx_word' id='word_1_520' title='bbox 1011 5477 1357 5527; x_wconf 71' lang='lat' dir='ltr'>Augustanus</span> <span class='ocrx_word' id='word_1_521' title='bbox 1401 5479 1696 5527; x_wconf 81' lang='lat' dir='ltr'>enisconus</span> <span class='ocrx_word' id='word_1_522' title='bbox 1726 5477 2051 5527; x_wconf 88' lang='lat' dir='ltr'>reneriatur.</span> 
     </span>
    </p>
   </div>
   <div class='ocr_carea' id='block_1_72' title="bbox 440 5471 2051 5551">
    <p class='ocr_par' dir='ltr' id='par_1_72' title="bbox 440 5471 2051 5551">
     <span class='ocr_line' id='line_1_73' title="bbox 440 5471 2051 5551; baseline 0.001 -23"><span class='ocrx_word' id='word_1_523' title='bbox 440 5471 626 5551; x_wconf 71' lang='lat' dir='ltr'>nullus</span> <span class='ocrx_word' id='word_1_524' title='bbox 650 5471 974 5551; x_wconf 53' lang='lat' dir='ltr'>[fortunatus</span> <span class='ocrx_word' id='word_1_525' title='bbox 1006 5477 1357 5551; x_wconf 77' lang='lat' dir='ltr'>_Au_gustanus</span> <span class='ocrx_word' id='word_1_526' title='bbox 1401 5479 1696 5549; x_wconf 88' lang='lat' dir='ltr'>episcopus</span> <span class='ocrx_word' id='word_1_527' title='bbox 1726 5477 2051 5548; x_wconf 88' lang='lat' dir='ltr'>reperiatur.</span> 
     </span>
    </p>
   </div>
   <div class='ocr_carea' id='block_1_73' title="bbox 512 5539 1899 5615">
    <p class='ocr_par' dir='ltr' id='par_1_73' title="bbox 512 5539 1899 5615">
     <span class='ocr_line' id='line_1_74' title="bbox 512 5539 1899 5615; baseline 0.003 -23"><span class='ocrx_word' id='word_1_528' title='bbox 512 5543 619 5615; x_wconf 64' lang='grc' dir='ltr'>(τη)</span> <span class='ocrx_word' id='word_1_529' title='bbox 650 5539 751 5615; x_wconf 48' lang='lat' dir='ltr'>lilii</span> <span class='ocrx_word' id='word_1_530' title='bbox 784 5558 969 5615; x_wconf 83' lang='lat' dir='ltr'>regem</span> <span class='ocrx_word' id='word_1_531' title='bbox 1004 5539 1170 5601; x_wconf 62' lang='lat' dir='ltr'>Italia)</span> <span class='ocrx_word' id='word_1_532' title='bbox 1194 5555 1407 5601; x_wconf 86' lang='lat' dir='ltr'>vocant.</span> <span class='ocrx_word' id='word_1_533' title='bbox 1440 5539 1449 5548; x_wconf 90' lang='grc'><em>’</em></span> <span class='ocrx_word' id='word_1_534' title='bbox 1594 5539 1608 5549; x_wconf 88' lang='grc'><em>’</em></span> <span class='ocrx_word' id='word_1_535' title='bbox 1789 5539 1802 5548; x_wconf 83' lang='grc'><em>’</em></span> <span class='ocrx_word' id='word_1_536' title='bbox 1892 5580 1899 5585; x_wconf 91' lang='grc'><strong>-</strong></span> 
     </span>
    </p>
   </div>
   <div class='ocr_carea' id='block_1_74' title="bbox 515 5608 2055 5692">
    <p class='ocr_par' dir='ltr' id='par_1_74' title="bbox 515 5608 2055 5692">
     <span class='ocr_line' id='line_1_75' title="bbox 515 5608 2055 5692; baseline 0.002 -27"><span class='ocrx_word' id='word_1_537' title='bbox 515 5608 623 5692; x_wconf 72' lang='lat' dir='ltr'>i18)</span> <span class='ocrx_word' id='word_1_538' title='bbox 660 5608 1023 5692; x_wconf 53' lang='lat' dir='ltr'>Derengarius</span> <span class='ocrx_word' id='word_1_539' title='bbox 1043 5633 1145 5692; x_wconf 58' lang='lat' dir='ltr'>rex</span> <span class='ocrx_word' id='word_1_540' title='bbox 1170 5633 1279 5692; x_wconf 70' lang='lat' dir='ltr'>una</span> <span class='ocrx_word' id='word_1_541' title='bbox 1324 5634 1447 5671; x_wconf 92' lang='lat' dir='ltr'>cum</span> <span class='ocrx_word' id='word_1_542' title='bbox 1480 5620 1693 5692; x_wconf 77' lang='lat' dir='ltr'>filiose</span> <span class='ocrx_word' id='word_1_543' title='bbox 1740 5617 2055 5692; x_wconf 50' lang='grc' dir='ltr'>Οῑιοῐιὶ-ᾼιι..</span> 
     </span>
    </p>
   </div>
   <div class='ocr_carea' id='block_1_75' title="bbox 434 5674 2049 5753">
    <p class='ocr_par' dir='ltr' id='par_1_75' title="bbox 434 5674 2049 5753">
     <span class='ocr_line' id='line_1_76' title="bbox 434 5674 2049 5753; baseline 0.012 -21"><span class='ocrx_word' id='word_1_544' title='bbox 434 5674 613 5753; x_wconf 58' lang='lat' dir='ltr'>gustus</span> <span class='ocrx_word' id='word_1_545' title='bbox 662 5674 896 5749; x_wconf 80' lang='lat' dir='ltr'>dedidit,</span> <span class='ocrx_word' id='word_1_546' title='bbox 925 5698 995 5735; x_wconf 87' lang='lat' dir='ltr'>an</span> <span class='ocrx_word' id='word_1_547' title='bbox 1039 5686 1163 5740; x_wconf 81' lang='lat'>951.</span> <span class='ocrx_word' id='word_1_548' title='bbox 1197 5686 1465 5741; x_wconf 87' lang='lat' dir='ltr'>Contract.</span> <span class='ocrx_word' id='word_1_549' title='bbox 1493 5690 1713 5746; x_wconf 87' lang='lat' dir='ltr'>Witich.</span> <span class='ocrx_word' id='word_1_550' title='bbox 1741 5691 1875 5745; x_wconf 90' lang='lat' dir='ltr'>Dict.</span> <span class='ocrx_word' id='word_1_551' title='bbox 1920 5687 2049 5752; x_wconf 77' lang='lat' dir='ltr'>Mar.</span> 
     </span>
    </p>
   </div>
   <div class='ocr_carea' id='block_1_76' title="bbox 2077 4469 2128 4536">
    <p class='ocr_par' dir='ltr' id='par_1_76' title="bbox 2077 4469 2128 4536">
     <span class='ocr_line' id='line_1_77' title="bbox 2077 4469 2128 4536; baseline 0 0"><span class='ocrx_word' id='word_1_552' title='bbox 2077 4469 2128 4536; x_wconf 89' lang='lat' dir='ltr'>D</span> 
     </span>
    </p>
   </div>
   <div class='ocr_carea' id='block_1_77' title="bbox 2163 1766 3783 1841">
    <p class='ocr_par' dir='ltr' id='par_1_77' title="bbox 2163 1766 3783 1841">
     <span class='ocr_line' id='line_1_78' title="bbox 2163 1766 3783 1841; baseline 0.008 -23"><span class='ocrx_word' id='word_1_553' title='bbox 2163 1766 2427 1819; x_wconf 87' lang='lat' dir='ltr'>Henricus</span> <span class='ocrx_word' id='word_1_554' title='bbox 2481 1776 2805 1835; x_wconf 64' lang='lat' dir='ltr'>prmscntem</span> <span class='ocrx_word' id='word_1_555' title='bbox 2854 1768 3020 1821; x_wconf 91' lang='lat' dir='ltr'>vitam</span> <span class='ocrx_word' id='word_1_556' title='bbox 3071 1767 3251 1825; x_wconf 80' lang='lat' dir='ltr'>finiret</span> <span class='ocrx_word' id='word_1_557' title='bbox 3292 1772 3425 1841; x_wconf 81' lang='lat'>(19).</span> <span class='ocrx_word' id='word_1_558' title='bbox 3459 1775 3643 1829; x_wconf 88' lang='lat' dir='ltr'>Ottoni</span> <span class='ocrx_word' id='word_1_559' title='bbox 3680 1776 3783 1830; x_wconf 86' lang='lat' dir='ltr'>ita-</span> 
     </span>
    </p>
   </div>
   <div class='ocr_carea' id='block_1_78' title="bbox 2160 1854 3781 1937">
    <p class='ocr_par' dir='ltr' id='par_1_78' title="bbox 2160 1854 3781 1937">
     <span class='ocr_line' id='line_1_79' title="bbox 2160 1854 3781 1937; baseline 0.009 -30"><span class='ocrx_word' id='word_1_560' title='bbox 2160 1872 2266 1926; x_wconf 87' lang='lat' dir='ltr'>que</span> <span class='ocrx_word' id='word_1_561' title='bbox 2307 1854 2420 1909; x_wconf 87' lang='lat' dir='ltr'>tilio</span> <span class='ocrx_word' id='word_1_562' title='bbox 2441 1855 2635 1924; x_wconf 80' lang='lat' dir='ltr'>ejusin</span> <span class='ocrx_word' id='word_1_563' title='bbox 2672 1872 2899 1929; x_wconf 80' lang='lat' dir='ltr'>regnum</span> <span class='ocrx_word' id='word_1_564' title='bbox 2955 1858 3273 1928; x_wconf 89' lang='lat' dir='ltr'>sublimato,</span> <span class='ocrx_word' id='word_1_565' title='bbox 3307 1864 3559 1919; x_wconf 86' lang='lat' dir='ltr'>eamdem</span> <span class='ocrx_word' id='word_1_566' title='bbox 3609 1883 3781 1937; x_wconf 88' lang='lat' dir='ltr'>quam</span> 
     </span>
    </p>
   </div>
   <div class='ocr_carea' id='block_1_79' title="bbox 2162 1947 3784 2017">
    <p class='ocr_par' dir='ltr' id='par_1_79' title="bbox 2162 1947 3784 2017">
     <span class='ocr_line' id='line_1_80' title="bbox 2162 1947 3784 2017; baseline 0.008 -18"><span class='ocrx_word' id='word_1_567' title='bbox 2162 1947 2300 2017; x_wconf 87' lang='lat' dir='ltr'>patri</span> <span class='ocrx_word' id='word_1_568' title='bbox 2326 1947 2678 2000; x_wconf 90' lang='lat' dir='ltr'>sedulitatem</span> <span class='ocrx_word' id='word_1_569' title='bbox 2705 1948 2912 2002; x_wconf 90' lang='lat' dir='ltr'>servitii</span> <span class='ocrx_word' id='word_1_570' title='bbox 2936 1958 2989 2003; x_wconf 92' lang='lat' dir='ltr'>et</span> <span class='ocrx_word' id='word_1_571' title='bbox 3021 1947 3149 2003; x_wconf 88' lang='lat' dir='ltr'>fidei</span> <span class='ocrx_word' id='word_1_572' title='bbox 3174 1949 3493 2008; x_wconf 83' lang='lat' dir='ltr'>firmitatem</span> <span class='ocrx_word' id='word_1_573' title='bbox 3540 1955 3595 2009; x_wconf 91' lang='lat' dir='ltr'>in</span> <span class='ocrx_word' id='word_1_574' title='bbox 3637 1973 3784 2012; x_wconf 88' lang='lat' dir='ltr'>cun-</span> 
     </span>
    </p>
   </div>
   <div class='ocr_carea' id='block_1_80' title="bbox 2160 2039 3786 2117">
    <p class='ocr_par' dir='ltr' id='par_1_80' title="bbox 2160 2039 3786 2117">
     <span class='ocr_line' id='line_1_81' title="bbox 2160 2039 3786 2117; baseline 0.008 -23"><span class='ocrx_word' id='word_1_575' title='bbox 2160 2041 2261 2094; x_wconf 85' lang='lat' dir='ltr'>ctis</span> <span class='ocrx_word' id='word_1_576' title='bbox 2282 2039 2543 2108; x_wconf 90' lang='lat' dir='ltr'>impertiri</span> <span class='ocrx_word' id='word_1_577' title='bbox 2586 2040 2858 2095; x_wconf 89' lang='lat' dir='ltr'>studebat.</span> <span class='ocrx_word' id='word_1_578' title='bbox 2910 2042 3061 2097; x_wconf 87' lang='lat' dir='ltr'>Tunc</span> <span class='ocrx_word' id='word_1_579' title='bbox 3082 2060 3211 2098; x_wconf 89' lang='lat' dir='ltr'>vero</span> <span class='ocrx_word' id='word_1_580' title='bbox 3243 2048 3508 2117; x_wconf 89' lang='lat' dir='ltr'>temporis</span> <span class='ocrx_word' id='word_1_581' title='bbox 3540 2050 3786 2106; x_wconf 89' lang='lat' dir='ltr'>habebat</span> 
     </span>
    </p>
   </div>
   <div class='ocr_carea' id='block_1_81' title="bbox 2161 2132 3784 2214">
    <p class='ocr_par' dir='ltr' id='par_1_81' title="bbox 2161 2132 3784 2214">
     <span class='ocr_line' id='line_1_82' title="bbox 2161 2132 3784 2214; baseline 0.007 -29"><span class='ocrx_word' id='word_1_582' title='bbox 2161 2133 2455 2201; x_wconf 86' lang='lat' dir='ltr'>cpiscOpus</span> <span class='ocrx_word' id='word_1_583' title='bbox 2502 2132 2787 2186; x_wconf 81' lang='lat' dir='ltr'>l&#39;dalricus</span> <span class='ocrx_word' id='word_1_584' title='bbox 2837 2132 3008 2187; x_wconf 89' lang='lat' dir='ltr'>filium</span> <span class='ocrx_word' id='word_1_585' title='bbox 3064 2136 3269 2191; x_wconf 89' lang='lat' dir='ltr'>sororis</span> <span class='ocrx_word' id='word_1_586' title='bbox 3312 2155 3425 2193; x_wconf 74' lang='lat' dir='ltr'>suae</span> <span class='ocrx_word' id='word_1_587' title='bbox 3470 2140 3784 2214; x_wconf 70' lang='lat' dir='ltr'>Luitgarda:</span> 
     </span>
    </p>
   </div>
   <div class='ocr_carea' id='block_1_82' title="bbox 2163 2222 3787 2293">
    <p class='ocr_par' dir='ltr' id='par_1_82' title="bbox 2163 2222 3787 2293">
     <span class='ocr_line' id='line_1_83' title="bbox 2163 2222 3787 2293; baseline 0.007 -18"><span class='ocrx_word' id='word_1_588' title='bbox 2163 2222 2324 2275; x_wconf 59' lang='lat' dir='ltr'>bona;</span> <span class='ocrx_word' id='word_1_589' title='bbox 2353 2222 2580 2284; x_wconf 82' lang='lat' dir='ltr'>indolis,</span> <span class='ocrx_word' id='word_1_590' title='bbox 2605 2222 3006 2277; x_wconf 81' lang='lat' dir='ltr'>Adalberonem</span> <span class='ocrx_word' id='word_1_591' title='bbox 3062 2226 3309 2293; x_wconf 89' lang='lat' dir='ltr'>nomine,</span> <span class='ocrx_word' id='word_1_592' title='bbox 3333 2229 3549 2281; x_wconf 89' lang='lat' dir='ltr'>cuidam</span> <span class='ocrx_word' id='word_1_593' title='bbox 3573 2231 3787 2285; x_wconf 88' lang='lat' dir='ltr'>doctis-</span> 
     </span>
    </p>
   </div>
   <div class='ocr_carea' id='block_1_83' title="bbox 2164 2313 3786 2385">
    <p class='ocr_par' dir='ltr' id='par_1_83' title="bbox 2164 2313 3786 2385">
     <span class='ocr_line' id='line_1_84' title="bbox 2164 2313 3786 2385; baseline 0.007 -18"><span class='ocrx_word' id='word_1_594' title='bbox 2164 2314 2303 2367; x_wconf 90' lang='lat' dir='ltr'>simo</span> <span class='ocrx_word' id='word_1_595' title='bbox 2334 2313 2617 2385; x_wconf 82' lang='lat' dir='ltr'>magistro,</span> <span class='ocrx_word' id='word_1_596' title='bbox 2650 2314 2947 2368; x_wconf 88' lang='lat' dir='ltr'>Benedicto</span> <span class='ocrx_word' id='word_1_597' title='bbox 2980 2317 3271 2382; x_wconf 89' lang='lat' dir='ltr'>monacho,</span> <span class='ocrx_word' id='word_1_598' title='bbox 3314 2320 3381 2372; x_wconf 90' lang='lat' dir='ltr'>ad</span> <span class='ocrx_word' id='word_1_599' title='bbox 3413 2323 3786 2377; x_wconf 89' lang='lat' dir='ltr'>erudiendum</span> 
     </span>
    </p>
   </div>
   <div class='ocr_carea' id='block_1_84' title="bbox 2156 2403 3785 2475">
    <p class='ocr_par' dir='ltr' id='par_1_84' title="bbox 2156 2403 3785 2475">
     <span class='ocr_line' id='line_1_85' title="bbox 2156 2403 3785 2475; baseline 0.007 -19"><span class='ocrx_word' id='word_1_600' title='bbox 2156 2403 2440 2456; x_wconf 90' lang='lat' dir='ltr'>scientiam</span> <span class='ocrx_word' id='word_1_601' title='bbox 2484 2404 2853 2475; x_wconf 68' lang='lat' dir='ltr'>grammatica:</span> <span class='ocrx_word' id='word_1_602' title='bbox 2910 2406 3042 2459; x_wconf 90' lang='lat' dir='ltr'>artis</span> <span class='ocrx_word' id='word_1_603' title='bbox 3100 2413 3155 2460; x_wconf 92' lang='lat' dir='ltr'>et</span> <span class='ocrx_word' id='word_1_604' title='bbox 3215 2407 3449 2462; x_wconf 90' lang='lat' dir='ltr'>aliorum</span> <span class='ocrx_word' id='word_1_605' title='bbox 3510 2411 3785 2468; x_wconf 87' lang='lat' dir='ltr'>librorum</span> 
     </span>
    </p>
   </div>
   <div class='ocr_carea' id='block_1_85' title="bbox 2157 2493 3788 2571">
    <p class='ocr_par' dir='ltr' id='par_1_85' title="bbox 2157 2493 3788 2571">
     <span class='ocr_line' id='line_1_86' title="bbox 2157 2493 3788 2571; baseline 0.008 -26"><span class='ocrx_word' id='word_1_606' title='bbox 2157 2493 2623 2548; x_wconf 90' lang='lat' dir='ltr'>commendatum.</span> <span class='ocrx_word' id='word_1_607' title='bbox 2660 2494 2903 2564; x_wconf 87' lang='lat' dir='ltr'>Cumque</span> <span class='ocrx_word' id='word_1_608' title='bbox 2928 2495 3020 2549; x_wconf 88' lang='lat' dir='ltr'>ille</span> <span class='ocrx_word' id='word_1_609' title='bbox 3047 2496 3116 2549; x_wconf 89' lang='lat' dir='ltr'>ab</span> <span class='ocrx_word' id='word_1_610' title='bbox 3152 2512 3219 2551; x_wconf 94' lang='lat' dir='ltr'>eo</span> <span class='ocrx_word' id='word_1_611' title='bbox 3248 2496 3304 2549; x_wconf 93' lang='lat' dir='ltr'>in</span> <span class='ocrx_word' id='word_1_612' title='bbox 3358 2500 3615 2554; x_wconf 87' lang='lat' dir='ltr'>omnibus</span> <span class='ocrx_word' id='word_1_613' title='bbox 3648 2519 3788 2571; x_wconf 91' lang='lat' dir='ltr'>pro-</span> 
     </span>
    </p>
   </div>
   <div class='ocr_carea' id='block_1_86' title="bbox 2156 2586 3789 2667">
    <p class='ocr_par' dir='ltr' id='par_1_86' title="bbox 2156 2586 3789 2667">
     <span class='ocr_line' id='line_1_87' title="bbox 2156 2586 3789 2667; baseline 0.008 -28"><span class='ocrx_word' id='word_1_614' title='bbox 2156 2586 2396 2641; x_wconf 81' lang='lat' dir='ltr'>fectibus</span> <span class='ocrx_word' id='word_1_615' title='bbox 2440 2586 2600 2641; x_wconf 64' lang='lat' dir='ltr'>bonae</span> <span class='ocrx_word' id='word_1_616' title='bbox 2641 2588 2888 2643; x_wconf 65' lang='lat' dir='ltr'>scientiae</span> <span class='ocrx_word' id='word_1_617' title='bbox 2932 2602 2987 2644; x_wconf 88' lang='lat' dir='ltr'>et</span> <span class='ocrx_word' id='word_1_618' title='bbox 3017 2590 3329 2661; x_wconf 68' lang='lat' dir='ltr'>disciplina:</span> <span class='ocrx_word' id='word_1_619' title='bbox 3369 2593 3566 2648; x_wconf 90' lang='lat' dir='ltr'>doctus</span> <span class='ocrx_word' id='word_1_620' title='bbox 3609 2602 3789 2667; x_wconf 91' lang='lat' dir='ltr'>atque</span> 
     </span>
    </p>
   </div>
   <div class='ocr_carea' id='block_1_87' title="bbox 2157 2677 3784 2748">
    <p class='ocr_par' dir='ltr' id='par_1_87' title="bbox 2157 2677 3784 2748">
     <span class='ocr_line' id='line_1_88' title="bbox 2157 2677 3784 2748; baseline 0.008 -19"><span class='ocrx_word' id='word_1_621' title='bbox 2157 2677 2421 2730; x_wconf 89' lang='lat' dir='ltr'>educatus</span> <span class='ocrx_word' id='word_1_622' title='bbox 2453 2678 2505 2731; x_wconf 92' lang='lat' dir='ltr'>in</span> <span class='ocrx_word' id='word_1_623' title='bbox 2529 2677 2684 2731; x_wconf 88' lang='lat' dir='ltr'>virile</span> <span class='ocrx_word' id='word_1_624' title='bbox 2716 2679 2881 2733; x_wconf 88' lang='lat' dir='ltr'>robur</span> <span class='ocrx_word' id='word_1_625' title='bbox 2906 2679 3246 2748; x_wconf 87' lang='lat' dir='ltr'>devenisset,</span> <span class='ocrx_word' id='word_1_626' title='bbox 3271 2683 3454 2736; x_wconf 85' lang='lat' dir='ltr'>statim</span> <span class='ocrx_word' id='word_1_627' title='bbox 3477 2684 3546 2737; x_wconf 88' lang='lat' dir='ltr'>de</span> <span class='ocrx_word' id='word_1_628' title='bbox 3585 2688 3784 2742; x_wconf 90' lang='lat' dir='ltr'>schola</span> 
     </span>
    </p>
   </div>
   <div class='ocr_carea' id='block_1_88' title="bbox 2157 2766 3787 2843">
    <p class='ocr_par' dir='ltr' id='par_1_88' title="bbox 2157 2766 3787 2843">
     <span class='ocr_line' id='line_1_89' title="bbox 2157 2766 3787 2843; baseline 0.009 -26"><span class='ocrx_word' id='word_1_629' title='bbox 2157 2771 2469 2834; x_wconf 90' lang='lat' dir='ltr'>exemptus,</span> <span class='ocrx_word' id='word_1_630' title='bbox 2515 2766 2584 2819; x_wconf 88' lang='lat' dir='ltr'>ab</span> <span class='ocrx_word' id='word_1_631' title='bbox 2630 2769 2903 2822; x_wconf 89' lang='lat' dir='ltr'>avunculo</span> <span class='ocrx_word' id='word_1_632' title='bbox 2960 2783 3059 2823; x_wconf 91' lang='lat' dir='ltr'>suo</span> <span class='ocrx_word' id='word_1_633' title='bbox 3120 2769 3385 2840; x_wconf 89' lang='lat' dir='ltr'>episcopo</span> <span class='ocrx_word' id='word_1_634' title='bbox 3457 2772 3787 2843; x_wconf 87' lang='lat' dir='ltr'>imperatori</span> 
     </span>
    </p>
   </div>
   <div class='ocr_carea' id='block_1_89' title="bbox 2157 2856 3791 2926">
    <p class='ocr_par' dir='ltr' id='par_1_89' title="bbox 2157 2856 3791 2926">
     <span class='ocr_line' id='line_1_90' title="bbox 2157 2856 3791 2926; baseline 0.009 -22"><span class='ocrx_word' id='word_1_635' title='bbox 2157 2861 2538 2921; x_wconf 59' lang='lat' dir='ltr'>praisentatus,</span> <span class='ocrx_word' id='word_1_636' title='bbox 2581 2864 2635 2909; x_wconf 92' lang='lat' dir='ltr'>et</span> <span class='ocrx_word' id='word_1_637' title='bbox 2689 2856 2744 2909; x_wconf 91' lang='lat' dir='ltr'>in</span> <span class='ocrx_word' id='word_1_638' title='bbox 2789 2874 2983 2912; x_wconf 89' lang='lat' dir='ltr'>manus</span> <span class='ocrx_word' id='word_1_639' title='bbox 3036 2858 3156 2926; x_wconf 87' lang='lat' dir='ltr'>ejus</span> <span class='ocrx_word' id='word_1_640' title='bbox 3209 2860 3602 2917; x_wconf 76' lang='lat' dir='ltr'>misericordia:</span> <span class='ocrx_word' id='word_1_641' title='bbox 3625 2878 3791 2918; x_wconf 90' lang='lat' dir='ltr'>com-</span> 
     </span>
    </p>
   </div>
   <div class='ocr_carea' id='block_1_90' title="bbox 2154 2943 3788 3022">
    <p class='ocr_par' dir='ltr' id='par_1_90' title="bbox 2154 2943 3788 3022">
     <span class='ocr_line' id='line_1_91' title="bbox 2154 2943 3788 3022; baseline 0.008 -27"><span class='ocrx_word' id='word_1_642' title='bbox 2154 2943 2463 3007; x_wconf 91' lang='lat' dir='ltr'>mendatus,</span> <span class='ocrx_word' id='word_1_643' title='bbox 2495 2945 2663 3017; x_wconf 91' lang='lat' dir='ltr'>regali</span> <span class='ocrx_word' id='word_1_644' title='bbox 2702 2946 2923 3001; x_wconf 89' lang='lat' dir='ltr'>servitio</span> <span class='ocrx_word' id='word_1_645' title='bbox 2958 2954 3062 3001; x_wconf 93' lang='lat' dir='ltr'>tam</span> <span class='ocrx_word' id='word_1_646' title='bbox 3094 2948 3340 3004; x_wconf 90' lang='lat' dir='ltr'>studiose</span> <span class='ocrx_word' id='word_1_647' title='bbox 3373 2958 3538 3022; x_wconf 86' lang='lat' dir='ltr'>atque</span> <span class='ocrx_word' id='word_1_648' title='bbox 3566 2953 3788 3007; x_wconf 88' lang='lat' dir='ltr'>decen-</span> 
     </span>
    </p>
   </div>
   <div class='ocr_carea' id='block_1_91' title="bbox 2156 3031 3792 3106">
    <p class='ocr_par' dir='ltr' id='par_1_91' title="bbox 2156 3031 3792 3106">
     <span class='ocr_line' id='line_1_92' title="bbox 2156 3031 3792 3106; baseline 0.008 -23"><span class='ocrx_word' id='word_1_649' title='bbox 2156 3037 2238 3084; x_wconf 93' lang='lat' dir='ltr'>ter</span> <span class='ocrx_word' id='word_1_650' title='bbox 2265 3031 2570 3096; x_wconf 88' lang='lat' dir='ltr'>insistebat,</span> <span class='ocrx_word' id='word_1_651' title='bbox 2602 3049 2775 3103; x_wconf 87' lang='lat' dir='ltr'>usque</span> <span class='ocrx_word' id='word_1_652' title='bbox 2828 3036 2957 3087; x_wconf 89' lang='lat' dir='ltr'>dum</span> <span class='ocrx_word' id='word_1_653' title='bbox 3020 3037 3337 3106; x_wconf 91' lang='lat' dir='ltr'>imperatori</span> <span class='ocrx_word' id='word_1_654' title='bbox 3380 3039 3501 3106; x_wconf 86' lang='lat' dir='ltr'>ejus</span> <span class='ocrx_word' id='word_1_655' title='bbox 3526 3041 3792 3097; x_wconf 80' lang='lat' dir='ltr'>ministe-</span> 
     </span>
    </p>
   </div>
   <div class='ocr_carea' id='block_1_92' title="bbox 2156 3120 3788 3199">
    <p class='ocr_par' dir='ltr' id='par_1_92' title="bbox 2156 3120 3788 3199">
     <span class='ocr_line' id='line_1_93' title="bbox 2156 3120 3788 3199; baseline 0.009 -27"><span class='ocrx_word' id='word_1_656' title='bbox 2156 3120 2291 3173; x_wconf 90' lang='lat' dir='ltr'>rium</span> <span class='ocrx_word' id='word_1_657' title='bbox 2316 3121 2370 3173; x_wconf 90' lang='lat' dir='ltr'>in</span> <span class='ocrx_word' id='word_1_658' title='bbox 2392 3122 2782 3175; x_wconf 86' lang='lat' dir='ltr'>ecclesiasticis</span> <span class='ocrx_word' id='word_1_659' title='bbox 2811 3133 2865 3177; x_wconf 90' lang='lat' dir='ltr'>et</span> <span class='ocrx_word' id='word_1_660' title='bbox 2891 3125 3254 3180; x_wconf 61' lang='lat' dir='ltr'>saecularibus</span> <span class='ocrx_word' id='word_1_661' title='bbox 3299 3128 3440 3182; x_wconf 87' lang='lat' dir='ltr'>bene</span> <span class='ocrx_word' id='word_1_662' title='bbox 3463 3129 3788 3199; x_wconf 87' lang='lat' dir='ltr'>placuisset.</span> 
     </span>
    </p>
   </div>
   <div class='ocr_carea' id='block_1_93' title="bbox 2156 3216 3795 3311">
    <p class='ocr_par' dir='ltr' id='par_1_93' title="bbox 2156 3216 3795 3311">
     <span class='ocr_line' id='line_1_94' title="bbox 2156 3216 3795 3311; baseline 0.009 -43"><span class='ocrx_word' id='word_1_663' title='bbox 2156 3216 2226 3269; x_wconf 90' lang='lat' dir='ltr'>De</span> <span class='ocrx_word' id='word_1_664' title='bbox 2259 3216 2358 3270; x_wconf 91' lang='lat' dir='ltr'>hac</span> <span class='ocrx_word' id='word_1_665' title='bbox 2389 3232 2485 3287; x_wconf 91' lang='lat' dir='ltr'>pro</span> <span class='ocrx_word' id='word_1_666' title='bbox 2516 3223 2664 3272; x_wconf 90' lang='lat' dir='ltr'>certo</span> <span class='ocrx_word' id='word_1_667' title='bbox 2694 3218 2989 3273; x_wconf 88' lang='lat' dir='ltr'>sedulitate</span> <span class='ocrx_word' id='word_1_668' title='bbox 3025 3220 3145 3288; x_wconf 89' lang='lat' dir='ltr'>ejus</span> <span class='ocrx_word' id='word_1_669' title='bbox 3175 3219 3407 3277; x_wconf 84' lang='lat' dir='ltr'>&#39;servitii</span> <span class='ocrx_word' id='word_1_670' title='bbox 3442 3225 3795 3311; x_wconf 52' lang='lat' dir='ltr'>quotidiani,</span> 
     </span>
    </p>
   </div>
   <div class='ocr_carea' id='block_1_94' title="bbox 2149 3311 3797 3391">
    <p class='ocr_par' dir='ltr' id='par_1_94' title="bbox 2149 3311 3797 3391">
     <span class='ocr_line' id='line_1_95' title="bbox 2149 3311 3797 3391; baseline 0.007 -27"><span class='ocrx_word' id='word_1_671' title='bbox 2149 3325 2473 3364; x_wconf 90' lang='lat' dir='ltr'>concessum</span> <span class='ocrx_word' id='word_1_672' title='bbox 2498 3319 2582 3364; x_wconf 92' lang='lat' dir='ltr'>est</span> <span class='ocrx_word' id='word_1_673' title='bbox 2633 3311 2753 3378; x_wconf 88' lang='lat' dir='ltr'>ejus</span> <span class='ocrx_word' id='word_1_674' title='bbox 2784 3313 3056 3367; x_wconf 90' lang='lat' dir='ltr'>avunculo</span> <span class='ocrx_word' id='word_1_675' title='bbox 3112 3324 3301 3370; x_wconf 89' lang='lat' dir='ltr'>sancto</span> <span class='ocrx_word' id='word_1_676' title='bbox 3370 3316 3623 3373; x_wconf 87' lang='lat' dir='ltr'>Udalrico</span> <span class='ocrx_word' id='word_1_677' title='bbox 3661 3323 3797 3391; x_wconf 88' lang='lat' dir='ltr'>epi-</span> 
     </span>
    </p>
   </div>
   <div class='ocr_carea' id='block_1_95' title="bbox 2155 3404 3798 3480">
    <p class='ocr_par' dir='ltr' id='par_1_95' title="bbox 2155 3404 3798 3480">
     <span class='ocr_line' id='line_1_96' title="bbox 2155 3404 3798 3480; baseline 0.007 -23"><span class='ocrx_word' id='word_1_678' title='bbox 2155 3420 2345 3474; x_wconf 85' lang='lat' dir='ltr'>scOpo,</span> <span class='ocrx_word' id='word_1_679' title='bbox 2403 3412 2460 3457; x_wconf 90' lang='lat' dir='ltr'>ut</span> <span class='ocrx_word' id='word_1_680' title='bbox 2492 3404 2751 3475; x_wconf 74' lang='lat' dir='ltr'>praefatus</span> <span class='ocrx_word' id='word_1_681' title='bbox 2818 3407 3089 3462; x_wconf 85' lang='lat' dir='ltr'>Adalbero</span> <span class='ocrx_word' id='word_1_682' title='bbox 3146 3409 3202 3462; x_wconf 92' lang='lat' dir='ltr'>in</span> <span class='ocrx_word' id='word_1_683' title='bbox 3259 3412 3377 3480; x_wconf 85' lang='lat' dir='ltr'>ejus</span> <span class='ocrx_word' id='word_1_684' title='bbox 3433 3412 3551 3467; x_wconf 90' lang='lat' dir='ltr'>vice</span> <span class='ocrx_word' id='word_1_685' title='bbox 3585 3413 3798 3470; x_wconf 86' lang='lat' dir='ltr'>itinera</span> 
     </span>
    </p>
   </div>
   <div class='ocr_carea' id='block_1_96' title="bbox 2156 3498 3801 3579">
    <p class='ocr_par' dir='ltr' id='par_1_96' title="bbox 2156 3498 3801 3579">
     <span class='ocr_line' id='line_1_97' title="bbox 2156 3498 3801 3579; baseline 0.007 -28"><span class='ocrx_word' id='word_1_686' title='bbox 2156 3498 2376 3552; x_wconf 90' lang='lat' dir='ltr'>hostilia</span> <span class='ocrx_word' id='word_1_687' title='bbox 2399 3514 2520 3552; x_wconf 93' lang='lat' dir='ltr'>cum</span> <span class='ocrx_word' id='word_1_688' title='bbox 2548 3499 2744 3553; x_wconf 90' lang='lat' dir='ltr'>militia</span> <span class='ocrx_word' id='word_1_689' title='bbox 2774 3500 3078 3571; x_wconf 88' lang='lat' dir='ltr'>episcopali</span> <span class='ocrx_word' id='word_1_690' title='bbox 3124 3501 3181 3555; x_wconf 92' lang='lat' dir='ltr'>in</span> <span class='ocrx_word' id='word_1_691' title='bbox 3232 3505 3573 3560; x_wconf 90' lang='lat' dir='ltr'>voluntatem</span> <span class='ocrx_word' id='word_1_692' title='bbox 3607 3507 3801 3579; x_wconf 88' lang='lat' dir='ltr'>impe-</span> 
     </span>
    </p>
   </div>
   <div class='ocr_carea' id='block_1_97' title="bbox 2157 3590 3796 3663">
    <p class='ocr_par' dir='ltr' id='par_1_97' title="bbox 2157 3590 3796 3663">
     <span class='ocr_line' id='line_1_98' title="bbox 2157 3590 3796 3663; baseline 0.007 -21"><span class='ocrx_word' id='word_1_693' title='bbox 2157 3590 2351 3643; x_wconf 89' lang='lat' dir='ltr'>ratoris</span> <span class='ocrx_word' id='word_1_694' title='bbox 2384 3596 2691 3659; x_wconf 79' lang='lat' dir='ltr'>perageret,</span> <span class='ocrx_word' id='word_1_695' title='bbox 2732 3599 2791 3644; x_wconf 88' lang='lat' dir='ltr'>et</span> <span class='ocrx_word' id='word_1_696' title='bbox 2820 3592 2872 3645; x_wconf 92' lang='lat' dir='ltr'>iu</span> <span class='ocrx_word' id='word_1_697' title='bbox 2901 3601 3055 3646; x_wconf 89' lang='lat' dir='ltr'>curte</span> <span class='ocrx_word' id='word_1_698' title='bbox 3107 3592 3458 3663; x_wconf 87' lang='lat' dir='ltr'>imperatoris</span> <span class='ocrx_word' id='word_1_699' title='bbox 3505 3596 3629 3663; x_wconf 90' lang='lat' dir='ltr'>ejus</span> <span class='ocrx_word' id='word_1_700' title='bbox 3657 3599 3796 3654; x_wconf 87' lang='lat' dir='ltr'>vice</span> 
     </span>
    </p>
   </div>
   <div class='ocr_carea' id='block_1_98' title="bbox 2157 3684 3799 3751">
    <p class='ocr_par' dir='ltr' id='par_1_98' title="bbox 2157 3684 3799 3751">
     <span class='ocr_line' id='line_1_99' title="bbox 2157 3684 3799 3751; baseline 0.005 -13"><span class='ocrx_word' id='word_1_701' title='bbox 2157 3684 2481 3738; x_wconf 75' lang='lat' dir='ltr'>assiduitate</span> <span class='ocrx_word' id='word_1_702' title='bbox 2505 3684 2712 3739; x_wconf 89' lang='lat' dir='ltr'>servitii</span> <span class='ocrx_word' id='word_1_703' title='bbox 2763 3692 3087 3751; x_wconf 89' lang='lat' dir='ltr'>moraretur,</span> <span class='ocrx_word' id='word_1_704' title='bbox 3148 3702 3213 3741; x_wconf 88' lang='lat' dir='ltr'>ea</span> <span class='ocrx_word' id='word_1_705' title='bbox 3243 3688 3501 3743; x_wconf 85' lang='lat' dir='ltr'>videlicet</span> <span class='ocrx_word' id='word_1_706' title='bbox 3530 3706 3698 3745; x_wconf 89' lang='lat' dir='ltr'>causa</span> <span class='ocrx_word' id='word_1_707' title='bbox 3729 3702 3799 3748; x_wconf 86' lang='lat' dir='ltr'>ut</span> 
     </span>
    </p>
   </div>
   <div class='ocr_carea' id='block_1_99' title="bbox 2158 3776 3794 3857">
    <p class='ocr_par' dir='ltr' id='par_1_99' title="bbox 2158 3776 3794 3857">
     <span class='ocr_line' id='line_1_100' title="bbox 2158 3776 3794 3857; baseline 0.006 -27"><span class='ocrx_word' id='word_1_708' title='bbox 2158 3776 2383 3848; x_wconf 68' lang='lat' dir='ltr'>przefato</span> <span class='ocrx_word' id='word_1_709' title='bbox 2441 3777 2681 3846; x_wconf 70' lang='lat' dir='ltr'>praesuli,</span> <span class='ocrx_word' id='word_1_710' title='bbox 2715 3778 2809 3831; x_wconf 89' lang='lat' dir='ltr'>Dei</span> <span class='ocrx_word' id='word_1_711' title='bbox 2866 3778 3110 3844; x_wconf 89' lang='lat' dir='ltr'>servitio,</span> <span class='ocrx_word' id='word_1_712' title='bbox 3170 3787 3222 3834; x_wconf 91' lang='lat' dir='ltr'>et</span> <span class='ocrx_word' id='word_1_713' title='bbox 3267 3782 3535 3837; x_wconf 68' lang='lat' dir='ltr'>custodia:</span> <span class='ocrx_word' id='word_1_714' title='bbox 3588 3787 3794 3857; x_wconf 83' lang='lat' dir='ltr'>gregis</span> 
     </span>
    </p>
   </div>
   <div class='ocr_carea' id='block_1_100' title="bbox 2159 3869 3793 3940">
    <p class='ocr_par' dir='ltr' id='par_1_100' title="bbox 2159 3869 3793 3940">
     <span class='ocr_line' id='line_1_101' title="bbox 2159 3869 3793 3940; baseline 0.006 -18"><span class='ocrx_word' id='word_1_715' title='bbox 2159 3869 2552 3936; x_wconf 86' lang='lat' dir='ltr'>commendati,</span> <span class='ocrx_word' id='word_1_716' title='bbox 2586 3876 2640 3923; x_wconf 90' lang='lat' dir='ltr'>et</span> <span class='ocrx_word' id='word_1_717' title='bbox 2668 3869 3000 3924; x_wconf 89' lang='lat' dir='ltr'>utilitatibus</span> <span class='ocrx_word' id='word_1_718' title='bbox 3029 3871 3298 3932; x_wconf 62' lang='lat' dir='ltr'>ecclesiae.</span> <span class='ocrx_word' id='word_1_719' title='bbox 3327 3881 3382 3927; x_wconf 91' lang='lat' dir='ltr'>et</span> <span class='ocrx_word' id='word_1_720' title='bbox 3412 3876 3793 3940; x_wconf 87' lang='lat' dir='ltr'>orationibus,</span> 
     </span>
    </p>
   </div>
   <div class='ocr_carea' id='block_1_101' title="bbox 2161 3958 3794 4029">
    <p class='ocr_par' dir='ltr' id='par_1_101' title="bbox 2161 3958 3794 4029">
     <span class='ocr_line' id='line_1_102' title="bbox 2161 3958 3794 4029; baseline 0.002 -17"><span class='ocrx_word' id='word_1_721' title='bbox 2161 3968 2214 4012; x_wconf 87' lang='lat' dir='ltr'>et</span> <span class='ocrx_word' id='word_1_722' title='bbox 2244 3958 2610 4029; x_wconf 80' lang='lat' dir='ltr'>eleemosynis</span> <span class='ocrx_word' id='word_1_723' title='bbox 2638 3958 2945 4011; x_wconf 90' lang='lat' dir='ltr'>secundum</span> <span class='ocrx_word' id='word_1_724' title='bbox 3003 3975 3161 4013; x_wconf 91' lang='lat' dir='ltr'>suum</span> <span class='ocrx_word' id='word_1_725' title='bbox 3217 3959 3557 4014; x_wconf 89' lang='lat' dir='ltr'>desiderium</span> <span class='ocrx_word' id='word_1_726' title='bbox 3583 3960 3794 4016; x_wconf 87' lang='lat' dir='ltr'>immo-</span> 
     </span>
    </p>
   </div>
   <div class='ocr_carea' id='block_1_102' title="bbox 2158 4052 3799 4123">
    <p class='ocr_par' dir='ltr' id='par_1_102' title="bbox 2158 4052 3799 4123">
     <span class='ocr_line' id='line_1_103' title="bbox 2158 4052 3799 4123; baseline 0.002 -16"><span class='ocrx_word' id='word_1_727' title='bbox 2158 4053 2261 4107; x_wconf 89' lang='lat' dir='ltr'>rari</span> <span class='ocrx_word' id='word_1_728' title='bbox 2290 4053 2548 4107; x_wconf 88' lang='lat' dir='ltr'>licuisset.</span> <span class='ocrx_word' id='word_1_729' title='bbox 2574 4052 2671 4106; x_wconf 90' lang='lat' dir='ltr'>Ille</span> <span class='ocrx_word' id='word_1_730' title='bbox 2697 4068 2849 4118; x_wconf 90' lang='lat' dir='ltr'>vero,</span> <span class='ocrx_word' id='word_1_731' title='bbox 2873 4060 3139 4123; x_wconf 88' lang='lat' dir='ltr'>quantum</span> <span class='ocrx_word' id='word_1_732' title='bbox 3171 4070 3246 4107; x_wconf 67' lang='lat' dir='ltr'>sze</span> <span class='ocrx_word' id='word_1_733' title='bbox 3260 4055 3709 4109; x_wconf 88' lang='lat' dir='ltr'>cularibuscuris</span> <span class='ocrx_word' id='word_1_734' title='bbox 3728 4074 3799 4111; x_wconf 85' lang='lat' dir='ltr'>se</span> 
     </span>
    </p>
   </div>
   <div class='ocr_carea' id='block_1_103' title="bbox 2155 4144 3794 4216">
    <p class='ocr_par' dir='ltr' id='par_1_103' title="bbox 2155 4144 3794 4216">
     <span class='ocr_line' id='line_1_104' title="bbox 2155 4144 3794 4216; baseline 0.002 -17"><span class='ocrx_word' id='word_1_735' title='bbox 2155 4144 2549 4199; x_wconf 89' lang='lat' dir='ltr'>absolutiorem</span> <span class='ocrx_word' id='word_1_736' title='bbox 2569 4159 2689 4199; x_wconf 87' lang='lat' dir='ltr'>esse</span> <span class='ocrx_word' id='word_1_737' title='bbox 2721 4145 3016 4214; x_wconf 90' lang='lat' dir='ltr'>persensiit</span> <span class='ocrx_word' id='word_1_738' title='bbox 3046 4148 3188 4212; x_wconf 82' lang='lat' dir='ltr'>(sic),</span> <span class='ocrx_word' id='word_1_739' title='bbox 3221 4153 3427 4200; x_wconf 92' lang='lat' dir='ltr'>tantum</span> <span class='ocrx_word' id='word_1_740' title='bbox 3450 4146 3701 4216; x_wconf 87' lang='lat' dir='ltr'>seipsum</span> <span class='ocrx_word' id='word_1_741' title='bbox 3730 4148 3794 4202; x_wconf 84' lang='lat' dir='ltr'>in</span> 
     </span>
    </p>
   </div>
   <div class='ocr_carea' id='block_1_104' title="bbox 2156 4236 3799 4308">
    <p class='ocr_par' dir='ltr' id='par_1_104' title="bbox 2156 4236 3799 4308">
     <span class='ocr_line' id='line_1_105' title="bbox 2156 4236 3799 4308; baseline 0.001 -15"><span class='ocrx_word' id='word_1_742' title='bbox 2156 4239 2250 4294; x_wconf 90' lang='lat' dir='ltr'>Dei</span> <span class='ocrx_word' id='word_1_743' title='bbox 2282 4240 2562 4293; x_wconf 90' lang='lat' dir='ltr'>voluntate</span> <span class='ocrx_word' id='word_1_744' title='bbox 2590 4237 2771 4291; x_wconf 80' lang='lat' dir='ltr'>facere</span> <span class='ocrx_word' id='word_1_745' title='bbox 2811 4236 3092 4293; x_wconf 88' lang='lat' dir='ltr'>nitebatur</span> <span class='ocrx_word' id='word_1_746' title='bbox 3133 4239 3549 4308; x_wconf 78' lang='lat' dir='ltr'>obligatiorem.</span> <span class='ocrx_word' id='word_1_747' title='bbox 3580 4238 3799 4296; x_wconf 89' lang='lat' dir='ltr'>Cursus</span> 
     </span>
    </p>
   </div>
   <div class='ocr_carea' id='block_1_105' title="bbox 2159 4331 3793 4403">
    <p class='ocr_par' dir='ltr' id='par_1_105' title="bbox 2159 4331 3793 4403">
     <span class='ocr_line' id='line_1_106' title="bbox 2159 4331 3793 4403; baseline 0.001 -16"><span class='ocrx_word' id='word_1_748' title='bbox 2159 4333 2371 4389; x_wconf 86' lang='lat' dir='ltr'>scilicet</span> <span class='ocrx_word' id='word_1_749' title='bbox 2428 4331 2786 4403; x_wconf 87' lang='lat' dir='ltr'>quotidianus</span> <span class='ocrx_word' id='word_1_750' title='bbox 2865 4348 2989 4386; x_wconf 92' lang='lat' dir='ltr'>cum</span> <span class='ocrx_word' id='word_1_751' title='bbox 3075 4333 3468 4388; x_wconf 87' lang='lat' dir='ltr'>matriculariis</span> <span class='ocrx_word' id='word_1_752' title='bbox 3540 4333 3659 4402; x_wconf 73' lang='lat'>(20)</span> <span class='ocrx_word' id='word_1_753' title='bbox 3728 4334 3793 4389; x_wconf 91' lang='lat' dir='ltr'>in</span> 
     </span>
    </p>
   </div>
   <div class='ocr_carea' id='block_1_106' title="bbox 2158 4421 3793 4491">
    <p class='ocr_par' dir='ltr' id='par_1_106' title="bbox 2158 4421 3793 4491">
     <span class='ocr_line' id='line_1_107' title="bbox 2158 4421 3793 4491; baseline 0 -13"><span class='ocrx_word' id='word_1_754' title='bbox 2158 4424 2327 4478; x_wconf 88' lang='lat' dir='ltr'>choro</span> <span class='ocrx_word' id='word_1_755' title='bbox 2347 4423 2593 4491; x_wconf 86' lang='lat' dir='ltr'>ejusdem</span> <span class='ocrx_word' id='word_1_756' title='bbox 2625 4421 2925 4477; x_wconf 67' lang='lat' dir='ltr'>matriculze</span> <span class='ocrx_word' id='word_1_757' title='bbox 2981 4422 3050 4477; x_wconf 90' lang='lat' dir='ltr'>ab</span> <span class='ocrx_word' id='word_1_758' title='bbox 3107 4438 3174 4478; x_wconf 93' lang='lat' dir='ltr'>eo</span> <span class='ocrx_word' id='word_1_759' title='bbox 3233 4434 3392 4477; x_wconf 90' lang='lat' dir='ltr'>caute</span> <span class='ocrx_word' id='word_1_760' title='bbox 3434 4424 3793 4479; x_wconf 87' lang='lat' dir='ltr'>observaba-</span> 
     </span>
    </p>
   </div>
   <div class='ocr_carea' id='block_1_107' title="bbox 2162 4511 3793 4583">
    <p class='ocr_par' dir='ltr' id='par_1_107' title="bbox 2162 4511 3793 4583">
     <span class='ocr_line' id='line_1_108' title="bbox 2162 4511 3793 4583; baseline 0.001 -15"><span class='ocrx_word' id='word_1_761' title='bbox 2162 4521 2267 4577; x_wconf 92' lang='lat' dir='ltr'>tur,</span> <span class='ocrx_word' id='word_1_762' title='bbox 2327 4513 2775 4583; x_wconf 89' lang='lat' dir='ltr'>quandocunque</span> <span class='ocrx_word' id='word_1_763' title='bbox 2815 4511 2866 4565; x_wconf 92' lang='lat' dir='ltr'>ei</span> <span class='ocrx_word' id='word_1_764' title='bbox 2924 4511 3070 4566; x_wconf 91' lang='lat' dir='ltr'>domi</span> <span class='ocrx_word' id='word_1_765' title='bbox 3130 4512 3469 4566; x_wconf 89' lang='lat' dir='ltr'>manendum</span> <span class='ocrx_word' id='word_1_766' title='bbox 3509 4512 3631 4566; x_wconf 69' lang='lat' dir='ltr'>aliae</span> <span class='ocrx_word' id='word_1_767' title='bbox 3686 4529 3793 4569; x_wconf 85' lang='lat' dir='ltr'>oc-</span> 
     </span>
    </p>
   </div>
   <div class='ocr_carea' id='block_1_108' title="bbox 2160 4607 3791 4678">
    <p class='ocr_par' dir='ltr' id='par_1_108' title="bbox 2160 4607 3791 4678">
     <span class='ocr_line' id='line_1_109' title="bbox 2160 4607 3791 4678; baseline -0.001 -16"><span class='ocrx_word' id='word_1_768' title='bbox 2160 4608 2456 4678; x_wconf 89' lang='lat' dir='ltr'>cupatione</span> <span class='ocrx_word' id='word_1_769' title='bbox 2532 4617 2954 4670; x_wconf 83' lang='lat' dir='ltr'>consenserunt,</span> <span class='ocrx_word' id='word_1_770' title='bbox 3028 4607 3262 4677; x_wconf 88' lang='lat' dir='ltr'>Insuper</span> <span class='ocrx_word' id='word_1_771' title='bbox 3337 4610 3518 4659; x_wconf 90' lang='lat' dir='ltr'>autem</span> <span class='ocrx_word' id='word_1_772' title='bbox 3605 4621 3791 4660; x_wconf 90' lang='lat' dir='ltr'>unum</span> 
     </span>
    </p>
   </div>
   <div class='ocr_carea' id='block_1_109' title="bbox 2158 4700 3795 4776">
    <p class='ocr_par' dir='ltr' id='par_1_109' title="bbox 2158 4700 3795 4776">
     <span class='ocr_line' id='line_1_110' title="bbox 2158 4700 3795 4776; baseline -0.001 -17"><span class='ocrx_word' id='word_1_773' title='bbox 2158 4703 2451 4760; x_wconf 87' lang='lat' dir='ltr'>cursumin</span> <span class='ocrx_word' id='word_1_774' title='bbox 2486 4704 2692 4758; x_wconf 90' lang='lat' dir='ltr'>honore</span> <span class='ocrx_word' id='word_1_775' title='bbox 2746 4708 2947 4757; x_wconf 65' lang='lat' dir='ltr'>sanctae</span> <span class='ocrx_word' id='word_1_776' title='bbox 2996 4702 3176 4756; x_wconf 62' lang='lat' dir='ltr'>Mariae</span> <span class='ocrx_word' id='word_1_777' title='bbox 3226 4700 3512 4776; x_wconf 89' lang='lat' dir='ltr'>genitricis</span> <span class='ocrx_word' id='word_1_778' title='bbox 3570 4700 3693 4766; x_wconf 91' lang='lat' dir='ltr'>Dei,</span> <span class='ocrx_word' id='word_1_779' title='bbox 3729 4711 3795 4757; x_wconf 84' lang='lat' dir='ltr'>et</span> 
     </span>
    </p>
   </div>
   <div class='ocr_carea' id='block_1_110' title="bbox 2158 4791 3795 4857">
    <p class='ocr_par' dir='ltr' id='par_1_110' title="bbox 2158 4791 3795 4857">
     <span class='ocr_line' id='line_1_111' title="bbox 2158 4791 3795 4857; baseline -0.002 -5"><span class='ocrx_word' id='word_1_780' title='bbox 2158 4796 2391 4852; x_wconf 89' lang='lat' dir='ltr'>alterum</span> <span class='ocrx_word' id='word_1_781' title='bbox 2439 4795 2506 4849; x_wconf 90' lang='lat' dir='ltr'>de</span> <span class='ocrx_word' id='word_1_782' title='bbox 2538 4801 2725 4849; x_wconf 87' lang='lat' dir='ltr'>sancta</span> <span class='ocrx_word' id='word_1_783' title='bbox 2773 4810 2953 4857; x_wconf 87' lang='lat' dir='ltr'>cruce,</span> <span class='ocrx_word' id='word_1_784' title='bbox 3008 4794 3224 4849; x_wconf 84' lang='lat' dir='ltr'>tertium</span> <span class='ocrx_word' id='word_1_785' title='bbox 3254 4791 3321 4847; x_wconf 90' lang='lat' dir='ltr'>de</span> <span class='ocrx_word' id='word_1_786' title='bbox 3361 4792 3620 4847; x_wconf 90' lang='lat' dir='ltr'>omnibus</span> <span class='ocrx_word' id='word_1_787' title='bbox 3648 4809 3795 4848; x_wconf 85' lang='lat' dir='ltr'>san-</span> 
     </span>
    </p>
   </div>
   <div class='ocr_carea' id='block_1_111' title="bbox 2160 4882 3790 4956">
    <p class='ocr_par' dir='ltr' id='par_1_111' title="bbox 2160 4882 3790 4956">
     <span class='ocr_line' id='line_1_112' title="bbox 2160 4882 3790 4956; baseline -0.001 -17"><span class='ocrx_word' id='word_1_788' title='bbox 2160 4887 2284 4952; x_wconf 91' lang='lat' dir='ltr'>ctis,</span> <span class='ocrx_word' id='word_1_789' title='bbox 2312 4884 2523 4941; x_wconf 90' lang='lat' dir='ltr'>etalios</span> <span class='ocrx_word' id='word_1_790' title='bbox 2551 4883 2790 4956; x_wconf 89' lang='lat' dir='ltr'>psalmos</span> <span class='ocrx_word' id='word_1_791' title='bbox 2815 4884 3103 4955; x_wconf 89' lang='lat' dir='ltr'>plurimos,</span> <span class='ocrx_word' id='word_1_792' title='bbox 3136 4890 3424 4953; x_wconf 89' lang='lat' dir='ltr'>totumque</span> <span class='ocrx_word' id='word_1_793' title='bbox 3458 4882 3790 4952; x_wconf 86' lang='lat' dir='ltr'>psalterium</span> 
     </span>
    </p>
   </div>
   <div class='ocr_carea' id='block_1_112' title="bbox 2161 4971 3796 5045">
    <p class='ocr_par' dir='ltr' id='par_1_112' title="bbox 2161 4971 3796 5045">
     <span class='ocr_line' id='line_1_113' title="bbox 2161 4971 3796 5045; baseline -0.002 -14"><span class='ocrx_word' id='word_1_794' title='bbox 2161 4975 2309 5031; x_wconf 90' lang='lat' dir='ltr'>omni</span> <span class='ocrx_word' id='word_1_795' title='bbox 2344 4974 2435 5029; x_wconf 90' lang='lat' dir='ltr'>die</span> <span class='ocrx_word' id='word_1_796' title='bbox 2481 4973 2705 5045; x_wconf 86' lang='lat' dir='ltr'>explere</span> <span class='ocrx_word' id='word_1_797' title='bbox 2743 4971 2938 5029; x_wconf 90' lang='lat' dir='ltr'>solitus</span> <span class='ocrx_word' id='word_1_798' title='bbox 2969 4982 3105 5037; x_wconf 88' lang='lat' dir='ltr'>erat,</span> <span class='ocrx_word' id='word_1_799' title='bbox 3151 4971 3254 5025; x_wconf 89' lang='lat' dir='ltr'>nisi</span> <span class='ocrx_word' id='word_1_800' title='bbox 3287 4971 3330 5025; x_wconf 92' lang='lat' dir='ltr'>si</span> <span class='ocrx_word' id='word_1_801' title='bbox 3363 4986 3488 5025; x_wconf 88' lang='lat' dir='ltr'>eum</span> <span class='ocrx_word' id='word_1_802' title='bbox 3539 4971 3796 5042; x_wconf 82' lang='lat' dir='ltr'>impedi-</span> 
     </span>
    </p>
   </div>
   <div class='ocr_carea' id='block_1_113' title="bbox 2162 5066 3792 5142">
    <p class='ocr_par' dir='ltr' id='par_1_113' title="bbox 2162 5066 3792 5142">
     <span class='ocr_line' id='line_1_114' title="bbox 2162 5066 3792 5142; baseline -0.002 -15"><span class='ocrx_word' id='word_1_803' title='bbox 2162 5078 2241 5127; x_wconf 90' lang='lat' dir='ltr'>ret</span> <span class='ocrx_word' id='word_1_804' title='bbox 2292 5071 2475 5142; x_wconf 90' lang='lat' dir='ltr'>aliqua</span> <span class='ocrx_word' id='word_1_805' title='bbox 2526 5068 2862 5125; x_wconf 88' lang='lat' dir='ltr'>inevitabilis</span> <span class='ocrx_word' id='word_1_806' title='bbox 2931 5067 3254 5122; x_wconf 89' lang='lat' dir='ltr'>necessitas.</span> <span class='ocrx_word' id='word_1_807' title='bbox 3336 5066 3528 5120; x_wconf 85' lang='lat' dir='ltr'>Missas</span> <span class='ocrx_word' id='word_1_808' title='bbox 3594 5074 3792 5123; x_wconf 88' lang='lat' dir='ltr'>autem</span> 
     </span>
    </p>
   </div>
   <div class='ocr_carea' id='block_1_114' title="bbox 2157 5155 3781 5227">
    <p class='ocr_par' dir='ltr' id='par_1_114' title="bbox 2157 5155 3781 5227">
     <span class='ocr_line' id='line_1_115' title="bbox 2157 5155 3781 5227; baseline -0.003 -12"><span class='ocrx_word' id='word_1_809' title='bbox 2157 5168 2269 5217; x_wconf 89' lang='lat' dir='ltr'>tres</span> <span class='ocrx_word' id='word_1_810' title='bbox 2308 5162 2415 5227; x_wconf 76' lang='grc'><strong>(21)</strong></span> <span class='ocrx_word' id='word_1_811' title='bbox 2471 5161 2558 5215; x_wconf 93' lang='lat' dir='ltr'>vel</span> <span class='ocrx_word' id='word_1_812' title='bbox 2613 5160 2749 5214; x_wconf 87' lang='lat' dir='ltr'>duas</span> <span class='ocrx_word' id='word_1_813' title='bbox 2795 5165 2888 5213; x_wconf 88' lang='lat' dir='ltr'>aut</span> <span class='ocrx_word' id='word_1_814' title='bbox 2942 5173 3129 5221; x_wconf 87' lang='lat' dir='ltr'>unam,</span> <span class='ocrx_word' id='word_1_815' title='bbox 3187 5156 3491 5211; x_wconf 90' lang='lat' dir='ltr'>secundum</span> <span class='ocrx_word' id='word_1_816' title='bbox 3525 5155 3781 5226; x_wconf 88' lang='lat' dir='ltr'>spatium</span> 
     </span>
    </p>
   </div>
   <div class='ocr_carea' id='block_1_115' title="bbox 2155 5244 3791 5322">
    <p class='ocr_par' dir='ltr' id='par_1_115' title="bbox 2155 5244 3791 5322">
     <span class='ocr_line' id='line_1_116' title="bbox 2155 5244 3791 5322; baseline -0.001 -18"><span class='ocrx_word' id='word_1_817' title='bbox 2155 5250 2437 5322; x_wconf 88' lang='lat' dir='ltr'>temporis,</span> <span class='ocrx_word' id='word_1_818' title='bbox 2471 5257 2692 5305; x_wconf 86' lang='lat' dir='ltr'>cantare</span> <span class='ocrx_word' id='word_1_819' title='bbox 2717 5247 2962 5321; x_wconf 91' lang='lat' dir='ltr'>quotidie</span> <span class='ocrx_word' id='word_1_820' title='bbox 3011 5262 3122 5302; x_wconf 90' lang='lat' dir='ltr'>non</span> <span class='ocrx_word' id='word_1_821' title='bbox 3164 5246 3348 5311; x_wconf 89' lang='lat' dir='ltr'>desiit,</span> <span class='ocrx_word' id='word_1_822' title='bbox 3403 5245 3449 5299; x_wconf 92' lang='lat' dir='ltr'>si</span> <span class='ocrx_word' id='word_1_823' title='bbox 3484 5244 3791 5302; x_wconf 84' lang='lat' dir='ltr'>infirmitas</span> 
     </span>
    </p>
   </div>
   <div class='ocr_carea' id='block_1_116' title="bbox 2157 5406 2617 5546">
    <p class='ocr_par' dir='ltr' id='par_1_116' title="bbox 2157 5406 2617 5546">
     <span class='ocr_line' id='line_1_117' title="bbox 2157 5406 2351 5470; baseline 0.005 -11"><span class='ocrx_word' id='word_1_824' title='bbox 2157 5411 2210 5459; x_wconf 91' lang='lat' dir='ltr'>et</span> <span class='ocrx_word' id='word_1_825' title='bbox 2238 5406 2351 5470; x_wconf 91' lang='lat' dir='ltr'>alii,</span> 
     </span>
     <span class='ocr_line' id='line_1_118' title="bbox 2231 5477 2617 5546; baseline 0.008 -15"><span class='ocrx_word' id='word_1_826' title='bbox 2231 5477 2336 5546; x_wconf 83' lang='lat'>(19)</span> <span class='ocrx_word' id='word_1_827' title='bbox 2369 5480 2448 5533; x_wconf 84' lang='lat' dir='ltr'>An</span> <span class='ocrx_word' id='word_1_828' title='bbox 2493 5479 2617 5536; x_wconf 85' lang='lat'>936.</span> 
     </span>
    </p>
   </div>
   <div class='ocr_carea' id='block_1_117' title="bbox 2228 5541 3524 5616">
    <p class='ocr_par' dir='ltr' id='par_1_117' title="bbox 2228 5541 3524 5616">
     <span class='ocr_line' id='line_1_119' title="bbox 2228 5541 3524 5616; baseline -0.005 -13"><span class='ocrx_word' id='word_1_829' title='bbox 2228 5541 2335 5616; x_wconf 75' lang='lat'>(20)</span> <span class='ocrx_word' id='word_1_830' title='bbox 2367 5547 2739 5614; x_wconf 88' lang='lat' dir='ltr'>Matricularii,</span> <span class='ocrx_word' id='word_1_831' title='bbox 2759 5544 2948 5601; x_wconf 88' lang='lat' dir='ltr'>clerici</span> <span class='ocrx_word' id='word_1_832' title='bbox 2977 5543 3221 5616; x_wconf 83' lang='lat' dir='ltr'>matricis</span> <span class='ocrx_word' id='word_1_833' title='bbox 3248 5541 3524 5616; x_wconf 40' lang='lat' dir='ltr'>ecclesiae.</span> 
     </span>
    </p>
   </div>
   <div class='ocr_carea' id='block_1_118' title="bbox 2226 5611 3791 5689">
    <p class='ocr_par' dir='ltr' id='par_1_118' title="bbox 2226 5611 3791 5689">
     <span class='ocr_line' id='line_1_120' title="bbox 2226 5611 3791 5689; baseline -0.006 -14"><span class='ocrx_word' id='word_1_834' title='bbox 2226 5611 2338 5689; x_wconf 77' lang='lat'>(21)</span> <span class='ocrx_word' id='word_1_835' title='bbox 2367 5622 2593 5678; x_wconf 88' lang='lat' dir='ltr'>Sublata</span> <span class='ocrx_word' id='word_1_836' title='bbox 2610 5626 2694 5676; x_wconf 89' lang='lat' dir='ltr'>est</span> <span class='ocrx_word' id='word_1_837' title='bbox 2722 5611 2787 5672; x_wconf 84' lang='lat' dir='ltr'>ea</span> <span class='ocrx_word' id='word_1_838' title='bbox 2807 5614 3153 5672; x_wconf 85' lang='lat' dir='ltr'>consuetudo</span> <span class='ocrx_word' id='word_1_839' title='bbox 3198 5615 3331 5670; x_wconf 72' lang='lat' dir='ltr'>Vide</span> <span class='ocrx_word' id='word_1_840' title='bbox 3360 5630 3404 5668; x_wconf 91' lang='lat' dir='ltr'>c.</span> <span class='ocrx_word' id='word_1_841' title='bbox 3443 5611 3689 5681; x_wconf 87' lang='lat' dir='ltr'>Sufficit,</span> <span class='ocrx_word' id='word_1_842' title='bbox 3721 5614 3791 5666; x_wconf 83' lang='lat' dir='ltr'>de</span> 
     </span>
    </p>
   </div>
   <div class='ocr_carea' id='block_1_119' title="bbox 2178 5694 2621 5747">
    <p class='ocr_par' dir='ltr' id='par_1_119' title="bbox 2178 5694 2621 5747">
     <span class='ocr_line' id='line_1_121' title="bbox 2178 5694 2621 5747; baseline 0 -2"><span class='ocrx_word' id='word_1_843' title='bbox 2178 5697 2449 5747; x_wconf 78' lang='lat' dir='ltr'>consecrat</span> <span class='ocrx_word' id='word_1_844' title='bbox 2478 5695 2532 5747; x_wconf 80' lang='grc' dir='ltr'><em>ἁ.</em></span> <span class='ocrx_word' id='word_1_845' title='bbox 2568 5694 2621 5746; x_wconf 91' lang='lat'>1.</span> 
     </span>
    </p>
   </div>
  </div>
