  <div class='ocr_page' id='page_1' title='image "/cluster/home/n/w/nwhite01/storage/ocr_20150623/134-135/uva.x000829784/1096.png"; bbox 0 0 3978 6214; ppageno 0'>
   <div class='ocr_carea' id='block_1_1' title="bbox 307 328 439 380">
    <p class='ocr_par' dir='ltr' id='par_1_1' title="bbox 307 328 439 380">
     <span class='ocr_line' id='line_1_1' title="bbox 307 328 439 380; baseline -0.015 0"><span class='ocrx_word' id='word_1_1' title='bbox 307 328 439 380; x_wconf 76' lang='grc'><strong>1017</strong></span> 
     </span>
    </p>
   </div>
   <div class='ocr_carea' id='block_1_2' title="bbox 1884 335 2049 388">
    <p class='ocr_par' dir='ltr' id='par_1_2' title="bbox 1884 335 2049 388">
     <span class='ocr_line' id='line_1_2' title="bbox 1884 335 2049 388; baseline 0.018 -3"><span class='ocrx_word' id='word_1_2' title='bbox 1884 335 2049 388; x_wconf 81' lang='grc' dir='ltr'><strong>νιτΑ.</strong></span> 
     </span>
    </p>
   </div>
   <div class='ocr_carea' id='block_1_3' title="bbox 3496 336 3628 388">
    <p class='ocr_par' dir='ltr' id='par_1_3' title="bbox 3496 336 3628 388">
     <span class='ocr_line' id='line_1_3' title="bbox 3496 336 3628 388; baseline -0.03 0"><span class='ocrx_word' id='word_1_3' title='bbox 3496 336 3628 388; x_wconf 73' lang='grc'><strong>1018</strong></span> 
     </span>
    </p>
   </div>
   <div class='ocr_carea' id='block_1_4' title="bbox 299 457 3635 532">
    <p class='ocr_par' dir='ltr' id='par_1_4' title="bbox 299 457 3635 532">
     <span class='ocr_line' id='line_1_4' title="bbox 299 457 3635 532; baseline 0.002 -23"><span class='ocrx_word' id='word_1_4' title='bbox 299 458 549 526; x_wconf 89' lang='lat' dir='ltr'><strong>corporis</strong></span> <span class='ocrx_word' id='word_1_5' title='bbox 608 465 698 510; x_wconf 89' lang='lat' dir='ltr'><strong>aut</strong></span> <span class='ocrx_word' id='word_1_6' title='bbox 730 457 953 527; x_wconf 99' lang='lat' dir='ltr'><strong>aliquod</strong></span> <span class='ocrx_word' id='word_1_7' title='bbox 1006 458 1246 511; x_wconf 90' lang='lat' dir='ltr'><strong>studium</strong></span> <span class='ocrx_word' id='word_1_8' title='bbox 1281 459 1483 513; x_wconf 90' lang='lat' dir='ltr'><strong>bonum</strong></span> <span class='ocrx_word' id='word_1_9' title='bbox 1542 461 1590 513; x_wconf 90' lang='lat' dir='ltr'><strong>ei</strong></span> <span class='ocrx_word' id='word_1_10' title='bbox 1636 477 1743 516; x_wconf 93' lang='lat' dir='ltr'><strong>non</strong></span> <span class='ocrx_word' id='word_1_11' title='bbox 1774 462 1910 514; x_wconf 83' lang='lat' dir='ltr'><strong>sub-</strong></span> <span class='ocrx_word' id='word_1_12' title='bbox 1945 471 1988 532; x_wconf 67' lang='grc' dir='ltr'>Α</span> <span class='ocrx_word' id='word_1_13' title='bbox 2021 461 2140 528; x_wconf 85' lang='lat' dir='ltr'><strong>ejus</strong></span> <span class='ocrx_word' id='word_1_14' title='bbox 2171 471 2384 522; x_wconf 73' lang='lat' dir='ltr'><strong>orn-itu,</strong></span> <span class='ocrx_word' id='word_1_15' title='bbox 2418 461 2500 513; x_wconf 85' lang='lat' dir='ltr'><strong>vel</strong></span> <span class='ocrx_word' id='word_1_16' title='bbox 2527 462 2594 512; x_wconf 91' lang='lat' dir='ltr'><strong>de</strong></span> <span class='ocrx_word' id='word_1_17' title='bbox 2633 461 2902 529; x_wconf 78' lang='lat' dir='ltr'><strong>paraturis</strong></span> <span class='ocrx_word' id='word_1_18' title='bbox 2927 461 3173 515; x_wconf 75' lang='lat' dir='ltr'><strong>altarium</strong></span> <span class='ocrx_word' id='word_1_19' title='bbox 3204 469 3258 514; x_wconf 86' lang='lat' dir='ltr'><strong>et</strong></span> <span class='ocrx_word' id='word_1_20' title='bbox 3284 463 3635 526; x_wconf 89' lang='lat' dir='ltr'><strong>clericorum,</strong></span> 
     </span>
    </p>
   </div>
   <div class='ocr_carea' id='block_1_5' title="bbox 299 547 472 600">
    <p class='ocr_par' dir='ltr' id='par_1_5' title="bbox 299 547 472 600">
     <span class='ocr_line' id='line_1_5' title="bbox 299 547 472 600; baseline -0.017 -1"><span class='ocrx_word' id='word_1_21' title='bbox 299 547 472 600; x_wconf 88' lang='lat' dir='ltr'><strong>traxit.</strong></span> 
     </span>
    </p>
   </div>
   <div class='ocr_carea' id='block_1_6' title="bbox 376 643 1917 713">
    <p class='ocr_par' dir='ltr' id='par_1_6' title="bbox 376 643 1917 713">
     <span class='ocr_line' id='line_1_6' title="bbox 376 643 1917 713; baseline 0.003 -16"><span class='ocrx_word' id='word_1_22' title='bbox 376 645 460 698; x_wconf 96' lang='lat' dir='ltr'><strong>lll.</strong></span> <span class='ocrx_word' id='word_1_23' title='bbox 501 643 676 696; x_wconf 75' lang='lat' dir='ltr'><strong>Multis</strong></span> <span class='ocrx_word' id='word_1_24' title='bbox 737 644 1074 713; x_wconf 78' lang='lat' dir='ltr'><strong>temporibus</strong></span> <span class='ocrx_word' id='word_1_25' title='bbox 1117 659 1282 698; x_wconf 88' lang='lat' dir='ltr'><strong>carne</strong></span> <span class='ocrx_word' id='word_1_26' title='bbox 1339 644 1624 708; x_wconf 88' lang='lat' dir='ltr'><strong>abstinuit,</strong></span> <span class='ocrx_word' id='word_1_27' title='bbox 1682 648 1777 700; x_wconf 87' lang='lat' dir='ltr'><strong>sed</strong></span> <span class='ocrx_word' id='word_1_28' title='bbox 1837 656 1917 701; x_wconf 87' lang='lat' dir='ltr'><strong>ta-</strong></span> 
     </span>
    </p>
   </div>
   <div class='ocr_carea' id='block_1_7' title="bbox 301 737 1915 793">
    <p class='ocr_par' dir='ltr' id='par_1_7' title="bbox 301 737 1915 793">
     <span class='ocr_line' id='line_1_7' title="bbox 301 737 1915 793; baseline 0.001 -4"><span class='ocrx_word' id='word_1_29' title='bbox 301 754 426 790; x_wconf 89' lang='lat' dir='ltr'><strong>men</strong></span> <span class='ocrx_word' id='word_1_30' title='bbox 470 738 590 790; x_wconf 85' lang='lat' dir='ltr'><strong>aliis</strong></span> <span class='ocrx_word' id='word_1_31' title='bbox 621 753 742 789; x_wconf 84' lang='lat' dir='ltr'><strong>cum</strong></span> <span class='ocrx_word' id='word_1_32' title='bbox 778 753 842 789; x_wconf 88' lang='lat' dir='ltr'><strong>eo</strong></span> <span class='ocrx_word' id='word_1_33' title='bbox 877 737 1338 789; x_wconf 87' lang='lat' dir='ltr'><strong>manducantibns</strong></span> <span class='ocrx_word' id='word_1_34' title='bbox 1369 738 1717 792; x_wconf 89' lang='lat' dir='ltr'><strong>abundanter</strong></span> <span class='ocrx_word' id='word_1_35' title='bbox 1743 740 1915 793; x_wconf 87' lang='lat' dir='ltr'><strong>dona-</strong></span> 
     </span>
    </p>
   </div>
   <div class='ocr_carea' id='block_1_8' title="bbox 301 824 1918 896">
    <p class='ocr_par' dir='ltr' id='par_1_8' title="bbox 301 824 1918 896">
     <span class='ocr_line' id='line_1_8' title="bbox 301 824 1918 896; baseline 0.003 -20"><span class='ocrx_word' id='word_1_36' title='bbox 301 825 392 876; x_wconf 84' lang='lat' dir='ltr'><strong>vit.</strong></span> <span class='ocrx_word' id='word_1_37' title='bbox 434 824 489 876; x_wconf 93' lang='lat' dir='ltr'><strong>ln</strong></span> <span class='ocrx_word' id='word_1_38' title='bbox 531 824 871 894; x_wconf 88' lang='lat' dir='ltr'><strong>quotidianis</strong></span> <span class='ocrx_word' id='word_1_39' title='bbox 915 824 1327 889; x_wconf 83' lang='lat' dir='ltr'><strong>refectionibus,</strong></span> <span class='ocrx_word' id='word_1_40' title='bbox 1385 827 1606 896; x_wconf 84' lang='lat' dir='ltr'><strong>quando</strong></span> <span class='ocrx_word' id='word_1_41' title='bbox 1651 843 1772 880; x_wconf 88' lang='lat' dir='ltr'><strong>cum</strong></span> <span class='ocrx_word' id='word_1_42' title='bbox 1805 830 1918 882; x_wconf 88' lang='lat' dir='ltr'><strong>suis</strong></span> 
     </span>
    </p>
   </div>
   <div class='ocr_carea' id='block_1_9' title="bbox 296 912 1915 988">
    <p class='ocr_par' dir='ltr' id='par_1_9' title="bbox 296 912 1915 988">
     <span class='ocr_line' id='line_1_9' title="bbox 296 912 1915 988; baseline 0.003 -22"><span class='ocrx_word' id='word_1_43' title='bbox 296 914 365 966; x_wconf 88' lang='lat' dir='ltr'><strong>ad</strong></span> <span class='ocrx_word' id='word_1_44' title='bbox 409 930 651 965; x_wconf 88' lang='lat' dir='ltr'><strong>mensam</strong></span> <span class='ocrx_word' id='word_1_45' title='bbox 695 912 948 974; x_wconf 86' lang='lat' dir='ltr'><strong>sedebat,</strong></span> <span class='ocrx_word' id='word_1_46' title='bbox 1007 913 1178 982; x_wconf 88' lang='lat' dir='ltr'><strong>prima</strong></span> <span class='ocrx_word' id='word_1_47' title='bbox 1208 914 1479 983; x_wconf 85' lang='lat' dir='ltr'><strong>appositio</strong></span> <span class='ocrx_word' id='word_1_48' title='bbox 1523 932 1723 985; x_wconf 86' lang='lat' dir='ltr'><strong>panum</strong></span> <span class='ocrx_word' id='word_1_49' title='bbox 1753 925 1915 988; x_wconf 87' lang='lat' dir='ltr'><strong>atque</strong></span> 
     </span>
    </p>
   </div>
   <div class='ocr_carea' id='block_1_10' title="bbox 298 1003 1912 1075">
    <p class='ocr_par' dir='ltr' id='par_1_10' title="bbox 298 1003 1912 1075">
     <span class='ocr_line' id='line_1_10' title="bbox 298 1003 1912 1075; baseline 0.003 -19"><span class='ocrx_word' id='word_1_50' title='bbox 298 1005 569 1067; x_wconf 88' lang='lat' dir='ltr'><strong>ciborum,</strong></span> <span class='ocrx_word' id='word_1_51' title='bbox 612 1020 675 1054; x_wconf 85' lang='lat' dir='ltr'><strong>ex</strong></span> <span class='ocrx_word' id='word_1_52' title='bbox 735 1003 964 1055; x_wconf 87' lang='lat' dir='ltr'><strong>maxima</strong></span> <span class='ocrx_word' id='word_1_53' title='bbox 1001 1014 1170 1072; x_wconf 89' lang='lat' dir='ltr'><strong>parte,</strong></span> <span class='ocrx_word' id='word_1_54' title='bbox 1201 1021 1296 1072; x_wconf 87' lang='lat' dir='ltr'><strong>per</strong></span> <span class='ocrx_word' id='word_1_55' title='bbox 1352 1005 1594 1075; x_wconf 80' lang='lat' dir='ltr'><strong>aliquem</strong></span> <span class='ocrx_word' id='word_1_56' title='bbox 1653 1008 1912 1061; x_wconf 87' lang='lat' dir='ltr'><strong>clericum</strong></span> 
     </span>
    </p>
   </div>
   <div class='ocr_carea' id='block_1_11' title="bbox 303 1096 1914 1166">
    <p class='ocr_par' dir='ltr' id='par_1_11' title="bbox 303 1096 1914 1166">
     <span class='ocr_line' id='line_1_11' title="bbox 303 1096 1914 1166; baseline 0.004 -19"><span class='ocrx_word' id='word_1_57' title='bbox 303 1096 388 1148; x_wconf 86' lang='lat' dir='ltr'><strong>cui</strong></span> <span class='ocrx_word' id='word_1_58' title='bbox 436 1097 548 1148; x_wconf 66' lang='lat' dir='ltr'><strong>ham</strong></span> <span class='ocrx_word' id='word_1_59' title='bbox 575 1096 960 1148; x_wconf 81' lang='lat' dir='ltr'><strong>commendata</strong></span> <span class='ocrx_word' id='word_1_60' title='bbox 997 1105 1141 1160; x_wconf 79' lang='lat' dir='ltr'><strong>stitit,</strong></span> <span class='ocrx_word' id='word_1_61' title='bbox 1179 1099 1512 1166; x_wconf 88' lang='lat' dir='ltr'><strong>pauperibus</strong></span> <span class='ocrx_word' id='word_1_62' title='bbox 1545 1100 1914 1166; x_wconf 65' lang='lat' dir='ltr'><strong>dividebatur,</strong></span> 
     </span>
    </p>
   </div>
   <div class='ocr_carea' id='block_1_12' title="bbox 299 1187 1919 1262">
    <p class='ocr_par' dir='ltr' id='par_1_12' title="bbox 299 1187 1919 1262">
     <span class='ocr_line' id='line_1_12' title="bbox 299 1187 1919 1262; baseline 0.003 -22"><span class='ocrx_word' id='word_1_63' title='bbox 299 1187 550 1254; x_wconf 82' lang='lat' dir='ltr'><strong>exceptis</strong></span> <span class='ocrx_word' id='word_1_64' title='bbox 583 1187 664 1238; x_wconf 93' lang='lat' dir='ltr'><strong>his</strong></span> <span class='ocrx_word' id='word_1_65' title='bbox 697 1187 903 1239; x_wconf 87' lang='lat' dir='ltr'><strong>mancis</strong></span> <span class='ocrx_word' id='word_1_66' title='bbox 929 1196 1089 1256; x_wconf 71' lang='lat' dir='ltr'><strong>atque</strong></span> <span class='ocrx_word' id='word_1_67' title='bbox 1114 1187 1398 1241; x_wconf 86' lang='lat' dir='ltr'><strong>debilibus</strong></span> <span class='ocrx_word' id='word_1_68' title='bbox 1429 1190 1543 1259; x_wconf 90' lang='lat' dir='ltr'><strong>qui,</strong></span> <span class='ocrx_word' id='word_1_69' title='bbox 1579 1191 1630 1242; x_wconf 91' lang='lat' dir='ltr'><strong>in</strong></span> <span class='ocrx_word' id='word_1_70' title='bbox 1665 1192 1919 1262; x_wconf 69' lang='lat' dir='ltr'><strong>grabatu-</strong></span> 
     </span>
    </p>
   </div>
   <div class='ocr_carea' id='block_1_13' title="bbox 302 1275 1916 1344">
    <p class='ocr_par' dir='ltr' id='par_1_13' title="bbox 302 1275 1916 1344">
     <span class='ocr_line' id='line_1_13' title="bbox 302 1275 1916 1344; baseline 0.003 -16"><span class='ocrx_word' id='word_1_71' title='bbox 302 1275 369 1328; x_wconf 91' lang='lat' dir='ltr'><strong>lis</strong></span> <span class='ocrx_word' id='word_1_72' title='bbox 413 1284 464 1327; x_wconf 91' lang='lat' dir='ltr'><strong>et</strong></span> <span class='ocrx_word' id='word_1_73' title='bbox 522 1276 573 1327; x_wconf 93' lang='lat' dir='ltr'><strong>in</strong></span> <span class='ocrx_word' id='word_1_74' title='bbox 610 1275 827 1327; x_wconf 83' lang='lat' dir='ltr'><strong>lectulis</strong></span> <span class='ocrx_word' id='word_1_75' title='bbox 858 1283 908 1327; x_wconf 88' lang='lat' dir='ltr'><strong>et</strong></span> <span class='ocrx_word' id='word_1_76' title='bbox 957 1275 1007 1327; x_wconf 93' lang='lat' dir='ltr'><strong>in</strong></span> <span class='ocrx_word' id='word_1_77' title='bbox 1042 1276 1317 1328; x_wconf 86' lang='lat' dir='ltr'><strong>seamellis</strong></span> <span class='ocrx_word' id='word_1_78' title='bbox 1366 1278 1729 1344; x_wconf 88' lang='lat' dir='ltr'><strong>ambulantes,</strong></span> <span class='ocrx_word' id='word_1_79' title='bbox 1763 1289 1812 1334; x_wconf 88' lang='lat' dir='ltr'><strong>et</strong></span> <span class='ocrx_word' id='word_1_80' title='bbox 1864 1281 1916 1333; x_wconf 92' lang='lat' dir='ltr'><strong>in</strong></span> 
     </span>
    </p>
   </div>
   <div class='ocr_carea' id='block_1_14' title="bbox 299 1369 1915 1444">
    <p class='ocr_par' dir='ltr' id='par_1_14' title="bbox 299 1369 1915 1444">
     <span class='ocr_line' id='line_1_14' title="bbox 299 1369 1915 1444; baseline 0.003 -23"><span class='ocrx_word' id='word_1_81' title='bbox 299 1370 595 1438; x_wconf 86' lang='lat' dir='ltr'><strong>spcrulatis</strong></span> <span class='ocrx_word' id='word_1_82' title='bbox 624 1369 858 1427; x_wconf 83' lang='lat' dir='ltr'><strong>lectulis,</strong></span> <span class='ocrx_word' id='word_1_83' title='bbox 884 1370 1269 1439; x_wconf 88' lang='lat' dir='ltr'><strong>quotidianum</strong></span> <span class='ocrx_word' id='word_1_84' title='bbox 1296 1372 1495 1424; x_wconf 88' lang='lat' dir='ltr'><strong>victum</strong></span> <span class='ocrx_word' id='word_1_85' title='bbox 1532 1374 1585 1426; x_wconf 90' lang='lat' dir='ltr'><strong>in</strong></span> <span class='ocrx_word' id='word_1_86' title='bbox 1618 1375 1737 1440; x_wconf 85' lang='lat' dir='ltr'><strong>ejus</strong></span> <span class='ocrx_word' id='word_1_87' title='bbox 1771 1391 1915 1444; x_wconf 52' lang='lat' dir='ltr'><strong>pra?-</strong></span> 
     </span>
    </p>
   </div>
   <div class='ocr_carea' id='block_1_15' title="bbox 297 1464 1914 1536">
    <p class='ocr_par' dir='ltr' id='par_1_15' title="bbox 297 1464 1914 1536">
     <span class='ocr_line' id='line_1_15' title="bbox 297 1464 1914 1536; baseline 0.004 -20"><span class='ocrx_word' id='word_1_88' title='bbox 297 1465 476 1517; x_wconf 91' lang='lat' dir='ltr'><strong>sentia</strong></span> <span class='ocrx_word' id='word_1_89' title='bbox 509 1471 842 1532; x_wconf 79' lang='lat' dir='ltr'><strong>acceperunt</strong></span> <span class='ocrx_word' id='word_1_90' title='bbox 871 1465 937 1515; x_wconf 89' lang='lat' dir='ltr'><strong>de</strong></span> <span class='ocrx_word' id='word_1_91' title='bbox 979 1464 1210 1533; x_wconf 82' lang='lat' dir='ltr'><strong>eptiniis</strong></span> <span class='ocrx_word' id='word_1_92' title='bbox 1236 1466 1377 1517; x_wconf 75' lang='lat' dir='ltr'><strong>escis</strong></span> <span class='ocrx_word' id='word_1_93' title='bbox 1409 1474 1460 1519; x_wconf 89' lang='lat' dir='ltr'><strong>et</strong></span> <span class='ocrx_word' id='word_1_94' title='bbox 1495 1469 1731 1536; x_wconf 89' lang='lat' dir='ltr'><strong>potibus.</strong></span> <span class='ocrx_word' id='word_1_95' title='bbox 1767 1471 1914 1522; x_wconf 74' lang='lat' dir='ltr'><strong>Alio-</strong></span> 
     </span>
    </p>
   </div>
   <div class='ocr_carea' id='block_1_16' title="bbox 302 1556 1912 1628">
    <p class='ocr_par' dir='ltr' id='par_1_16' title="bbox 302 1556 1912 1628">
     <span class='ocr_line' id='line_1_16' title="bbox 302 1556 1912 1628; baseline 0.004 -20"><span class='ocrx_word' id='word_1_96' title='bbox 302 1572 418 1608; x_wconf 91' lang='lat' dir='ltr'><strong>rum</strong></span> <span class='ocrx_word' id='word_1_97' title='bbox 455 1565 634 1609; x_wconf 91' lang='lat' dir='ltr'><strong>autem</strong></span> <span class='ocrx_word' id='word_1_98' title='bbox 683 1556 787 1620; x_wconf 51' lang='lat'><strong>(2‘27</strong></span> <span class='ocrx_word' id='word_1_99' title='bbox 827 1572 1010 1612; x_wconf 90' lang='lat' dir='ltr'><strong>nemo.</strong></span> <span class='ocrx_word' id='word_1_100' title='bbox 1054 1558 1146 1626; x_wconf 91' lang='lat' dir='ltr'><strong>qui</strong></span> <span class='ocrx_word' id='word_1_101' title='bbox 1195 1557 1247 1610; x_wconf 91' lang='lat' dir='ltr'><strong>iu</strong></span> <span class='ocrx_word' id='word_1_102' title='bbox 1298 1574 1394 1610; x_wconf 91' lang='lat' dir='ltr'><strong>sua</strong></span> <span class='ocrx_word' id='word_1_103' title='bbox 1438 1561 1751 1628; x_wconf 71' lang='lat' dir='ltr'><strong>praesentia,</strong></span> <span class='ocrx_word' id='word_1_104' title='bbox 1799 1563 1912 1615; x_wconf 90' lang='lat' dir='ltr'><strong>sive</strong></span> 
     </span>
    </p>
   </div>
   <div class='ocr_carea' id='block_1_17' title="bbox 303 1648 1909 1722">
    <p class='ocr_par' dir='ltr' id='par_1_17' title="bbox 303 1648 1909 1722">
     <span class='ocr_line' id='line_1_17' title="bbox 303 1648 1909 1722; baseline 0.005 -23"><span class='ocrx_word' id='word_1_105' title='bbox 303 1660 466 1700; x_wconf 71' lang='lat' dir='ltr'><strong>notus</strong></span> <span class='ocrx_word' id='word_1_106' title='bbox 513 1648 703 1702; x_wconf 80' lang='lat' dir='ltr'><strong>fuisset</strong></span> <span class='ocrx_word' id='word_1_107' title='bbox 767 1649 881 1700; x_wconf 89' lang='lat' dir='ltr'><strong>sive</strong></span> <span class='ocrx_word' id='word_1_108' title='bbox 941 1649 1202 1717; x_wconf 70' lang='lat' dir='ltr'><strong>ignotus,</strong></span> <span class='ocrx_word' id='word_1_109' title='bbox 1272 1651 1454 1703; x_wconf 90' lang='lat' dir='ltr'><strong>cibum</strong></span> <span class='ocrx_word' id='word_1_110' title='bbox 1511 1660 1909 1722; x_wconf 83' lang='lat' dir='ltr'><strong>sumpserunt,</strong></span> 
     </span>
    </p>
   </div>
   <div class='ocr_carea' id='block_1_18' title="bbox 302 1740 1914 1813">
    <p class='ocr_par' dir='ltr' id='par_1_18' title="bbox 302 1740 1914 1813">
     <span class='ocr_line' id='line_1_18' title="bbox 302 1740 1914 1813; baseline 0.006 -22"><span class='ocrx_word' id='word_1_111' title='bbox 302 1741 554 1792; x_wconf 89' lang='lat' dir='ltr'><strong>esuriens</strong></span> <span class='ocrx_word' id='word_1_112' title='bbox 585 1748 672 1792; x_wconf 88' lang='lat' dir='ltr'><strong>aut</strong></span> <span class='ocrx_word' id='word_1_113' title='bbox 707 1740 898 1791; x_wconf 88' lang='lat' dir='ltr'><strong>sitiens</strong></span> <span class='ocrx_word' id='word_1_114' title='bbox 930 1740 1239 1802; x_wconf 84' lang='lat' dir='ltr'><strong>rerededat,</strong></span> <span class='ocrx_word' id='word_1_115' title='bbox 1283 1742 1384 1793; x_wconf 90' lang='lat' dir='ltr'><strong>nisi</strong></span> <span class='ocrx_word' id='word_1_116' title='bbox 1418 1742 1717 1813; x_wconf 82' lang='lat' dir='ltr'><strong>aliquando</strong></span> <span class='ocrx_word' id='word_1_117' title='bbox 1759 1746 1914 1800; x_wconf 91' lang='lat' dir='ltr'><strong>incu-</strong></span> 
     </span>
    </p>
   </div>
   <div class='ocr_carea' id='block_1_19' title="bbox 300 1832 1914 1906">
    <p class='ocr_par' dir='ltr' id='par_1_19' title="bbox 300 1832 1914 1906">
     <span class='ocr_line' id='line_1_19' title="bbox 300 1832 1914 1906; baseline 0.004 -23"><span class='ocrx_word' id='word_1_118' title='bbox 300 1834 376 1885; x_wconf 90' lang='lat' dir='ltr'><strong>ria</strong></span> <span class='ocrx_word' id='word_1_119' title='bbox 411 1839 502 1884; x_wconf 91' lang='lat' dir='ltr'><strong>aut</strong></span> <span class='ocrx_word' id='word_1_120' title='bbox 538 1833 748 1884; x_wconf 90' lang='lat' dir='ltr'><strong>tenacia</strong></span> <span class='ocrx_word' id='word_1_121' title='bbox 781 1832 1153 1884; x_wconf 82' lang='lat' dir='ltr'><strong>ministrorum</strong></span> <span class='ocrx_word' id='word_1_122' title='bbox 1209 1833 1531 1897; x_wconf 72' lang='lat' dir='ltr'><strong>contigisset</strong></span> <span class='ocrx_word' id='word_1_123' title='bbox 1560 1843 1748 1889; x_wconf 89' lang='lat' dir='ltr'><strong>contra</strong></span> <span class='ocrx_word' id='word_1_124' title='bbox 1795 1838 1914 1906; x_wconf 88' lang='lat' dir='ltr'><strong>epi-</strong></span> 
     </span>
    </p>
   </div>
   <div class='ocr_carea' id='block_1_20' title="bbox 298 1921 1914 1990">
    <p class='ocr_par' dir='ltr' id='par_1_20' title="bbox 298 1921 1914 1990">
     <span class='ocr_line' id='line_1_20' title="bbox 298 1921 1914 1990; baseline 0.006 -19"><span class='ocrx_word' id='word_1_125' title='bbox 298 1922 450 1989; x_wconf 74' lang='lat' dir='ltr'><strong>seOpi</strong></span> <span class='ocrx_word' id='word_1_126' title='bbox 512 1921 865 1974; x_wconf 84' lang='lat' dir='ltr'><strong>voluntatem.</strong></span> <span class='ocrx_word' id='word_1_127' title='bbox 943 1921 1196 1990; x_wconf 81' lang='lat' dir='ltr'><strong>llospites</strong></span> <span class='ocrx_word' id='word_1_128' title='bbox 1256 1932 1436 1975; x_wconf 90' lang='lat' dir='ltr'><strong>autem</strong></span> <span class='ocrx_word' id='word_1_129' title='bbox 1488 1940 1607 1977; x_wconf 89' lang='lat' dir='ltr'><strong>cum</strong></span> <span class='ocrx_word' id='word_1_130' title='bbox 1667 1926 1732 1977; x_wconf 91' lang='lat' dir='ltr'><strong>ad</strong></span> <span class='ocrx_word' id='word_1_131' title='bbox 1791 1943 1914 1980; x_wconf 91' lang='lat' dir='ltr'><strong>eum</strong></span> 
     </span>
    </p>
   </div>
   <div class='ocr_carea' id='block_1_21' title="bbox 300 2012 1917 2082">
    <p class='ocr_par' dir='ltr' id='par_1_21' title="bbox 300 2012 1917 2082">
     <span class='ocr_line' id='line_1_21' title="bbox 300 2012 1917 2082; baseline 0.007 -21"><span class='ocrx_word' id='word_1_132' title='bbox 300 2013 679 2070; x_wconf 84' lang='lat' dir='ltr'><strong>devenissent.</strong></span> <span class='ocrx_word' id='word_1_133' title='bbox 734 2012 974 2082; x_wconf 90' lang='lat' dir='ltr'><strong>tripudio</strong></span> <span class='ocrx_word' id='word_1_134' title='bbox 1033 2021 1087 2066; x_wconf 90' lang='lat' dir='ltr'><strong>et</strong></span> <span class='ocrx_word' id='word_1_135' title='bbox 1129 2021 1275 2072; x_wconf 79' lang='lat' dir='ltr'><strong>tanta</strong></span> <span class='ocrx_word' id='word_1_136' title='bbox 1322 2015 1596 2068; x_wconf 84' lang='lat' dir='ltr'><strong>hilaritate</strong></span> <span class='ocrx_word' id='word_1_137' title='bbox 1637 2018 1816 2071; x_wconf 79' lang='lat' dir='ltr'><strong>vultus</strong></span> <span class='ocrx_word' id='word_1_138' title='bbox 1864 2030 1917 2072; x_wconf 90' lang='lat' dir='ltr'><strong>et</strong></span> 
     </span>
    </p>
   </div>
   <div class='ocr_carea' id='block_1_22' title="bbox 304 2104 1911 2176">
    <p class='ocr_par' dir='ltr' id='par_1_22' title="bbox 304 2104 1911 2176">
     <span class='ocr_line' id='line_1_22' title="bbox 304 2104 1911 2176; baseline 0.004 -19"><span class='ocrx_word' id='word_1_139' title='bbox 304 2105 473 2157; x_wconf 88' lang='lat' dir='ltr'><strong>animi</strong></span> <span class='ocrx_word' id='word_1_140' title='bbox 510 2104 746 2172; x_wconf 76' lang='lat' dir='ltr'><strong>suscepti</strong></span> <span class='ocrx_word' id='word_1_141' title='bbox 781 2111 904 2157; x_wconf 87' lang='lat' dir='ltr'><strong>sunt</strong></span> <span class='ocrx_word' id='word_1_142' title='bbox 937 2112 990 2157; x_wconf 91' lang='lat' dir='ltr'><strong>et</strong></span> <span class='ocrx_word' id='word_1_143' title='bbox 1038 2104 1088 2157; x_wconf 92' lang='lat' dir='ltr'><strong>in</strong></span> <span class='ocrx_word' id='word_1_144' title='bbox 1121 2106 1378 2158; x_wconf 87' lang='lat' dir='ltr'><strong>omnibus</strong></span> <span class='ocrx_word' id='word_1_145' title='bbox 1414 2108 1702 2176; x_wconf 82' lang='lat' dir='ltr'><strong>procurati.</strong></span> <span class='ocrx_word' id='word_1_146' title='bbox 1745 2111 1911 2163; x_wconf 89' lang='lat' dir='ltr'><strong>veluti</strong></span> 
     </span>
    </p>
   </div>
   <div class='ocr_carea' id='block_1_23' title="bbox 302 2194 1913 2262">
    <p class='ocr_par' dir='ltr' id='par_1_23' title="bbox 302 2194 1913 2262">
     <span class='ocr_line' id='line_1_23' title="bbox 302 2194 1913 2262; baseline 0.002 -17"><span class='ocrx_word' id='word_1_147' title='bbox 302 2195 384 2245; x_wconf 83' lang='lat' dir='ltr'><strong>eis</strong></span> <span class='ocrx_word' id='word_1_148' title='bbox 417 2197 624 2262; x_wconf 89' lang='lat' dir='ltr'><strong>optime</strong></span> <span class='ocrx_word' id='word_1_149' title='bbox 684 2194 1068 2259; x_wconf 83' lang='lat' dir='ltr'><strong>conveniebat,</strong></span> <span class='ocrx_word' id='word_1_150' title='bbox 1118 2196 1300 2248; x_wconf 87' lang='lat' dir='ltr'><strong>sciens</strong></span> <span class='ocrx_word' id='word_1_151' title='bbox 1332 2195 1383 2248; x_wconf 93' lang='lat' dir='ltr'><strong>in</strong></span> <span class='ocrx_word' id='word_1_152' title='bbox 1418 2197 1498 2248; x_wconf 87' lang='lat' dir='ltr'><strong>eis</strong></span> <span class='ocrx_word' id='word_1_153' title='bbox 1545 2197 1812 2252; x_wconf 83' lang='lat' dir='ltr'><strong>Christum</strong></span> <span class='ocrx_word' id='word_1_154' title='bbox 1855 2217 1913 2252; x_wconf 88' lang='lat' dir='ltr'><strong>se</strong></span> 
     </span>
    </p>
   </div>
   <div class='ocr_carea' id='block_1_24' title="bbox 295 2282 1914 2355">
    <p class='ocr_par' dir='ltr' id='par_1_24' title="bbox 295 2282 1914 2355">
     <span class='ocr_line' id='line_1_24' title="bbox 295 2282 1914 2355; baseline 0.006 -22"><span class='ocrx_word' id='word_1_155' title='bbox 295 2284 633 2351; x_wconf 60' lang='lat' dir='ltr'><strong>suscepisse,</strong></span> <span class='ocrx_word' id='word_1_156' title='bbox 669 2282 758 2335; x_wconf 90' lang='lat' dir='ltr'><strong>illo</strong></span> <span class='ocrx_word' id='word_1_157' title='bbox 799 2283 1051 2336; x_wconf 87' lang='lat' dir='ltr'><strong>dicente:</strong></span> <span class='ocrx_word' id='word_1_158' title='bbox 1104 2287 1303 2353; x_wconf 78' lang='lat' dir='ltr'><strong>Hospes</strong></span> <span class='ocrx_word' id='word_1_159' title='bbox 1345 2288 1452 2349; x_wconf 81' lang='lat' dir='ltr'><strong>fui,</strong></span> <span class='ocrx_word' id='word_1_160' title='bbox 1509 2291 1556 2338; x_wconf 80' lang='lat' dir='ltr'><strong>et</strong></span> <span class='ocrx_word' id='word_1_161' title='bbox 1605 2291 1914 2355; x_wconf 76' lang='lat' dir='ltr'><strong>suscepistis</strong></span> 
     </span>
    </p>
   </div>
   <div class='ocr_carea' id='block_1_25' title="bbox 296 2374 1914 2447">
    <p class='ocr_par' dir='ltr' id='par_1_25' title="bbox 296 2374 1914 2447">
     <span class='ocr_line' id='line_1_25' title="bbox 296 2374 1914 2447; baseline 0.003 -21"><span class='ocrx_word' id='word_1_162' title='bbox 296 2391 375 2426; x_wconf 72' lang='lat' dir='ltr'><strong>me</strong></span> <span class='ocrx_word' id='word_1_163' title='bbox 419 2375 615 2440; x_wconf 78' lang='lat' dir='ltr'><strong>(.lluth.</strong></span> <span class='ocrx_word' id='word_1_164' title='bbox 648 2378 788 2428; x_wconf 80' lang='lat' dir='ltr'><strong>xxvi</strong></span> <span class='ocrx_word' id='word_1_165' title='bbox 838 2374 1008 2427; x_wconf 76' lang='lat' dir='ltr'><strong>Vasali</strong></span> <span class='ocrx_word' id='word_1_166' title='bbox 1051 2383 1232 2428; x_wconf 88' lang='lat' dir='ltr'><strong>autem</strong></span> <span class='ocrx_word' id='word_1_167' title='bbox 1291 2379 1403 2442; x_wconf 69' lang='lat'><strong>(:23)</strong></span> <span class='ocrx_word' id='word_1_168' title='bbox 1456 2378 1799 2447; x_wconf 86' lang='lat' dir='ltr'><strong>imperatoris</strong></span> <span class='ocrx_word' id='word_1_169' title='bbox 1845 2381 1914 2432; x_wconf 89' lang='lat' dir='ltr'><strong>ab</strong></span> 
     </span>
    </p>
   </div>
   <div class='ocr_carea' id='block_1_26' title="bbox 295 2463 1910 2531">
    <p class='ocr_par' dir='ltr' id='par_1_26' title="bbox 295 2463 1910 2531">
     <span class='ocr_line' id='line_1_26' title="bbox 295 2463 1910 2531; baseline 0.004 -16"><span class='ocrx_word' id='word_1_170' title='bbox 295 2479 362 2515; x_wconf 89' lang='lat' dir='ltr'><strong>eo</strong></span> <span class='ocrx_word' id='word_1_171' title='bbox 400 2470 696 2531; x_wconf 68' lang='lat' dir='ltr'><strong>pergentes</strong></span> <span class='ocrx_word' id='word_1_172' title='bbox 728 2464 812 2513; x_wconf 85' lang='lat' dir='ltr'><strong>vel</strong></span> <span class='ocrx_word' id='word_1_173' title='bbox 846 2463 910 2514; x_wconf 87' lang='lat' dir='ltr'><strong>ad</strong></span> <span class='ocrx_word' id='word_1_174' title='bbox 947 2480 1071 2516; x_wconf 92' lang='lat' dir='ltr'><strong>eum</strong></span> <span class='ocrx_word' id='word_1_175' title='bbox 1105 2465 1421 2528; x_wconf 84' lang='lat' dir='ltr'><strong>redeuntes,</strong></span> <span class='ocrx_word' id='word_1_176' title='bbox 1457 2483 1670 2521; x_wconf 90' lang='lat' dir='ltr'><strong>summo</strong></span> <span class='ocrx_word' id='word_1_177' title='bbox 1706 2468 1910 2521; x_wconf 90' lang='lat' dir='ltr'><strong>honore</strong></span> 
     </span>
    </p>
   </div>
   <div class='ocr_carea' id='block_1_27' title="bbox 299 2554 1911 2626">
    <p class='ocr_par' dir='ltr' id='par_1_27' title="bbox 299 2554 1911 2626">
     <span class='ocr_line' id='line_1_27' title="bbox 299 2554 1911 2626; baseline 0.004 -20"><span class='ocrx_word' id='word_1_178' title='bbox 299 2555 566 2623; x_wconf 80' lang='lat' dir='ltr'><strong>suscepti,</strong></span> <span class='ocrx_word' id='word_1_179' title='bbox 606 2562 656 2607; x_wconf 91' lang='lat' dir='ltr'><strong>et</strong></span> <span class='ocrx_word' id='word_1_180' title='bbox 715 2554 767 2606; x_wconf 92' lang='lat' dir='ltr'><strong>in</strong></span> <span class='ocrx_word' id='word_1_181' title='bbox 813 2561 1019 2607; x_wconf 91' lang='lat' dir='ltr'><strong>tantum</strong></span> <span class='ocrx_word' id='word_1_182' title='bbox 1069 2557 1520 2626; x_wconf 85' lang='lat' dir='ltr'><strong>suntepulentati</strong></span> <span class='ocrx_word' id='word_1_183' title='bbox 1570 2567 1624 2611; x_wconf 92' lang='lat' dir='ltr'><strong>ut</strong></span> <span class='ocrx_word' id='word_1_184' title='bbox 1674 2559 1725 2611; x_wconf 94' lang='lat' dir='ltr'><strong>in</strong></span> <span class='ocrx_word' id='word_1_185' title='bbox 1762 2560 1911 2613; x_wconf 92' lang='lat' dir='ltr'><strong>nullo</strong></span> 
     </span>
    </p>
   </div>
   <div class='ocr_carea' id='block_1_28' title="bbox 298 2646 1910 2719">
    <p class='ocr_par' dir='ltr' id='par_1_28' title="bbox 298 2646 1910 2719">
     <span class='ocr_line' id='line_1_28' title="bbox 298 2646 1910 2719; baseline 0.003 -21"><span class='ocrx_word' id='word_1_186' title='bbox 298 2661 395 2698; x_wconf 88' lang='lat' dir='ltr'><strong>eos</strong></span> <span class='ocrx_word' id='word_1_187' title='bbox 427 2653 518 2698; x_wconf 91' lang='lat' dir='ltr'><strong>aut</strong></span> <span class='ocrx_word' id='word_1_188' title='bbox 545 2646 791 2709; x_wconf 87' lang='lat' dir='ltr'><strong>jnmenta</strong></span> <span class='ocrx_word' id='word_1_189' title='bbox 820 2661 1008 2699; x_wconf 89' lang='lat' dir='ltr'><strong>eorum</strong></span> <span class='ocrx_word' id='word_1_190' title='bbox 1041 2646 1150 2698; x_wconf 90' lang='lat' dir='ltr'><strong>ulla</strong></span> <span class='ocrx_word' id='word_1_191' title='bbox 1185 2647 1487 2719; x_wconf 73' lang='lat' dir='ltr'><strong>indigentia</strong></span> <span class='ocrx_word' id='word_1_192' title='bbox 1523 2648 1789 2716; x_wconf 66' lang='lat' dir='ltr'><strong>fatigaret,</strong></span> <span class='ocrx_word' id='word_1_193' title='bbox 1824 2667 1910 2703; x_wconf 90' lang='lat' dir='ltr'><strong>ac-</strong></span> 
     </span>
    </p>
   </div>
   <div class='ocr_carea' id='block_1_29' title="bbox 299 2737 1911 2805">
    <p class='ocr_par' dir='ltr' id='par_1_29' title="bbox 299 2737 1911 2805">
     <span class='ocr_line' id='line_1_29' title="bbox 299 2737 1911 2805; baseline 0.005 -19"><span class='ocrx_word' id='word_1_194' title='bbox 299 2737 585 2805; x_wconf 79' lang='lat' dir='ltr'><strong>ceptisque</strong></span> <span class='ocrx_word' id='word_1_195' title='bbox 638 2753 823 2790; x_wconf 84' lang='lat' dir='ltr'><strong>secum</strong></span> <span class='ocrx_word' id='word_1_196' title='bbox 858 2737 1149 2805; x_wconf 85' lang='lat' dir='ltr'><strong>stipendiis</strong></span> <span class='ocrx_word' id='word_1_197' title='bbox 1178 2738 1392 2792; x_wconf 85' lang='lat' dir='ltr'><strong>itineris</strong></span> <span class='ocrx_word' id='word_1_198' title='bbox 1427 2756 1614 2793; x_wconf 91' lang='lat' dir='ltr'><strong>eorum</strong></span> <span class='ocrx_word' id='word_1_199' title='bbox 1661 2757 1911 2794; x_wconf 87' lang='lat' dir='ltr'><strong>necessa-</strong></span> 
     </span>
    </p>
   </div>
   <div class='ocr_carea' id='block_1_30' title="bbox 300 2827 1915 2903">
    <p class='ocr_par' dir='ltr' id='par_1_30' title="bbox 300 2827 1915 2903">
     <span class='ocr_line' id='line_1_30' title="bbox 300 2827 1915 2903; baseline 0.004 -25"><span class='ocrx_word' id='word_1_200' title='bbox 300 2827 412 2886; x_wconf 81' lang='lat' dir='ltr'><strong>riis,</strong></span> <span class='ocrx_word' id='word_1_201' title='bbox 473 2827 575 2880; x_wconf 80' lang='lat' dir='ltr'><strong>l:eti</strong></span> <span class='ocrx_word' id='word_1_202' title='bbox 623 2829 690 2880; x_wconf 91' lang='lat' dir='ltr'><strong>ab</strong></span> <span class='ocrx_word' id='word_1_203' title='bbox 749 2843 815 2880; x_wconf 90' lang='lat' dir='ltr'><strong>eo</strong></span> <span class='ocrx_word' id='word_1_204' title='bbox 864 2827 1103 2881; x_wconf 90' lang='lat' dir='ltr'><strong>redirent</strong></span> <span class='ocrx_word' id='word_1_205' title='bbox 1175 2829 1470 2884; x_wconf 77' lang='lat' dir='ltr'><strong>Monachus</strong></span> <span class='ocrx_word' id='word_1_206' title='bbox 1520 2841 1701 2884; x_wconf 85' lang='lat' dir='ltr'><strong>autem</strong></span> <span class='ocrx_word' id='word_1_207' title='bbox 1754 2841 1915 2903; x_wconf 86' lang='lat' dir='ltr'><strong>atque</strong></span> 
     </span>
    </p>
   </div>
   <div class='ocr_carea' id='block_1_31' title="bbox 300 2918 1915 2978">
    <p class='ocr_par' dir='ltr' id='par_1_31' title="bbox 300 2918 1915 2978">
     <span class='ocr_line' id='line_1_31' title="bbox 300 2918 1915 2978; baseline 0.005 -8"><span class='ocrx_word' id='word_1_208' title='bbox 300 2918 532 2972; x_wconf 86' lang='lat' dir='ltr'><strong>clericos</strong></span> <span class='ocrx_word' id='word_1_209' title='bbox 589 2927 638 2971; x_wconf 89' lang='lat' dir='ltr'><strong>et</strong></span> <span class='ocrx_word' id='word_1_210' title='bbox 710 2920 1154 2973; x_wconf 86' lang='lat' dir='ltr'><strong>sanctimoniales</strong></span> <span class='ocrx_word' id='word_1_211' title='bbox 1237 2939 1358 2974; x_wconf 89' lang='lat' dir='ltr'><strong>eum</strong></span> <span class='ocrx_word' id='word_1_212' title='bbox 1419 2923 1701 2977; x_wconf 89' lang='lat' dir='ltr'><strong>visitantes</strong></span> <span class='ocrx_word' id='word_1_213' title='bbox 1764 2941 1915 2978; x_wconf 91' lang='lat' dir='ltr'><strong>more</strong></span> 
     </span>
    </p>
   </div>
   <div class='ocr_carea' id='block_1_32' title="bbox 304 3007 1917 3082">
    <p class='ocr_par' dir='ltr' id='par_1_32' title="bbox 304 3007 1917 3082">
     <span class='ocr_line' id='line_1_32' title="bbox 304 3007 1917 3082; baseline 0.005 -24"><span class='ocrx_word' id='word_1_214' title='bbox 304 3007 540 3059; x_wconf 89' lang='lat' dir='ltr'><strong>filiorum</strong></span> <span class='ocrx_word' id='word_1_215' title='bbox 578 3007 797 3068; x_wconf 83' lang='lat' dir='ltr'><strong>amavit,</strong></span> <span class='ocrx_word' id='word_1_216' title='bbox 829 3015 876 3059; x_wconf 89' lang='lat' dir='ltr'><strong>et</strong></span> <span class='ocrx_word' id='word_1_217' title='bbox 908 3008 1288 3076; x_wconf 84' lang='lat' dir='ltr'><strong>spiritualibus</strong></span> <span class='ocrx_word' id='word_1_218' title='bbox 1332 3027 1427 3064; x_wconf 90' lang='lat' dir='ltr'><strong>eos</strong></span> <span class='ocrx_word' id='word_1_219' title='bbox 1462 3020 1626 3082; x_wconf 89' lang='lat' dir='ltr'><strong>atque</strong></span> <span class='ocrx_word' id='word_1_220' title='bbox 1658 3029 1917 3082; x_wconf 86' lang='lat' dir='ltr'><strong>corpora-</strong></span> 
     </span>
    </p>
   </div>
   <div class='ocr_carea' id='block_1_33' title="bbox 2021 551 3634 623">
    <p class='ocr_par' dir='ltr' id='par_1_33' title="bbox 2021 551 3634 623">
     <span class='ocr_line' id='line_1_33' title="bbox 2021 551 3634 623; baseline 0.003 -18"><span class='ocrx_word' id='word_1_221' title='bbox 2021 561 2074 605; x_wconf 90' lang='lat' dir='ltr'><strong>et</strong></span> <span class='ocrx_word' id='word_1_222' title='bbox 2115 553 2183 604; x_wconf 90' lang='lat' dir='ltr'><strong>de</strong></span> <span class='ocrx_word' id='word_1_223' title='bbox 2229 552 2515 623; x_wconf 87' lang='lat' dir='ltr'><strong>disciplina</strong></span> <span class='ocrx_word' id='word_1_224' title='bbox 2549 551 2936 605; x_wconf 89' lang='lat' dir='ltr'><strong>canonicorum</strong></span> <span class='ocrx_word' id='word_1_225' title='bbox 2971 562 3022 605; x_wconf 90' lang='lat' dir='ltr'><strong>et</strong></span> <span class='ocrx_word' id='word_1_226' title='bbox 3073 553 3282 618; x_wconf 88' lang='lat' dir='ltr'><strong>schola,</strong></span> <span class='ocrx_word' id='word_1_227' title='bbox 3316 554 3386 608; x_wconf 88' lang='lat' dir='ltr'><strong>de</strong></span> <span class='ocrx_word' id='word_1_228' title='bbox 3417 565 3634 610; x_wconf 90' lang='lat' dir='ltr'><strong>susten-</strong></span> 
     </span>
    </p>
   </div>
   <div class='ocr_carea' id='block_1_34' title="bbox 2020 641 3632 711">
    <p class='ocr_par' dir='ltr' id='par_1_34' title="bbox 2020 641 3632 711">
     <span class='ocr_line' id='line_1_34' title="bbox 2020 641 3632 711; baseline 0.002 -17"><span class='ocrx_word' id='word_1_229' title='bbox 2020 641 2222 694; x_wconf 84' lang='lat' dir='ltr'><strong>tatione</strong></span> <span class='ocrx_word' id='word_1_230' title='bbox 2261 651 2314 693; x_wconf 90' lang='lat' dir='ltr'><strong>et</strong></span> <span class='ocrx_word' id='word_1_231' title='bbox 2344 641 2643 694; x_wconf 89' lang='lat' dir='ltr'><strong>salvatione</strong></span> <span class='ocrx_word' id='word_1_232' title='bbox 2693 641 2934 704; x_wconf 66' lang='lat' dir='ltr'><strong>familiae,</strong></span> <span class='ocrx_word' id='word_1_233' title='bbox 2970 649 3022 694; x_wconf 91' lang='lat' dir='ltr'><strong>et</strong></span> <span class='ocrx_word' id='word_1_234' title='bbox 3055 642 3292 711; x_wconf 86' lang='lat' dir='ltr'><strong>qualiter</strong></span> <span class='ocrx_word' id='word_1_235' title='bbox 3334 643 3632 710; x_wconf 88' lang='lat' dir='ltr'><strong>civitatem,</strong></span> 
     </span>
    </p>
   </div>
   <div class='ocr_carea' id='block_1_35' title="bbox 2017 733 3635 804">
    <p class='ocr_par' dir='ltr' id='par_1_35' title="bbox 2017 733 3635 804">
     <span class='ocr_line' id='line_1_35' title="bbox 2017 733 3635 804; baseline 0.001 -18"><span class='ocrx_word' id='word_1_236' title='bbox 2017 749 2180 804; x_wconf 90' lang='lat' dir='ltr'><strong>quam</strong></span> <span class='ocrx_word' id='word_1_237' title='bbox 2215 733 2415 802; x_wconf 86' lang='lat' dir='ltr'><strong>ineptis</strong></span> <span class='ocrx_word' id='word_1_238' title='bbox 2446 733 2712 786; x_wconf 90' lang='lat' dir='ltr'><strong>valliculis</strong></span> <span class='ocrx_word' id='word_1_239' title='bbox 2761 743 2814 786; x_wconf 93' lang='lat' dir='ltr'><strong>et</strong></span> <span class='ocrx_word' id='word_1_240' title='bbox 2847 733 3010 804; x_wconf 75' lang='lat' dir='ltr'><strong>lignis</strong></span> <span class='ocrx_word' id='word_1_241' title='bbox 3065 733 3295 802; x_wconf 91' lang='lat' dir='ltr'><strong>putridis</strong></span> <span class='ocrx_word' id='word_1_242' title='bbox 3322 734 3635 788; x_wconf 88' lang='lat' dir='ltr'><strong>circumda-</strong></span> 
     </span>
    </p>
   </div>
   <div class='ocr_carea' id='block_1_36' title="bbox 2019 821 3631 895">
    <p class='ocr_par' dir='ltr' id='par_1_36' title="bbox 2019 821 3631 895">
     <span class='ocr_line' id='line_1_36' title="bbox 2019 821 3631 895; baseline 0.001 -19"><span class='ocrx_word' id='word_1_243' title='bbox 2019 830 2122 876; x_wconf 88' lang='lat' dir='ltr'><strong>tam</strong></span> <span class='ocrx_word' id='word_1_244' title='bbox 2160 822 2387 883; x_wconf 84' lang='lat' dir='ltr'><strong>invenit,</strong></span> <span class='ocrx_word' id='word_1_245' title='bbox 2450 821 2618 875; x_wconf 84' lang='lat' dir='ltr'><strong>inuris</strong></span> <span class='ocrx_word' id='word_1_246' title='bbox 2667 823 2890 895; x_wconf 80' lang='lat' dir='ltr'><strong>cingere</strong></span> <span class='ocrx_word' id='word_1_247' title='bbox 2934 822 3211 884; x_wconf 89' lang='lat' dir='ltr'><strong>valuisset,</strong></span> <span class='ocrx_word' id='word_1_248' title='bbox 3273 824 3404 893; x_wconf 88' lang='lat' dir='ltr'><strong>quia</strong></span> <span class='ocrx_word' id='word_1_249' title='bbox 3444 824 3498 876; x_wconf 90' lang='lat' dir='ltr'><strong>in</strong></span> <span class='ocrx_word' id='word_1_250' title='bbox 3547 825 3631 878; x_wconf 90' lang='lat' dir='ltr'><strong>his</strong></span> 
     </span>
    </p>
   </div>
   <div class='ocr_carea' id='block_1_37' title="bbox 2021 913 3633 987">
    <p class='ocr_par' dir='ltr' id='par_1_37' title="bbox 2021 913 3633 987">
     <span class='ocr_line' id='line_1_37' title="bbox 2021 913 3633 987; baseline 0.001 -20"><span class='ocrx_word' id='word_1_251' title='bbox 2021 914 2366 983; x_wconf 84' lang='lat' dir='ltr'><strong>temporibus</strong></span> <span class='ocrx_word' id='word_1_252' title='bbox 2420 913 2759 987; x_wconf 58' lang='lat' dir='ltr'><strong>lingarorum</strong></span> <span class='ocrx_word' id='word_1_253' title='bbox 2801 914 3005 967; x_wconf 69' lang='lat' dir='ltr'><strong>szevitia</strong></span> <span class='ocrx_word' id='word_1_254' title='bbox 3057 914 3109 967; x_wconf 92' lang='lat' dir='ltr'><strong>in</strong></span> <span class='ocrx_word' id='word_1_255' title='bbox 3165 915 3286 968; x_wconf 80' lang='lat' dir='ltr'><strong>istis</strong></span> <span class='ocrx_word' id='word_1_256' title='bbox 3335 917 3633 985; x_wconf 88' lang='lat' dir='ltr'><strong>provinciis</strong></span> 
     </span>
    </p>
   </div>
   <div class='ocr_carea' id='block_1_38' title="bbox 2019 1008 3633 1081">
    <p class='ocr_par' dir='ltr' id='par_1_38' title="bbox 2019 1008 3633 1081">
     <span class='ocr_line' id='line_1_38' title="bbox 2019 1008 3633 1081; baseline 0.002 -21"><span class='ocrx_word' id='word_1_257' title='bbox 2019 1023 2170 1061; x_wconf 91' lang='lat' dir='ltr'><strong>more</strong></span> <span class='ocrx_word' id='word_1_258' title='bbox 2210 1008 2606 1062; x_wconf 64' lang='lat' dir='ltr'><strong>daemoniorum</strong></span> <span class='ocrx_word' id='word_1_259' title='bbox 2656 1008 3025 1081; x_wconf 80' lang='lat' dir='ltr'><strong>grassabatur.</strong></span> <span class='ocrx_word' id='word_1_260' title='bbox 3091 1009 3211 1062; x_wconf 75' lang='lat' dir='ltr'><strong>Haec</strong></span> <span class='ocrx_word' id='word_1_261' title='bbox 3268 1025 3397 1063; x_wconf 86' lang='lat' dir='ltr'><strong>vero</strong></span> <span class='ocrx_word' id='word_1_262' title='bbox 3447 1010 3633 1064; x_wconf 89' lang='lat' dir='ltr'><strong>omnia</strong></span> 
     </span>
    </p>
   </div>
   <div class='ocr_carea' id='block_1_39' title="bbox 2018 1099 3630 1170">
    <p class='ocr_par' dir='ltr' id='par_1_39' title="bbox 2018 1099 3630 1170">
     <span class='ocr_line' id='line_1_39' title="bbox 2018 1099 3630 1170; baseline 0.001 -17"><span class='ocrx_word' id='word_1_263' title='bbox 2018 1115 2139 1153; x_wconf 90' lang='lat' dir='ltr'><strong>cum</strong></span> <span class='ocrx_word' id='word_1_264' title='bbox 2168 1099 2410 1153; x_wconf 88' lang='lat' dir='ltr'><strong>exterius</strong></span> <span class='ocrx_word' id='word_1_265' title='bbox 2437 1115 2662 1153; x_wconf 90' lang='lat' dir='ltr'><strong>suorum</strong></span> <span class='ocrx_word' id='word_1_266' title='bbox 2688 1100 2938 1152; x_wconf 87' lang='lat' dir='ltr'><strong>tidelnnn</strong></span> <span class='ocrx_word' id='word_1_267' title='bbox 2973 1102 3222 1153; x_wconf 91' lang='lat' dir='ltr'><strong>consultu</strong></span> <span class='ocrx_word' id='word_1_268' title='bbox 3252 1108 3630 1170; x_wconf 87' lang='lat' dir='ltr'><strong>pertractaret,</strong></span> 
     </span>
    </p>
   </div>
   <div class='ocr_carea' id='block_1_40' title="bbox 2018 1191 3630 1265">
    <p class='ocr_par' dir='ltr' id='par_1_40' title="bbox 2018 1191 3630 1265">
     <span class='ocr_line' id='line_1_40' title="bbox 2018 1191 3630 1265; baseline 0 -21"><span class='ocrx_word' id='word_1_269' title='bbox 2018 1200 2152 1244; x_wconf 67' lang='lat' dir='ltr'><strong>testu</strong></span> <span class='ocrx_word' id='word_1_270' title='bbox 2189 1199 2367 1245; x_wconf 87' lang='lat' dir='ltr'><strong>tamen</strong></span> <span class='ocrx_word' id='word_1_271' title='bbox 2402 1191 2632 1244; x_wconf 89' lang='lat' dir='ltr'><strong>interius</strong></span> <span class='ocrx_word' id='word_1_272' title='bbox 2673 1192 2845 1244; x_wconf 72' lang='lat' dir='ltr'><strong>llivini</strong></span> <span class='ocrx_word' id='word_1_273' title='bbox 2889 1191 3094 1245; x_wconf 90' lang='lat' dir='ltr'><strong>amoris</strong></span> <span class='ocrx_word' id='word_1_274' title='bbox 3131 1207 3450 1257; x_wconf 85' lang='lat' dir='ltr'><strong>succensus,</strong></span> <span class='ocrx_word' id='word_1_275' title='bbox 3484 1192 3630 1265; x_wconf 76' lang='lat' dir='ltr'><strong>vigi-</strong></span> 
     </span>
    </p>
   </div>
   <div class='ocr_carea' id='block_1_41' title="bbox 2024 1277 3630 1348">
    <p class='ocr_par' dir='ltr' id='par_1_41' title="bbox 2024 1277 3630 1348">
     <span class='ocr_line' id='line_1_41' title="bbox 2024 1277 3630 1348; baseline 0.002 -19"><span class='ocrx_word' id='word_1_276' title='bbox 2024 1277 2107 1329; x_wconf 88' lang='lat' dir='ltr'><strong>liis</strong></span> <span class='ocrx_word' id='word_1_277' title='bbox 2140 1287 2193 1330; x_wconf 87' lang='lat' dir='ltr'><strong>et</strong></span> <span class='ocrx_word' id='word_1_278' title='bbox 2231 1277 2576 1331; x_wconf 88' lang='lat' dir='ltr'><strong>orationibus</strong></span> <span class='ocrx_word' id='word_1_279' title='bbox 2607 1286 2658 1331; x_wconf 89' lang='lat' dir='ltr'><strong>et</strong></span> <span class='ocrx_word' id='word_1_280' title='bbox 2683 1279 2914 1346; x_wconf 85' lang='lat' dir='ltr'><strong>jejuniis</strong></span> <span class='ocrx_word' id='word_1_281' title='bbox 2938 1288 2989 1331; x_wconf 90' lang='lat' dir='ltr'><strong>et</strong></span> <span class='ocrx_word' id='word_1_282' title='bbox 3029 1279 3398 1348; x_wconf 77' lang='lat' dir='ltr'><strong>eleemosynis</strong></span> <span class='ocrx_word' id='word_1_283' title='bbox 3430 1279 3549 1333; x_wconf 86' lang='lat' dir='ltr'><strong>Deo</strong></span> <span class='ocrx_word' id='word_1_284' title='bbox 3572 1297 3630 1333; x_wconf 90' lang='lat' dir='ltr'><strong>se</strong></span> 
     </span>
    </p>
   </div>
   <div class='ocr_carea' id='block_1_42' title="bbox 2021 1367 3630 1438">
    <p class='ocr_par' dir='ltr' id='par_1_42' title="bbox 2021 1367 3630 1438">
     <span class='ocr_line' id='line_1_42' title="bbox 2021 1367 3630 1438; baseline 0.001 -17"><span class='ocrx_word' id='word_1_285' title='bbox 2021 1367 2229 1421; x_wconf 86' lang='lat' dir='ltr'><strong>sociare</strong></span> <span class='ocrx_word' id='word_1_286' title='bbox 2271 1368 2672 1422; x_wconf 86' lang='lat' dir='ltr'><strong>studiosissime</strong></span> <span class='ocrx_word' id='word_1_287' title='bbox 2722 1369 3035 1433; x_wconf 87' lang='lat' dir='ltr'><strong>festinabat,</strong></span> <span class='ocrx_word' id='word_1_288' title='bbox 3092 1385 3312 1438; x_wconf 86' lang='lat' dir='ltr'><strong>semper</strong></span> <span class='ocrx_word' id='word_1_289' title='bbox 3368 1370 3478 1422; x_wconf 91' lang='lat' dir='ltr'><strong>cuti</strong></span> <span class='ocrx_word' id='word_1_290' title='bbox 3518 1386 3630 1423; x_wconf 66' lang='lat' dir='ltr'><strong>suae</strong></span> 
     </span>
    </p>
   </div>
   <div class='ocr_carea' id='block_1_43' title="bbox 2018 1461 3632 1534">
    <p class='ocr_par' dir='ltr' id='par_1_43' title="bbox 2018 1461 3632 1534">
     <span class='ocr_line' id='line_1_43' title="bbox 2018 1461 3632 1534; baseline 0.001 -20"><span class='ocrx_word' id='word_1_291' title='bbox 2018 1462 2232 1514; x_wconf 86' lang='lat' dir='ltr'><strong>laneum</strong></span> <span class='ocrx_word' id='word_1_292' title='bbox 2265 1477 2552 1530; x_wconf 90' lang='lat' dir='ltr'><strong>apponens</strong></span> <span class='ocrx_word' id='word_1_293' title='bbox 2583 1461 2989 1526; x_wconf 82' lang='lat' dir='ltr'><strong>vestimentum,</strong></span> <span class='ocrx_word' id='word_1_294' title='bbox 3025 1471 3077 1514; x_wconf 92' lang='lat' dir='ltr'><strong>et</strong></span> <span class='ocrx_word' id='word_1_295' title='bbox 3112 1463 3355 1534; x_wconf 80' lang='lat' dir='ltr'><strong>regulam</strong></span> <span class='ocrx_word' id='word_1_296' title='bbox 3393 1478 3632 1533; x_wconf 80' lang='lat' dir='ltr'><strong>sequens</strong></span> 
     </span>
    </p>
   </div>
   <div class='ocr_carea' id='block_1_44' title="bbox 2016 1553 3634 1625">
    <p class='ocr_par' dir='ltr' id='par_1_44' title="bbox 2016 1553 3634 1625">
     <span class='ocr_line' id='line_1_44' title="bbox 2016 1553 3634 1625; baseline 0.002 -20"><span class='ocrx_word' id='word_1_297' title='bbox 2016 1554 2430 1606; x_wconf 83' lang='lat' dir='ltr'><strong>monachorum.</strong></span> <span class='ocrx_word' id='word_1_298' title='bbox 2483 1553 2609 1606; x_wconf 80' lang='lat' dir='ltr'><strong>Post</strong></span> <span class='ocrx_word' id='word_1_299' title='bbox 2661 1553 3086 1623; x_wconf 77' lang='lat' dir='ltr'><strong>(Iompletorium</strong></span> <span class='ocrx_word' id='word_1_300' title='bbox 3144 1570 3449 1623; x_wconf 88' lang='lat' dir='ltr'><strong>nunquam,</strong></span> <span class='ocrx_word' id='word_1_301' title='bbox 3507 1571 3634 1625; x_wconf 89' lang='lat' dir='ltr'><strong>pro-</strong></span> 
     </span>
    </p>
   </div>
   <div class='ocr_carea' id='block_1_45' title="bbox 2014 1645 3631 1717">
    <p class='ocr_par' dir='ltr' id='par_1_45' title="bbox 2014 1645 3631 1717">
     <span class='ocr_line' id='line_1_45' title="bbox 2014 1645 3631 1717; baseline 0.003 -21"><span class='ocrx_word' id='word_1_302' title='bbox 2014 1653 2136 1716; x_wconf 85' lang='lat' dir='ltr'><strong>pter</strong></span> <span class='ocrx_word' id='word_1_303' title='bbox 2178 1645 2342 1699; x_wconf 81' lang='lat' dir='ltr'><strong>ullius</strong></span> <span class='ocrx_word' id='word_1_304' title='bbox 2378 1645 2611 1699; x_wconf 88' lang='lat' dir='ltr'><strong>hominis</strong></span> <span class='ocrx_word' id='word_1_305' title='bbox 2671 1646 3012 1715; x_wconf 84' lang='lat' dir='ltr'><strong>petitionem,</strong></span> <span class='ocrx_word' id='word_1_306' title='bbox 3068 1662 3247 1700; x_wconf 80' lang='lat' dir='ltr'><strong>escam</strong></span> <span class='ocrx_word' id='word_1_307' title='bbox 3300 1649 3381 1700; x_wconf 86' lang='lat' dir='ltr'><strong>vel</strong></span> <span class='ocrx_word' id='word_1_308' title='bbox 3419 1655 3631 1717; x_wconf 85' lang='lat' dir='ltr'><strong>potum,</strong></span> 
     </span>
    </p>
   </div>
   <div class='ocr_carea' id='block_1_46' title="bbox 2015 1738 3630 1808">
    <p class='ocr_par' dir='ltr' id='par_1_46' title="bbox 2015 1738 3630 1808">
     <span class='ocr_line' id='line_1_46' title="bbox 2015 1738 3630 1808; baseline 0 -17"><span class='ocrx_word' id='word_1_309' title='bbox 2015 1738 2364 1791; x_wconf 88' lang='lat' dir='ltr'><strong>delectationi</strong></span> <span class='ocrx_word' id='word_1_310' title='bbox 2401 1738 2648 1808; x_wconf 87' lang='lat' dir='ltr'><strong>corporis</strong></span> <span class='ocrx_word' id='word_1_311' title='bbox 2694 1754 2805 1791; x_wconf 57' lang='lat' dir='ltr'><strong>suae</strong></span> <span class='ocrx_word' id='word_1_312' title='bbox 2853 1739 3230 1804; x_wconf 86' lang='lat' dir='ltr'><strong>consentiens,</strong></span> <span class='ocrx_word' id='word_1_313' title='bbox 3280 1739 3534 1808; x_wconf 87' lang='lat' dir='ltr'><strong>sumpsit.</strong></span> <span class='ocrx_word' id='word_1_314' title='bbox 3575 1741 3630 1792; x_wconf 93' lang='lat' dir='ltr'><strong>In</strong></span> 
     </span>
    </p>
   </div>
   <div class='ocr_carea' id='block_1_47' title="bbox 2017 1830 3630 1901">
    <p class='ocr_par' dir='ltr' id='par_1_47' title="bbox 2017 1830 3630 1901">
     <span class='ocr_line' id='line_1_47' title="bbox 2017 1830 3630 1901; baseline 0.002 -19"><span class='ocrx_word' id='word_1_315' title='bbox 2017 1830 2243 1884; x_wconf 90' lang='lat' dir='ltr'><strong>mollitia</strong></span> <span class='ocrx_word' id='word_1_316' title='bbox 2273 1831 2525 1900; x_wconf 90' lang='lat' dir='ltr'><strong>plumarii</strong></span> <span class='ocrx_word' id='word_1_317' title='bbox 2563 1848 2670 1884; x_wconf 89' lang='lat' dir='ltr'><strong>non</strong></span> <span class='ocrx_word' id='word_1_318' title='bbox 2726 1831 3004 1896; x_wconf 84' lang='lat' dir='ltr'><strong>dormivit,</strong></span> <span class='ocrx_word' id='word_1_319' title='bbox 3037 1833 3135 1884; x_wconf 90' lang='lat' dir='ltr'><strong>sed</strong></span> <span class='ocrx_word' id='word_1_320' title='bbox 3176 1832 3410 1901; x_wconf 91' lang='lat' dir='ltr'><strong>psiathio</strong></span> <span class='ocrx_word' id='word_1_321' title='bbox 3441 1832 3546 1900; x_wconf 54' lang='lat'><strong>(‘2‘)</strong></span> <span class='ocrx_word' id='word_1_322' title='bbox 3575 1840 3630 1885; x_wconf 90' lang='lat' dir='ltr'><strong>et</strong></span> 
     </span>
    </p>
   </div>
   <div class='ocr_carea' id='block_1_48' title="bbox 2017 1925 3631 1997">
    <p class='ocr_par' dir='ltr' id='par_1_48' title="bbox 2017 1925 3631 1997">
     <span class='ocr_line' id='line_1_48' title="bbox 2017 1925 3631 1997; baseline 0.001 -20"><span class='ocrx_word' id='word_1_323' title='bbox 2017 1941 2148 1997; x_wconf 80' lang='lat' dir='ltr'><strong>sago</strong></span> <span class='ocrx_word' id='word_1_324' title='bbox 2179 1933 2269 1978; x_wconf 85' lang='lat' dir='ltr'><strong>aut</strong></span> <span class='ocrx_word' id='word_1_325' title='bbox 2301 1925 2518 1994; x_wconf 85' lang='lat' dir='ltr'><strong>tapetiis</strong></span> <span class='ocrx_word' id='word_1_326' title='bbox 2561 1926 2863 1995; x_wconf 84' lang='lat' dir='ltr'><strong>suppositis</strong></span> <span class='ocrx_word' id='word_1_327' title='bbox 2904 1926 3193 1996; x_wconf 83' lang='lat' dir='ltr'><strong>requievit.</strong></span> <span class='ocrx_word' id='word_1_328' title='bbox 3241 1927 3295 1979; x_wconf 90' lang='lat' dir='ltr'><strong>In</strong></span> <span class='ocrx_word' id='word_1_329' title='bbox 3329 1937 3490 1980; x_wconf 89' lang='lat' dir='ltr'><strong>nocte</strong></span> <span class='ocrx_word' id='word_1_330' title='bbox 3524 1927 3631 1996; x_wconf 91' lang='lat' dir='ltr'><strong>pri-</strong></span> 
     </span>
    </p>
   </div>
   <div class='ocr_carea' id='block_1_49' title="bbox 2019 2018 3629 2088">
    <p class='ocr_par' dir='ltr' id='par_1_49' title="bbox 2019 2018 3629 2088">
     <span class='ocr_line' id='line_1_49' title="bbox 2019 2018 3629 2088; baseline 0.002 -19"><span class='ocrx_word' id='word_1_331' title='bbox 2019 2034 2163 2070; x_wconf 91' lang='lat' dir='ltr'><strong>mum</strong></span> <span class='ocrx_word' id='word_1_332' title='bbox 2225 2025 2453 2070; x_wconf 88' lang='lat' dir='ltr'><strong>sonante</strong></span> <span class='ocrx_word' id='word_1_333' title='bbox 2485 2018 2644 2087; x_wconf 74' lang='lat' dir='ltr'><strong>signo</strong></span> <span class='ocrx_word' id='word_1_334' title='bbox 2697 2018 2951 2082; x_wconf 83' lang='lat' dir='ltr'><strong>surrexit,</strong></span> <span class='ocrx_word' id='word_1_335' title='bbox 2997 2025 3049 2072; x_wconf 88' lang='lat' dir='ltr'><strong>et</strong></span> <span class='ocrx_word' id='word_1_336' title='bbox 3092 2020 3381 2088; x_wconf 65' lang='lat' dir='ltr'><strong>praedictos</strong></span> <span class='ocrx_word' id='word_1_337' title='bbox 3437 2035 3629 2072; x_wconf 86' lang='lat' dir='ltr'><strong>cursus</strong></span> 
     </span>
    </p>
   </div>
   <div class='ocr_carea' id='block_1_50' title="bbox 2017 2109 2833 2180">
    <p class='ocr_par' dir='ltr' id='par_1_50' title="bbox 2017 2109 2833 2180">
     <span class='ocr_line' id='line_1_50' title="bbox 2017 2109 2833 2180; baseline 0.002 -18"><span class='ocrx_word' id='word_1_338' title='bbox 2017 2109 2248 2162; x_wconf 85' lang='lat' dir='ltr'><strong>maxima</strong></span> <span class='ocrx_word' id='word_1_339' title='bbox 2281 2110 2490 2164; x_wconf 87' lang='lat' dir='ltr'><strong>cautela</strong></span> <span class='ocrx_word' id='word_1_340' title='bbox 2521 2111 2833 2180; x_wconf 86' lang='lat' dir='ltr'><strong>complevit.</strong></span> 
     </span>
    </p>
   </div>
   <div class='ocr_carea' id='block_1_51' title="bbox 2090 2201 3628 2276">
    <p class='ocr_par' dir='ltr' id='par_1_51' title="bbox 2090 2201 3628 2276">
     <span class='ocr_line' id='line_1_51' title="bbox 2090 2201 3628 2276; baseline 0.001 -22"><span class='ocrx_word' id='word_1_341' title='bbox 2090 2201 2170 2254; x_wconf 81' lang='grc' dir='ltr'><strong>ιν.</strong></span> <span class='ocrx_word' id='word_1_342' title='bbox 2205 2202 2443 2271; x_wconf 90' lang='lat' dir='ltr'><strong>Tempus</strong></span> <span class='ocrx_word' id='word_1_343' title='bbox 2473 2218 2602 2257; x_wconf 91' lang='lat' dir='ltr'><strong>vero</strong></span> <span class='ocrx_word' id='word_1_344' title='bbox 2623 2203 3065 2276; x_wconf 69' lang='lat' dir='ltr'><strong>Quadragesimaz</strong></span> <span class='ocrx_word' id='word_1_345' title='bbox 3097 2210 3302 2272; x_wconf 81' lang='lat' dir='ltr'><strong>quanta</strong></span> <span class='ocrx_word' id='word_1_346' title='bbox 3333 2202 3628 2256; x_wconf 85' lang='lat' dir='ltr'><strong>devotione</strong></span> 
     </span>
    </p>
   </div>
   <div class='ocr_carea' id='block_1_52' title="bbox 2017 2290 3629 2354">
    <p class='ocr_par' dir='ltr' id='par_1_52' title="bbox 2017 2290 3629 2354">
     <span class='ocr_line' id='line_1_52' title="bbox 2017 2290 3629 2354; baseline -0.001 -11"><span class='ocrx_word' id='word_1_347' title='bbox 2017 2291 2336 2354; x_wconf 85' lang='lat' dir='ltr'><strong>celebraret,</strong></span> <span class='ocrx_word' id='word_1_348' title='bbox 2370 2307 2552 2345; x_wconf 87' lang='lat' dir='ltr'><strong>sermo</strong></span> <span class='ocrx_word' id='word_1_349' title='bbox 2595 2293 2724 2345; x_wconf 92' lang='lat' dir='ltr'><strong>mihi</strong></span> <span class='ocrx_word' id='word_1_350' title='bbox 2762 2308 2868 2346; x_wconf 91' lang='lat' dir='ltr'><strong>non</strong></span> <span class='ocrx_word' id='word_1_351' title='bbox 2912 2291 3113 2345; x_wconf 81' lang='lat' dir='ltr'><strong>sufficit</strong></span> <span class='ocrx_word' id='word_1_352' title='bbox 3150 2291 3217 2344; x_wconf 91' lang='lat' dir='ltr'><strong>ad</strong></span> <span class='ocrx_word' id='word_1_353' title='bbox 3261 2290 3629 2348; x_wconf 86' lang='lat' dir='ltr'><strong>narrandum:</strong></span> 
     </span>
    </p>
   </div>
   <div class='ocr_carea' id='block_1_53' title="bbox 2015 2383 3628 2456">
    <p class='ocr_par' dir='ltr' id='par_1_53' title="bbox 2015 2383 3628 2456">
     <span class='ocr_line' id='line_1_53' title="bbox 2015 2383 3628 2456; baseline 0.002 -21"><span class='ocrx_word' id='word_1_354' title='bbox 2015 2383 2108 2436; x_wconf 83' lang='lat' dir='ltr'><strong>sed</strong></span> <span class='ocrx_word' id='word_1_355' title='bbox 2144 2394 2321 2438; x_wconf 89' lang='lat' dir='ltr'><strong>tamen</strong></span> <span class='ocrx_word' id='word_1_356' title='bbox 2356 2401 2418 2438; x_wconf 88' lang='lat' dir='ltr'><strong>ea</strong></span> <span class='ocrx_word' id='word_1_357' title='bbox 2442 2402 2562 2456; x_wconf 80' lang='lat' dir='ltr'><strong>quae</strong></span> <span class='ocrx_word' id='word_1_358' title='bbox 2593 2386 2830 2439; x_wconf 87' lang='lat' dir='ltr'><strong>vidimus</strong></span> <span class='ocrx_word' id='word_1_359' title='bbox 2854 2402 2961 2439; x_wconf 91' lang='lat' dir='ltr'><strong>non</strong></span> <span class='ocrx_word' id='word_1_360' title='bbox 2986 2387 3145 2439; x_wconf 91' lang='lat' dir='ltr'><strong>decet</strong></span> <span class='ocrx_word' id='word_1_361' title='bbox 3177 2385 3337 2439; x_wconf 85' lang='lat' dir='ltr'><strong>nobis</strong></span> <span class='ocrx_word' id='word_1_362' title='bbox 3368 2386 3421 2438; x_wconf 94' lang='lat' dir='ltr'><strong>in</strong></span> <span class='ocrx_word' id='word_1_363' title='bbox 3456 2392 3628 2439; x_wconf 91' lang='lat' dir='ltr'><strong>totum</strong></span> 
     </span>
    </p>
   </div>
   <div class='ocr_carea' id='block_1_54' title="bbox 2015 2479 3626 2551">
    <p class='ocr_par' dir='ltr' id='par_1_54' title="bbox 2015 2479 3626 2551">
     <span class='ocr_line' id='line_1_54' title="bbox 2015 2479 3626 2551; baseline 0.001 -20"><span class='ocrx_word' id='word_1_364' title='bbox 2015 2479 2288 2533; x_wconf 89' lang='lat' dir='ltr'><strong>omittere.</strong></span> <span class='ocrx_word' id='word_1_365' title='bbox 2346 2479 2619 2534; x_wconf 85' lang='lat' dir='ltr'><strong>Matutinis</strong></span> <span class='ocrx_word' id='word_1_366' title='bbox 2674 2497 2911 2551; x_wconf 89' lang='lat' dir='ltr'><strong>namque</strong></span> <span class='ocrx_word' id='word_1_367' title='bbox 2941 2480 3197 2533; x_wconf 86' lang='lat' dir='ltr'><strong>laudibus</strong></span> <span class='ocrx_word' id='word_1_368' title='bbox 3245 2480 3497 2549; x_wconf 80' lang='lat' dir='ltr'><strong>expletis,</strong></span> <span class='ocrx_word' id='word_1_369' title='bbox 3528 2496 3626 2532; x_wconf 87' lang='lat' dir='ltr'><strong>au-</strong></span> 
     </span>
    </p>
   </div>
   <div class='ocr_carea' id='block_1_55' title="bbox 2015 2568 3625 2638">
    <p class='ocr_par' dir='ltr' id='par_1_55' title="bbox 2015 2568 3625 2638">
     <span class='ocr_line' id='line_1_55' title="bbox 2015 2568 3625 2638; baseline -0.002 -15"><span class='ocrx_word' id='word_1_370' title='bbox 2015 2585 2131 2623; x_wconf 92' lang='lat' dir='ltr'><strong>rora</strong></span> <span class='ocrx_word' id='word_1_371' title='bbox 2164 2568 2272 2621; x_wconf 89' lang='lat' dir='ltr'><strong>diei</strong></span> <span class='ocrx_word' id='word_1_372' title='bbox 2306 2569 2479 2637; x_wconf 86' lang='lat' dir='ltr'><strong>prima</strong></span> <span class='ocrx_word' id='word_1_373' title='bbox 2510 2569 2918 2632; x_wconf 83' lang='lat' dir='ltr'><strong>illuscescente,</strong></span> <span class='ocrx_word' id='word_1_374' title='bbox 2941 2569 3059 2622; x_wconf 81' lang='lat' dir='ltr'><strong>aliis</strong></span> <span class='ocrx_word' id='word_1_375' title='bbox 3083 2568 3625 2638; x_wconf 84' lang='lat' dir='ltr'><strong>orationibusexple-</strong></span> 
     </span>
    </p>
   </div>
   <div class='ocr_carea' id='block_1_56' title="bbox 2015 2641 3629 2728">
    <p class='ocr_par' dir='ltr' id='par_1_56' title="bbox 2015 2641 3629 2728">
     <span class='ocr_line' id='line_1_56' title="bbox 2015 2641 3629 2728; baseline -0.001 -17"><span class='ocrx_word' id='word_1_376' title='bbox 2015 2658 2081 2711; x_wconf 89' lang='lat' dir='ltr'><strong>tis</strong></span> <span class='ocrx_word' id='word_1_377' title='bbox 2115 2657 2345 2726; x_wconf 85' lang='lat' dir='ltr'><strong>psallere</strong></span> <span class='ocrx_word' id='word_1_378' title='bbox 2379 2656 2693 2726; x_wconf 82' lang='lat' dir='ltr'><strong>psalterium</strong></span> <span class='ocrx_word' id='word_1_379' title='bbox 2726 2658 2916 2728; x_wconf 65' lang='lat' dir='ltr'><strong>coepit,</strong></span> <span class='ocrx_word' id='word_1_380' title='bbox 2959 2672 3066 2727; x_wconf 90' lang='lat' dir='ltr'><strong>quo</strong></span> <span class='ocrx_word' id='word_1_381' title='bbox 3097 2658 3316 2726; x_wconf 85' lang='lat' dir='ltr'><strong>expleto</strong></span> <span class='ocrx_word' id='word_1_382' title='bbox 3343 2664 3394 2711; x_wconf 86' lang='lat' dir='ltr'><strong>et</strong></span> <span class='ocrx_word' id='word_1_383' title='bbox 3429 2641 3629 2711; x_wconf 76' lang='lat' dir='ltr'><strong>letania</strong></span> 
     </span>
    </p>
   </div>
   <div class='ocr_carea' id='block_1_57' title="bbox 2018 2747 3629 2819">
    <p class='ocr_par' dir='ltr' id='par_1_57' title="bbox 2018 2747 3629 2819">
     <span class='ocr_line' id='line_1_57' title="bbox 2018 2747 3629 2819; baseline 0 -18"><span class='ocrx_word' id='word_1_384' title='bbox 2018 2747 2252 2817; x_wconf 85' lang='lat' dir='ltr'><strong>explela,</strong></span> <span class='ocrx_word' id='word_1_385' title='bbox 2303 2748 2424 2801; x_wconf 88' lang='lat' dir='ltr'><strong>aliis</strong></span> <span class='ocrx_word' id='word_1_386' title='bbox 2462 2748 2808 2802; x_wconf 89' lang='lat' dir='ltr'><strong>orationibus</strong></span> <span class='ocrx_word' id='word_1_387' title='bbox 2838 2748 3064 2802; x_wconf 87' lang='lat' dir='ltr'><strong>firmiter</strong></span> <span class='ocrx_word' id='word_1_388' title='bbox 3103 2748 3414 2813; x_wconf 87' lang='lat' dir='ltr'><strong>insistebat,</strong></span> <span class='ocrx_word' id='word_1_389' title='bbox 3456 2765 3629 2819; x_wconf 90' lang='lat' dir='ltr'><strong>usque</strong></span> 
     </span>
    </p>
   </div>
   <div class='ocr_carea' id='block_1_58' title="bbox 2019 2840 3630 2914">
    <p class='ocr_par' dir='ltr' id='par_1_58' title="bbox 2019 2840 3630 2914">
     <span class='ocr_line' id='line_1_58' title="bbox 2019 2840 3630 2914; baseline 0.001 -23"><span class='ocrx_word' id='word_1_390' title='bbox 2019 2840 2146 2892; x_wconf 89' lang='lat' dir='ltr'><strong>dum</strong></span> <span class='ocrx_word' id='word_1_391' title='bbox 2179 2840 2395 2912; x_wconf 79' lang='lat' dir='ltr'><strong>signum</strong></span> <span class='ocrx_word' id='word_1_392' title='bbox 2455 2840 2520 2892; x_wconf 89' lang='lat' dir='ltr'><strong>ad</strong></span> <span class='ocrx_word' id='word_1_393' title='bbox 2552 2840 2766 2914; x_wconf 76' lang='lat' dir='ltr'><strong>vigilias</strong></span> <span class='ocrx_word' id='word_1_394' title='bbox 2819 2840 3203 2895; x_wconf 84' lang='lat' dir='ltr'><strong>defunctorum</strong></span> <span class='ocrx_word' id='word_1_395' title='bbox 3250 2848 3486 2903; x_wconf 87' lang='lat' dir='ltr'><strong>sonaret,</strong></span> <span class='ocrx_word' id='word_1_396' title='bbox 3518 2856 3630 2910; x_wconf 89' lang='lat' dir='ltr'><strong>quo</strong></span> 
     </span>
    </p>
   </div>
   <div class='ocr_carea' id='block_1_59' title="bbox 2018 2932 3628 3005">
    <p class='ocr_par' dir='ltr' id='par_1_59' title="bbox 2018 2932 3628 3005">
     <span class='ocr_line' id='line_1_59' title="bbox 2018 2932 3628 3005; baseline -0.001 -20"><span class='ocrx_word' id='word_1_397' title='bbox 2018 2932 2205 2986; x_wconf 90' lang='lat' dir='ltr'><strong>audito</strong></span> <span class='ocrx_word' id='word_1_398' title='bbox 2257 2932 2437 2985; x_wconf 82' lang='lat' dir='ltr'><strong>statim</strong></span> <span class='ocrx_word' id='word_1_399' title='bbox 2497 2932 2752 3000; x_wconf 83' lang='lat' dir='ltr'><strong>surrexit,</strong></span> <span class='ocrx_word' id='word_1_400' title='bbox 2805 2940 2856 2986; x_wconf 90' lang='lat' dir='ltr'><strong>et</strong></span> <span class='ocrx_word' id='word_1_401' title='bbox 2912 2949 3032 2986; x_wconf 91' lang='lat' dir='ltr'><strong>cum</strong></span> <span class='ocrx_word' id='word_1_402' title='bbox 3087 2933 3341 2986; x_wconf 85' lang='lat' dir='ltr'><strong>fratribus</strong></span> <span class='ocrx_word' id='word_1_403' title='bbox 3382 2932 3628 3005; x_wconf 81' lang='lat' dir='ltr'><strong>Vigiliam</strong></span> 
     </span>
    </p>
   </div>
   <div class='ocr_carea' id='block_1_60' title="bbox 2019 3023 3632 3095">
    <p class='ocr_par' dir='ltr' id='par_1_60' title="bbox 2019 3023 3632 3095">
     <span class='ocr_line' id='line_1_60' title="bbox 2019 3023 3632 3095; baseline 0 -18"><span class='ocrx_word' id='word_1_404' title='bbox 2019 3023 2320 3077; x_wconf 87' lang='lat' dir='ltr'><strong>celebravit</strong></span> <span class='ocrx_word' id='word_1_405' title='bbox 2351 3030 2404 3076; x_wconf 92' lang='lat' dir='ltr'><strong>et</strong></span> <span class='ocrx_word' id='word_1_406' title='bbox 2436 3025 2698 3087; x_wconf 86' lang='lat' dir='ltr'><strong>Primam;</strong></span> <span class='ocrx_word' id='word_1_407' title='bbox 2733 3024 2912 3078; x_wconf 88' lang='lat' dir='ltr'><strong>Prima</strong></span> <span class='ocrx_word' id='word_1_408' title='bbox 2947 3041 3074 3080; x_wconf 88' lang='lat' dir='ltr'><strong>vero</strong></span> <span class='ocrx_word' id='word_1_409' title='bbox 3109 3027 3344 3095; x_wconf 83' lang='lat' dir='ltr'><strong>expleta.</strong></span> <span class='ocrx_word' id='word_1_410' title='bbox 3374 3025 3632 3078; x_wconf 84' lang='lat' dir='ltr'><strong>fratribus</strong></span> 
     </span>
    </p>
   </div>
   <div class='ocr_carea' id='block_1_61' title="bbox 297 3095 3631 3205">
    <p class='ocr_par' dir='ltr' id='par_1_61' title="bbox 297 3095 3631 3205">
     <span class='ocr_line' id='line_1_61' title="bbox 297 3095 3631 3205; baseline 0.006 -57"><span class='ocrx_word' id='word_1_411' title='bbox 297 3095 442 3148; x_wconf 89' lang='lat' dir='ltr'><strong>libus</strong></span> <span class='ocrx_word' id='word_1_412' title='bbox 472 3097 612 3148; x_wconf 83' lang='lat' dir='ltr'><strong>escis</strong></span> <span class='ocrx_word' id='word_1_413' title='bbox 661 3097 1010 3150; x_wconf 88' lang='lat' dir='ltr'><strong>abundanter</strong></span> <span class='ocrx_word' id='word_1_414' title='bbox 1049 3101 1334 3165; x_wconf 86' lang='lat' dir='ltr'><strong>recreavit,</strong></span> <span class='ocrx_word' id='word_1_415' title='bbox 1384 3113 1440 3155; x_wconf 88' lang='lat' dir='ltr'><strong>et</strong></span> <span class='ocrx_word' id='word_1_416' title='bbox 1471 3119 1591 3155; x_wconf 88' lang='lat' dir='ltr'><strong>eum</strong></span> <span class='ocrx_word' id='word_1_417' title='bbox 1652 3105 1742 3158; x_wconf 92' lang='lat' dir='ltr'><strong>illo</strong></span> <span class='ocrx_word' id='word_1_418' title='bbox 1800 3122 1908 3157; x_wconf 89' lang='lat' dir='ltr'><strong>ma-</strong></span> <span class='ocrx_word' id='word_1_419' title='bbox 1933 3141 1979 3205; x_wconf 63' lang='grc' dir='ltr'><strong>(η</strong></span> <span class='ocrx_word' id='word_1_420' title='bbox 2008 3112 2171 3164; x_wconf 91' lang='lat' dir='ltr'><strong>solito</strong></span> <span class='ocrx_word' id='word_1_421' title='bbox 2214 3127 2366 3165; x_wconf 91' lang='lat' dir='ltr'><strong>more</strong></span> <span class='ocrx_word' id='word_1_422' title='bbox 2396 3128 2614 3165; x_wconf 90' lang='lat' dir='ltr'><strong>crucem</strong></span> <span class='ocrx_word' id='word_1_423' title='bbox 2664 3113 3032 3182; x_wconf 84' lang='lat' dir='ltr'><strong>portantibus,</strong></span> <span class='ocrx_word' id='word_1_424' title='bbox 3088 3113 3209 3184; x_wconf 89' lang='lat' dir='ltr'><strong>ipse</strong></span> <span class='ocrx_word' id='word_1_425' title='bbox 3237 3129 3526 3167; x_wconf 88' lang='lat' dir='ltr'><strong>remanens</strong></span> <span class='ocrx_word' id='word_1_426' title='bbox 3580 3112 3631 3165; x_wconf 89' lang='lat' dir='ltr'><strong>in</strong></span> 
     </span>
     <span class='ocr_line' id='line_1_62' title="bbox 347 3183 3600 3205; baseline 0 0"><span class='ocrx_word' id='word_1_427' title='bbox 347 3204 351 3205; x_wconf 38' lang='grc' dir='ltr'><em>ν</em></span> <span class='ocrx_word' id='word_1_428' title='bbox 413 3204 416 3205; x_wconf 66' lang='lat'>,</span> <span class='ocrx_word' id='word_1_429' title='bbox 499 3204 502 3205; x_wconf 66' lang='lat'>,</span> <span class='ocrx_word' id='word_1_430' title='bbox 718 3189 748 3205; x_wconf 77' lang='grc' dir='ltr'><strong>ι.</strong></span> <span class='ocrx_word' id='word_1_431' title='bbox 984 3190 1014 3205; x_wconf 77' lang='lat' dir='ltr'><strong>I&#39;</strong></span> <span class='ocrx_word' id='word_1_432' title='bbox 1427 3194 1436 3205; x_wconf 82' lang='grc'><strong>1</strong></span> <span class='ocrx_word' id='word_1_433' title='bbox 1586 3196 1614 3205; x_wconf 34' lang='grc' dir='ltr'><strong>Α.</strong></span> <span class='ocrx_word' id='word_1_434' title='bbox 1834 3196 1842 3205; x_wconf 86' lang='grc'><em>.</em></span> <span class='ocrx_word' id='word_1_435' title='bbox 1970 3183 1980 3202; x_wconf 66' lang='grc' dir='ltr'><em>Α</em></span> <span class='ocrx_word' id='word_1_436' title='bbox 3596 3204 3600 3205; x_wconf 64' lang='lat'><strong><em>,</em></strong></span> 
     </span>
    </p>
   </div>
   <div class='ocr_carea' id='block_1_62' title="bbox 297 3183 3638 3276">
    <p class='ocr_par' dir='ltr' id='par_1_62' title="bbox 297 3183 3638 3276">
     <span class='ocr_line' id='line_1_63' title="bbox 297 3183 3638 3276; baseline 0.005 -37"><span class='ocrx_word' id='word_1_437' title='bbox 297 3204 427 3240; x_wconf 87' lang='lat' dir='ltr'><strong>uere</strong></span> <span class='ocrx_word' id='word_1_438' title='bbox 484 3189 753 3242; x_wconf 86' lang='lat' dir='ltr'><strong>concessit</strong></span> <span class='ocrx_word' id='word_1_439' title='bbox 812 3190 1057 3259; x_wconf 91' lang='lat' dir='ltr'><strong>quandiu</strong></span> <span class='ocrx_word' id='word_1_440' title='bbox 1107 3208 1298 3245; x_wconf 88' lang='lat' dir='ltr'><strong>eorum</strong></span> <span class='ocrx_word' id='word_1_441' title='bbox 1354 3194 1616 3248; x_wconf 90' lang='lat' dir='ltr'><strong>voluntati</strong></span> <span class='ocrx_word' id='word_1_442' title='bbox 1666 3196 1910 3265; x_wconf 90' lang='lat' dir='ltr'><strong>compla-</strong></span> <span class='ocrx_word' id='word_1_443' title='bbox 1934 3183 1980 3205; x_wconf 53' lang='grc' dir='ltr'>υ</span> <span class='ocrx_word' id='word_1_444' title='bbox 2010 3205 2244 3257; x_wconf 84' lang='lat' dir='ltr'><strong>ecclesia</strong></span> <span class='ocrx_word' id='word_1_445' title='bbox 2276 3205 2588 3259; x_wconf 87' lang='lat' dir='ltr'><strong>codiculum</strong></span> <span class='ocrx_word' id='word_1_446' title='bbox 2635 3205 2940 3260; x_wconf 85' lang='lat' dir='ltr'><strong>breviatum</strong></span> <span class='ocrx_word' id='word_1_447' title='bbox 2977 3223 3040 3260; x_wconf 90' lang='lat' dir='ltr'><strong>ex</strong></span> <span class='ocrx_word' id='word_1_448' title='bbox 3084 3207 3311 3276; x_wconf 88' lang='lat' dir='ltr'><strong>psalmis</strong></span> <span class='ocrx_word' id='word_1_449' title='bbox 3354 3222 3475 3261; x_wconf 90' lang='lat' dir='ltr'><strong>cum</strong></span> <span class='ocrx_word' id='word_1_450' title='bbox 3516 3204 3638 3259; x_wconf 88' lang='lat' dir='ltr'><strong>aliis</strong></span> 
     </span>
    </p>
   </div>
   <div class='ocr_carea' id='block_1_63' title="bbox 289 3280 1906 3351">
    <p class='ocr_par' dir='ltr' id='par_1_63' title="bbox 289 3280 1906 3351">
     <span class='ocr_line' id='line_1_64' title="bbox 289 3280 1906 3351; baseline 0.007 -19"><span class='ocrx_word' id='word_1_451' title='bbox 289 3280 417 3338; x_wconf 86' lang='lat' dir='ltr'><strong>cuit,</strong></span> <span class='ocrx_word' id='word_1_452' title='bbox 457 3287 508 3331; x_wconf 88' lang='lat' dir='ltr'><strong>et</strong></span> <span class='ocrx_word' id='word_1_453' title='bbox 553 3296 796 3351; x_wconf 75' lang='lat' dir='ltr'><strong>congruo</strong></span> <span class='ocrx_word' id='word_1_454' title='bbox 838 3289 1085 3351; x_wconf 90' lang='lat' dir='ltr'><strong>tempore</strong></span> <span class='ocrx_word' id='word_1_455' title='bbox 1119 3283 1172 3336; x_wconf 93' lang='lat' dir='ltr'><strong>in</strong></span> <span class='ocrx_word' id='word_1_456' title='bbox 1228 3285 1485 3338; x_wconf 90' lang='lat' dir='ltr'><strong>omnibus</strong></span> <span class='ocrx_word' id='word_1_457' title='bbox 1542 3287 1797 3343; x_wconf 89' lang='lat' dir='ltr'><strong>hilaratos</strong></span> <span class='ocrx_word' id='word_1_458' title='bbox 1830 3290 1906 3343; x_wconf 90' lang='lat' dir='ltr'><strong>ire</strong></span> 
     </span>
    </p>
   </div>
   <div class='ocr_carea' id='block_1_64' title="bbox 289 3368 1909 3440">
    <p class='ocr_par' dir='ltr' id='par_1_64' title="bbox 289 3368 1909 3440">
     <span class='ocr_line' id='line_1_65' title="bbox 289 3368 1909 3440; baseline 0.009 -23"><span class='ocrx_word' id='word_1_459' title='bbox 289 3368 516 3421; x_wconf 86' lang='lat' dir='ltr'><strong>dimisit.</strong></span> <span class='ocrx_word' id='word_1_460' title='bbox 557 3369 795 3421; x_wconf 80' lang='lat' dir='ltr'><strong>Cleric0s</strong></span> <span class='ocrx_word' id='word_1_461' title='bbox 836 3378 1014 3422; x_wconf 79' lang='lat' dir='ltr'><strong>autent</strong></span> <span class='ocrx_word' id='word_1_462' title='bbox 1040 3386 1169 3425; x_wconf 86' lang='lat' dir='ltr'><strong>suos</strong></span> <span class='ocrx_word' id='word_1_463' title='bbox 1210 3389 1272 3424; x_wconf 85' lang='lat' dir='ltr'><strong>ex</strong></span> <span class='ocrx_word' id='word_1_464' title='bbox 1333 3373 1558 3440; x_wconf 87' lang='lat' dir='ltr'><strong>familia,</strong></span> <span class='ocrx_word' id='word_1_465' title='bbox 1592 3376 1674 3428; x_wconf 91' lang='lat' dir='ltr'><strong>vel</strong></span> <span class='ocrx_word' id='word_1_466' title='bbox 1707 3376 1909 3431; x_wconf 87' lang='lat' dir='ltr'><strong>liberos</strong></span> 
     </span>
    </p>
   </div>
   <div class='ocr_carea' id='block_1_65' title="bbox 293 3457 1908 3536">
    <p class='ocr_par' dir='ltr' id='par_1_65' title="bbox 293 3457 1908 3536">
     <span class='ocr_line' id='line_1_66' title="bbox 293 3457 1908 3536; baseline 0.007 -28"><span class='ocrx_word' id='word_1_467' title='bbox 293 3457 601 3511; x_wconf 83' lang='lat' dir='ltr'><strong>mediocres</strong></span> <span class='ocrx_word' id='word_1_468' title='bbox 639 3458 722 3510; x_wconf 88' lang='lat' dir='ltr'><strong>vel</strong></span> <span class='ocrx_word' id='word_1_469' title='bbox 766 3459 1086 3524; x_wconf 85' lang='lat' dir='ltr'><strong>nobiliores,</strong></span> <span class='ocrx_word' id='word_1_470' title='bbox 1129 3478 1341 3516; x_wconf 93' lang='lat' dir='ltr'><strong>summa</strong></span> <span class='ocrx_word' id='word_1_471' title='bbox 1385 3464 1667 3536; x_wconf 82' lang='lat' dir='ltr'><strong>diligentia</strong></span> <span class='ocrx_word' id='word_1_472' title='bbox 1702 3467 1908 3519; x_wconf 88' lang='lat' dir='ltr'><strong>nutrire</strong></span> 
     </span>
    </p>
   </div>
   <div class='ocr_carea' id='block_1_66' title="bbox 297 3547 1909 3623">
    <p class='ocr_par' dir='ltr' id='par_1_66' title="bbox 297 3547 1909 3623">
     <span class='ocr_line' id='line_1_67' title="bbox 297 3547 1909 3623; baseline 0.008 -25"><span class='ocrx_word' id='word_1_473' title='bbox 297 3554 350 3598; x_wconf 88' lang='lat' dir='ltr'><strong>et</strong></span> <span class='ocrx_word' id='word_1_474' title='bbox 393 3547 594 3599; x_wconf 85' lang='lat' dir='ltr'><strong>docere</strong></span> <span class='ocrx_word' id='word_1_475' title='bbox 647 3550 930 3617; x_wconf 61' lang='lat' dir='ltr'><strong>prarcepit,</strong></span> <span class='ocrx_word' id='word_1_476' title='bbox 986 3558 1038 3603; x_wconf 92' lang='lat' dir='ltr'><strong>et</strong></span> <span class='ocrx_word' id='word_1_477' title='bbox 1078 3568 1458 3623; x_wconf 85' lang='lat' dir='ltr'><strong>quoscumque</strong></span> <span class='ocrx_word' id='word_1_478' title='bbox 1505 3555 1648 3608; x_wconf 89' lang='lat' dir='ltr'><strong>inter</strong></span> <span class='ocrx_word' id='word_1_479' title='bbox 1687 3573 1782 3610; x_wconf 91' lang='lat' dir='ltr'><strong>eos</strong></span> <span class='ocrx_word' id='word_1_480' title='bbox 1819 3557 1909 3611; x_wconf 91' lang='lat' dir='ltr'><strong>ho-</strong></span> 
     </span>
    </p>
   </div>
   <div class='ocr_carea' id='block_1_67' title="bbox 297 3643 1908 3724">
    <p class='ocr_par' dir='ltr' id='par_1_67' title="bbox 297 3643 1908 3724">
     <span class='ocr_line' id='line_1_68' title="bbox 297 3643 1908 3724; baseline 0.009 -30"><span class='ocrx_word' id='word_1_481' title='bbox 297 3659 432 3696; x_wconf 90' lang='lat' dir='ltr'><strong>nore</strong></span> <span class='ocrx_word' id='word_1_482' title='bbox 463 3643 661 3713; x_wconf 77' lang='lat' dir='ltr'><strong>dignos</strong></span> <span class='ocrx_word' id='word_1_483' title='bbox 701 3647 978 3718; x_wconf 74' lang='lat' dir='ltr'><strong>cegnovit,</strong></span> <span class='ocrx_word' id='word_1_484' title='bbox 1010 3649 1331 3702; x_wconf 89' lang='lat' dir='ltr'><strong>ministeriis</strong></span> <span class='ocrx_word' id='word_1_485' title='bbox 1359 3659 1413 3705; x_wconf 92' lang='lat' dir='ltr'><strong>et</strong></span> <span class='ocrx_word' id='word_1_486' title='bbox 1451 3654 1710 3724; x_wconf 74' lang='lat' dir='ltr'><strong>congruis</strong></span> <span class='ocrx_word' id='word_1_487' title='bbox 1735 3654 1908 3708; x_wconf 84' lang='lat' dir='ltr'><strong>bene-</strong></span> 
     </span>
    </p>
   </div>
   <div class='ocr_carea' id='block_1_68' title="bbox 299 3734 1908 3802">
    <p class='ocr_par' dir='ltr' id='par_1_68' title="bbox 299 3734 1908 3802">
     <span class='ocr_line' id='line_1_69' title="bbox 299 3734 1908 3802; baseline 0.008 -15"><span class='ocrx_word' id='word_1_488' title='bbox 299 3734 439 3787; x_wconf 87' lang='lat' dir='ltr'><strong>ficiis</strong></span> <span class='ocrx_word' id='word_1_489' title='bbox 493 3735 721 3790; x_wconf 88' lang='lat' dir='ltr'><strong>ditiores</strong></span> <span class='ocrx_word' id='word_1_490' title='bbox 768 3737 914 3791; x_wconf 87' lang='lat' dir='ltr'><strong>fecit.</strong></span> <span class='ocrx_word' id='word_1_491' title='bbox 961 3739 1100 3794; x_wconf 82' lang='lat' dir='ltr'><strong>Laici</strong></span> <span class='ocrx_word' id='word_1_492' title='bbox 1157 3751 1335 3795; x_wconf 89' lang='lat' dir='ltr'><strong>autem</strong></span> <span class='ocrx_word' id='word_1_493' title='bbox 1377 3759 1490 3797; x_wconf 61' lang='lat' dir='ltr'><strong>sua!</strong></span> <span class='ocrx_word' id='word_1_494' title='bbox 1547 3745 1908 3802; x_wconf 85' lang='lat' dir='ltr'><strong>dominationi</strong></span> 
     </span>
    </p>
   </div>
   <div class='ocr_carea' id='block_1_69' title="bbox 293 3827 1911 3900">
    <p class='ocr_par' dir='ltr' id='par_1_69' title="bbox 293 3827 1911 3900">
     <span class='ocr_line' id='line_1_70' title="bbox 293 3827 1911 3900; baseline 0.008 -20"><span class='ocrx_word' id='word_1_495' title='bbox 293 3827 549 3892; x_wconf 84' lang='lat' dir='ltr'><strong>subjecti,</strong></span> <span class='ocrx_word' id='word_1_496' title='bbox 604 3847 822 3900; x_wconf 86' lang='lat' dir='ltr'><strong>semper</strong></span> <span class='ocrx_word' id='word_1_497' title='bbox 871 3848 991 3885; x_wconf 89' lang='lat' dir='ltr'><strong>cum</strong></span> <span class='ocrx_word' id='word_1_498' title='bbox 1037 3849 1102 3886; x_wconf 94' lang='lat' dir='ltr'><strong>eo</strong></span> <span class='ocrx_word' id='word_1_499' title='bbox 1157 3835 1303 3887; x_wconf 91' lang='lat' dir='ltr'><strong>omni</strong></span> <span class='ocrx_word' id='word_1_500' title='bbox 1359 3835 1564 3888; x_wconf 84' lang='lat' dir='ltr'><strong>honore</strong></span> <span class='ocrx_word' id='word_1_501' title='bbox 1619 3845 1670 3890; x_wconf 87' lang='lat' dir='ltr'><strong>et</strong></span> <span class='ocrx_word' id='word_1_502' title='bbox 1726 3839 1911 3894; x_wconf 43' lang='lat' dir='ltr'><strong>laetitia</strong></span> 
     </span>
    </p>
   </div>
   <div class='ocr_carea' id='block_1_70' title="bbox 289 3919 1904 3994">
    <p class='ocr_par' dir='ltr' id='par_1_70' title="bbox 289 3919 1904 3994">
     <span class='ocr_line' id='line_1_71' title="bbox 289 3919 1904 3994; baseline 0.008 -23"><span class='ocrx_word' id='word_1_503' title='bbox 289 3919 792 3986; x_wconf 88' lang='lat' dir='ltr'><strong>commorabantur,</strong></span> <span class='ocrx_word' id='word_1_504' title='bbox 826 3922 1028 3975; x_wconf 91' lang='lat' dir='ltr'><strong>nullam</strong></span> <span class='ocrx_word' id='word_1_505' title='bbox 1063 3925 1406 3994; x_wconf 87' lang='lat' dir='ltr'><strong>deceptionis</strong></span> <span class='ocrx_word' id='word_1_506' title='bbox 1433 3927 1677 3981; x_wconf 88' lang='lat' dir='ltr'><strong>fraudem</strong></span> <span class='ocrx_word' id='word_1_507' title='bbox 1710 3930 1778 3982; x_wconf 90' lang='lat' dir='ltr'><strong>ab</strong></span> <span class='ocrx_word' id='word_1_508' title='bbox 1812 3931 1904 3984; x_wconf 92' lang='lat' dir='ltr'><strong>illo</strong></span> 
     </span>
    </p>
   </div>
   <div class='ocr_carea' id='block_1_71' title="bbox 292 4009 1904 4089">
    <p class='ocr_par' dir='ltr' id='par_1_71' title="bbox 292 4009 1904 4089">
     <span class='ocr_line' id='line_1_72' title="bbox 292 4009 1904 4089; baseline 0.008 -26"><span class='ocrx_word' id='word_1_509' title='bbox 292 4009 410 4063; x_wconf 85' lang='lat' dir='ltr'><strong>fieri</strong></span> <span class='ocrx_word' id='word_1_510' title='bbox 468 4011 744 4074; x_wconf 88' lang='lat' dir='ltr'><strong>timentes,</strong></span> <span class='ocrx_word' id='word_1_511' title='bbox 786 4013 880 4064; x_wconf 90' lang='lat' dir='ltr'><strong>sed</strong></span> <span class='ocrx_word' id='word_1_512' title='bbox 930 4013 1156 4068; x_wconf 90' lang='lat' dir='ltr'><strong>firmiter</strong></span> <span class='ocrx_word' id='word_1_513' title='bbox 1203 4017 1494 4071; x_wconf 86' lang='lat' dir='ltr'><strong>credentes</strong></span> <span class='ocrx_word' id='word_1_514' title='bbox 1542 4028 1704 4089; x_wconf 77' lang='lat' dir='ltr'><strong>atque.</strong></span> <span class='ocrx_word' id='word_1_515' title='bbox 1757 4030 1904 4076; x_wconf 87' lang='lat' dir='ltr'><strong>certe</strong></span> 
     </span>
    </p>
   </div>
   <div class='ocr_carea' id='block_1_72' title="bbox 291 4103 1907 4177">
    <p class='ocr_par' dir='ltr' id='par_1_72' title="bbox 291 4103 1907 4177">
     <span class='ocr_line' id='line_1_73' title="bbox 291 4103 1907 4177; baseline 0.009 -23"><span class='ocrx_word' id='word_1_516' title='bbox 291 4103 532 4155; x_wconf 86' lang='lat' dir='ltr'><strong>scientes</strong></span> <span class='ocrx_word' id='word_1_517' title='bbox 559 4103 741 4172; x_wconf 65' lang='lat' dir='ltr'><strong>[quod]</strong></span> <span class='ocrx_word' id='word_1_518' title='bbox 765 4104 1029 4174; x_wconf 86' lang='lat' dir='ltr'><strong>quidquid</strong></span> <span class='ocrx_word' id='word_1_519' title='bbox 1064 4107 1144 4159; x_wconf 89' lang='lat' dir='ltr'><strong>eis</strong></span> <span class='ocrx_word' id='word_1_520' title='bbox 1172 4109 1515 4177; x_wconf 77' lang='lat' dir='ltr'><strong>promiserat,</strong></span> <span class='ocrx_word' id='word_1_521' title='bbox 1545 4111 1645 4165; x_wconf 92' lang='lat' dir='ltr'><strong>hoc</strong></span> <span class='ocrx_word' id='word_1_522' title='bbox 1681 4113 1907 4169; x_wconf 88' lang='lat' dir='ltr'><strong>Domino</strong></span> 
     </span>
    </p>
   </div>
   <div class='ocr_carea' id='block_1_73' title="bbox 294 4195 1906 4265">
    <p class='ocr_par' dir='ltr' id='par_1_73' title="bbox 294 4195 1906 4265">
     <span class='ocr_line' id='line_1_74' title="bbox 294 4195 1906 4265; baseline 0.008 -21"><span class='ocrx_word' id='word_1_523' title='bbox 294 4201 573 4245; x_wconf 89' lang='lat' dir='ltr'><strong>annuente</strong></span> <span class='ocrx_word' id='word_1_524' title='bbox 615 4195 1008 4261; x_wconf 89' lang='lat' dir='ltr'><strong>compendiose</strong></span> <span class='ocrx_word' id='word_1_525' title='bbox 1029 4197 1354 4265; x_wconf 61' lang='lat' dir='ltr'><strong>perfecerat.</strong></span> <span class='ocrx_word' id='word_1_526' title='bbox 1389 4201 1460 4254; x_wconf 91' lang='lat' dir='ltr'><strong>De</strong></span> <span class='ocrx_word' id='word_1_527' title='bbox 1495 4202 1697 4256; x_wconf 89' lang='lat' dir='ltr'><strong>familia</strong></span> <span class='ocrx_word' id='word_1_528' title='bbox 1729 4212 1906 4257; x_wconf 79' lang='lat' dir='ltr'><strong>autem</strong></span> 
     </span>
    </p>
   </div>
   <div class='ocr_carea' id='block_1_74' title="bbox 295 4281 1910 4353">
    <p class='ocr_par' dir='ltr' id='par_1_74' title="bbox 295 4281 1910 4353">
     <span class='ocr_line' id='line_1_75' title="bbox 295 4281 1910 4353; baseline 0.011 -23"><span class='ocrx_word' id='word_1_529' title='bbox 295 4281 344 4333; x_wconf 77' lang='lat' dir='ltr'><strong>ei</strong></span> <span class='ocrx_word' id='word_1_530' title='bbox 379 4282 666 4334; x_wconf 86' lang='lat' dir='ltr'><strong>commissa</strong></span> <span class='ocrx_word' id='word_1_531' title='bbox 711 4282 1045 4353; x_wconf 86' lang='lat' dir='ltr'><strong>quicumque</strong></span> <span class='ocrx_word' id='word_1_532' title='bbox 1079 4293 1202 4338; x_wconf 89' lang='lat' dir='ltr'><strong>ante</strong></span> <span class='ocrx_word' id='word_1_533' title='bbox 1245 4303 1367 4341; x_wconf 91' lang='lat' dir='ltr'><strong>eum</strong></span> <span class='ocrx_word' id='word_1_534' title='bbox 1403 4299 1626 4344; x_wconf 89' lang='lat' dir='ltr'><strong>venerat</strong></span> <span class='ocrx_word' id='word_1_535' title='bbox 1648 4309 1705 4344; x_wconf 90' lang='lat' dir='ltr'><strong>sc</strong></span> <span class='ocrx_word' id='word_1_536' title='bbox 1729 4295 1910 4347; x_wconf 85' lang='lat' dir='ltr'><strong>excla-</strong></span> 
     </span>
    </p>
   </div>
   <div class='ocr_carea' id='block_1_75' title="bbox 302 4368 1913 4448">
    <p class='ocr_par' dir='ltr' id='par_1_75' title="bbox 302 4368 1913 4448">
     <span class='ocr_line' id='line_1_76' title="bbox 302 4368 1913 4448; baseline 0.01 -29"><span class='ocrx_word' id='word_1_537' title='bbox 302 4368 502 4421; x_wconf 88' lang='lat' dir='ltr'><strong>mando</strong></span> <span class='ocrx_word' id='word_1_538' title='bbox 538 4368 739 4434; x_wconf 86' lang='lat' dir='ltr'><strong>injuste</strong></span> <span class='ocrx_word' id='word_1_539' title='bbox 769 4386 890 4422; x_wconf 83' lang='lat' dir='ltr'><strong>esse</strong></span> <span class='ocrx_word' id='word_1_540' title='bbox 924 4385 1246 4440; x_wconf 84' lang='lat' dir='ltr'><strong>oppressum</strong></span> <span class='ocrx_word' id='word_1_541' title='bbox 1291 4377 1371 4429; x_wconf 88' lang='lat' dir='ltr'><strong>vel</strong></span> <span class='ocrx_word' id='word_1_542' title='bbox 1403 4381 1788 4448; x_wconf 87' lang='lat' dir='ltr'><strong>exspoliatum,</strong></span> <span class='ocrx_word' id='word_1_543' title='bbox 1822 4390 1913 4435; x_wconf 89' lang='lat' dir='ltr'><strong>aut</strong></span> 
     </span>
    </p>
   </div>
   <div class='ocr_carea' id='block_1_76' title="bbox 298 4457 1910 4536">
    <p class='ocr_par' dir='ltr' id='par_1_76' title="bbox 298 4457 1910 4536">
     <span class='ocr_line' id='line_1_77' title="bbox 298 4457 1910 4536; baseline 0.01 -27"><span class='ocrx_word' id='word_1_544' title='bbox 298 4457 483 4526; x_wconf 89' lang='lat' dir='ltr'><strong>aliquo</strong></span> <span class='ocrx_word' id='word_1_545' title='bbox 517 4458 678 4510; x_wconf 88' lang='lat' dir='ltr'><strong>modo</strong></span> <span class='ocrx_word' id='word_1_546' title='bbox 729 4458 1043 4524; x_wconf 89' lang='lat' dir='ltr'><strong>injuriatum</strong></span> <span class='ocrx_word' id='word_1_547' title='bbox 1097 4462 1165 4516; x_wconf 89' lang='lat' dir='ltr'><strong>de</strong></span> <span class='ocrx_word' id='word_1_548' title='bbox 1206 4463 1430 4519; x_wconf 91' lang='lat' dir='ltr'><strong>domino</strong></span> <span class='ocrx_word' id='word_1_549' title='bbox 1473 4468 1694 4536; x_wconf 82' lang='lat' dir='ltr'><strong>preprio</strong></span> <span class='ocrx_word' id='word_1_550' title='bbox 1740 4470 1824 4524; x_wconf 90' lang='lat' dir='ltr'><strong>cui</strong></span> <span class='ocrx_word' id='word_1_551' title='bbox 1859 4472 1910 4525; x_wconf 92' lang='lat' dir='ltr'><strong>in</strong></span> 
     </span>
    </p>
   </div>
   <div class='ocr_carea' id='block_1_77' title="bbox 300 4521 1988 4630">
    <p class='ocr_par' dir='ltr' id='par_1_77' title="bbox 300 4521 1988 4630">
     <span class='ocr_line' id='line_1_78' title="bbox 300 4521 1988 4630; baseline 0.012 -33"><span class='ocrx_word' id='word_1_552' title='bbox 300 4546 624 4600; x_wconf 89' lang='lat' dir='ltr'><strong>beneficium</strong></span> <span class='ocrx_word' id='word_1_553' title='bbox 675 4566 976 4604; x_wconf 87' lang='lat' dir='ltr'><strong>concessus</strong></span> <span class='ocrx_word' id='word_1_554' title='bbox 1003 4562 1140 4617; x_wconf 91' lang='lat' dir='ltr'><strong>erat,</strong></span> <span class='ocrx_word' id='word_1_555' title='bbox 1197 4555 1310 4609; x_wconf 86' lang='lat' dir='ltr'><strong>sive</strong></span> <span class='ocrx_word' id='word_1_556' title='bbox 1349 4559 1416 4610; x_wconf 87' lang='lat' dir='ltr'><strong>de</strong></span> <span class='ocrx_word' id='word_1_557' title='bbox 1469 4575 1734 4615; x_wconf 85' lang='lat' dir='ltr'><strong>conservo</strong></span> <span class='ocrx_word' id='word_1_558' title='bbox 1767 4563 1908 4630; x_wconf 87' lang='lat' dir='ltr'><strong>ejus,</strong></span> <span class='ocrx_word' id='word_1_559' title='bbox 1937 4521 1988 4586; x_wconf 71' lang='grc' dir='ltr'>Ο</span> 
     </span>
    </p>
   </div>
   <div class='ocr_carea' id='block_1_78' title="bbox 296 4640 1908 4717">
    <p class='ocr_par' dir='ltr' id='par_1_78' title="bbox 296 4640 1908 4717">
     <span class='ocr_line' id='line_1_79' title="bbox 296 4640 1908 4717; baseline 0.011 -26"><span class='ocrx_word' id='word_1_560' title='bbox 296 4640 377 4691; x_wconf 82' lang='lat' dir='ltr'><strong>vel</strong></span> <span class='ocrx_word' id='word_1_561' title='bbox 401 4641 468 4692; x_wconf 87' lang='lat' dir='ltr'><strong>de</strong></span> <span class='ocrx_word' id='word_1_562' title='bbox 491 4640 598 4692; x_wconf 87' lang='lat' dir='ltr'><strong>alio</strong></span> <span class='ocrx_word' id='word_1_563' title='bbox 621 4642 827 4711; x_wconf 90' lang='lat' dir='ltr'><strong>aliquo,</strong></span> <span class='ocrx_word' id='word_1_564' title='bbox 844 4644 908 4695; x_wconf 88' lang='lat' dir='ltr'><strong>ad</strong></span> <span class='ocrx_word' id='word_1_565' title='bbox 934 4645 1202 4699; x_wconf 87' lang='lat' dir='ltr'><strong>rationem</strong></span> <span class='ocrx_word' id='word_1_566' title='bbox 1235 4649 1353 4715; x_wconf 86' lang='lat' dir='ltr'><strong>ejus</strong></span> <span class='ocrx_word' id='word_1_567' title='bbox 1375 4657 1530 4703; x_wconf 89' lang='lat' dir='ltr'><strong>caute</strong></span> <span class='ocrx_word' id='word_1_568' title='bbox 1553 4653 1908 4717; x_wconf 89' lang='lat' dir='ltr'><strong>auscultavit;</strong></span> 
     </span>
    </p>
   </div>
   <div class='ocr_carea' id='block_1_79' title="bbox 295 4730 1909 4808">
    <p class='ocr_par' dir='ltr' id='par_1_79' title="bbox 295 4730 1909 4808">
     <span class='ocr_line' id='line_1_80' title="bbox 295 4730 1909 4808; baseline 0.009 -27"><span class='ocrx_word' id='word_1_569' title='bbox 295 4738 345 4782; x_wconf 90' lang='lat' dir='ltr'><strong>et</strong></span> <span class='ocrx_word' id='word_1_570' title='bbox 401 4730 493 4782; x_wconf 92' lang='lat' dir='ltr'><strong>ubi</strong></span> <span class='ocrx_word' id='word_1_571' title='bbox 535 4733 793 4801; x_wconf 70' lang='lat' dir='ltr'><strong>cognovit</strong></span> <span class='ocrx_word' id='word_1_572' title='bbox 835 4733 1034 4799; x_wconf 86' lang='lat' dir='ltr'><strong>injuste</strong></span> <span class='ocrx_word' id='word_1_573' title='bbox 1084 4746 1273 4790; x_wconf 87' lang='lat' dir='ltr'><strong>contra</strong></span> <span class='ocrx_word' id='word_1_574' title='bbox 1321 4755 1447 4791; x_wconf 89' lang='lat' dir='ltr'><strong>eum</strong></span> <span class='ocrx_word' id='word_1_575' title='bbox 1481 4741 1680 4794; x_wconf 89' lang='lat' dir='ltr'><strong>factum</strong></span> <span class='ocrx_word' id='word_1_576' title='bbox 1716 4742 1909 4808; x_wconf 83' lang='lat' dir='ltr'><strong>fuisse,</strong></span> 
     </span>
    </p>
   </div>
   <div class='ocr_carea' id='block_1_80' title="bbox 298 4816 1910 4900">
    <p class='ocr_par' dir='ltr' id='par_1_80' title="bbox 298 4816 1910 4900">
     <span class='ocr_line' id='line_1_81' title="bbox 298 4816 1910 4900; baseline 0.014 -34"><span class='ocrx_word' id='word_1_577' title='bbox 298 4816 524 4871; x_wconf 82' lang='lat' dir='ltr'><strong>firmiter</strong></span> <span class='ocrx_word' id='word_1_578' title='bbox 553 4821 839 4874; x_wconf 90' lang='lat' dir='ltr'><strong>confestim</strong></span> <span class='ocrx_word' id='word_1_579' title='bbox 879 4827 1137 4894; x_wconf 59' lang='lat' dir='ltr'><strong>prtecepit</strong></span> <span class='ocrx_word' id='word_1_580' title='bbox 1174 4835 1229 4880; x_wconf 92' lang='lat' dir='ltr'><strong>ut</strong></span> <span class='ocrx_word' id='word_1_581' title='bbox 1264 4829 1522 4900; x_wconf 86' lang='lat' dir='ltr'><strong>iniquitas</strong></span> <span class='ocrx_word' id='word_1_582' title='bbox 1548 4832 1596 4884; x_wconf 89' lang='lat' dir='ltr'><strong>ei</strong></span> <span class='ocrx_word' id='word_1_583' title='bbox 1630 4832 1770 4886; x_wconf 89' lang='lat' dir='ltr'><strong>facta</strong></span> <span class='ocrx_word' id='word_1_584' title='bbox 1802 4835 1910 4889; x_wconf 90' lang='lat' dir='ltr'><strong>cito</strong></span> 
     </span>
    </p>
   </div>
   <div class='ocr_carea' id='block_1_81' title="bbox 295 4911 1906 4993">
    <p class='ocr_par' dir='ltr' id='par_1_81' title="bbox 295 4911 1906 4993">
     <span class='ocr_line' id='line_1_82' title="bbox 295 4911 1906 4993; baseline 0.012 -34"><span class='ocrx_word' id='word_1_585' title='bbox 295 4911 704 4977; x_wconf 86' lang='lat' dir='ltr'><strong>emendaretur,</strong></span> <span class='ocrx_word' id='word_1_586' title='bbox 764 4921 814 4966; x_wconf 91' lang='lat' dir='ltr'><strong>et</strong></span> <span class='ocrx_word' id='word_1_587' title='bbox 874 4931 980 4968; x_wconf 94' lang='lat' dir='ltr'><strong>non</strong></span> <span class='ocrx_word' id='word_1_588' title='bbox 1042 4918 1228 4972; x_wconf 90' lang='lat' dir='ltr'><strong>omisit</strong></span> <span class='ocrx_word' id='word_1_589' title='bbox 1289 4921 1464 4976; x_wconf 83' lang='lat' dir='ltr'><strong>donec</strong></span> <span class='ocrx_word' id='word_1_590' title='bbox 1531 4923 1906 4993; x_wconf 87' lang='lat' dir='ltr'><strong>perficeretur.</strong></span> 
     </span>
    </p>
   </div>
   <div class='ocr_carea' id='block_1_82' title="bbox 299 4999 1907 5086">
    <p class='ocr_par' dir='ltr' id='par_1_82' title="bbox 299 4999 1907 5086">
     <span class='ocr_line' id='line_1_83' title="bbox 299 4999 1907 5086; baseline 0.014 -35"><span class='ocrx_word' id='word_1_591' title='bbox 299 4999 624 5072; x_wconf 76' lang='lat' dir='ltr'><strong>Legitimum</strong></span> <span class='ocrx_word' id='word_1_592' title='bbox 650 5020 776 5058; x_wconf 91' lang='lat' dir='ltr'><strong>vero</strong></span> <span class='ocrx_word' id='word_1_593' title='bbox 800 5005 888 5073; x_wconf 87' lang='lat' dir='ltr'><strong>jus</strong></span> <span class='ocrx_word' id='word_1_594' title='bbox 923 5008 1086 5060; x_wconf 88' lang='lat' dir='ltr'><strong>totius</strong></span> <span class='ocrx_word' id='word_1_595' title='bbox 1117 5009 1360 5072; x_wconf 61' lang='lat' dir='ltr'><strong>familia),</strong></span> <span class='ocrx_word' id='word_1_596' title='bbox 1393 5031 1498 5084; x_wconf 87' lang='lat' dir='ltr'><strong>quo</strong></span> <span class='ocrx_word' id='word_1_597' title='bbox 1533 5033 1629 5086; x_wconf 91' lang='lat' dir='ltr'><strong>pro</strong></span> <span class='ocrx_word' id='word_1_598' title='bbox 1659 5028 1907 5072; x_wconf 84' lang='lat' dir='ltr'><strong>anteces-</strong></span> 
     </span>
    </p>
   </div>
   <div class='ocr_carea' id='block_1_83' title="bbox 295 5089 1908 5173">
    <p class='ocr_par' dir='ltr' id='par_1_83' title="bbox 295 5089 1908 5173">
     <span class='ocr_line' id='line_1_84' title="bbox 295 5089 1908 5173; baseline 0.012 -31"><span class='ocrx_word' id='word_1_599' title='bbox 295 5089 514 5143; x_wconf 90' lang='lat' dir='ltr'><strong>soribus</strong></span> <span class='ocrx_word' id='word_1_600' title='bbox 544 5092 659 5145; x_wconf 91' lang='lat' dir='ltr'><strong>suis</strong></span> <span class='ocrx_word' id='word_1_601' title='bbox 688 5094 961 5158; x_wconf 86' lang='lat' dir='ltr'><strong>utebatur,</strong></span> <span class='ocrx_word' id='word_1_602' title='bbox 989 5096 1214 5152; x_wconf 86' lang='lat' dir='ltr'><strong>firmiter</strong></span> <span class='ocrx_word' id='word_1_603' title='bbox 1246 5117 1363 5154; x_wconf 87' lang='lat' dir='ltr'><strong>eam</strong></span> <span class='ocrx_word' id='word_1_604' title='bbox 1397 5111 1583 5158; x_wconf 89' lang='lat' dir='ltr'><strong>tenere</strong></span> <span class='ocrx_word' id='word_1_605' title='bbox 1616 5108 1908 5173; x_wconf 86' lang='lat' dir='ltr'><strong>concessit,</strong></span> 
     </span>
    </p>
   </div>
   <div class='ocr_carea' id='block_1_84' title="bbox 299 5183 1910 5270">
    <p class='ocr_par' dir='ltr' id='par_1_84' title="bbox 299 5183 1910 5270">
     <span class='ocr_line' id='line_1_85' title="bbox 299 5183 1910 5270; baseline 0.012 -36"><span class='ocrx_word' id='word_1_606' title='bbox 299 5189 353 5234; x_wconf 86' lang='lat' dir='ltr'><strong>et</strong></span> <span class='ocrx_word' id='word_1_607' title='bbox 384 5183 586 5236; x_wconf 87' lang='lat' dir='ltr'><strong>nullius</strong></span> <span class='ocrx_word' id='word_1_608' title='bbox 623 5187 906 5254; x_wconf 88' lang='lat' dir='ltr'><strong>potestatis</strong></span> <span class='ocrx_word' id='word_1_609' title='bbox 937 5189 1214 5243; x_wconf 90' lang='lat' dir='ltr'><strong>hominem</strong></span> <span class='ocrx_word' id='word_1_610' title='bbox 1248 5193 1350 5245; x_wconf 91' lang='lat' dir='ltr'><strong>sub</strong></span> <span class='ocrx_word' id='word_1_611' title='bbox 1381 5211 1480 5249; x_wconf 91' lang='lat' dir='ltr'><strong>suo</strong></span> <span class='ocrx_word' id='word_1_612' title='bbox 1516 5198 1783 5270; x_wconf 82' lang='lat' dir='ltr'><strong>regimine</strong></span> <span class='ocrx_word' id='word_1_613' title='bbox 1813 5200 1910 5253; x_wconf 91' lang='lat' dir='ltr'><strong>de-</strong></span> 
     </span>
    </p>
   </div>
   <div class='ocr_carea' id='block_1_85' title="bbox 297 5280 1910 5355">
    <p class='ocr_par' dir='ltr' id='par_1_85' title="bbox 297 5280 1910 5355">
     <span class='ocr_line' id='line_1_86' title="bbox 297 5280 1910 5355; baseline 0.013 -26"><span class='ocrx_word' id='word_1_614' title='bbox 297 5285 516 5349; x_wconf 79' lang='lat' dir='ltr'><strong>gentem</strong></span> <span class='ocrx_word' id='word_1_615' title='bbox 558 5280 658 5333; x_wconf 92' lang='lat' dir='ltr'><strong>hoc</strong></span> <span class='ocrx_word' id='word_1_616' title='bbox 697 5281 746 5334; x_wconf 90' lang='lat' dir='ltr'><strong>ei</strong></span> <span class='ocrx_word' id='word_1_617' title='bbox 809 5283 997 5338; x_wconf 87' lang='lat' dir='ltr'><strong>tollere</strong></span> <span class='ocrx_word' id='word_1_618' title='bbox 1060 5288 1326 5355; x_wconf 88' lang='lat' dir='ltr'><strong>permisit.</strong></span> <span class='ocrx_word' id='word_1_619' title='bbox 1389 5290 1507 5346; x_wconf 91' lang='lat' dir='ltr'><strong>Otio</strong></span> <span class='ocrx_word' id='word_1_620' title='bbox 1558 5293 1705 5346; x_wconf 88' lang='lat' dir='ltr'><strong>inani</strong></span> <span class='ocrx_word' id='word_1_621' title='bbox 1757 5296 1910 5351; x_wconf 92' lang='lat' dir='ltr'><strong>nullo</strong></span> 
     </span>
    </p>
   </div>
   <div class='ocr_carea' id='block_1_86' title="bbox 297 5372 1906 5452">
    <p class='ocr_par' dir='ltr' id='par_1_86' title="bbox 297 5372 1906 5452">
     <span class='ocr_line' id='line_1_87' title="bbox 297 5372 1906 5452; baseline 0.012 -32"><span class='ocrx_word' id='word_1_622' title='bbox 297 5374 543 5436; x_wconf 89' lang='lat' dir='ltr'><strong>tempore</strong></span> <span class='ocrx_word' id='word_1_623' title='bbox 594 5372 834 5423; x_wconf 89' lang='lat' dir='ltr'><strong>animum</strong></span> <span class='ocrx_word' id='word_1_624' title='bbox 895 5389 1054 5427; x_wconf 90' lang='lat' dir='ltr'><strong>suum</strong></span> <span class='ocrx_word' id='word_1_625' title='bbox 1102 5377 1385 5445; x_wconf 89' lang='lat' dir='ltr'><strong>subjacere</strong></span> <span class='ocrx_word' id='word_1_626' title='bbox 1437 5383 1761 5452; x_wconf 81' lang='lat' dir='ltr'><strong>patiebatur,</strong></span> <span class='ocrx_word' id='word_1_627' title='bbox 1804 5388 1906 5442; x_wconf 91' lang='lat' dir='ltr'><strong>nisi</strong></span> 
     </span>
    </p>
   </div>
   <div class='ocr_carea' id='block_1_87' title="bbox 296 5457 1908 5543">
    <p class='ocr_par' dir='ltr' id='par_1_87' title="bbox 296 5457 1908 5543">
     <span class='ocr_line' id='line_1_88' title="bbox 296 5457 1908 5543; baseline 0.016 -36"><span class='ocrx_word' id='word_1_628' title='bbox 296 5457 506 5526; x_wconf 84' lang='lat' dir='ltr'><strong>aliquid</strong></span> <span class='ocrx_word' id='word_1_629' title='bbox 551 5460 795 5514; x_wconf 89' lang='lat' dir='ltr'><strong>utilitatis</strong></span> <span class='ocrx_word' id='word_1_630' title='bbox 845 5474 1182 5535; x_wconf 76' lang='lat' dir='ltr'><strong>excogitaret</strong></span> <span class='ocrx_word' id='word_1_631' title='bbox 1236 5477 1325 5524; x_wconf 89' lang='lat' dir='ltr'><strong>aut</strong></span> <span class='ocrx_word' id='word_1_632' title='bbox 1383 5482 1743 5543; x_wconf 88' lang='lat' dir='ltr'><strong>perpetraret,</strong></span> <span class='ocrx_word' id='word_1_633' title='bbox 1795 5479 1908 5532; x_wconf 89' lang='lat' dir='ltr'><strong>sive</strong></span> 
     </span>
    </p>
   </div>
   <div class='ocr_carea' id='block_1_88' title="bbox 297 5548 1906 5633">
    <p class='ocr_par' dir='ltr' id='par_1_88' title="bbox 297 5548 1906 5633">
     <span class='ocr_line' id='line_1_89' title="bbox 297 5548 1906 5633; baseline 0.017 -35"><span class='ocrx_word' id='word_1_634' title='bbox 297 5548 364 5600; x_wconf 87' lang='lat' dir='ltr'><strong>de</strong></span> <span class='ocrx_word' id='word_1_635' title='bbox 397 5551 632 5604; x_wconf 89' lang='lat' dir='ltr'><strong>ecclesia</strong></span> <span class='ocrx_word' id='word_1_636' title='bbox 663 5569 826 5622; x_wconf 89' lang='lat' dir='ltr'><strong>quam</strong></span> <span class='ocrx_word' id='word_1_637' title='bbox 859 5557 1106 5628; x_wconf 88' lang='lat' dir='ltr'><strong>undique</strong></span> <span class='ocrx_word' id='word_1_638' title='bbox 1153 5559 1418 5630; x_wconf 87' lang='lat' dir='ltr'><strong>dilapsam</strong></span> <span class='ocrx_word' id='word_1_639' title='bbox 1465 5565 1693 5633; x_wconf 85' lang='lat' dir='ltr'><strong>invenit,</strong></span> <span class='ocrx_word' id='word_1_640' title='bbox 1731 5569 1815 5623; x_wconf 87' lang='lat' dir='ltr'><strong>vel</strong></span> <span class='ocrx_word' id='word_1_641' title='bbox 1839 5572 1906 5625; x_wconf 90' lang='lat' dir='ltr'><strong>de</strong></span> 
     </span>
    </p>
   </div>
   <div class='ocr_carea' id='block_1_89' title="bbox 392 5691 696 5746">
    <p class='ocr_par' dir='ltr' id='par_1_89' title="bbox 392 5691 696 5746">
     <span class='ocr_line' id='line_1_90' title="bbox 392 5691 696 5746; baseline 0.02 -6"><span class='ocrx_word' id='word_1_642' title='bbox 392 5691 475 5746; x_wconf 69' lang='lat' dir='ltr'><strong>:22)i</strong></span> <span class='ocrx_word' id='word_1_643' title='bbox 509 5691 696 5746; x_wconf 85' lang='lat' dir='ltr'><strong>Etiam.</strong></span> 
     </span>
    </p>
   </div>
   <div class='ocr_carea' id='block_1_90' title="bbox 369 5695 1911 5851">
    <p class='ocr_par' dir='ltr' id='par_1_90' title="bbox 369 5695 1911 5851">
     <span class='ocr_line' id='line_1_91' title="bbox 392 5695 696 5746; baseline 0.02 -6"><span class='ocrx_word' id='word_1_644' title='bbox 392 5695 475 5742; x_wconf 59' lang='lat'><strong>22&#39;:</strong></span> <span class='ocrx_word' id='word_1_645' title='bbox 509 5695 696 5746; x_wconf 85' lang='lat' dir='ltr'><strong>Etiam.</strong></span> 
     </span>
     <span class='ocr_line' id='line_1_92' title="bbox 369 5695 1911 5851; baseline 0.016 -38"><span class='ocrx_word' id='word_1_646' title='bbox 369 5695 577 5829; x_wconf 59' lang='lat' dir='ltr'><strong>jﬂBj‘Al.</strong></span> <span class='ocrx_word' id='word_1_647' title='bbox 631 5764 795 5819; x_wconf 88' lang='lat' dir='ltr'><strong>lectio</strong></span> <span class='ocrx_word' id='word_1_648' title='bbox 826 5767 1011 5833; x_wconf 91' lang='lat' dir='ltr'><strong>habet,</strong></span> <span class='ocrx_word' id='word_1_649' title='bbox 1074 5771 1268 5826; x_wconf 90' lang='lat' dir='ltr'><strong>Vasalli</strong></span> <span class='ocrx_word' id='word_1_650' title='bbox 1299 5782 1479 5830; x_wconf 89' lang='lat' dir='ltr'><strong>autem</strong></span> <span class='ocrx_word' id='word_1_651' title='bbox 1513 5779 1633 5845; x_wconf 83' lang='lat' dir='ltr'><strong>ejus</strong></span> <span class='ocrx_word' id='word_1_652' title='bbox 1691 5780 1745 5834; x_wconf 89' lang='lat' dir='ltr'><strong>in</strong></span> <span class='ocrx_word' id='word_1_653' title='bbox 1781 5801 1911 5851; x_wconf 90' lang='lat' dir='ltr'><strong>pro-</strong></span> 
     </span>
    </p>
   </div>
   <div class='ocr_carea' id='block_1_91' title="bbox 2008 3295 3638 3367">
    <p class='ocr_par' dir='ltr' id='par_1_91' title="bbox 2008 3295 3638 3367">
     <span class='ocr_line' id='line_1_93' title="bbox 2008 3295 3638 3367; baseline -0.001 -18"><span class='ocrx_word' id='word_1_654' title='bbox 2008 3295 2355 3350; x_wconf 87' lang='lat' dir='ltr'><strong>orationibus</strong></span> <span class='ocrx_word' id='word_1_655' title='bbox 2391 3296 2610 3348; x_wconf 90' lang='lat' dir='ltr'><strong>interim</strong></span> <span class='ocrx_word' id='word_1_656' title='bbox 2669 3298 3002 3361; x_wconf 80' lang='lat' dir='ltr'><strong>decantavit,</strong></span> <span class='ocrx_word' id='word_1_657' title='bbox 3051 3314 3227 3367; x_wconf 89' lang='lat' dir='ltr'><strong>usque</strong></span> <span class='ocrx_word' id='word_1_658' title='bbox 3285 3299 3410 3351; x_wconf 92' lang='lat' dir='ltr'><strong>dum</strong></span> <span class='ocrx_word' id='word_1_659' title='bbox 3445 3297 3638 3350; x_wconf 87' lang='lat' dir='ltr'><strong>fratres</strong></span> 
     </span>
    </p>
   </div>
   <div class='ocr_carea' id='block_1_92' title="bbox 2008 3387 3638 3442">
    <p class='ocr_par' dir='ltr' id='par_1_92' title="bbox 2008 3387 3638 3442">
     <span class='ocr_line' id='line_1_94' title="bbox 2008 3387 3638 3442; baseline 0.001 -3"><span class='ocrx_word' id='word_1_660' title='bbox 2008 3402 2127 3439; x_wconf 90' lang='lat' dir='ltr'><strong>cum</strong></span> <span class='ocrx_word' id='word_1_661' title='bbox 2171 3403 2331 3440; x_wconf 89' lang='lat' dir='ltr'><strong>cruce</strong></span> <span class='ocrx_word' id='word_1_662' title='bbox 2388 3387 2636 3440; x_wconf 87' lang='lat' dir='ltr'><strong>redirent</strong></span> <span class='ocrx_word' id='word_1_663' title='bbox 2677 3395 2728 3440; x_wconf 90' lang='lat' dir='ltr'><strong>et</strong></span> <span class='ocrx_word' id='word_1_664' title='bbox 2771 3389 2991 3440; x_wconf 87' lang='lat' dir='ltr'><strong>missam</strong></span> <span class='ocrx_word' id='word_1_665' title='bbox 3046 3387 3465 3442; x_wconf 88' lang='lat' dir='ltr'><strong>sacrificationis</strong></span> <span class='ocrx_word' id='word_1_666' title='bbox 3491 3387 3638 3441; x_wconf 89' lang='lat' dir='ltr'><strong>cele-</strong></span> 
     </span>
    </p>
   </div>
   <div class='ocr_carea' id='block_1_93' title="bbox 2010 3480 3637 3550">
    <p class='ocr_par' dir='ltr' id='par_1_93' title="bbox 2010 3480 3637 3550">
     <span class='ocr_line' id='line_1_95' title="bbox 2010 3480 3637 3550; baseline 0.002 -18"><span class='ocrx_word' id='word_1_667' title='bbox 2010 3481 2164 3533; x_wconf 90' lang='lat' dir='ltr'><strong>brare</strong></span> <span class='ocrx_word' id='word_1_668' title='bbox 2199 3480 2518 3549; x_wconf 66' lang='lat' dir='ltr'><strong>et‘epissent,</strong></span> <span class='ocrx_word' id='word_1_669' title='bbox 2567 3480 2682 3550; x_wconf 88' lang='lat' dir='ltr'><strong>ipse</strong></span> <span class='ocrx_word' id='word_1_670' title='bbox 2742 3481 2977 3550; x_wconf 90' lang='lat' dir='ltr'><strong>primum</strong></span> <span class='ocrx_word' id='word_1_671' title='bbox 3021 3481 3218 3535; x_wconf 88' lang='lat' dir='ltr'><strong>devote</strong></span> <span class='ocrx_word' id='word_1_672' title='bbox 3260 3482 3370 3535; x_wconf 88' lang='lat' dir='ltr'><strong>Deo</strong></span> <span class='ocrx_word' id='word_1_673' title='bbox 3427 3480 3637 3535; x_wconf 81' lang='lat' dir='ltr'><strong>sacrifi-</strong></span> 
     </span>
    </p>
   </div>
   <div class='ocr_carea' id='block_1_94' title="bbox 2010 3573 3631 3640">
    <p class='ocr_par' dir='ltr' id='par_1_94' title="bbox 2010 3573 3631 3640">
     <span class='ocr_line' id='line_1_96' title="bbox 2010 3573 3631 3640; baseline -0.001 -11"><span class='ocrx_word' id='word_1_674' title='bbox 2010 3576 2150 3629; x_wconf 88' lang='lat' dir='ltr'><strong>cium</strong></span> <span class='ocrx_word' id='word_1_675' title='bbox 2202 3573 2458 3640; x_wconf 72' lang='lat' dir='ltr'><strong>oﬁ&#39;erens,</strong></span> <span class='ocrx_word' id='word_1_676' title='bbox 2512 3591 2730 3627; x_wconf 89' lang='lat' dir='ltr'><strong>manum</strong></span> <span class='ocrx_word' id='word_1_677' title='bbox 2773 3575 3081 3629; x_wconf 89' lang='lat' dir='ltr'><strong>sacerdotis</strong></span> <span class='ocrx_word' id='word_1_678' title='bbox 3143 3574 3425 3627; x_wconf 90' lang='lat' dir='ltr'><strong>humiliter</strong></span> <span class='ocrx_word' id='word_1_679' title='bbox 3462 3589 3631 3629; x_wconf 92' lang='lat' dir='ltr'><strong>oscu-</strong></span> 
     </span>
    </p>
   </div>
   <div class='ocr_carea' id='block_1_95' title="bbox 2012 3660 3630 3730">
    <p class='ocr_par' dir='ltr' id='par_1_95' title="bbox 2012 3660 3630 3730">
     <span class='ocr_line' id='line_1_97' title="bbox 2012 3660 3630 3730; baseline -0.002 -14"><span class='ocrx_word' id='word_1_680' title='bbox 2012 3663 2144 3716; x_wconf 88' lang='lat' dir='ltr'><strong>lans.</strong></span> <span class='ocrx_word' id='word_1_681' title='bbox 2204 3663 2423 3730; x_wconf 80' lang='lat' dir='ltr'><strong>Expleta</strong></span> <span class='ocrx_word' id='word_1_682' title='bbox 2482 3677 2609 3715; x_wconf 90' lang='lat' dir='ltr'><strong>vero</strong></span> <span class='ocrx_word' id='word_1_683' title='bbox 2658 3662 2844 3723; x_wconf 87' lang='lat' dir='ltr'><strong>missa,</strong></span> <span class='ocrx_word' id='word_1_684' title='bbox 2895 3661 3130 3714; x_wconf 89' lang='lat' dir='ltr'><strong>Tertiam</strong></span> <span class='ocrx_word' id='word_1_685' title='bbox 3173 3677 3294 3714; x_wconf 90' lang='lat' dir='ltr'><strong>cum</strong></span> <span class='ocrx_word' id='word_1_686' title='bbox 3371 3660 3630 3714; x_wconf 87' lang='lat' dir='ltr'><strong>fratribus</strong></span> 
     </span>
    </p>
   </div>
   <div class='ocr_carea' id='block_1_96' title="bbox 2013 3752 3625 3824">
    <p class='ocr_par' dir='ltr' id='par_1_96' title="bbox 2013 3752 3625 3824">
     <span class='ocr_line' id='line_1_98' title="bbox 2013 3752 3625 3824; baseline -0.002 -16"><span class='ocrx_word' id='word_1_687' title='bbox 2013 3754 2290 3824; x_wconf 88' lang='lat' dir='ltr'><strong>explevit;</strong></span> <span class='ocrx_word' id='word_1_688' title='bbox 2341 3752 2595 3807; x_wconf 89' lang='lat' dir='ltr'><strong>fratribus</strong></span> <span class='ocrx_word' id='word_1_689' title='bbox 2622 3770 2749 3808; x_wconf 91' lang='lat' dir='ltr'><strong>vero</strong></span> <span class='ocrx_word' id='word_1_690' title='bbox 2791 3754 2857 3807; x_wconf 88' lang='lat' dir='ltr'><strong>ad</strong></span> <span class='ocrx_word' id='word_1_691' title='bbox 2899 3754 3199 3823; x_wconf 88' lang='lat' dir='ltr'><strong>capitulum</strong></span> <span class='ocrx_word' id='word_1_692' title='bbox 3235 3752 3625 3823; x_wconf 70' lang='lat' dir='ltr'><strong>pergentibus.</strong></span> 
     </span>
    </p>
   </div>
   <div class='ocr_carea' id='block_1_97' title="bbox 2013 3845 3622 3919">
    <p class='ocr_par' dir='ltr' id='par_1_97' title="bbox 2013 3845 3622 3919">
     <span class='ocr_line' id='line_1_99' title="bbox 2013 3845 3622 3919; baseline -0.001 -18"><span class='ocrx_word' id='word_1_693' title='bbox 2013 3849 2132 3918; x_wconf 87' lang='lat' dir='ltr'><strong>ipse</strong></span> <span class='ocrx_word' id='word_1_694' title='bbox 2159 3847 2320 3901; x_wconf 90' lang='lat' dir='ltr'><strong>solito</strong></span> <span class='ocrx_word' id='word_1_695' title='bbox 2350 3863 2501 3901; x_wconf 85' lang='lat' dir='ltr'><strong>more</strong></span> <span class='ocrx_word' id='word_1_696' title='bbox 2535 3848 2584 3901; x_wconf 92' lang='lat' dir='ltr'><strong>in</strong></span> <span class='ocrx_word' id='word_1_697' title='bbox 2617 3847 2848 3901; x_wconf 86' lang='lat' dir='ltr'><strong>ecclesia</strong></span> <span class='ocrx_word' id='word_1_698' title='bbox 2880 3845 3168 3908; x_wconf 87' lang='lat' dir='ltr'><strong>remansit,</strong></span> <span class='ocrx_word' id='word_1_699' title='bbox 3201 3847 3378 3900; x_wconf 90' lang='lat' dir='ltr'><strong>donec</strong></span> <span class='ocrx_word' id='word_1_700' title='bbox 3401 3846 3622 3919; x_wconf 78' lang='lat' dir='ltr'><strong>signum</strong></span> 
     </span>
    </p>
   </div>
   <div class='ocr_carea' id='block_1_98' title="bbox 2007 3939 3626 4010">
    <p class='ocr_par' dir='ltr' id='par_1_98' title="bbox 2007 3939 3626 4010">
     <span class='ocr_line' id='line_1_100' title="bbox 2007 3939 3626 4010; baseline -0.002 -14"><span class='ocrx_word' id='word_1_701' title='bbox 2007 3943 2071 3996; x_wconf 90' lang='lat' dir='ltr'><strong>ad</strong></span> <span class='ocrx_word' id='word_1_702' title='bbox 2095 3943 2306 3995; x_wconf 75' lang='lat' dir='ltr'><strong>Sextam</strong></span> <span class='ocrx_word' id='word_1_703' title='bbox 2341 3952 2560 3995; x_wconf 88' lang='lat' dir='ltr'><strong>sonaret</strong></span> <span class='ocrx_word' id='word_1_704' title='bbox 2612 3941 2772 3995; x_wconf 84' lang='lat' dir='ltr'><strong>Sexta</strong></span> <span class='ocrx_word' id='word_1_705' title='bbox 2813 3949 2993 3995; x_wconf 88' lang='lat' dir='ltr'><strong>autem</strong></span> <span class='ocrx_word' id='word_1_706' title='bbox 3049 3941 3178 3994; x_wconf 88' lang='lat' dir='ltr'><strong>hora</strong></span> <span class='ocrx_word' id='word_1_707' title='bbox 3210 3941 3450 4010; x_wconf 89' lang='lat' dir='ltr'><strong>expleta,</strong></span> <span class='ocrx_word' id='word_1_708' title='bbox 3487 3939 3626 3993; x_wconf 88' lang='lat' dir='ltr'><strong>alta-</strong></span> 
     </span>
    </p>
   </div>
   <div class='ocr_carea' id='block_1_99' title="bbox 2009 4033 3626 4097">
    <p class='ocr_par' dir='ltr' id='par_1_99' title="bbox 2009 4033 3626 4097">
     <span class='ocr_line' id='line_1_101' title="bbox 2009 4033 3626 4097; baseline -0.002 -10"><span class='ocrx_word' id='word_1_709' title='bbox 2009 4034 2085 4087; x_wconf 90' lang='lat' dir='ltr'><strong>ria</strong></span> <span class='ocrx_word' id='word_1_710' title='bbox 2116 4034 2356 4088; x_wconf 89' lang='lat' dir='ltr'><strong>cicuibat</strong></span> <span class='ocrx_word' id='word_1_711' title='bbox 2393 4050 2512 4087; x_wconf 89' lang='lat' dir='ltr'><strong>cum</strong></span> <span class='ocrx_word' id='word_1_712' title='bbox 2545 4033 2723 4097; x_wconf 87' lang='lat' dir='ltr'><strong>venia,</strong></span> <span class='ocrx_word' id='word_1_713' title='bbox 2757 4042 2984 4087; x_wconf 89' lang='lat' dir='ltr'><strong>cantans</strong></span> <span class='ocrx_word' id='word_1_714' title='bbox 3016 4035 3267 4087; x_wconf 80' lang='lat' dir='ltr'><strong>Miserere</strong></span> <span class='ocrx_word' id='word_1_715' title='bbox 3298 4033 3422 4094; x_wconf 82' lang='lat' dir='ltr'><strong>mei,</strong></span> <span class='ocrx_word' id='word_1_716' title='bbox 3471 4034 3626 4094; x_wconf 79' lang='lat' dir='ltr'><strong>Deus,</strong></span> 
     </span>
    </p>
   </div>
   <div class='ocr_carea' id='block_1_100' title="bbox 2011 4121 3630 4191">
    <p class='ocr_par' dir='ltr' id='par_1_100' title="bbox 2011 4121 3630 4191">
     <span class='ocr_line' id='line_1_102' title="bbox 2011 4121 3630 4191; baseline 0.001 -17"><span class='ocrx_word' id='word_1_717' title='bbox 2011 4130 2064 4175; x_wconf 90' lang='lat' dir='ltr'><strong>et</strong></span> <span class='ocrx_word' id='word_1_718' title='bbox 2094 4124 2158 4176; x_wconf 79' lang='lat' dir='ltr'><strong>de</strong></span> <span class='ocrx_word' id='word_1_719' title='bbox 2182 4123 2514 4191; x_wconf 71' lang='lat' dir='ltr'><strong>profundis;</strong></span> <span class='ocrx_word' id='word_1_720' title='bbox 2557 4129 2684 4175; x_wconf 90' lang='lat' dir='ltr'><strong>tunc</strong></span> <span class='ocrx_word' id='word_1_721' title='bbox 2737 4122 2901 4176; x_wconf 89' lang='lat' dir='ltr'><strong>demu</strong></span> <span class='ocrx_word' id='word_1_722' title='bbox 2928 4140 2957 4173; x_wconf 66' lang='grc' dir='ltr'><strong>ξι</strong></span> <span class='ocrx_word' id='word_1_723' title='bbox 2993 4123 3057 4174; x_wconf 86' lang='lat' dir='ltr'><strong>ad</strong></span> <span class='ocrx_word' id='word_1_724' title='bbox 3110 4121 3423 4175; x_wconf 88' lang='lat' dir='ltr'><strong>cubiculum</strong></span> <span class='ocrx_word' id='word_1_725' title='bbox 3466 4122 3630 4175; x_wconf 88' lang='lat' dir='ltr'><strong>rediit</strong></span> 
     </span>
    </p>
   </div>
   <div class='ocr_carea' id='block_1_101' title="bbox 2012 4214 3631 4284">
    <p class='ocr_par' dir='ltr' id='par_1_101' title="bbox 2012 4214 3631 4284">
     <span class='ocr_line' id='line_1_103' title="bbox 2012 4214 3631 4284; baseline 0.001 -18"><span class='ocrx_word' id='word_1_726' title='bbox 2012 4215 2078 4267; x_wconf 91' lang='lat' dir='ltr'><strong>ad</strong></span> <span class='ocrx_word' id='word_1_727' title='bbox 2129 4214 2415 4269; x_wconf 84' lang='lat' dir='ltr'><strong>lavandam</strong></span> <span class='ocrx_word' id='word_1_728' title='bbox 2451 4214 2638 4268; x_wconf 87' lang='lat' dir='ltr'><strong>faciem</strong></span> <span class='ocrx_word' id='word_1_729' title='bbox 2674 4231 2824 4268; x_wconf 90' lang='lat' dir='ltr'><strong>suam</strong></span> <span class='ocrx_word' id='word_1_730' title='bbox 2870 4222 2921 4267; x_wconf 89' lang='lat' dir='ltr'><strong>et</strong></span> <span class='ocrx_word' id='word_1_731' title='bbox 2950 4215 3014 4266; x_wconf 91' lang='lat' dir='ltr'><strong>ad</strong></span> <span class='ocrx_word' id='word_1_732' title='bbox 3065 4214 3284 4268; x_wconf 91' lang='lat' dir='ltr'><strong>missam</strong></span> <span class='ocrx_word' id='word_1_733' title='bbox 3319 4231 3377 4268; x_wconf 87' lang='lat' dir='ltr'><strong>se</strong></span> <span class='ocrx_word' id='word_1_734' title='bbox 3414 4231 3631 4284; x_wconf 42' lang='lat' dir='ltr'><strong>praepa-</strong></span> 
     </span>
    </p>
   </div>
   <div class='ocr_carea' id='block_1_102' title="bbox 2014 4305 3634 4376">
    <p class='ocr_par' dir='ltr' id='par_1_102' title="bbox 2014 4305 3634 4376">
     <span class='ocr_line' id='line_1_104' title="bbox 2014 4305 3634 4376; baseline 0.001 -17"><span class='ocrx_word' id='word_1_735' title='bbox 2014 4307 2263 4360; x_wconf 88' lang='lat' dir='ltr'><strong>randum.</strong></span> <span class='ocrx_word' id='word_1_736' title='bbox 2315 4307 2596 4361; x_wconf 86' lang='lat' dir='ltr'><strong>Missarum</strong></span> <span class='ocrx_word' id='word_1_737' title='bbox 2651 4315 2830 4360; x_wconf 88' lang='lat' dir='ltr'><strong>autem</strong></span> <span class='ocrx_word' id='word_1_738' title='bbox 2864 4305 3340 4360; x_wconf 90' lang='lat' dir='ltr'><strong>celebrationibus</strong></span> <span class='ocrx_word' id='word_1_739' title='bbox 3400 4306 3634 4376; x_wconf 87' lang='lat' dir='ltr'><strong>expletis</strong></span> 
     </span>
    </p>
   </div>
   <div class='ocr_carea' id='block_1_103' title="bbox 2015 4395 3629 4466">
    <p class='ocr_par' dir='ltr' id='par_1_103' title="bbox 2015 4395 3629 4466">
     <span class='ocr_line' id='line_1_105' title="bbox 2015 4395 3629 4466; baseline 0.002 -19"><span class='ocrx_word' id='word_1_740' title='bbox 2015 4401 2067 4447; x_wconf 90' lang='lat' dir='ltr'><strong>et</strong></span> <span class='ocrx_word' id='word_1_741' title='bbox 2120 4395 2376 4464; x_wconf 87' lang='lat' dir='ltr'><strong>Vesperis</strong></span> <span class='ocrx_word' id='word_1_742' title='bbox 2427 4396 2748 4456; x_wconf 87' lang='lat' dir='ltr'><strong>decantatis,</strong></span> <span class='ocrx_word' id='word_1_743' title='bbox 2809 4396 2874 4449; x_wconf 84' lang='lat' dir='ltr'><strong>ad</strong></span> <span class='ocrx_word' id='word_1_744' title='bbox 2933 4395 3284 4464; x_wconf 90' lang='lat' dir='ltr'><strong>hospitiolum</strong></span> <span class='ocrx_word' id='word_1_745' title='bbox 3332 4412 3629 4466; x_wconf 83' lang='lat' dir='ltr'><strong>panperum</strong></span> 
     </span>
    </p>
   </div>
   <div class='ocr_carea' id='block_1_104' title="bbox 2017 4484 3634 4554">
    <p class='ocr_par' dir='ltr' id='par_1_104' title="bbox 2017 4484 3634 4554">
     <span class='ocr_line' id='line_1_106' title="bbox 2017 4484 3634 4554; baseline 0.002 -20"><span class='ocrx_word' id='word_1_746' title='bbox 2017 4485 2288 4552; x_wconf 90' lang='lat' dir='ltr'><strong>pervenit,</strong></span> <span class='ocrx_word' id='word_1_747' title='bbox 2308 4492 2361 4536; x_wconf 91' lang='lat' dir='ltr'><strong>et</strong></span> <span class='ocrx_word' id='word_1_748' title='bbox 2393 4485 2684 4538; x_wconf 88' lang='lat' dir='ltr'><strong>duodecim</strong></span> <span class='ocrx_word' id='word_1_749' title='bbox 2714 4500 3013 4554; x_wconf 89' lang='lat' dir='ltr'><strong>pauperum</strong></span> <span class='ocrx_word' id='word_1_750' title='bbox 3051 4484 3222 4553; x_wconf 89' lang='lat' dir='ltr'><strong>pedes</strong></span> <span class='ocrx_word' id='word_1_751' title='bbox 3251 4484 3399 4546; x_wconf 86' lang='lat' dir='ltr'><strong>lavit,</strong></span> <span class='ocrx_word' id='word_1_752' title='bbox 3426 4493 3478 4537; x_wconf 90' lang='lat' dir='ltr'><strong>et</strong></span> <span class='ocrx_word' id='word_1_753' title='bbox 3508 4485 3634 4538; x_wconf 91' lang='lat' dir='ltr'><strong>uni-</strong></span> 
     </span>
    </p>
   </div>
   <div class='ocr_carea' id='block_1_105' title="bbox 2015 4575 3631 4646">
    <p class='ocr_par' dir='ltr' id='par_1_105' title="bbox 2015 4575 3631 4646">
     <span class='ocr_line' id='line_1_107' title="bbox 2015 4575 3631 4646; baseline 0.002 -19"><span class='ocrx_word' id='word_1_754' title='bbox 2015 4575 2216 4646; x_wconf 85' lang='lat' dir='ltr'><strong>cuique</strong></span> <span class='ocrx_word' id='word_1_755' title='bbox 2271 4593 2460 4631; x_wconf 89' lang='lat' dir='ltr'><strong>eorum</strong></span> <span class='ocrx_word' id='word_1_756' title='bbox 2521 4577 2587 4630; x_wconf 89' lang='lat' dir='ltr'><strong>de</strong></span> <span class='ocrx_word' id='word_1_757' title='bbox 2652 4577 2840 4630; x_wconf 86' lang='lat' dir='ltr'><strong>accolo</strong></span> <span class='ocrx_word' id='word_1_758' title='bbox 2911 4576 3141 4646; x_wconf 89' lang='lat' dir='ltr'><strong>pretium</strong></span> <span class='ocrx_word' id='word_1_759' title='bbox 3201 4577 3364 4630; x_wconf 89' lang='lat' dir='ltr'><strong>unius</strong></span> <span class='ocrx_word' id='word_1_760' title='bbox 3419 4577 3631 4631; x_wconf 90' lang='lat' dir='ltr'><strong>denarii</strong></span> 
     </span>
    </p>
   </div>
   <div class='ocr_carea' id='block_1_106' title="bbox 1983 4661 3629 4733">
    <p class='ocr_par' dir='ltr' id='par_1_106' title="bbox 1983 4661 3629 4733">
     <span class='ocr_line' id='line_1_108' title="bbox 1983 4661 3629 4733; baseline 0.004 -22"><span class='ocrx_word' id='word_1_761' title='bbox 1983 4675 1994 4684; x_wconf 60' lang='grc' dir='ltr'>ν</span> <span class='ocrx_word' id='word_1_762' title='bbox 2014 4661 2257 4716; x_wconf 87' lang='lat' dir='ltr'><strong>donavit.</strong></span> <span class='ocrx_word' id='word_1_763' title='bbox 2296 4663 2427 4716; x_wconf 90' lang='lat' dir='ltr'><strong>lude</strong></span> <span class='ocrx_word' id='word_1_764' title='bbox 2459 4664 2706 4728; x_wconf 89' lang='lat' dir='ltr'><strong>rediens,</strong></span> <span class='ocrx_word' id='word_1_765' title='bbox 2734 4664 2799 4716; x_wconf 90' lang='lat' dir='ltr'><strong>ad</strong></span> <span class='ocrx_word' id='word_1_766' title='bbox 2825 4679 3070 4717; x_wconf 88' lang='lat' dir='ltr'><strong>mensam</strong></span> <span class='ocrx_word' id='word_1_767' title='bbox 3104 4679 3400 4733; x_wconf 87' lang='lat' dir='ltr'><strong>pransurus</strong></span> <span class='ocrx_word' id='word_1_768' title='bbox 3429 4680 3629 4718; x_wconf 81' lang='lat' dir='ltr'><strong>conse-</strong></span> 
     </span>
    </p>
   </div>
   <div class='ocr_carea' id='block_1_107' title="bbox 2014 4754 3627 4828">
    <p class='ocr_par' dir='ltr' id='par_1_107' title="bbox 2014 4754 3627 4828">
     <span class='ocr_line' id='line_1_109' title="bbox 2014 4754 3627 4828; baseline 0.003 -22"><span class='ocrx_word' id='word_1_769' title='bbox 2014 4754 2112 4818; x_wconf 90' lang='lat' dir='ltr'><strong>dit,</strong></span> <span class='ocrx_word' id='word_1_770' title='bbox 2159 4755 2232 4808; x_wconf 88' lang='lat' dir='ltr'><strong>ibi</strong></span> <span class='ocrx_word' id='word_1_771' title='bbox 2268 4757 2430 4811; x_wconf 90' lang='lat' dir='ltr'><strong>lectio</strong></span> <span class='ocrx_word' id='word_1_772' title='bbox 2463 4773 2572 4812; x_wconf 90' lang='lat' dir='ltr'><strong>non</strong></span> <span class='ocrx_word' id='word_1_773' title='bbox 2607 4758 2803 4825; x_wconf 88' lang='lat' dir='ltr'><strong>defuit,</strong></span> <span class='ocrx_word' id='word_1_774' title='bbox 2858 4776 2959 4812; x_wconf 89' lang='lat' dir='ltr'><strong>nec</strong></span> <span class='ocrx_word' id='word_1_775' title='bbox 2991 4759 3372 4828; x_wconf 62' lang='lat' dir='ltr'><strong>prmdictorum</strong></span> <span class='ocrx_word' id='word_1_776' title='bbox 3425 4775 3627 4828; x_wconf 86' lang='lat' dir='ltr'><strong>paupe-</strong></span> 
     </span>
    </p>
   </div>
   <div class='ocr_carea' id='block_1_108' title="bbox 2015 4847 3631 4921">
    <p class='ocr_par' dir='ltr' id='par_1_108' title="bbox 2015 4847 3631 4921">
     <span class='ocr_line' id='line_1_110' title="bbox 2015 4847 3631 4921; baseline 0.004 -25"><span class='ocrx_word' id='word_1_777' title='bbox 2015 4861 2130 4897; x_wconf 89' lang='lat' dir='ltr'><strong>rum</strong></span> <span class='ocrx_word' id='word_1_778' title='bbox 2168 4847 2460 4901; x_wconf 91' lang='lat' dir='ltr'><strong>multitudo</strong></span> <span class='ocrx_word' id='word_1_779' title='bbox 2491 4849 2715 4917; x_wconf 89' lang='lat' dir='ltr'><strong>c0piosa</strong></span> <span class='ocrx_word' id='word_1_780' title='bbox 2781 4850 3042 4920; x_wconf 81' lang='lat' dir='ltr'><strong>Apposita</strong></span> <span class='ocrx_word' id='word_1_781' title='bbox 3075 4866 3216 4904; x_wconf 51' lang='lat' dir='ltr'><strong>icum</strong></span> <span class='ocrx_word' id='word_1_782' title='bbox 3252 4849 3452 4921; x_wconf 80' lang='lat' dir='ltr'><strong>gaudio</strong></span> <span class='ocrx_word' id='word_1_783' title='bbox 3481 4866 3631 4903; x_wconf 88' lang='lat' dir='ltr'><strong>sum-</strong></span> 
     </span>
    </p>
   </div>
   <div class='ocr_carea' id='block_1_109' title="bbox 2016 4939 3631 5006">
    <p class='ocr_par' dir='ltr' id='par_1_109' title="bbox 2016 4939 3631 5006">
     <span class='ocr_line' id='line_1_111' title="bbox 2016 4939 3631 5006; baseline 0.006 -17"><span class='ocrx_word' id='word_1_784' title='bbox 2016 4939 2142 5006; x_wconf 88' lang='lat' dir='ltr'><strong>psit,</strong></span> <span class='ocrx_word' id='word_1_785' title='bbox 2185 4948 2389 4994; x_wconf 90' lang='lat' dir='ltr'><strong>etcum</strong></span> <span class='ocrx_word' id='word_1_786' title='bbox 2426 4957 2492 4995; x_wconf 89' lang='lat' dir='ltr'><strong>eo</strong></span> <span class='ocrx_word' id='word_1_787' title='bbox 2533 4945 2888 4998; x_wconf 89' lang='lat' dir='ltr'><strong>manentibus</strong></span> <span class='ocrx_word' id='word_1_788' title='bbox 2936 4945 3170 4998; x_wconf 86' lang='lat' dir='ltr'><strong>maxima</strong></span> <span class='ocrx_word' id='word_1_789' title='bbox 3210 4943 3478 4998; x_wconf 80' lang='lat' dir='ltr'><strong>hilaritate</strong></span> <span class='ocrx_word' id='word_1_790' title='bbox 3515 4944 3631 4998; x_wconf 86' lang='lat' dir='ltr'><strong>dis-</strong></span> 
     </span>
    </p>
   </div>
   <div class='ocr_carea' id='block_1_110' title="bbox 2014 5028 3630 5105">
    <p class='ocr_par' dir='ltr' id='par_1_110' title="bbox 2014 5028 3630 5105">
     <span class='ocr_line' id='line_1_112' title="bbox 2014 5028 3630 5105; baseline 0.006 -24"><span class='ocrx_word' id='word_1_791' title='bbox 2014 5028 2226 5094; x_wconf 90' lang='lat' dir='ltr'><strong>tribuit,</strong></span> <span class='ocrx_word' id='word_1_792' title='bbox 2262 5033 2710 5087; x_wconf 90' lang='lat' dir='ltr'><strong>recordansillud</strong></span> <span class='ocrx_word' id='word_1_793' title='bbox 2746 5037 3021 5105; x_wconf 80' lang='lat' dir='ltr'><strong>Apostoli:</strong></span> <span class='ocrx_word' id='word_1_794' title='bbox 3051 5037 3291 5091; x_wconf 79' lang='lat' dir='ltr'><strong>Hilarem</strong></span> <span class='ocrx_word' id='word_1_795' title='bbox 3308 5038 3630 5090; x_wconf 75' lang='lat' dir='ltr'><strong>enimdato-</strong></span> 
     </span>
    </p>
   </div>
   <div class='ocr_carea' id='block_1_111' title="bbox 2012 5123 3630 5200">
    <p class='ocr_par' dir='ltr' id='par_1_111' title="bbox 2012 5123 3630 5200">
     <span class='ocr_line' id='line_1_113' title="bbox 2012 5123 3630 5200; baseline 0.006 -27"><span class='ocrx_word' id='word_1_796' title='bbox 2012 5137 2126 5173; x_wconf 80' lang='lat' dir='ltr'><strong>rem</strong></span> <span class='ocrx_word' id='word_1_797' title='bbox 2155 5123 2340 5189; x_wconf 76' lang='lat' dir='ltr'><strong>diligit</strong></span> <span class='ocrx_word' id='word_1_798' title='bbox 2372 5124 2513 5177; x_wconf 84' lang='lat' dir='ltr'><strong>Deus</strong></span> <span class='ocrx_word' id='word_1_799' title='bbox 2545 5128 2617 5188; x_wconf 88' lang='lat' dir='ltr'><strong>(II</strong></span> <span class='ocrx_word' id='word_1_800' title='bbox 2644 5126 2762 5179; x_wconf 85' lang='lat' dir='ltr'><strong>Cor.</strong></span> <span class='ocrx_word' id='word_1_801' title='bbox 2806 5131 2898 5195; x_wconf 77' lang='lat' dir='ltr'><strong>ix).</strong></span> <span class='ocrx_word' id='word_1_802' title='bbox 2950 5130 3257 5200; x_wconf 89' lang='lat' dir='ltr'><strong>Unicuique</strong></span> <span class='ocrx_word' id='word_1_803' title='bbox 3313 5129 3459 5183; x_wconf 90' lang='lat' dir='ltr'><strong>enim</strong></span> <span class='ocrx_word' id='word_1_804' title='bbox 3493 5145 3630 5199; x_wconf 67' lang='lat' dir='ltr'><strong>pra:-</strong></span> 
     </span>
    </p>
   </div>
   <div class='ocr_carea' id='block_1_112' title="bbox 2012 5211 3627 5284">
    <p class='ocr_par' dir='ltr' id='par_1_112' title="bbox 2012 5211 3627 5284">
     <span class='ocr_line' id='line_1_114' title="bbox 2012 5211 3627 5284; baseline 0.007 -21"><span class='ocrx_word' id='word_1_805' title='bbox 2012 5211 2179 5266; x_wconf 90' lang='lat' dir='ltr'><strong>bebat</strong></span> <span class='ocrx_word' id='word_1_806' title='bbox 2225 5216 2370 5284; x_wconf 91' lang='lat' dir='ltr'><strong>quod</strong></span> <span class='ocrx_word' id='word_1_807' title='bbox 2429 5232 2554 5269; x_wconf 91' lang='lat' dir='ltr'><strong>eum</strong></span> <span class='ocrx_word' id='word_1_808' title='bbox 2608 5216 2971 5273; x_wconf 86' lang='lat' dir='ltr'><strong>libentissime</strong></span> <span class='ocrx_word' id='word_1_809' title='bbox 3020 5237 3240 5276; x_wconf 88' lang='lat' dir='ltr'><strong>sumere</strong></span> <span class='ocrx_word' id='word_1_810' title='bbox 3303 5221 3627 5275; x_wconf 69' lang='lat' dir='ltr'><strong>aestimabat.</strong></span> 
     </span>
    </p>
   </div>
   <div class='ocr_carea' id='block_1_113' title="bbox 2013 5300 3631 5373">
    <p class='ocr_par' dir='ltr' id='par_1_113' title="bbox 2013 5300 3631 5373">
     <span class='ocr_line' id='line_1_115' title="bbox 2013 5300 3631 5373; baseline 0.009 -21"><span class='ocrx_word' id='word_1_811' title='bbox 2013 5300 2142 5354; x_wconf 83' lang='lat' dir='ltr'><strong>Cibo</strong></span> <span class='ocrx_word' id='word_1_812' title='bbox 2174 5317 2301 5356; x_wconf 88' lang='lat' dir='ltr'><strong>vero</strong></span> <span class='ocrx_word' id='word_1_813' title='bbox 2335 5311 2687 5373; x_wconf 90' lang='lat' dir='ltr'><strong>consumpto,</strong></span> <span class='ocrx_word' id='word_1_814' title='bbox 2742 5313 2795 5358; x_wconf 90' lang='lat' dir='ltr'><strong>et</strong></span> <span class='ocrx_word' id='word_1_815' title='bbox 2825 5310 3085 5364; x_wconf 90' lang='lat' dir='ltr'><strong>omnibus</strong></span> <span class='ocrx_word' id='word_1_816' title='bbox 3118 5328 3241 5365; x_wconf 90' lang='lat' dir='ltr'><strong>cum</strong></span> <span class='ocrx_word' id='word_1_817' title='bbox 3290 5327 3357 5366; x_wconf 88' lang='lat' dir='ltr'><strong>eo</strong></span> <span class='ocrx_word' id='word_1_818' title='bbox 3389 5327 3631 5366; x_wconf 91' lang='lat' dir='ltr'><strong>commo-</strong></span> 
     </span>
    </p>
   </div>
   <div class='ocr_carea' id='block_1_114' title="bbox 2012 5391 3628 5472">
    <p class='ocr_par' dir='ltr' id='par_1_114' title="bbox 2012 5391 3628 5472">
     <span class='ocr_line' id='line_1_116' title="bbox 2012 5391 3628 5472; baseline 0.007 -28"><span class='ocrx_word' id='word_1_819' title='bbox 2012 5391 2282 5458; x_wconf 89' lang='lat' dir='ltr'><strong>rantibus,</strong></span> <span class='ocrx_word' id='word_1_820' title='bbox 2317 5392 2620 5458; x_wconf 54' lang='lat' dir='ltr'><strong>laétificatis,</strong></span> <span class='ocrx_word' id='word_1_821' title='bbox 2657 5411 2903 5469; x_wconf 82' lang='lat' dir='ltr'><strong>congruo</strong></span> <span class='ocrx_word' id='word_1_822' title='bbox 2929 5407 3176 5470; x_wconf 89' lang='lat' dir='ltr'><strong>tempore</strong></span> <span class='ocrx_word' id='word_1_823' title='bbox 3200 5402 3628 5472; x_wconf 86' lang='lat' dir='ltr'><strong>Completorium</strong></span> 
     </span>
    </p>
   </div>
   <div class='ocr_carea' id='block_1_115' title="bbox 2011 5485 3631 5563">
    <p class='ocr_par' dir='ltr' id='par_1_115' title="bbox 2011 5485 3631 5563">
     <span class='ocr_line' id='line_1_117' title="bbox 2011 5485 3631 5563; baseline 0.008 -25"><span class='ocrx_word' id='word_1_824' title='bbox 2011 5485 2276 5553; x_wconf 89' lang='lat' dir='ltr'><strong>recitavit,</strong></span> <span class='ocrx_word' id='word_1_825' title='bbox 2312 5487 2540 5558; x_wconf 89' lang='lat' dir='ltr'><strong>insuper</strong></span> <span class='ocrx_word' id='word_1_826' title='bbox 2569 5487 2692 5542; x_wconf 88' lang='lat' dir='ltr'><strong>aliis</strong></span> <span class='ocrx_word' id='word_1_827' title='bbox 2730 5491 3078 5546; x_wconf 90' lang='lat' dir='ltr'><strong>orationibus</strong></span> <span class='ocrx_word' id='word_1_828' title='bbox 3126 5497 3388 5563; x_wconf 87' lang='lat' dir='ltr'><strong>peractis,</strong></span> <span class='ocrx_word' id='word_1_829' title='bbox 3420 5503 3631 5550; x_wconf 88' lang='lat' dir='ltr'><strong>secreta</strong></span> 
     </span>
    </p>
   </div>
   <div class='ocr_carea' id='block_1_116' title="bbox 2010 5575 3633 5656">
    <p class='ocr_par' dir='ltr' id='par_1_116' title="bbox 2010 5575 3633 5656">
     <span class='ocr_line' id='line_1_118' title="bbox 2010 5575 3633 5656; baseline 0.008 -29"><span class='ocrx_word' id='word_1_830' title='bbox 2010 5575 2249 5631; x_wconf 90' lang='lat' dir='ltr'><strong>cubiculi</strong></span> <span class='ocrx_word' id='word_1_831' title='bbox 2279 5594 2402 5632; x_wconf 89' lang='lat' dir='ltr'><strong>cum</strong></span> <span class='ocrx_word' id='word_1_832' title='bbox 2435 5578 2653 5633; x_wconf 90' lang='lat' dir='ltr'><strong>silentio</strong></span> <span class='ocrx_word' id='word_1_833' title='bbox 2691 5580 2968 5649; x_wconf 87' lang='lat' dir='ltr'><strong>repetivit,</strong></span> <span class='ocrx_word' id='word_1_834' title='bbox 3005 5589 3059 5634; x_wconf 91' lang='lat' dir='ltr'><strong>et</strong></span> <span class='ocrx_word' id='word_1_835' title='bbox 3096 5597 3262 5636; x_wconf 87' lang='lat' dir='ltr'><strong>omne</strong></span> <span class='ocrx_word' id='word_1_836' title='bbox 3295 5585 3633 5656; x_wconf 88' lang='lat' dir='ltr'><strong>colloquium</strong></span> 
     </span>
    </p>
   </div>
   <div class='ocr_carea' id='block_1_117' title="bbox 2020 5719 2343 5786">
    <p class='ocr_par' dir='ltr' id='par_1_117' title="bbox 2020 5719 2343 5786">
     <span class='ocr_line' id='line_1_119' title="bbox 2020 5719 2343 5786; baseline 0.015 -16"><span class='ocrx_word' id='word_1_837' title='bbox 2020 5719 2137 5786; x_wconf 86' lang='lat' dir='ltr'><strong>pria</strong></span> <span class='ocrx_word' id='word_1_838' title='bbox 2159 5721 2226 5773; x_wconf 92' lang='lat' dir='ltr'><strong>ab</strong></span> <span class='ocrx_word' id='word_1_839' title='bbox 2261 5737 2343 5775; x_wconf 87' lang='lat' dir='ltr'><strong>eo.</strong></span> 
     </span>
    </p>
   </div>
   <div class='ocr_carea' id='block_1_118' title="bbox 2089 5792 2831 5867">
    <p class='ocr_par' dir='ltr' id='par_1_118' title="bbox 2089 5792 2831 5867">
     <span class='ocr_line' id='line_1_120' title="bbox 2089 5792 2831 5867; baseline 0.005 -23"><span class='ocrx_word' id='word_1_840' title='bbox 2089 5792 2201 5857; x_wconf 67' lang='lat'><strong>(‘24)</strong></span> <span class='ocrx_word' id='word_1_841' title='bbox 2230 5795 2420 5859; x_wconf 76' lang='grc' dir='ltr'><strong>ψίαθος,</strong></span> <span class='ocrx_word' id='word_1_842' title='bbox 2454 5805 2630 5850; x_wconf 84' lang='lat' dir='ltr'><strong>storea</strong></span> <span class='ocrx_word' id='word_1_843' title='bbox 2660 5801 2831 5867; x_wconf 79' lang='lat' dir='ltr'><strong>teges.</strong></span> 
     </span>
    </p>
   </div>
  </div>
