3978 6214
401 305 539 359 1019

1473 308 1527 360 S.
1574 304 1879 359 UDALRIGI
1921 303 2291 357 AUGUSTANI
2337 304 2647 357 EPISCOPI.

3572 305 3738 362 1020

403 433 508 487 nisi
531 449 652 488 cum
690 434 799 487 Deo
824 440 879 488 et
909 434 1115 487 sanctis
1161 434 1305 501 ejus,
1327 448 1521 505 .usquc
1551 434 1618 488 ad
1646 433 1870 488 alterius
1897 430 2009 487 diei
2034 433 2089 501 Α
2113 429 2467 495 desisterent,
2495 438 2866 501 caeterumque
2908 432 3170 501 populum
3201 434 3361 488 Pater
3398 437 3581 487 noster
3609 449 3736 488 cum

406 523 634 576 Primam
668 530 939 591 peractam
972 521 1198 577 omnino
1226 521 1506 577 devitavit.
1558 522 1667 577 Hoc
1699 523 1862 577 modo
1895 522 2015 575 dies

406 613 843 682 Quadragesimm
870 613 1129 683 explevit,
1163 629 1337 684 usque
1378 613 1433 667 in
1474 614 1619 668 diem
1656 612 2013 687 indulgentis

404 721 573 774 quem
628 704 817 757 dicunt
848 704 1050 758 Pascha
1084 704 1408 773 palmarum,
1442 720 1508 758 eo
1566 706 1653 758 die
1687 721 1848 758 mane
1879 704 2017 758 dilu-

402 793 525 849 culo
558 793 627 847 ad
672 794 927 848 Sanctam
958 794 1137 849 Afrani
1174 795 1278 864 (25)
1311 795 1587 860 veniebat,
1620 796 1662 849 si
1696 795 1749 849 in
1779 802 2016 864 'praeter-

405 885 477 939 ita
527 892 686 940 nocte
746 885 819 938 ibi
877 901 987 940 non
1040 886 1344 953 manebat,
1414 887 1636 941 missam
1698 888 1767 941 de
1821 889 2019 942 Sancta

402 976 658 1031 Trinitate
688 978 963 1043 cantabat,
1007 986 1063 1033 et
1096 994 1275 1033 ramos
1308 978 1609 1050 palmarum
1639 979 2016 1033 diversarum-

403 1086 509 1139 que
540 1068 813 1123 frondium
867 1069 1254 1135 benedicebat,
1295 1071 1701 1144 Evangelioque
1756 1078 1811 1125 et
1844 1068 2022 1125 cruci-

406 1166 506 1217 bus
537 1172 589 1217 et
614 1164 911 1219 fanonihus
938 1166 1067 1233 (26),
1102 1175 1155 1219 et
1182 1181 1305 1219 cum
1338 1164 1520 1237 efﬁgie
1551 1166 1800 1219 sedentis
1830 1165 2018 1220 Domi-

407 1254 462 1307 ni
516 1271 681 1325 super
720 1253 957 1319 asinum,
984 1270 1106 1308 cum
1146 1254 1364 1309 clericis
1416 1261 1469 1307 et
1498 1255 1849 1309 multitudine
1910 1269 2016 1324 po-

408 1349 521 1417 puli
552 1364 732 1402 ramos
757 1349 1059 1417 palmarum
1092 1348 1145 1402 in
1180 1348 1437 1402 manibus
1479 1350 1768 1418 portantis,
1804 1357 1857 1403 et
1895 1366 2017 1405 cum

407 1436 816 1491 cantationibus
858 1436 907 1489 in
943 1437 1206 1491 honorem
1240 1438 1487 1504 ejusdem
1532 1438 1641 1491 diei
1674 1439 2015 1509 compositis,

405 1534 611 1581 etcum
657 1542 855 1598 magno
899 1526 1102 1580 decore
1160 1526 1425 1599 pergebat
1481 1544 1657 1598 usque
1698 1528 1764 1581 ad
1817 1528 2015 1582 collem

404 1632 527 1686 quae
579 1615 782 1670 dicitur
835 1614 1099 1679 Perleich,
1158 1614 1345 1685 ibique
1381 1614 1597 1668 obviam
1650 1615 1699 1669 ei
1762 1615 2018 1669 veniebat

403 1708 605 1759 chorus
659 1705 1051 1759 cauonicorum
1083 1721 1206 1758 cum
1249 1703 1657 1770 pulchritudine
1688 1721 1904 1775 magna,
1966 1711 2020 1757 et

405 1816 528 1854 cum
556 1798 768 1853 civibus
794 1798 888 1868 qui
938 1798 992 1850 in
1023 1798 1241 1852 civitate
1275 1804 1670 1863 remanserant,
1702 1805 1755 1851 et
1807 1798 1901 1869 qui
1951 1798 2019 1852 de

406 1891 627 1961 oppidis
649 1890 1168 1956 circumiacentibus
1201 1890 1337 1960 ipsis
1359 1906 1418 1943 se
1444 1889 1680 1961 jungere
1708 1890 2018 1954 voluerunt,

409 1980 507 2039 ibi.
538 1980 603 2032 ad
651 1980 981 2033 imitandum
1030 1979 1394 2033 humilitatem
1457 1994 1750 2049 puerorum
1792 1988 2023 2035 ctetero-

404 2091 638 2145 rumque
674 2076 1024 2144 pepulorum,
1051 2075 1216 2127 ramis
1247 2076 1549 2144 palmarum
1593 2085 1648 2129 et
1678 2074 2021 2129 vestimentis

401 2164 515 2217 suis
558 2164 700 2216 viam
748 2162 1134 2216 sternentium.
1197 2163 1267 2216 lis
1321 2163 1595 2232 espletis,
1662 2163 1744 2216 vir
1800 2169 2022 2216 sanctus

396 2254 947 2325 congruentissimam
1006 2253 1442 2308 admonitionem
1504 2254 1573 2307 de
1615 2254 1873 2324 passione
1916 2254 2022 2308 Do—

394 2349 527 2402 mini
562 2349 628 2401 ad
686 2364 880 2402 omnes
932 2348 1078 2413 fecit,
1127 2364 1375 2419 eousque
1406 2365 1553 2418 saepe
1612 2355 1667 2402 et
1710 2348 1802 2402 ille
1837 2348 2016 2413 ﬂeret,

397 2442 639 2511 fletuque
671 2456 770 2494 suo
799 2441 1000 2495 multos
1030 2440 1162 2495 ﬂere
1195 2440 1439 2495 fecisset.
1474 2440 1864 2496 Admonitione
1895 2457 2023 2510 per-

396 2538 516 2583 acta
563 2545 758 2583 omnes
814 2528 978 2582 simul
1028 2530 1197 2582 Deum
1256 2530 1543 2583 laudantes
1592 2529 1658 2583 ad
1729 2530 2019 2584 ecclesiam

401 2616 743 2672 matriculam
780 2625 1168 2686 pervenerunt,
1202 2619 1388 2689 ibique
1419 2619 1641 2672 missam
1662 2634 1786 2672 cum
1821 2634 1887 2671 eo
1920 2634 2019 2672 ce-

404 2708 772 2770 lebraverunt,
806 2714 860 2759 et
890 2707 1019 2760 inde
1049 2723 1245 2760 omnes
1277 2707 1332 2760 in
1363 2723 1461 2761 sua
1489 2707 1791 2761 redierunt.
1831 2706 2025 2761 Postea

403 2810 582 2856 autem
613 2801 667 2855 in
692 2801 777 2853 his
809 2800 981 2853 tribus
1012 2800 1209 2854 diebus
1242 2800 1521 2873 contiguis
1554 2800 1817 2870 synodale
1852 2800 2026 2855 collo-

403 2893 590 2963 quium
634 2891 834 2944 habere
883 2890 1190 2953 consuevit,
1230 2905 1296 2943 eo
1336 2890 1482 2959 quod
1514 2905 1759 2945 canones
1799 2890 1903 2959 (Ξῖ)
1938 2890 2027 2945 bis

406 2984 461 3036 in
519 2996 664 3034 anno
718 2980 1106 3048 episcoporum
1176 2979 1410 3035 concilia
1480 2978 1596 3032 fieri
1657 2979 2022 3049 praecipiunt:

2115 533 2311 587 magna
2340 518 2648 572 humilitate
2680 519 2973 574 decantare
3003 519 3234 592 rogavit.
3261 520 3377 584 Quo
3410 520 3734 585 benedicta,

2115 619 2167 665 et
2197 614 2401 684 populo
2432 629 2586 668 sacro
2618 614 2816 669 viatico
2857 625 3128 680 recreato,
3159 616 3508 688 Vesperaque
3543 617 3741 687 exple-

2119 712 2190 765 ta,
2248 706 2314 758 ad
2346 706 2642 760 sacrarium
2683 706 2832 760 venit
2885 708 3126 761 chrisma
3192 716 3247 762 et
3290 708 3474 762 oleum
3518 708 3741 763 clericis

2119 792 2574 863 dispensandum.
2622 794 2712 847 llis
2767 795 3123 865 dispensatis,
3156 796 3225 850 ad
3277 797 3579 867 hospitium
3611 814 3745 869 pau-

2120 900 2312 954 perum
2347 884 2516 949 venit,
2548 891 2601 938 et
2642 884 2724 938 eis
2750 885 2914 939 solito
2967 902 3118 940 more
3163 887 3575 942 mininistravit.
3614 888 3747 942 Inde

2120 983 2302 1030 autem
2336 975 2390 1028 in
2440 976 2727 1030 ecclesiam
2790 977 3111 1043 ambulavit,
3146 988 3203 1033 et
3259 986 3385 1033 ante
3441 980 3743 1034 sacrarium

2121 1066 2292 1129 venit,
2325 1065 2514 1137 ibique
2539 1083 2570 1119 a
2596 1068 2895 1123 camerario
2927 1068 3107 1123 allatis
3132 1070 3379 1125 vestibus
3409 1070 3571 1125 novis
3602 1071 3743 1126 duo-

2121 1158 2299 1213 decim
2334 1175 2609 1229 pauperes
2649 1161 2885 1225 vestivit,
2927 1169 2982 1215 et
3011 1162 3325 1216 acervulum
3378 1163 3551 1218 aceoli
3620 1163 3745 1218 aliis

2122 1254 2479 1323 dispensavit,
2515 1261 2570 1308 et
2600 1270 2667 1308 eo
2707 1255 2800 1308 die
2858 1255 3065 1309 nullum
3098 1257 3168 1311 ab
3195 1272 3264 1310 eo
3323 1273 3557 1311 vacuum
3589 1257 3746 1311 abire

2123 1341 2351 1406 dimisit,
2384 1342 2638 1411 quamvis
2678 1358 2870 1397 eorum
2921 1344 3218 1399 multitudo
3251 1361 3450 1417 magna
3497 1346 3742 1399 adesset.

2123 1432 2315 1488 Postea
2345 1434 2410 1486 ad
2439 1433 2622 1488 cibum
2656 1434 2824 1496 venit.
2860 1434 3168 1507 cibatisque
3197 1437 3460 1491 omnibus
3500 1454 3630 1492 cum
3677 1452 3743 1493 co

2120 1525 2490 1583 manentibus.
2542 1527 2797 1596 exemplo
2854 1527 3068 1581 Domini
3121 1528 3293 1597 pedes
3342 1529 3741 1600 discipulorum

2119 1632 2342 1671 suorum
2377 1617 2557 1671 lavare
2597 1617 2786 1687 caapit.
2829 1618 3230 1690 Lavationeque
3261 1637 3383 1675 cum
3425 1622 3748 1691 antiphonis

2045 1734 2093 1800 Β
2118 1709 2552 1780 congruentibus
2565 1718 2620 1763 et
2646 1710 2897 1763 versibus
2915 1717 2969 1764 et
2992 1711 3329 1766 lectionibus
3353 1712 3745 1767 decentissime

2123 1812 2367 1870 peracta,
2401 1801 2598 1870 poeula
2628 1801 2836 1870 Optima
2890 1802 2943 1856 iu
3003 1803 3118 1855 suis
3162 1804 3401 1858 cellariis
3459 1805 3748 1859 recondita

2123 1909 2244 1945 cum
2280 1909 2477 1965 magna
2508 1893 2773 1947 charitate
2804 1904 2857 1947 et
2890 1894 3202 1949 humilitate
3235 1895 3577 1951 sufﬁcienter
3610 1913 3742 1967 por-

2124 1981 2281 2046 rexit,
2313 1989 2389 2045 et,
2441 1980 2810 2051 Completorio
2843 1983 3083 2052 expleto,
3131 1984 3374 2037 membra
3408 1982 3462 2038 in
3498 1984 3589 2038 Dei
3625 2002 3746 2039 ser-

2124 2071 2254 2125 vitio
2286 2071 2506 2145 fatigata
2533 2072 2703 2143 quieti
2739 2072 2924 2126 lectuli
2951 2073 3378 2128 commendavit.
3433 2074 3529 2128 Die
3561 2083 3745 2129 autem

2125 2184 2441 2237 paresceve,
2472 2169 2623 2222 horis
2669 2169 2975 2222 Secundum
3007 2169 3258 2223 ordinem
3299 2177 3459 2224 caute
3490 2171 3748 2240 expletis,

2122 2256 2339 2311 omissis
2369 2256 2490 2310 aliis
2529 2257 2805 2319 cursibus,
2861 2256 3019 2311 sicuti
3052 2257 3106 2310 in
3166 2273 3325 2311 ccena
3368 2256 3602 2319 Domini,
3637 2258 3747 2312 nisi

2122 2349 2188 2401 ad
2222 2349 2478 2402 eumdem
2506 2349 2649 2401 diem
2677 2348 3112 2417 pertinentibus,
3137 2364 3300 2403 mane
3331 2349 3576 2404 diluculo
3601 2349 3748 2419 psal-

2126 2439 2320 2494 terium
2372 2439 2595 2507 explere
2656 2436 2956 2499 festinavit,
3008 2445 3084 2499 et,
3138 2452 3295 2491 sacro
3350 2438 3442 2491 Dei
3484 2439 3750 2506 mysterio

2126 2533 2463 2598 perpetrato,
2490 2525 2808 2595 populoque
2835 2540 2993 2579 sacro
3007 2525 3204 2579 Christi
3224 2541 3455 2596 corpore
3473 2527 3748 2597 saginato,

2125 2628 2199 2685 et,
2231 2619 2719 2675 consuetudinario
2745 2633 2919 2684 more,
2952 2620 3101 2689 quod
3138 2627 3477 2675 remanserat
3501 2620 3749 2690 sepulto,

2127 2714 2323 2767 iterum
2369 2713 2509 2767 inter
2540 2711 2805 2765 ecclesias
2832 2711 3168 2766 ambulando
3201 2713 3519 2782 psalterium
3552 2714 3747 2783 exple-

2125 2802 2204 2856 vit
2257 2800 2625 2863 decantando,
2686 2809 2761 2861 et,
2819 2800 3139 2869 vespertina
3169 2800 3323 2862 hora,
3382 2800 3504 2854 sine
3562 2816 3752 2854 mensa

2125 2900 2289 2964 atque
2322 2894 2680 2956 mensalibus.
2726 2893 2780 2945 in
2815 2894 3069 2947 cubiculo
3121 2907 3221 2946 suo
3252 2908 3395 2962 pane
3422 2900 3479 2946 et
3522 2893 3752 2947 ccrvisia

2125 3000 2184 3036 se
2219 2968 2468 3036 recreare
2525 2981 2711 3052 ctepit.
2765 2989 2819 3034 et
2875 2981 3177 3051 unicuique
3217 2980 3309 3051 qui
3367 2997 3553 3035 secum
3597 2989 3754 3035 erant

405 3088 574 3125 unum
608 3088 671 3124 xv
696 3071 806 3124 Kal.
843 3069 981 3134 Oct.,
1024 3076 1078 3123 et
1116 3068 1262 3123 aliud
1295 3078 1488 3140 quarta
1523 3069 1872 3151 hebdomade
1901 3078 2023 3141 post
2046 3088 2096 3156 Ο
2120 3093 2323 3155 panem
2357 3085 2410 3128 et
2466 3073 2755 3127 cervisiam
2785 3074 2935 3138 juxta
2978 3089 3168 3128 eorum
3212 3072 3548 3127 voluntatem
3583 3075 3743 3129 exhi-

409 3164 645 3234 pascha;
684 3164 785 3217 hoc
836 3163 889 3216 in
924 3162 1026 3217 isto
1074 3170 1318 3232 tempore
1350 3161 1616 3232 perﬁcere
1656 3162 1919 3227 decrevit,
1952 3179 2023 3217 ne

410 3258 465 3311 in
520 3263 679 3310 antea
734 3256 782 3308 ei
834 3254 1055 3325 aliquod
1112 3254 1457 3308 obstaculnm
1524 3254 1656 3307 illud
1701 3253 2022 3323 perﬁciendi

411 3347 867 3418 impedimentum
920 3344 1143 3409 faceret,
1174 3354 1228 3399 et
1258 3354 1317 3400 ut
1357 3345 1411 3399 in
1443 3360 1600 3399 ccena
1629 3344 1845 3399 Domini
1899 3361 2022 3399 cum

411 3436 606 3491 eadem
639 3434 996 3489 multitudine
1036 3433 1362 3489 clericorum
1405 3442 1459 3488 et
1491 3432 1680 3504 pepuli
1710 3433 1928 3503 plenius
1969 3441 2025 3487 et

411 3527 867 3583 honorificentius
923 3526 1163 3580 chrisma
1228 3533 1282 3580 et
1327 3526 1508 3581 oleum
1568 3524 2021 3581 sanctiﬁcaretur.

411 3624 484 3678 Eo
523 3638 653 3677 vero
684 3622 797 3687 die,
838 3622 970 3677 hora
1002 3621 1161 3677 tertia
1198 3636 1393 3676 omnes
1435 3620 1647 3687 clerici,
1680 3619 2025 3675 solemnissi-

409 3714 513 3768 mis
538 3714 807 3785 paraturis
839 3714 1037 3778 induti,
1070 3722 1339 3768 venerunt
1369 3713 1424 3766 in
1456 3712 1766 3774 ecclesiam,
1800 3719 1855 3766 et
1881 3712 2019 3782 ipse,

409 3820 510 3858 suo
555 3819 707 3858 more
763 3804 1160 3874 gloriosissime
1208 3804 1275 3857 ad
1316 3804 1410 3857 Dei
1463 3803 1743 3857 servitium
1778 3810 2021 3873 paratus,

410 3911 531 3949 enm
583 3895 665 3949 eis
695 3911 906 3950 sacrum
964 3894 1286 3961 mysterium
1319 3910 1483 3964 agere
1514 3893 1867 3948 devotissime
1908 3910 2025 3948 οω-

414 3983 510 4053 pit,
541 3986 896 4054 perlectoque
926 3982 1241 4056 Evangelio,
1290 3990 1345 4037 et
1370 3982 1749 4037 admonitione
1791 3981 1930 4037 facta
1953 3982 2022 4037 ad

413 4077 697 4146 pupulum,
743 4082 796 4129 et
827 4074 1174 4129 confessione
1206 4074 1395 4145 populi
1447 4082 1691 4145 accepta,
1724 4074 2021 4145 indulgen-

412 4170 539 4222 tiam
571 4168 879 4222 humillime
913 4168 993 4222 eis
1026 4166 1175 4234 fecit,
1218 4176 1272 4222 et
1295 4175 1407 4222 tota
1438 4166 1649 4238 synodo
1685 4166 2020 4222 oblationem

408 4256 697 4324 oﬂ'crente,
730 4257 1035 4312 secundum
1084 4257 1359 4322 ordinem,
1410 4256 1722 4311 cautissime
1770 4255 2025 4327 implevit

410 4365 585 4420 usque
608 4349 676 4403 ad
694 4348 1142 4404 benedictionem
1173 4349 1486 4403 chrismatis
1513 4358 1567 4403 et
1592 4348 1733 4414 olei;
1763 4348 1868 4403 hoc
1888 4347 2020 4403 fecit

412 4457 611 4513 magna
662 4442 969 4497 reverentia
1024 4441 1130 4496 sibi
1171 4442 1468 4512 apportari,
1528 4456 1652 4494 cum
1684 4440 1940 4494 crucibus
1966 4449 2094 4544 etD

412 4550 535 4587 cum
569 4533 767 4603 pueris
789 4533 1136 4604 portantibus
1188 4533 1291 4589 sub
1344 4532 1567 4604 palliolo
1606 4531 1916 4598 occultatis,
1970 4537 2024 4584 et

412 4621 608 4687 cereis,
641 4637 763 4676 cum
783 4621 1034 4676 versibus
1062 4622 1130 4676 ad
1162 4622 1266 4676 hoc
1296 4620 1662 4676 ministerium
1703 4618 2025 4690 compositis

412 4712 808 4769 formosissima
836 4713 1159 4775 decantatis,
1190 4720 1245 4767 et
1272 4728 1395 4767 cum
1428 4710 1783 4782 processione
1809 4709 2025 4765 duode-

335 4876 344 4887 θ
412 4808 518 4862 cim
541 4806 1013 4878 presbyterorum,
1032 4806 1270 4877 quicum
1295 4821 1363 4860 eo
1383 4820 1556 4877 usque
1577 4804 1633 4858 in
1657 4803 1821 4858 ﬁnem
1845 4804 2024 4858 missae

413 4903 466 4956 in
498 4918 599 4958 suo
617 4902 928 4958 ministerio
955 4916 1308 4973 perseverare
1329 4900 1658 4955 debuerunt.
1694 4898 1815 4953 Rite
1842 4906 2024 4953 autem

412 4992 519 5047 sibi
548 4992 738 5057 allato,
794 4990 1103 5046 humillime
1141 4990 1407 5061 suscepit,
1466 4997 1522 5043 et
1550 4996 1717 5044 totam
1752 4987 2024 5059 synodum

415 5086 623 5159 rogavit
663 5094 745 5149 ut,
777 5084 999 5156 quando
1049 5083 1141 5138 ille
1173 5099 1393 5139 crucem
1448 5081 1831 5137 benedicendo
1860 5096 2029 5151 super

421 5176 552 5231 illud
584 5176 808 5241 faceret,
840 5181 894 5231 et
925 5175 1049 5247 ipsi,
1082 5191 1204 5231 cum
1232 5172 1442 5253 eisdem
1474 5171 1818 5244 presbyteris
1848 5171 1942 5244 qui
1972 5171 2028 5225 in

413 5266 771 5338 processione
800 5274 957 5322 erant
976 5274 1032 5323 et
1059 5266 1165 5321 sibi
1183 5264 1532 5330 assistebant,
1566 5262 1898 5319 benedicere
1920 5278 2030 5319 non

483 5416 589 5485 (25)
620 5414 863 5485 Ecclesia
890 5415 945 5470 S.
970 5413 1111 5469 Afrae
1138 5429 1224 5485 ea,
1250 5428 1374 5485 quae
1404 5426 1554 5485 nunc
1576 5410 1739 5485 vulgo
1771 5409 1826 5465 S.
1864 5410 2024 5485 Udal-

412 5480 511 5541 rici
565 5480 809 5542 coenobii
864 5486 959 5540 SS.
1018 5480 1369 5539 Udalrici'et
1431 5481 1569 5536 Afrae
1612 5480 1835 5545 dicitur,
1891 5482 2025 5535 urbe

416 5562 545 5613 tunc
571 5573 684 5613 non
715 5555 1309 5626 comprehendebatur.
1740 5568 1744 5572 ·

492 5628 597 5696 (26)
624 5628 875 5696 Fauones
904 5626 1121 5696 vexilla.

491 5690 602 5764 (27)
631 5695 877 5749 Distinet.
896 5697 1050 5761 18,0.
1083 5695 1148 5746 Δις
1168 5713 1222 5764 ,α
1263 5693 1504 5746 Primum
1517 5696 1642 5760 post
1658 5690 1873 5764 tertiam
1897 5692 2033 5745 heb—

423 5756 714 5819 domadam
769 5756 1008 5830 Paschaé,
1049 5771 1111 5816 ut
1167 5760 1221 5813 in
1273 5768 1468 5831 quarta
1519 5756 1891 5826 cempleatur;
1938 5776 2033 5814 se-

2127 3175 2257 3227 bere
2283 3168 2563 3239 praecepit.
2596 3166 2951 3220 Sanctissimo
2978 3173 3161 3219 autem
3186 3164 3407 3219 Sabbati
3438 3165 3528 3219 die
3556 3167 3749 3237 exple-

2128 3268 2198 3321 tis
2230 3261 2516 3320 nocturnis
2544 3258 2763 3322 ofﬁciis,
2809 3265 2863 3311 et
2902 3258 3139 3311 amando
3178 3258 3440 3327 psalterio
3472 3258 3740 3326 perlecto,

2127 3360 2489 3427 praeparatum
2539 3350 2643 3403 sibi
2686 3347 2949 3401 balneum
3002 3345 3241 3402 intravit.
3299 3362 3409 3417 quo
3459 3362 3744 3418 nunquam

2125 3445 2202 3499 uti
2235 3442 2448 3497 solebat
2476 3455 2542 3493 eo
2566 3446 2810 3507 tempore
2843 3435 2946 3489 nisi
2983 3436 3035 3490 in
3068 3435 3310 3489 Sabbato
3338 3444 3467 3489 ante
3499 3437 3745 3501 Quadra-

2124 3537 2387 3609 gesimam
2420 3531 2553 3585 etin
2587 3528 2766 3583 media
2811 3526 3254 3600 Quadragesima,
3286 3534 3341 3581 et
3377 3542 3445 3582 eo
3475 3527 3589 3582 die.
3637 3527 3742 3582 La-

2124 3624 2345 3679 vatione
2394 3627 2576 3674 autem
2627 3616 2877 3686 corporis
2934 3623 3179 3686 peracta,
3235 3623 3290 3670 et
3340 3617 3743 3687 praeparatione

2124 3714 2574 3768 vestimentorum
2610 3707 2824 3771 induta,
2855 3706 2922 3759 ad
2955 3722 3166 3759 sacrum
3209 3704 3450 3760 officium
3481 3706 3745 3762 solemni-

2127 3811 2209 3857 ter
2232 3818 2290 3855 se
2322 3798 2666 3871 praeparavit,
2700 3802 2754 3849 ct
2809 3802 2980 3849 totum
3021 3794 3231 3849 clerum
3264 3794 3396 3848 hora
3453 3795 3563 3849 diei
3598 3811 3745 3850 nona

2124 3910 2247 3947 cum
2281 3908 2346 3946 eo
2382 3897 2627 3962 paratum
2660 3904 2780 3941 esse
2802 3885 3119 3951 destinavit,
3148 3886 3466 3957 statimque,
3502 3886 3745 3956 perlecta

2125 3987 2262 4041 trina
2294 3985 2517 4049 letania,
2574 3996 2849 4051 cereoque
2899 3978 3236 4034 sanctiﬁcato
3294 3978 3738 4050 lectionibusque

2125 4085 2179 4129 et
2204 4074 2391 4129 tractis
2444 4071 2861 4135 consummatis,
2893 4086 3016 4123 cum
3076 4068 3246 4139 quina
3276 4067 3479 4123 letania
3530 4075 3739 4123 etcum

2122 4164 2273 4220 omni
2306 4164 2513 4220 honore
2534 4161 2603 4215 ad
2634 4159 2967 4230 baptismum
2998 4157 3433 4212 consecrandum
3464 4156 3533 4210 ad
3559 4158 3741 4211 eccle-

2123 4257 2258 4312 siam
2290 4255 2474 4310 Sancti
2504 4253 2731 4309 Joannis
2764 4252 3015 4321 Baptistae
3041 4249 3302 4321 perrexit,
3334 4248 3742 4320 baptizatisque

2121 4347 2195 4402 ibi
2223 4347 2292 4402 ab
2324 4362 2391 4401 eo
2418 4345 2592 4402 tribus
2618 4343 2827 4414 pueris,
2859 4358 2983 4397 cum
3015 4348 3248 4411 septena
3277 4339 3499 4407 letania,
3532 4355 3744 4411 regres-

2121 4459 2216 4497 sus
2244 4441 2421 4496 estad
2451 4438 2745 4494 sacrarium
2800 4436 2869 4491 ad
2909 4436 3131 4490 missam
3170 4451 3229 4489 se
3292 4434 3740 4505 praeparandum,

2124 4534 2272 4589 clero
2294 4531 2515 4587 interim
2543 4529 2817 4601 psallente
2859 4527 2913 4581 in
2945 4528 3133 4581 choro.
3174 4525 3456 4580 Missarum
3485 4540 3615 4579 vero
3647 4539 3742 4579 so-

2125 4622 2345 4677 lemniis
2364 4619 2685 4676 solemuiter
2703 4633 2824 4672 cum
2846 4616 3085 4686 Vespera
3116 4613 3369 4684 peractis,
3395 4627 3744 4684 corporeque

2127 4716 2324 4771 Christi
2354 4715 2696 4785 dispensato,
2750 4717 2804 4765 et
2842 4709 3015 4765 sacris
3071 4707 3321 4763 vestibus
3350 4706 3642 4777 depositis,
3675 4722 3746 4762 eo

2127 4808 2215 4862 die
2242 4822 2434 4863 mensa
2458 4803 2711 4875 apposita
2739 4803 2806 4856 ad
2840 4800 3197 4857 refectionem
3226 4814 3350 4854 cum
3381 4814 3581 4873 magna
3606 4799 3749 4853 mul-

2130 4899 2362 4955 titudine
2376 4896 2649 4961 consedit,
2663 4905 2719 4949 et
2740 4893 3000 4949 omnibus
3019 4892 3364 4947 abundanter
3375 4889 3596 4946 refectis
3616 4906 3746 4946 cum

2128 4987 2331 5064 gaudio
2356 4986 2425 5041 ad
2453 4982 2866 5039 mansiunculas
2897 4981 3077 5037 redire
3109 4978 3378 5050 permisit.
3413 4977 3753 5033 Desiderans

2131 5075 2341 5131 tissimo
2380 5081 2544 5145 atque
2569 5069 2916 5126 sanctissimo
2962 5067 3207 5123 Paschali
3262 5067 3352 5122 die
3382 5066 3748 5136 adveniente,

2133 5175 2256 5243 post
2294 5167 2529 5223 Primam
2562 5164 2785 5221 intravit
2804 5164 3092 5219 ecclesiam
3115 5162 3297 5216 Sancti
3326 5159 3601 5217 Ambrosii
3619 5161 3748 5230 (28),

2135 5260 2228 5316 ubi
2260 5259 2349 5314 die
2376 5258 2676 5313 Parasceve
2704 5270 2905 5325 corpus
2947 5251 3145 5307 Christi
3173 5250 3524 5322 superposito
3560 5249 3751 5321 lapide

2126 5409 2369 5464 cundum
2401 5407 2588 5461 Idibus
2605 5404 2701 5460 Oct
2766 5428 2790 5449 κ
2835 5400 3272 5473 Apparetitaque
3298 5398 3387 5473 hic
3406 5397 3745 5473 xngalDet.

2125 5488 2404 5550 sumptum
2444 5493 2542 5550 pro
2568 5477 2637 5530 15
2662 5475 2751 5529 die
2782 5470 2893 5550 Oct
2914 5470 2945 5550 ξ.
2963 5488 3127 5544 quam
3148 5470 3392 5550 phrasim
3426 5470 3590 5524 etiam
3623 5471 3752 5525 aliis

2126 5552 2183 5604 in
2214 5541 2598 5620 scriptoribus,
2631 5561 2823 5620 parum
2855 5541 3103 5620 latinam,
3127 5541 3211 5596 est
3247 5541 3565 5620 observare.

2197 5622 2304 5745 328)
2326 5613 2519 5688 'Hujus
2550 5613 2799 5673 ecclesiae
2849 5615 3052 5670 nullam
3084 5613 3405 5667 memoriam
3434 5628 3751 5682 superesse,

2263 5690 2482 5745 stetisse
2512 5703 2685 5745 uroue
2725 5686 3096 5742 cathedralem
3120 5691 3274 5739 notat
3300 5682 3600 5738 Welscrus.

2132 5682 2232 5745 sed
2263 5682 2482 5746 stetisse
2512 5703 2685 5760 prope
2725 5686 3096 5742 cathedralem
3120 5691 3274 5739 notat
3300 5682 3600 5738 Welscrus.
