3978 6214
197 311 323 366 102-1

1773 304 1939 358 VITA.

3386 306 3526 359 1022

195 439 504 497 collocavit.
568 435 762 505 ibique
802 451 923 488 cum
988 436 1175 503 paucis
1215 434 1434 488 clericis
1490 435 1707 489 missam
1741 435 1810 488 de
1841 443 1885 504 Α
1913 452 2042 507 gere
2098 437 2383 506 potuisset,
2435 434 2801 488 Wthinuvanc
2855 435 2979 500 (33;,
3030 436 3356 505 Stapheuse,
3391 436 3529 490 Fau-

195 537 383 583 sancta
403 525 662 580 Trinitate
678 522 1166 594 explevit;expleta
1196 531 1378 576 autem
1420 524 1584 577 missa
1604 524 1808 577 clerum

195 620 412 674 interim
446 624 839 690 congregatum
898 615 950 668 in
991 631 1148 668 caena
1208 616 1312 684 (29)
1351 615 1503 682 juxta
1559 615 1808 668 eamdem

193 715 485 771 ecclesiam
544 714 703 767 sitam
770 711 1194 765 solemnissimis
1249 711 1495 764 vestibus
1559 711 1808 764 indutum

190 804 506 867 antecessit,
548 818 736 856 secum
771 807 980 871 portato
1037 815 1270 869 corpore
1312 799 1505 853 Christi
1532 807 1586 852 et
1631 799 1809 852 Evan-

193 901 362 972 gelio,
390 908 445 952 et
475 898 675 960 cereis,
707 905 760 951 et
793 897 1042 954 incenso.
1075 903 1127 949 et
1175 911 1298 948 cum
1333 911 1576 968 congrua
1599 896 1809 948 saluta-

195 990 346 1042 tione
367 1003 624 1041 versuum
657 1004 687 1040 a
740 987 925 1056 pueris
974 986 1260 1038 decantata
1298 1002 1395 1055 per
1442 986 1638 1039 atrium
1672 1001 1805 1054 per-

194 1078 334 1132 rexit
360 1077 426 1130 ad
466 1075 754 1129 ecclesiam
797 1075 979 1129 Sancti
1041 1075 1270 1129 Joannis
1303 1074 1579 1143 Baptistae,
1623 1074 1808 1145 ibique

193 1169 430 1222 Tertiam
489 1166 822 1230 decantavit,
883 1165 1122 1234 indeque
1180 1179 1302 1216 cum
1363 1162 1687 1232 antiphonis
1741 1163 1808 1216 ad

198 1263 465 1314 honorem
497 1260 659 1327 hujus
687 1258 796 1311 diei
843 1255 1338 1329 congruentissime
1360 1256 1701 1324 compositis,
1743 1256 1808 1309 ad

194 1367 443 1411 tuomum
494 1354 598 1418 (30')
655 1350 1051 1405 formosissima
1107 1348 1479 1418 processione,
1550 1347 1696 1400 binis
1757 1355 1812 1401 et

197 1449 346 1502 binis
370 1445 675 1500 secundum
703 1443 954 1496 ordinem
1015 1440 1176 1494 simul
1208 1439 1625 1493 ambulantibus
1677 1439 1813 1492 mis-

198 1557 315 1595 sam
356 1537 735 1592 celebraturus
766 1539 1110 1604 pervenerat.
1146 1531 1301 1584 Missa
1351 1531 1536 1601 itaque
1569 1531 1816 1584 devotis-

198 1630 339 1682 sime
364 1623 888 1695 religiosissimeque
921 1623 1230 1684 decantata,
1266 1619 1591 1690 cunctisque
1625 1636 1813 1674 sacra-

1913 542 2006 579 ces
2041 567 2054 591 ,
2124 524 2560 598 Wissintesteiga
2591 567 2604 590 ,
2695 523 3010 577 llenvibach
3045 565 3058 589 ,
3147 525 3314 594 (quae
3383 542 3526 578 nun-

1913 634 2078 688 quam
2145 618 2198 670 in
2243 616 2573 671 beneficium
2631 616 2890 670 laicorum
2949 616 3244 679 concessit,
3315 616 3418 669 nisi
3450 617 3520 670 de

1913 711 2277 765 exterioribus
2308 712 2443 766 locis
2481 712 2548 763 ad
2595 711 2786 764 eadem
2849 710 3178 763 monasteria
3240 711 3527 779 pertinen-

1915 801 2060 854 tibus
2090 801 2250 854 alicui
2275 801 2341 853 de
2367 801 2471 854 isto
2505 816 2644 874 pago
2669 800 2722 853 in
2755 814 2864 870 quo
2919 798 3310 853 monasterium
3361 816 3520 852 suum

1911 893 2075 947 situm
2098 901 2180 948 est
2206 893 2589 957 concessisset,
2624 902 2680 946 ut
2734 893 2805 945 ibi
2841 891 3162 945 advocatum
3211 891 3526 945 monasterii

1913 987 2116 1039 habere
2148 986 2436 1056 potuisset,
2472 992 2527 1038 ut
2555 985 2945 1038 ecclesiasticae
2997 983 3063 1036 ab
3097 999 3162 1036 eo
3217 999 3303 1035 res
3330 982 3527 1036 defen-

1913 1080 2192 1142 derentur,
2222 1078 2316 1131 sed
2349 1078 2415 1131 ad
2449 1094 2601 1130 suam
2662 1084 2988 1146 potestatem
3054 1075 3259 1144 Optima
3292 1092 3526 1145 quaeque

1913 1170 2169 1234 detinuit,
2201 1186 2267 1223 ea
2295 1170 2550 1224 videlicet
2607 1185 2768 1223 causa
2818 1175 2876 1222 ut
2931 1170 3240 1221 lacullatem
3283 1182 3345 1220 ea
3395 1168 3524 1221 visi-

1916 1263 2063 1316 tandi
2093 1272 2146 1316 et
2177 1261 2251 1314 ibi
2287 1261 2567 1324 manendi,
2612 1270 2665 1314 et
2715 1277 2838 1330 quae
2872 1260 3181 1314 necessaria
3211 1269 3367 1314 erant
3398 1274 3522 1312 cor-

1915 1351 2129 1423 rigendi
2185 1351 2237 1404 in
2271 1350 2566 1420 stipendiis
2606 1350 2930 1413 habuisset),
2987 1349 3216 1403 sedebat
3260 1350 3442 1420 itaque
3473 1349 3526 1400 in

1919 1440 2061 1494 solio
2100 1456 2269 1508 super
2333 1448 2652 1509 carpentum
2705 1439 3034 1508 composito,
3094 1439 3163 1490 de
3220 1437 3522 1491 humerulis

1922 1532 2145 1602 plaustri
2178 1531 2230 1584 in
2264 1532 2406 1585 ferro
2428 1531 2726 1600 pendente,
2759 1539 2810 1584 et
2839 1547 2962 1584 cum
3021 1547 3085 1584 eo
3119 1547 3260 1582 unus
3289 1529 3525 1583 clericus

1921 1625 1988 1678 de
2019 1624 2318 1693 capellanis
2351 1624 2493 1693 ejus,
2535 1624 2627 1693 qui
2675 1639 2797 1676 cum
2845 1638 2908 1676 eo
2938 1630 3082 1676 totus
3114 1622 3233 1674 dies
3284 1621 3526 1690 psalmos

200 1730 388 1776 menta
421 1719 615 1772 Christi
649 1717 1050 1787 accipientibus
1083 1724 1137 1769 et
1179 1715 1230 1768 in
1261 1731 1360 1768 sua
1389 1715 1813 1774 revertentibus.
1845 1745 1895 1812 Β
1921 1719 2266 1772 decantasset
2318 1718 2432 1771 Non
2466 1717 2592 1770 ideo
2648 1715 2868 1786 quando
2916 1715 3183 1784 imprimis
3241 1713 3334 1766 tali
3363 1713 3528 1767 modo

199 1816 291 1867 ille
320 1813 388 1866 ad
429 1811 611 1865 cibum
643 1809 896 1871 accessit,
943 1808 1017 1861 ibi
1051 1824 1270 1861 mensas
1295 1815 1402 1861 tres
1431 1807 1583 1862 omni
1612 1807 1813 1861 decore

201 1909 542 1971 praeparatas
571 1898 784 1952 invenit
817 1916 829 1950 :
857 1913 1018 1950 unam
1053 1896 1139 1950 cui
1171 1895 1260 1949 ille
1276 1912 1398 1949 cum
1431 1895 1633 1966 quibus
1663 1896 1812 1948 vale-

199 1992 291 2043 bat
320 1989 566 2042 assidere
607 1986 842 2050 solebat,
877 1995 936 2038 et
965 1984 1128 2038 aliam
1154 1984 1457 2038 matriculis
1519 1984 1652 2051 (3-1),
1709 1991 1816 2037 ter-

194 2083 327 2136 tiam
384 2077 796 2149 congregationi
849 2083 1051 2130 sanctae
1107 2075 1247 2128 Afrae
1303 2075 1431 2141 (3'2).
1467 2075 1816 2128 Sanctilicato

195 2171 381 2240 itaque
431 2169 576 2233 cibo,
632 2183 825 2220 carnes
866 2165 990 2237 agni
1049 2173 1102 2219 et
1153 2165 1450 2234 particulas
1505 2165 1641 2218 lardi
1679 2165 1820 2218 inter

193 2259 486 2311 missarum
515 2256 792 2309 solemnia
832 2254 1107 2308 benedicti
1157 2253 1418 2308 omnibus
1449 2254 1814 2324 dispensavit,

191 2360 247 2399 et
275 2354 404 2399 tunc
436 2345 658 2397 demum
690 2344 873 2397 cibum
908 2361 1031 2398 cum
1055 2347 1134 2400 eis
1152 2347 1302 2402 omni
1334 2348 1536 2419 gaudio
1560 2348 1814 2416 sumpsit.

193 2442 465 2510 Tempore
489 2439 638 2492 enim
687 2445 886 2493 statuto
944 2441 1327 2510 symphoniaci
1388 2449 1655 2495 venerunt
1687 2457 1818 2512 quo-

199 2551 316 2588 rum
366 2540 472 2586 tam
519 2532 744 2602 cepiosa
777 2531 1068 2588 multitudo
1099 2534 1216 2600 fuit,
1253 2542 1311 2589 ut
1357 2551 1498 2605 pene
1554 2535 1697 2588 inter
1728 2552 1816 2589 ca-

198 2622 462 2693 pedinem
491 2622 627 2674 aulae
663 2621 964 2675 secundum
1011 2623 1260 2676 ordinem
1311 2624 1504 2677 stando
1537 2623 1821 2692 implevis-

201 2721 364 2776 sent,
425 2717 477 2763 et
521 2719 630 2764 tres
669 2710 865 2764 modos
919 2713 1392 2781 syniphonizando
1445 2712 1814 2782 perfecerunt.

209 2801 300 2853 llis
329 2799 400 2853 ita
427 2799 645 2870 gaudiis
698 2798 1096 2869 multiplicatis,
1147 2801 1422 2866 canonici,
1456 2801 1819 2871 praecipiente

203 2895 492 2964 episcopo,
517 2893 837 2946 charitatem
869 2894 1209 2964 accipientes
1245 2906 1298 2948 et
1340 2905 1615 2968 rogantes,
1648 2913 1816 2950 unum

203 2982 614 3052 rcsponsorium
655 2982 724 3035 de
776 2983 1181 3036 resurrectione
1222 2985 1434 3038 Domini
1466 2985 1686 3038 interim
1727 2987 1819 3038 de-

197 3081 577 3130 cantaverunt.
611 3074 672 3128 Et
705 3075 803 3127 hac
853 3075 1116 3128 charitate
1165 3077 1406 3144 expleta,
1465 3078 1530 3128 ad
1584 3077 1814 3130 alteram
1843 3113 1889 3178 (η

780 3169 788 3177 .
865 3169 892 3178 ι-
967 3171 977 3178 .
1002 3169 1021 3178 η
1150 3169 1158 3178 ο
1228 3170 1279 3178 ...
1423 3170 1441 3178 ,-
1512 3171 1519 3178 .
1618 3173 1626 3178 λ
1875 3155 1889 3176 Δ

195 3187 443 3224 mensam
477 3169 830 3242 congregatio
864 3169 918 3220 S.
953 3169 1090 3222 Afrae
1118 3169 1371 3223 similiter
1420 3170 1567 3224 fecit.
1603 3173 1816 3240 Appro-

197 3265 502 3333 pinquante
534 3277 662 3315 vero
696 3261 1164 3331 vespera,illesibi
1198 3269 1453 3316 etsecum
1494 3263 1816 3316 sedentibus

193 3355 441 3406 laetanter
473 3351 667 3420 pocula
707 3349 987 3421 porrigere
1022 3351 1304 3421 praecepit,
1347 3360 1401 3405 et
1434 3352 1645 3406 tertiam
1676 3352 1812 3405 cha-

194 3447 408 3500 ritatem
435 3462 628 3500 omnes
657 3445 979 3500 eharitative
1008 3446 1201 3500 bibere
1231 3449 1813 3519 rogavit,acccptaque

195 3556 259 3592 ea
314 3538 603 3603 charitate,
666 3538 885 3591 tertium
941 3539 1356 3608 rcsponsorium
1407 3539 1588 3593 omnis
1635 3539 1815 3592 clerus

197 3630 365 3685 simul
397 3647 517 3683 cum
547 3630 734 3684 laetitia
761 3629 1090 3684 decantavit.
1142 3630 1264 3696 Quo
1311 3631 1624 3696 decantato,
1661 3633 1816 3702 hym-

197 3742 326 3779 num
351 3724 698 3778 decantando
729 3724 980 3778 canonici
1013 3734 1391 3789 surrexerunt,
1422 3733 1480 3778 ut
1511 3733 1638 3795 apte
1677 3743 1816 3796 prae-

197 3820 366 3888 parati
409 3819 476 3872 ad
509 3819 804 3888 Vesperam
860 3819 1124 3873 devenire
1189 3820 1524 3890 potuissent.
1579 3821 1817 3892 Vespera

196 3919 377 3964 aulam
413 3915 655 3979 peracta,
684 3909 1006 3979 episcopus,
1041 3925 1162 3962 cum
1196 3909 1506 3978 hOSpitibus
1530 3918 1583 3963 et
1616 3911 1816 3966 militi-

201 4001 324 4064 bus,
359 4001 425 4053 ad
443 4017 594 4053 suam
628 4001 802 4053 aedem
836 4015 1032 4054 omnes
1071 4001 1460 4055 exhilarandos
1502 4004 1814 4057 reverteba-

202 4101 305 4146 tur.
333 4092 489 4146 Mane
527 4109 656 4146 vero
683 4093 831 4163 quod
878 4101 958 4146 est
1006 4093 1095 4146 die
1153 4094 1316 4156 luna),
1368 4094 1548 4147 clerus
1581 4102 1726 4148 totus
1757 4099 1821 4149 ad

205 4184 458 4237 Sanctam
518 4181 696 4235 Afrani
754 4183 1212 4255 congregabantur,
1271 4191 1329 4236 ut
1369 4183 1690 4254 episcopum
1732 4201 1826 4238 ve-

204 4275 449 4328 nientem
495 4273 911 4326 formosissimis
954 4274 1222 4342 paraturis
1252 4273 1477 4328 indutus
1520 4275 1823 4329 honoritice

206 4364 566 4433 suscepisset,
597 4365 726 4434 quia
757 4365 880 4432 ejus
935 4365 1276 4420 consuetudo
1310 4373 1424 4420 erat
1454 4375 1511 4421 ut
1530 4383 1596 4422 eo
1624 4368 1714 4422 die
1745 4367 1820 4421 ibi

208 4469 484 4508 sacrarum
513 4452 797 4506 solemniis
823 4453 1112 4507 missarum
1147 4455 1256 4507 Deo
1290 4454 1569 4519 militaret,
1612 4461 1667 4508 et
1700 4462 1822 4524 post
1846 4484 1898 4551 Β

208 4551 427 4616 peracta
456 4559 732 4598 sacrarum
767 4545 1053 4599 missarum
1104 4546 1371 4600 solemnia
1404 4547 1815 4601 multitudinem

210 4636 399 4708 pepuli
433 4635 562 4689 illuc
592 4639 910 4712 congregati
953 4655 1106 4692 sacro
1137 4639 1427 4692 chrismate
1450 4637 1820 4703 conﬁrmaret,

219 4736 272 4781 et
306 4726 390 4780 his
419 4725 491 4778 ita
522 4727 780 4794 peractis,
813 4727 878 4780 ad
896 4728 1169 4782 civitatem
1211 4728 1392 4791 rediit,
1444 4734 1497 4781 et
1547 4727 1619 4780 ibi
1657 4735 1821 4782 totam

215 4819 529 4887 paschalem
562 4818 966 4873 hebdomadam
989 4820 1339 4874 devotissime
1362 4819 1677 4872 celebravit.

283 4907 342 4962 V.
379 4908 551 4963 Finita
581 4908 822 4979 paschali
879 4908 1249 4972 solemnitate,
1299 4925 1421 4962 cum
1481 4908 1714 4976 alicujus
1744 4908 1821 4961 rei

211 4999 516 5054 necessitas
563 5000 958 5071 proposuisset,
1014 5007 1072 5053 ut
1100 4999 1166 5052 ad
1198 4999 1302 5053 alia
1331 5000 1449 5054 loca
1487 5000 1568 5053 vel
1609 5000 1677 5053 ad
1706 5016 1823 5053 mo-

210 5088 454 5143 nasteria
479 5089 811 5158 pertinentia
861 5089 929 5142 ad
983 5089 1359 5160 epiSCOpatum
1417 5089 1659 5164 legitime
1688 5105 1820 5161 per-

285 5259 391 5327 (29)
418 5259 658 5312 Porticu.

283 5329 384 5400 (30)
419 5330 860 5399 Superscriptum
880 5340 997 5385 erat
1032 5349 1042 5384 :
1071 5332 1143 5385 ad
1155 5347 1417 5386 summum
1445 5331 1824 5387 Germanicum

209 5400 766 5473 scilicetcathedralis
798 5403 1042 5456 ecclesiae
1067 5418 1265 5456 nomen
1309 5402 1566 5473 respexit,
1602 5407 1823 5459 Thuom.

283 5472 395 5544 (ill)
428 5472 897 5544 alatriculariisdi.
932 5489 982 5538 e,
1007 5475 1153 5527 clero
1188 5472 1438 5528 ecclesiae
1476 5476 1826 5530 cathedralis.

286 5543 391 5606 (32)
431 5542 620 5596 Clerici
683 5544 960 5612 regulares
1022 5545 1074 5597 id
1139 5546 1406 5614 temporis
1451 5547 1740 5602 ecclesiam
1773 5548 1824 5602 S.

211 5612 371 5672 Μαι),
406 5631 526 5683 qua:
553 5631 696 5668 nunc
729 5615 1038 5670 S.Udailrici
1070 5625 1173 5678 est,
1217 5612 1557 5669 obtinebant.

289 5686 394 5752 (33,
460 5687 535 5736 Al.
601 5687 914 5752 Staphcnse,
983 5687 1450 5752 Wisintcssteigia,
1495 5689 1825 5754 Ilouvz'bnch,

215 5755 438 5820 Fauces,
516 5757 818 5811 Sm'chuvac
892 5758 974 5810 vel
1039 5758 1435 5812 Fuich-Wunc.
1523 5759 1628 5818 AL,
1698 5760 1828 5814 Scu-

1919 1827 2150 1882 pergere
2179 1810 2345 1880 cmpit
2373 1810 2476 1863 nisi
2495 1809 2548 1875 (3
2563 1810 2601 1873 ι)
2641 1809 2820 1862 adhuc
2880 1807 3202 1860 caballicare
3237 1806 3525 1875 potuisset,

1917 1903 2012 1956 sed
2045 1910 2163 1956 uta
2223 1902 2442 1971 pepulis
2491 1908 2946 1970 sequestraretur.
3018 1915 3086 1951 ne
3144 1896 3528 1965 alcantatione

1922 1993 2251 2062 psalmorum
2311 2006 2500 2044 eorum
2549 1989 2842 2059 colloquiis
2893 1989 3094 2058 ineptis
3155 1987 3508 2057 impediretur

1921 2084 2173 2139 Comitari
2209 2098 2337 2137 vero
2384 2099 2604 2151 semper
2654 2098 2777 2135 cum
2839 2081 2932 2134 illo
2982 2080 3196 2150 aliquos
3248 2095 3375 2133 suos
3405 2095 3530 2148 prc-

1919 2174 2168 2245 sbyteros
2191 2172 2668 2243 prudentissimos,
2703 2173 2772 2225 et'
2805 2171 2874 2224 de
2907 2170 3204 2239 eapellanis
3235 2176 3439 2223 tantum
3475 2175 3533 2222 ut

1919 2264 2168 2334 quotidie
2197 2263 2477 2317 servitium
2533 2261 2625 2314 Dei
2687 2261 2886 2314 decore
2941 2258 3206 2329 perficere
3265 2257 3532 2327 potuisset

1921 2357 2198 2425 praecepit.
2234 2354 2494 2407 Similiier
2523 2362 2575 2406 et
2605 2356 2673 2406 de
2691 2352 2912 2406 vasallis
2943 2351 3058 2404 suis
3091 2366 3310 2420 semper
3339 2364 3525 2402 secum

1919 2445 2133 2515 aliquos
2165 2442 2604 2513 sapientissimus
2626 2441 2831 2494 habere
2863 2440 3058 2502 voluit,
3103 2439 3146 2491 si
3205 2437 3256 2491 ei
3303 2435 3528 2506 aliquod

1921 2535 2198 2607 negotium
2231 2535 2300 2589 de
2328 2532 2714 2587 ecclesiasticis
2762 2531 2929 2584 rebus
2958 2531 3038 2582 vel
3072 2527 3432 2584 saecularibus
3459 2527 3528 2580 ad

1921 2627 2261 2681 tractandum
2313 2624 2649 2684 devenisset,
2718 2631 2776 2676 ut
2830 2639 3018 2675 eorum
3073 2621 3306 2675 consilio
3370 2628 3528 2672 caute

1924 2729 2155 2776 tractare
2183 2731 2235 2774 et
2291 2736 2479 2793 regere
2535 2733 2755 2788 semper
2821 2723 3044 2786 paratus
3095 2722 3260 2768 esset.
3294 2713 3537 2767 Fuerunt

1921 2814 2082 2867 etiam
2108 2812 2267 2866 electi
2299 2812 2368 2865 de
2394 2811 2596 2865 familia
2619 2825 2841 2879 semper
2863 2808 2954 2878 qui
2983 2806 3329 2860 trahentibus
3357 2803 3536 2858 bobus

1921 2902 2179 2955 ductores
2210 2899 2465 2964 fuissent,
2499 2907 2551 2951 et
2578 2914 2702 2951 eum
2726 2904 2851 2949 ante
2882 2902 2937 2949 et
2968 2903 3110 2948 retro
3144 2894 3211 2946 ad
3254 2893 3531 2947 dexteram

1920 3000 1974 3046 et
1999 2993 2065 3044 ad
2095 2991 2284 3045 laevam
2315 2998 2474 3044 caute
2505 2989 2914 3048 observassent,
2935 2987 3134 3058 quibus
3164 2986 3253 3039 ille
3286 2982 3532 3055 quotidie

1919 3092 2121 3138 tantam
2155 3099 2392 3136 annonae
2433 3082 2647 3151 copiam
2686 3098 2781 3150 per
2838 3079 3083 3150 seipsum
3137 3085 3193 3131 et
3250 3093 3348 3146 per
3376 3074 3538 3128 mini-

1875 3155 1891 3176 ¹
1917 3180 2060 3226 stros
2092 3172 2212 3238 ejus
2252 3171 2382 3224 dare
2421 3170 2548 3224 fecit
2581 3171 2636 3223 in
2692 3170 2986 3238 praesentia
3049 3167 3188 3234 ejus,
3249 3174 3308 3220 ut
3341 3163 3539 3234 triplici

1918 3276 2148 3314 numero
2189 3259 2432 3312 virorum
2475 3257 2729 3311 sufﬁcere
2772 3257 3062 3326 potuisset.
3124 3253 3542 3306 Amantissimus

1917 3366 2136 3420 quoque
2169 3349 2460 3402 comitatus
2491 3361 2795 3416 pauperum
2857 3359 3080 3412 semper
3132 3359 3255 3396 cum
3292 3356 3358 3394 eo
3400 3341 3546 3393 inter

1917 3456 2014 3493 sua
2047 3439 2163 3492 loca
2196 3437 2307 3490 ibat
2340 3455 2353 3500 ;
2387 3436 2478 3506 qui
2516 3435 2768 3488 virtutem
2805 3431 3166 3486 caballicandi
3193 3428 3542 3483 habebantin

1915 3525 2243 3580 cautissimis
2274 3522 2710 3577 ambulatoribus
2735 3520 3065 3594 pergebant.
3110 3517 3208 3571 Alii
3243 3526 3425 3570 autem
3457 3515 3543 3569 his

1917 3617 2180 3673 vehiculis
2210 3617 2264 3670 in
2297 3615 2503 3686 quibus
2533 3613 2685 3667 soliti
2741 3618 2898 3667 erant
2949 3625 3198 3682 pergere,
3254 3624 3377 3662 cum
3410 3623 3538 3662 car-

1918 3713 2096 3784 pentis
2127 3711 2464 3782 episc0palia
2521 3707 2826 3762 ministeria
2885 3704 3236 3776 portantibus
3279 3719 3538 3773 perrexe-

1920 3811 2060 3858 runt.
2121 3804 2356 3868 Quorum
2415 3815 2541 3854 vero
2622 3797 2725 3867 (33!
2807 3793 3220 3850 mansiunculas
3277 3800 3333 3846 et
3393 3797 3534 3845 totas

1927 3899 2342 3971 procurationes
2403 3896 2518 3966 ipse
2572 3910 2670 3965 per
2725 3892 2964 3963 aliquem
3016 3903 3238 3943 suorum
3301 3884 3545 3938 fidelium

1927 3993 2174 4065 quotidie
2208 3997 2364 4045 caute
2395 3986 2675 4058 disposuit
2749 3985 3036 4054 Nunquam
3093 3997 3222 4036 vero
3266 3980 3318 4032 iu
3361 3978 3546 4047 aliquo

1931 4064 2313 4153 praedictorum
2353 4075 2815 4132 monasteriorum
2875 4074 3084 4128 otiosus
3115 4068 3392 4130 manebat,
3437 4064 3542 4118 nisi

1929 4174 1980 4228 in
2015 4170 2265 4226 aediliciis
2309 4168 2571 4229 ecclesiae,
2624 4165 2710 4219 vel
2760 4165 3146 4225 claustrorum,
3184 4159 3269 4212 vel
3311 4157 3542 4211 aliorum

1927 4262 2308 4322 aediliciornm,
2357 4257 2441 4311 vel
2474 4271 2752 4310 murorum
2793 4259 2952 4305 antea
2985 4247 3322 4318 praeparatis,
3355 4254 3408 4298 et
3431 4243 3547 4297 col-

1927 4354 2081 4408 lectis
2128 4350 2565 4423 supellectilibus
2612 4347 2928 4400 laborasset.
2971 4342 3142 4394 Vitam
3193 4354 3322 4393 vero
3357 4337 3410 4390 in
3443 4350 3539 4390 eo-

1924 4447 2048 4500 dem
2090 4445 2423 4500 monasterio
2455 4445 2566 4498 Deo
2597 4440 2946 4493 militantium
2989 4433 3383 4489 monachorum
3412 4429 3530 4483 sive

1925 4539 2315 4593 canonicorum
2353 4542 2406 4589 et
2445 4533 2716 4606 stipendia
2756 4546 2944 4585 eorum
2976 4525 3204 4583 omnino
3255 4538 3449 4596 regere
3481 4525 3538 4574 et

1925 4646 2260 4700 componere
2290 4628 2519 4691 studuit,
2569 4632 2620 4680 et
2642 4625 2731 4695 jus
2762 4621 2981 4677 familiae
3013 4617 3318 4672 dissolvere
3356 4611 3539 4668 omni-

1927 4721 2091 4776 modo
2141 4736 2248 4775 non
2307 4719 2600 4775 concessit.
2678 4718 2826 4772 Dona
2876 4714 3038 4769 etiam
3094 4706 3269 4763 sancti
3301 4705 3541 4776 Spiritus

1927 4811 2159 4872 tradere;
2191 4809 2280 4863 ubi
2317 4810 2621 4864 necessitas
2651 4806 2773 4872 fuit,
2817 4799 3229 4861 conﬁrmatione
3260 4794 3540 4850 chrisma-

1929 4902 1994 4954 tis
2023 4917 2132 4954 uon
2161 4899 2349 4954 omisit

1997 5000 2080 5052 Vl.
2114 5000 2333 5052 Gratum
2366 5006 2548 5052 autem
2605 5002 2658 5049 et
2708 4991 3077 5049 necessarium
3137 4986 3237 5040 iter
3291 4979 3540 5052 pepulis,

1925 5107 2047 5146 cum
2099 5097 2290 5160 quarto
2358 5089 2464 5158 (36)
2525 5103 2692 5153 anno,
2733 5085 3038 5142 secundum
3087 5073 3531 5134 constitutionem

1929 5262 2146 5330 phense,
2207 5258 2648 5321 Um'sintessbela,
2700 5255 3064 5312 Hom’vibach.
3125 5252 3335 5312 Fauces,
3411 5245 3542 5300 Sin-

1932 5334 2191 5390 chuvanc,

2004 5403 2110 5469 (3-4)
2140 5402 2264 5457 Nisi
2294 5415 2392 5468 pro
2424 5399 2567 5468 quod
2596 5414 2722 5450 non.

2004 5475 2112 5543 (35)
2149 5473 2254 5526 Hoc
2283 5487 2410 5524 vero
2439 5469 2700 5523 abundat.

2003 5532 2110 5614 (36}
2164 5545 2317 5598 Forte
2347 5557 2450 5614 amo
2507 5555 2756 5614 quoque;
2797 5553 3048 5614 _cano_ues
3088 5535 3236 5614 enim
3281 5532 3550 5614 diaereses

1933 5600 2113 5673 annue
2145 5616 2213 5670 ab
2274 5600 2551 5684 episc0pi‘s
2603 5600 2850 5684 {isitarin
2877 5607 3086 5684 volunt.
3121 5606 3215 5684 ‘10
3246 5605 3376 5684 q.ml_.
3427 5618 3472 5654 e.
3513 5600 3546 5653 9

1934 5699 1986 5745 et
2016 5691 2091 5744 l0.
2121 5674 2364 5758 Capitula
2394 5674 2556 5740 etiam
2603 5680 2874 5758 Ca‘rorliﬁltl.
2932 5685 2983 5730 et
3025 5675 3228 5729 Ludov.
3285 5674 3367 5727 Pii
3409 5687 3544 5727 con-

1933 5751 2324 5826 sentiunt,'lib.
2358 5775 2448 5823 vn,
2489 5771 2607 5826 cup.
2641 5755 2763 5809 Act.
2787 5751 2839 5806 8.
