3978 6214
475 264 607 317 1023

1552 262 1605 313 S.
1650 258 1954 314 UDALRICI
1999 255 2371 312 AUCUSTANI
2413 254 2727 308 EPISCOPL

3672 253 3801 308 1024

464 407 739 445 canonum
790 389 1147 443 ministerium
1204 405 1364 443 suum
1414 388 1482 443 ad
1514 387 1874 459 implendum,
1909 402 2076 442 causa
2102 387 2148 455 Α
2178 400 2244 439 eo
2295 383 2494 438 clerico
2548 382 2637 437 cui
2706 382 2798 436 illa
2841 380 3163 437 obedientia
3245 389 3372 437 erat
3415 384 3803 438 commendata

468 479 696 553 regendi
728 486 781 533 et
816 478 1148 548 praedicandi
1182 487 1346 550 atque
1396 477 1760 533 conﬁrmandi
1789 478 2075 533 dioecesim

467 570 570 621 sibi
592 568 943 623 commissam
987 568 1207 621 visitare
1253 568 1610 630 decrevisset,
1667 568 1863 621 eodem
1890 567 2076 632 modo,

464 657 602 711 sicut
628 656 884 726 superius
910 656 1167 717 diximus,
1194 656 1248 709 in
1280 657 1419 709 solio
1447 656 1693 725 carpenti
1726 655 2078 725 superposito

466 754 716 816 sedebat,
742 755 1093 824 psalmosque
1123 753 1285 808 solito
1317 767 1466 806 more
1511 751 1864 815 decantabat,
1899 766 2079 804 eunu-

464 846 627 899 chum
669 844 818 898 illum
877 845 1097 899 imitans
1126 846 1241 914 qui,
1270 844 1462 918 legens
1517 843 1708 896 Isaiam
1755 842 2081 912 prophetam

467 957 634 1010 super
658 957 877 995 currum
910 957 1067 994 suum
1102 942 1323 1003 sedens,
1360 955 1457 1010 per
1482 939 1623 992 viam
1679 936 1961 1008 pergebat,
1994 935 2081 990 cui

468 1028 825 1098 praecipiente
855 1030 1055 1098 Spiritu
1093 1039 1282 1084 sancto
1307 1029 1590 1099 Philippus
1648 1027 1938 1094 adjunctus
1978 1032 2082 1087 est,

468 1120 585 1188 qui,
614 1118 770 1171 abeo
830 1118 1160 1188 praedicatus
1191 1126 1243 1171 et
1285 1119 1608 1189 baptizatus,
1668 1116 1833 1170 ﬁdem
1883 1123 2084 1169 sanctae

466 1207 744 1261 Trinitatis
774 1208 1008 1278 accepit,
1061 1208 1340 1262 mstimans
1391 1222 1487 1277 pro
1515 1214 1684 1267 certo.
1728 1215 1995 1276 quantum
2024 1219 2084 1255 se

468 1299 758 1369 colloquiis
790 1299 1045 1353 humanis
1073 1299 1456 1363 subtraxisset,
1510 1306 1571 1352 ut
1598 1305 1805 1352 tantum
1846 1313 1905 1350 se
1940 1294 2084 1348 divi-

471 1389 554 1440 nis
586 1388 1036 1459 prepinquiorem
1070 1388 1250 1441 facere.
1300 1388 1584 1458 potuisset.
1617 1387 1695 1440 Ad
1754 1387 1871 1441 loca
1896 1395 2080 1439 autem

472 1475 561 1528 illa
605 1492 726 1529 eum
780 1476 1122 1546 pervenisset
1181 1476 1274 1529 ubi
1318 1476 1551 1531 consilia
1607 1493 1706 1529 sua
1762 1476 2084 1530 denuntiata

470 1567 706 1631 fuerant,
765 1584 886 1621 cum
938 1568 1224 1640 evangelio
1264 1576 1315 1621 et
1358 1585 1497 1638 aqua
1550 1568 1842 1622 benedicta
1900 1574 2078 1621 etso-

469 1656 1023 1726 nantibuscampanis
1053 1666 1106 1710 et
1140 1664 1287 1711 tanta
1337 1656 1753 1711 honoriﬁcentia
1787 1665 2080 1727 susceptus

468 1754 571 1811 est,
605 1758 871 1818 quantum
929 1748 1036 1801 illis
1092 1748 1184 1819 qui
1241 1748 1316 1802 ibi
1359 1749 1677 1823 congregati
1736 1755 1866 1803 sunt
1907 1749 2080 1802 virtus
2113 1793 2161 1861 Β

468 1839 791 1861 ,,,,-,,,.,ι,,.
874 1840 1221 1861 ομημηη-
1290 1841 1445 1861 με---
1517 1841 1779 1861 “nec-.-
1844 1857 1893 1861 ω
1964 1856 2054 1861 η,

466 1839 813 1908 suppetebat.
874 1840 1063 1894 Statim
1099 1856 1228 1895 vero
1289 1841 1454 1894 missa
1509 1841 1787 1895 celebrata
1844 1857 1897 1894 in
1956 1856 2084 1895 con-

468 1932 595 1984 cilio
624 1933 939 1995 considens,
982 1934 1247 2003 papulum
1278 1940 1403 1987 ante
1449 1949 1509 1987 se
1542 1933 1725 1987 vocari
1767 1932 1915 1999 fecit,
1950 1948 2083 2002 pru-

461 2020 854 2091 dentioresque
900 2030 953 2075 et
985 2023 1295 2075 veraciores
1351 2031 1695 2077 sacramento
1737 2022 2078 2095 interrogare

464 2110 749 2179 praecepit,
780 2127 900 2181 quae
961 2112 1014 2165 in
1056 2112 1146 2166 illa
1206 2112 1463 2181 parochia
1493 2111 1882 2165 emendatione
1912 2112 2079 2184 digna

461 2201 713 2265 fuissent,
754 2211 807 2256 et
860 2212 1050 2257 contra
1105 2204 1229 2271 jura
1281 2203 1706 2258 Christianitatis
1764 2211 2075 2274 perpetrata

460 2300 700 2362 peccata,
733 2300 789 2346 ut
840 2294 890 2347 ei
931 2294 1109 2346 veraci
1155 2295 1326 2347 relatu
1384 2302 1512 2348 nota
1573 2294 1771 2348 tierent
1812 2293 1973 2347 facta.
2011 2292 2073 2346 Ut

459 2392 640 2438 autem
681 2384 750 2438 ab
791 2385 871 2437 eis
897 2386 1079 2456 aliqua
1102 2402 1349 2440 normam
1402 2386 1754 2440 rectitudinis
1779 2401 2074 2459 supergre-

464 2474 671 2527 dientia
708 2476 928 2546 cognita
986 2476 1218 2541 audivit,
1251 2476 1370 2529 sine
1431 2475 1789 2545 perceptione
1820 2490 2079 2545 persona-

470 2584 587 2622 rum
619 2567 1218 2634 secundumjudicium
1275 2568 1623 2632 clericorum,
1682 2567 1750 2621 ad
1808 2567 2078 2621 tramitem

466 2658 836 2722 rectitudinis,
897 2665 1185 2728 quantum,
1241 2658 1608 2728 omnipotenti
1676 2659 1783 2713 Deo
1833 2660 2080 2727 juvante,

467 2747 662 2817 potuit,
697 2747 974 2799 retrahere
1028 2745 1323 2812 festinavit,
1355 2752 1410 2801 et
1465 2748 1606 2800 male
1666 2747 1930 2816 pullulata
1961 2765 2084 2802 sur-

467 2836 591 2889 cula
618 2835 872 2890 vitiorum
914 2835 1165 2889 falcastro
1214 2835 1367 2888 verbi
1428 2836 1522 2890 Dei
1574 2837 1975 2892 studiosissime
2004 2854 2090 2893 re-

469 2947 680 2993 secare,
739 2946 806 2984 ne
856 2930 1091 3004 virgulta
1138 2931 1404 2985 malorum
1462 2932 1777 3006 germinum
1844 2940 2087 3007 segetem

469 3022 665 3075 Christi
696 3021 800 3075 sibi
828 3022 1174 3075 commissam
1231 3021 1502 3077 suffocare
1536 3023 1823 3079 licentiam
1860 3025 2087 3079 habuis-

469 3118 593 3164 sent
626 3118 716 3175 ;et
746 3110 954 3165 morbis
984 3110 1241 3165 vitiorum
1300 3112 1585 3181 aptissima
1619 3113 1859 3168 fomenta
1892 3131 2083 3169 emen-

470 3201 749 3256 dationem
821 3202 1099 3272 opposuit,
1133 3202 1229 3257 sed
1278 3211 1459 3258 tamen
1511 3205 1822 3260 secundum
1854 3207 2086 3262 verbum

469 3286 563 3340 Dei
596 3286 827 3342 dicentis
858 3305 870 3341 :
904 3291 1105 3356 Argue,
1145 3291 1387 3357 obsecra,
1446 3295 1668 3363 increpa
1719 3297 1778 3348 in
1812 3298 1963 3348 omni
1990 3312 2092 3364 pa-

470 3377 661 3429 tientia
689 3382 738 3430 et
768 3378 1019 3431 doctrina
1049 3380 1124 3448 (ιι
1170 3382 1305 3434 Tim.
1342 3385 1435 3451 ιν).
1492 3382 1562 3435 Ea
1623 3397 1750 3437 vero
1801 3399 1924 3453 quae
1980 3384 2089 3438 dif-

473 3464 640 3518 ficilia
670 3473 724 3519 et
755 3465 1153 3536 insuperabilia
1208 3469 1477 3524 ministris
1534 3472 1650 3525 suis
1711 3487 1834 3526 esse
1886 3473 1956 3527 ab
2006 3474 2089 3528 eis

470 3559 757 3629 comperit,
791 3561 846 3613 in
912 3563 1205 3632 praesentia
1250 3564 1359 3629 sui,
1404 3565 1650 3619 omnium
1699 3582 1824 3621 cum
1865 3582 1933 3622 eo
1969 3583 2084 3622 ma-

470 3651 741 3717 nentium,
782 3652 1080 3721 adjutorio,
1113 3662 1370 3724 percauta
1428 3656 1737 3713 directione
1768 3658 1912 3713 finiri
1945 3675 2082 3715 con-

468 3742 662 3797 tendit.
697 3744 825 3808 Quae
848 3752 1029 3799 autem
1053 3747 1122 3800 ab
1152 3747 1233 3800 eis
1262 3746 1382 3801 sine
1413 3747 1816 3804 obtrectatione
1848 3751 2081 3807 aliorum

470 3836 522 3888 in
581 3843 783 3892 statum
832 3838 1178 3892 rectitudinis
1220 3840 1488 3893 convertit
1546 3843 1843 3911 persensit,
1892 3860 2082 3899 eorum

472 3927 728 4001 regimini
777 3928 1173 3999 perﬁciendum
1232 3928 1462 3985 firmiter
1519 3935 1941 3989 commendavit.
1987 3936 2083 3992 Ille

469 4027 674 4085 autem,
731 4036 974 4090 sequens
1026 4021 1268 4096 regulam
1323 4023 1406 4076 sui
1475 4024 1786 4092 ministerii,
1847 4026 2084 4097 Spiritus

468 4109 644 4163 sancti
669 4108 876 4164 donum
910 4112 1114 4181 populo
1154 4112 1222 4165 ad
1280 4112 1384 4167 hoc
1431 4112 1565 4167 illud
1595 4123 1953 4189 congregato,
1994 4134 2083 4172 sa-

467 4218 573 4256 crae
627 4201 901 4256 unctionis
958 4202 1432 4259 conﬁrmationem
1500 4207 1710 4261 studuit
1767 4207 2077 4279 imponere.

468 4289 524 4342 Si
576 4297 757 4344 autem
809 4290 892 4344 his
942 4292 1125 4346 adhuc
1191 4293 1527 4364 imperfectis
1567 4311 1672 4350 nox
1712 4296 1876 4351 solito
1928 4313 2081 4354 more

470 4382 781 4451 subrepens
836 4384 1080 4448 advenit,
1154 4401 1223 4439 ne
1312 4386 1498 4457 aliqua
1553 4404 1679 4457 pars
1734 4389 1917 4444 ovium
1975 4392 2079 4446 sibi

429 4507 438 4512 -
473 4480 889 4534 commissarum
930 4480 1261 4536 detrimento
1315 4481 1642 4552 privationis
1685 4485 1928 4540 caelestis
1949 4487 2080 4542 doni

473 4579 810 4645 gravaretur,
843 4572 1084 4628 incensis
1137 4575 1498 4630 luminaribus
1529 4576 1583 4629 in
1616 4578 1840 4632 nomine
1867 4580 2080 4635 Domini

471 4671 652 4733 coepta
706 4663 975 4734 perﬁcere
1026 4665 1344 4721 decertavit.
1388 4666 1667 4724 Interdum
1727 4676 1931 4736 autem,
1961 4688 2085 4726 cum

472 4752 541 4806 de
591 4751 1015 4824 refragatoribus
1057 4754 1284 4821 justitize
1343 4761 1495 4809 tanta
1552 4756 1836 4813 contentio
1893 4774 2086 4815 excre-

472 4843 664 4908 visset,
694 4854 755 4898 ut
796 4845 1103 4900 decedente
1131 4846 1240 4911 die,
1274 4846 1517 4901 tenebrw
1567 4848 1743 4904 noctis
1781 4850 2085 4906 funderen—

475 4942 560 4989 tur
591 4936 903 5000 inmundo,
962 4952 1031 4990 ne
1091 4952 1187 5007 pro
1241 4952 1308 4992 eo
1361 4938 1597 4995 concilia
1637 4940 1772 4996 inibi
1822 4943 2084 4997 ventilata

471 5026 1167 5093 remanerentincorrecta,
1227 5027 1530 5084 luminibus
1560 5030 1806 5086 incensis
1868 5033 2085 5102 regulas

471 5119 767 5173 canonicas
811 5119 991 5193 legere
1042 5121 1323 5191 praecepit,
1394 5128 1452 5176 ut
1517 5123 1654 5177 seris
1703 5124 1932 5190 justitiae
1990 5140 2086 5180 ora

470 5211 861 5283 refragatorum
902 5214 1301 5284 cppilarentur,
1363 5223 1418 5269 et
1450 5215 1615 5282 justis
1640 5217 1871 5286 judiciis
1897 5218 2087 5274 omnia

472 5301 528 5353 in
580 5302 675 5355 Dei
748 5301 1026 5358 voluntate
1112 5314 1649 5364 consummarentur.
1710 5312 1839 5362 tium
1900 5316 2085 5363 autem

469 5392 746 5461 completo
772 5393 1006 5449 concilio
1061 5397 1147 5450 vel
1205 5394 1622 5453 conﬁrmatione
1672 5399 1741 5453 ad
1801 5401 2085 5455 mansiun-

471 5482 621 5534 culas
653 5480 837 5545 rediit,
877 5498 1077 5554 corpus
1130 5485 1492 5540 reﬁciendum
1549 5505 1657 5544 non
1700 5490 1853 5559 prius
1921 5507 2089 5559 pran-

477 5565 627 5621 dium
696 5569 949 5638 gustavit,
997 5588 1159 5641 quam
1208 5573 1545 5642 pauperibus
1592 5577 1959 5647 eleemosyna:
2015 5580 2084 5632 ab

2179 474 2566 547 erogabantur.
2630 471 2919 526 Debilibus
2973 479 3157 526 autem
3208 488 3333 527 cum
3393 486 3461 526 eo
3499 472 3802 527 advenien-

2181 567 2326 622 tibus
2349 568 2403 621 in
2435 584 2533 621 sua
2567 566 2860 638 praesentia
2910 566 3220 632 collocatis,
3279 566 3661 621 abundantem
3720 582 3803 621 re-

2182 660 2473 714 fectionem
2536 658 2743 728 apponi
2800 658 3069 729 praecipit.
3125 660 3182 712 ln
3234 658 3571 729 quibusdam
3619 664 3798 712 autem

2183 750 2380 802 diebus
2429 748 2669 817 capitula
2714 763 2837 802 cum
2905 747 3123 801 clericis
3169 747 3375 801 habere
3417 747 3698 818 disposuit
3751 746 3801 800 in

2186 839 2269 892 his
2309 838 2443 891 locis
2494 837 2589 891 ubi
2655 836 2771 889 inec
2824 836 3109 906 aptissime
3157 836 3276 891 ﬁeri
3337 835 3805 906 archipresbyteri

2188 938 2536 1003 putaverunt,
2565 939 2618 985 et
2663 929 2759 985 ubi
2822 946 2947 984 eum
2988 930 3057 983 ab
3112 929 3237 983 aliis
3289 928 3590 983 mundanis
3627 928 3814 983 conci-

2190 1022 2275 1074 liis
2328 1020 2718 1075 absolutiorem
2769 1034 2890 1073 esse
2977 1017 3398 1073 arbitrabantur.
3454 1016 3815 1090 Congregatis

2187 1119 2314 1164 ante
2381 1126 2438 1164 se
2484 1110 2721 1172 clericis,
2789 1107 3319 1179 archipresbyteros,
3350 1114 3403 1161 et
3435 1106 3705 1170 decanos,
3766 1112 3819 1158 et

2186 1200 2430 1270 optimos
2458 1215 2598 1271 quos
2659 1201 2801 1253 inter
2857 1214 2954 1253 eos
3008 1198 3258 1252 invenire
3290 1196 3491 1267 potuit,
3535 1202 3698 1251 caute
3731 1194 3813 1248 in-

2188 1291 2487 1361 terrogavit
2534 1291 2773 1362 qualiter
2834 1290 3222 1362 quotidianum
3274 1287 3368 1342 Dei
3418 1287 3706 1342 servitium
3748 1286 3814 1339 ab

2186 1384 2267 1437 eis
2298 1383 2638 1452 impleretur,
2675 1391 2730 1436 et
2792 1382 3029 1453 qualiter
3084 1380 3195 1435 illis
3227 1380 3467 1450 populus
3524 1379 3815 1446 subjectus

2185 1488 2250 1526 ex
2279 1472 2360 1526 eis
2391 1478 2679 1543 regeretur
2710 1470 2765 1524 in
2791 1469 2975 1524 studio
3022 1467 3357 1539 praedicandi
3407 1466 3767 1538 docendique
3802 1485 3816 1523 :

2185 1574 2500 1638 quantaque
2562 1566 2780 1619 cautela
2835 1564 3073 1617 infantes
3111 1561 3544 1632 baptizarentur,
3607 1559 3812 1615 inﬁrmi

2181 1662 2535 1715 visitarcntur
2554 1667 2609 1713 et
2658 1666 3019 1731 ungerentur,
3071 1657 3465 1711 defunctorum
3497 1655 3666 1710 etiam
3691 1670 3813 1711 cor-

2185 1770 2316 1824 pora
2347 1758 2549 1823 quanta
2612 1750 2997 1819 compassione
3057 1748 3358 1819 sepulturis
3412 1746 3816 1813 traderentur;

2186 1842 2425 1913 qualiter
2457 1841 2526 1896 de
2567 1840 2800 1895 decimis
2851 1846 2905 1892 et
2948 1836 3324 1892 oblationibus
3391 1835 3638 1895 ﬁdelium
3684 1851 3821 1904 pau-

2187 1950 2349 2003 peres
2379 1942 2435 1987 et
2487 1932 2706 1987 debiles
2763 1935 3167 1993 recrearentur,
3218 1927 3401 1981 viduis
3454 1935 3507 1981 et
3539 1928 3811 1997 orphanis

2184 2026 2237 2079 in
2268 2026 2539 2079 universis
2572 2022 3007 2078 necessitatibus
3050 2020 3411 2075 subvenirent
3443 2037 3457 2084 ;
3491 2029 3819 2091 quantoque

2181 2118 2365 2172 studio
2389 2118 2443 2171 in
2469 2116 2780 2186 hospitibus
2812 2122 2865 2168 et
2892 2113 3122 2167 advenis
3137 2112 3354 2167 Christo
3390 2111 3816 2169 ministrarent:

2179 2206 2220 2258 si
2260 2205 2713 2258 subintroductas
2772 2202 3029 2256 mulieres
3076 2216 3265 2254 secum
3334 2199 3683 2264 habuissent,
3759 2204 3818 2253 et

2180 2299 2308 2353 inde
2365 2298 2571 2352 crimen
2627 2294 2957 2365 suspicionis
2998 2292 3310 2346 inciderent
3352 2309 3365 2355 ;
3408 2291 3453 2345 si
3484 2307 3608 2345 cum
3668 2291 3823 2345 cani-

2179 2388 2281 2440 bus
2334 2386 2418 2439 vel
2473 2384 2829 2453 accipitribus
2912 2381 3236 2436 venationes
3320 2387 3707 2452 sequerentur,
3760 2374 3819 2433 si

2183 2475 2439 2530 tabernas
2476 2490 2642 2527 causa
2701 2472 2904 2526 edendi
2963 2470 3050 2525 vel
3084 2470 3317 2525 bibendi
3342 2470 3774 2543 ingrederentur
3806 2463 3822 2508 ἶ

2182 2568 2228 2621 si
2259 2577 2445 2637 turpes
2494 2566 2653 2634 jocos
2712 2564 2764 2618 in
2821 2580 2921 2617 usu
2972 2562 3293 2627 haberent;
3344 2562 3390 2616 si
3421 2560 3731 2616 ebrietates
3770 2570 3825 2616 et

2183 2659 2621 2715 comessationes
2676 2672 2841 2727 supra
2903 2654 3128 2710 modum
3178 2662 3427 2708 amarent
3458 2670 3482 2713 τ
3526 2653 3572 2706 si
3603 2653 3738 2708 rixis
3760 2663 3817 2709 et

2188 2750 2638 2807 contentionibus
2654 2757 2709 2803 et
2730 2746 3183 2803 remulationibus
3211 2744 3553 2801 deservirent
3592 2764 3609 2809 ;
3638 2745 3684 2799 si
3709 2763 3820 2800 nu-

2192 2839 2699 2913 ptiisszecularibus
2754 2838 3123 2899 interessent;
3166 2834 3248 2889 vel
3302 2835 3346 2888 si
3397 2834 3569 2905 aliqui
3625 2850 3821 2889 eorum

2192 2928 2497 2984 ministeria
2555 2925 2871 2981 indecentia
2930 2924 2982 2979 in
3016 2922 3421 2979 consuetudine
3486 2923 3809 2983 haberent;

2192 3021 2235 3075 si
2266 3035 2364 3089 per
2396 3016 2681 3078 Kalendas,
2737 3029 2891 3069 more
2948 3022 3360 3068 antecessorum
3425 3026 3677 3077 suorum,
3742 3015 3813 3067 ad

2191 3113 2308 3167 loca
2337 3117 2536 3165 statuta
2594 3108 2974 3172 convenirent,
3036 3106 3231 3177 ibique
3285 3106 3477 3162 solitas
3530 3106 3821 3162 orationes

2193 3204 2503 3274 explerent,
2533 3216 2767 3272 suasque
2795 3200 3064 3255 Ecclesias
3102 3200 3170 3255 ad
3201 3208 3421 3271 tempus
3462 3202 3774 3258 reviserent
3800 3223 3816 3265 ;

2191 3299 2236 3353 si
2290 3297 2664 3353 obedientiam
2723 3310 2913 3349 eorum
2979 3294 3253 3368 magistris
3315 3292 3712 3364 praebuissent,
3762 3305 3819 3353 et

2194 3393 2248 3446 in
2296 3399 2408 3446 toto
2456 3405 2557 3444 suo
2603 3388 2913 3443 ministerio
2971 3387 3153 3443 devoti
3209 3398 3263 3442 et
3289 3388 3404 3458 apti
3442 3403 3671 3443 manere
3697 3395 3818 3444 stu-

2189 3484 2457 3537 duissent.
2505 3480 2881 3551 Responsione
2936 3488 3118 3534 autem
3151 3479 3221 3532 de
3252 3478 3610 3553 interrogatis
3638 3482 3815 3549 facta,

2188 3583 2243 3630 et
2268 3575 2480 3629 ratione
2527 3572 2777 3628 veritatis
2823 3577 3102 3641 percepta,
3155 3570 3428 3625 stantibus
3478 3571 3535 3624 in
3587 3572 3823 3628 rectitu-

2185 3665 2316 3718 dine
2378 3662 2713 3716 dulcissimie
2765 3658 3163 3715 consolationis
3215 3658 3392 3732 gratia
3449 3656 3807 3732 gratiﬁcavit,

2185 3761 2239 3808 et
2283 3760 2340 3808 ut
2382 3752 2650 3821 deinceps
2697 3766 2728 3804 a
2778 3764 2968 3805 norma
3021 3747 3249 3816 justitite
3304 3763 3417 3803 non
3491 3749 3809 3817 deviarent,

2186 3844 2335 3898 suavi
2358 3839 2635 3911 colloquio
2676 3836 3003 3902 admonuit;
3047 3851 3280 3891 errones
3323 3843 3502 3891 autem
3550 3854 3651 3907 per
3709 3839 3811 3894 de-

2184 3943 2271 3997 via
2302 3940 2624 3996 incedentes
2652 3936 2866 3998 fratres,
2896 3934 3081 4008 dignis
3108 3933 3301 3990 terruit
3330 3934 3805 4005 corrcptionibus,

2185 4040 2241 4085 et
2296 4040 2355 4085 ut
2410 4034 2600 4098 postea
2660 4032 2924 4081 consueta
2971 4022 3104 4077 vitia
3170 4022 3509 4089 omitterent,
3593 4040 3810 4094 praece-

2186 4122 2285 4193 pit.
2583 4115 2590 4121 ’

2253 4217 2363 4270 Vll.
2401 4215 2601 4270 llorum
2661 4218 2841 4266 autem
2885 4210 2979 4282 qui
3028 4210 3083 4264 in
3137 4223 3240 4263 suo
3286 4208 3615 4280 episcOpatu
3674 4228 3812 4282 pro-

2184 4310 2442 4381 prietates
2493 4306 2794 4369 habebant,
2854 4304 3108 4376 quisquis
3162 4302 3548 4377 religiosorum
3582 4314 3814 4377 propter

2182 4414 2424 4453 amorem
2468 4395 2660 4449 Christi
2702 4393 2992 4449 ecclesiam
3039 4405 3373 4461 componere
3430 4391 3715 4460 cupiebat,
3751 4401 3807 4448 et

2183 4508 2307 4545 cum
2356 4503 2621 4544 concessa
2674 4486 2896 4541 licentia
2948 4484 3017 4537 ab
3070 4483 3266 4538 eodem
3298 4490 3488 4538 sancto
3537 4484 3810 4558 episcOpo

2187 4598 2306 4635 eam
2360 4576 2748 4638 rediﬁcaverat,
2807 4573 3396 4643 consecrationemque
3458 4572 3627 4627 habili
3664 4583 3810 4630 tem-

2187 4688 2320 4744 pore
2343 4671 2409 4725 ab
2434 4684 2500 4725 eo
2550 4667 2668 4722 ﬁeri
2720 4665 3005 4738 ﬂagitavit,
3034 4664 3319 4735 aptissime
3362 4666 3812 4740 uniuscujusque

2190 4761 2440 4834 petitioni
2482 4759 2717 4831 praebuit
2762 4772 3069 4818 assensum,
3117 4756 3163 4809 si
3210 4754 3504 4811 confestim
3550 4757 3644 4813 ille
3675 4777 3818 4816 con-

2186 4858 2410 4907 secratae
2427 4848 2676 4905 ecclesiae
2711 4846 3013 4921 legitimam
3057 4844 3240 4899 dotem
3294 4845 3350 4899 in
3382 4845 3541 4900 terris
3567 4855 3621 4901 et
3652 4866 3820 4905 man-

2186 4940 2348 5011 cipiis
2379 4939 2434 4993 in
2459 4953 2682 4992 manum
2713 4936 2836 5004 ejus
2856 4933 3203 4989 celsitudinis
3231 4933 3363 4988 dare
3391 4949 3502 4989 non
3537 4934 3817 5007 differret,

2189 5033 2242 5087 in
2260 5037 2559 5101 conspectu
2586 5028 2790 5084 civium
2817 5042 3042 5081 suorum
3083 5034 3137 5079 et
3168 5024 3388 5080 testium
3406 5026 3815 5100 veridicorum,

2187 5140 2257 5179 ne
2279 5130 2469 5193 postea
2515 5128 2685 5192 gestae
2737 5120 2813 5174 rei
2864 5118 3067 5173 veritas
3102 5116 3470 5173 oﬂ’uscaretur
3497 5136 3511 5182 ;
3541 5134 3607 5173 ea
3640 5122 3813 5177 etiam

2188 5215 2398 5270 ratione
2416 5220 2477 5268 ut
2515 5213 2639 5267 aliis
2676 5210 3199 5279 circumjacentibus
3256 5208 3510 5264 ecclesiis
3553 5210 3683 5277 jura
3713 5230 3819 5270 eo-

2192 5304 2380 5360 rumin
2441 5302 2609 5357 nullis
2628 5302 2794 5356 rebus
2837 5309 3063 5372 propter
3091 5298 3238 5352 illam
3255 5313 3450 5352 novam
3488 5300 3813 5358 minueren-

2189 5403 2295 5450 tur.
2319 5392 2856 5462 Consecrationeque
2885 5396 3126 5460 peracta,
3152 5388 3393 5460 doteque
3446 5391 3815 5460 contradicta,

2189 5488 2546 5559 comprobato
2571 5486 2686 5541 illic
2735 5485 3061 5557 presbytero
3107 5482 3295 5538 altaris
3354 5485 3811 5553 procurationem

2187 5576 2615 5643 commendavit,
2671 5583 2726 5630 et
2795 5574 3044 5630 ecclesiis
3102 5571 3521 5628 advocationem
3584 5572 3824 5632 ﬁrmiter
