3978 6214
195 290 216 340 Ἰ
230 290 340 343 025

1785 281 1950 333 VITA.

3383 274 3484 329 1οΞ
3494 276 3527 326 6

197 420 450 492 legitimo
492 417 696 472 haeredi
753 432 934 487 panno
982 417 1086 481 (3'7)
1145 415 1399 486 imposito
1457 412 1814 468 commenda-
1848 417 1887 479 Α
1917 406 2250 460 debitoribus
2279 406 2477 457 nostris
2511 403 2707 473 (Matth
2772 405 2882 468 v1);
2925 410 2978 454 et
3017 401 3320 454 secundum
3357 401 3531 456 Evan-

197 512 290 563 vit.
329 511 574 577 Alicnjus
625 510 959 563 oblationem
1013 508 1256 562 muneris
1298 523 1405 560 non
1463 505 1813 574 cxposeebat,

197 599 304 652 nisi
341 601 628 670 presbyter
658 599 908 667 ejusdem
941 598 1189 652 ecclesiae
1230 598 1434 668 aliquid
1471 604 1692 667 propter
1725 594 1816 647 ho-

198 706 390 745 norem
449 707 632 753 suum,
695 699 747 743 et
796 690 995 745 bonam
1038 689 1371 744 voluntatem
1421 705 1574 741 suam
1619 693 1813 757 sponte

197 799 327 837 eum
368 784 619 852 accipere
661 784 996 852 impetraret.

274 874 410 927 \'l|l.
453 873 582 926 Jesu
612 888 740 926 vero
787 871 1024 942 quodam
1062 883 1306 940 tempore
1351 869 1637 939 przeceptis
1685 867 1816 921 obe-

200 963 432 1023 diendo,
473 977 594 1015 cum
640 961 692 1013 in
754 977 892 1031 pago
954 960 1244 1031 Aldegowe
1301 958 1409 1027 (3'8)
1471 957 1813 1011 nominatum

201 1056 493 1110 ministerii
523 1053 862 1108 suioflieinm
897 1053 1123 1121 implere
1157 1052 1510 1112 decrevisset,
1545 1055 1817 1101 venerunt

201 1145 428 1216 quidam
465 1144 713 1198 homines
767 1143 833 1194 de
872 1141 1067 1195 eodem
1104 1155 1242 1214 pago
1293 1139 1359 1192 ad
1401 1154 1550 1204 eum,
1606 1137 1815 1190 lamen-

203 1235 372 1291 tando
403 1235 682 1287 dicentes:
746 1257 767 1276 ε·
807 1232 993 1284 Patres
1031 1230 1199 1283 nostri
1245 1230 1296 1283 in
1330 1245 1426 1281 sua
1487 1228 1819 1297 prOprietate

202 1345 367 1399 quam
405 1327 562 1379 nobis
609 1324 901 1394 reliquere,
944 1324 1011 1375 de
1067 1323 1345 1391 lapidibus
1385 1329 1438 1373 et
1468 1325 1736 1374 caemento
1769 1324 1822 1370 et

207 1416 374 1489 lignis
401 1414 691 1468 aediculam
726 1419 1173 1470 construxerunt.
1205 1426 1366 1480 quam
1396 1410 1501 1461 Deo
1536 1420 1586 1460 et
1619 1406 1822 1460 sanctis

207 1506 330 1573 ejus
375 1505 615 1557 dedicari
675 1503 983 1561 voluerunt,
1035 1509 1090 1554 et
1145 1509 1201 1553 ut
1260 1501 1360 1569 ipsi
1419 1499 1490 1552 ibi
1544 1514 1822 1552 sacrorum

209 1595 519 1650 officiorum
579 1594 1006 1647 celebrationem
1059 1592 1248 1646 audire
1291 1591 1643 1655 meruissent,
1695 1590 1825 1660 quia

213 1686 368 1738 locus
422 1684 521 1736 iste
555 1684 606 1736 in
642 1699 836 1754 magna
878 1682 1128 1734 vastitate
1182 1681 1351 1732 eremi
1401 1689 1483 1732 est
1514 1678 1675 1740 situs,
1727 1678 1826 1730 sed

215 1784 440 1844 propter
469 1736 844 1826 diflicultatbm
905 1771 1003 1824 viae
1046 1779 1098 1823 et
1147 1769 1466 1839 pauperiem
1509 1767 1828 1821 substantiae
1857 1736 1904 1803 Β

213 1883 454 1926 eorum,
519 1881 796 1935 nunquam
876 1864 1195 1933 episcopum
1269 1864 1336 1914 ad
1394 1862 1828 1916 consecrandam

214 1960 498 2030 pra-fatain
556 1958 842 2011 :ediculam
903 1957 1250 2010 introducere
1302 1961 1618 2024 potuerunt.
1667 1975 1694 2003 ι)
1739 1954 1830 2006 llis

215 2048 444 2111 auditis,
481 2047 573 2100 Dei
612 2063 801 2100 servus
834 2046 989 2098 hilari
1035 2045 1182 2098 vultu
1226 2044 1482 2098 dicebat:
1538 2069 1548 2088 -
1601 2043 1831 2097 Potestis

221 2157 369 2194 nunc
395 2140 460 2192 ad
495 2146 713 2207 tempus
732 2154 853 2208 quae
883 2136 1286 2192 consecrationi
1316 2135 1562 2189 ecclesiae
1584 2144 1710 2188 sunt
1733 2151 1834 2187 ne-

217 2236 458 2289 cessaria
479 2235 760 2304 acquirere
785 2233 812 2285 ?
841 2255 867 2281 ιο
901 2234 1000 2296 Qui
1032 2232 1332 2286 amicorum
1358 2229 1836 2283 consolationibus

217 2324 340 2378 freti
362 2323 804 2393 responderunt:
843 2344 865 2372 (ί
905 2323 1214 2376 Possumus.
1264 2341 1286 2369 ι)
1332 2317 1831 2383 Quibusilleintit:

219 2442 244 2462 σι
278 2415 653 2470 Cautummihi
687 2411 1462 2476 viaiductoremdimittendo,
1497 2410 1833 2464 antecedite.

215 2520 269 2564 et
297 2526 421 2579 qua:
455 2517 581 2562 sunt
614 2507 924 2561 ordinando
976 2508 1250 2567 ordinate,
1305 2523 1434 2560 ecce
1479 2506 1582 2576 [ad]
1647 2511 1837 2557 vestr-te

219 2599 663 2653 subveniendum
706 2599 1020 2652 necessitati
1071 2598 1200 2651 illuc
1242 2597 1582 2667 perveniam,
1617 2605 1692 2659 et,
1728 2596 1838 2648 Deo

215 2694 465 2760 juvantc,
518 2692 805 2746 ecclesiam
866 2692 1221 2746 consecrabo.
1254 2711 1277 2738 υ
1319 2691 1412 2743 Die
1459 2705 1589 2743 vero
1644 2688 1840 2751 altera,

226 2784 640 2838 consecratione
693 2792 930 2852 peracta,
987 2782 1138 2836 cives
1180 2782 1283 2851 ipsi
1329 2781 1637 2835 secundum
1687 2795 1841 2832 suam

228 2872 538 2926 facultatem
585 2887 809 2924 munera
840 2869 1137 2926 offerentes
1186 2878 1311 2923 ante
1353 2886 1478 2923 eum
1511 2867 1842 2930 veniebant;

229 2982 349 3038 quae
381 2965 595 3025 videns,
628 2962 920 3016 subridens
940 2963 1105 3017 dixit:
1139 2989 1160 3009 η
1199 2962 1312 3016 Non
1348 2970 1573 3031 propter
1603 2976 1844 3015 amorem

1916 495 2158 569 gelium:
2191 497 2278 549 Sic
2307 500 2355 547 et
2397 497 2556 548 Pater
2597 507 2741 545 meus
2781 491 3002 544 ccclesiis
3057 494 3225 556 faciet
3265 492 3434 554 vobis,
3488 495 3537 544 si

1917 607 2022 644 non
2064 592 2377 644 remiseritis
2423 589 2793 655 unusquisque
2845 587 3012 650 fratri
3049 601 3144 640 suo
3183 587 3246 638 de
3285 587 3539 640 cordibus

1919 685 2108 736 vestris
2173 682 2389 748 (Matth.
2461 679 2642 746 xviii);
2723 686 2777 731 et
2853 677 3080 731 iterum:
3151 679 3432 742 Dimittite,
3489 686 3540 734 et

1917 773 2269 826 dimittemini
2307 772 2454 835 (Luc.
2517 770 2607 832 vi).
2668 767 2916 820 Decimas
2977 767 3222 821 omnium
3282 768 3535 822 laborum

1917 884 2136 923 suorum
2167 867 2394 921 Domino
2425 872 2478 919 et
2507 865 2715 918 sanctis
2750 863 2891 930 ejus,
2934 863 3293 933 ecclesiisque
3328 863 3532 934 quibus

1917 971 2044 1016 sunt
2102 961 2427 1023 terminata),
2471 975 2540 1013 ne
2601 967 2808 1012 reatum
2851 956 2976 1010 Cain
3041 957 3330 1011 fratricida:
3393 958 3536 1011 inci-

1919 1052 2114 1104 derent
2147 1066 2269 1103 cum
2316 1065 2514 1119 magna
2543 1047 2756 1101 cautela
2801 1056 3131 1116 praesentare
3185 1046 3532 1111 festinarent,

1923 1143 2232 1198 Dominicas
2289 1141 2452 1195 etiam
2509 1140 2628 1192 dies
2686 1145 2741 1191 et
2772 1147 2997 1192 eaiteras
3040 1139 3420 1192 solemnitates
3481 1139 3532 1192 in

1923 1250 2066 1288 anno
2094 1249 2202 1287 non
2256 1231 2430 1286 solum
2466 1231 2519 1282 in
2559 1228 2895 1282 abstinentia
2945 1227 3227 1281 servilium
3280 1243 3536 1299 Operum,

1924 1326 2020 1377 sed
2081 1333 2135 1379 et
2199 1323 2446 1378 omnium
2525 1320 2801 1379 vitiorum.
2874 1320 3227 1374 devotissime
3295 1320 3540 1373 venerari

1927 1413 2174 1469 monuit:
2219 1409 2615 1466 Eucharistiam
2648 1424 2925 1479 quemque
2995 1409 3216 1461 assidue
3270 1409 3543 1478 accipere,

1925 1516 2088 1580 atque
2143 1516 2269 1562 ante
2322 1508 2702 1577 acceptionem
2757 1513 3044 1579 purgatum
3092 1519 3149 1555 se
3191 1501 3450 1564 exibere;
3494 1511 3547 1554 et

1930 1607 2049 1670 post
2101 1600 2477 1669 acceptionem
2522 1598 2785 1652 mundum
2841 1614 2899 1650 se
2951 1593 3230 1650 custodire
3284 1599 3544 1645 certaret.

1934 1693 2055 1746 Dies
2109 1692 2546 1763 Quadragesimze
2595 1699 2901 1761 caeteraque
2961 1687 3176 1756 jejunia
3237 1686 3549 1756 antiquitus

1932 1782 2223 1836 constituta
2265 1787 2318 1833 et
2349 1780 2564 1834 noviter
2617 1796 2740 1833 cum
2783 1793 3055 1832 consensu
3090 1775 3333 1838 inventa,
3392 1773 3540 1827 omni

1932 1873 2144 1926 monuit
2199 1873 2490 1926 devotione
2543 1871 2610 1925 ab
2671 1870 2930 1924 omnibus
2982 1867 3270 1931 custodiri,
3306 1866 3550 1939 abnega-

1934 1965 2136 2018 tionem
2169 1965 2252 2017 sui
2285 1963 2484 2024 facere.
2519 1970 2574 2016 et
2628 1961 2820 2016 Christi
2876 1959 3106 2032 vestigia
3137 1957 3318 2027 sequi,
3347 1972 3550 2026 corpus

1934 2060 2222 2133 castigare.
2260 2059 2483 2112 delicias
2505 2073 2615 2112 non
2648 2072 2853 2118 amare,
2879 2054 3187 2108 esurientes
3219 2059 3273 2104 et
3300 2051 3550 2122 sitientes

1935 2151 2074 2206 escis
2101 2158 2155 2204 et
2190 2151 2404 2220 poculis
2443 2165 2709 2212 recreare,
2731 2148 2893 2202 nudis
2924 2148 3250 2202 vestimenta
3284 2146 3549 2216 przebere,

1936 2240 2186 2293 infirmos
2218 2249 2271 2293 et
2304 2239 2357 2292 in
2398 2238 2668 2311 angustiis
2697 2238 3030 2292 constitutos
3083 2237 3327 2300 visitare,
3363 2234 3555 2305 egenis

1937 2338 1990 2383 et
2010 2329 2163 2400 vagis
2195 2328 2605 2381 mansiunculas
2625 2326 2954 2388 concedere,
2981 2333 3033 2379 et
3059 2341 3181 2396 quae
3208 2331 3334 2378 sunt
3366 2338 3558 2376 neces-

1939 2423 2082 2477 saria
2140 2430 2364 2494 pr0pter
2393 2438 2632 2476 amorem
2675 2421 2870 2475 Christi
2908 2420 3174 2490 praebere,
3235 2421 3474 2490 pupillos
3505 2427 3558 2474 et

1941 2515 2135 2570 viduas
2187 2515 2240 2567 in
2276 2512 2725 2568 tribulationibus
2777 2510 3022 2576 visitare,
3069 2509 3318 2580 atquein
3349 2508 3562 2563 cunctis

1944 2623 2134 2662 eorum
2170 2605 2596 2661 necessitatibus
2635 2603 2954 2666 subvenire,
3011 2602 3248 2655 malitias
3297 2602 3352 2654 in
3393 2600 3558 2655 corde

1945 2713 2055 2752 non
2089 2697 2340 2756 retinere,
2385 2703 2437 2748 et
2469 2694 2650 2749 verbis
2679 2693 2918 2764 aliquem
2975 2691 3038 2745 ad
3076 2691 3411 2744 iracundiam
3448 2706 3556 2744 non

1947 2806 2270 2862 provocare,
2322 2790 2455 2843 iram
2507 2789 2808 2858 deponere,
2870 2786 3279 2856 vindictamque
3331 2785 3561 2840 Domino

1948 2881 2276 2945 concedere,
2311 2878 2445 2932 nulli
2475 2879 2676 2932 malum
2711 2892 2808 2946 pro
2842 2876 2984 2930 malo
3017 2875 3268 2939 reddere,
3307 2891 3404 2928 nec
3461 2873 3562 2928 ali-

1949 2986 2056 3041 qua
2088 2969 2312 3024 laesione
2343 2968 2692 3032 exacerbare,
2725 2966 3121 3021 maledicentes
3150 2982 3208 3019 se
3243 2981 3354 3020 non
3385 2982 3557 3020 rema-

227 3055 462 3121 alicujus
494 3052 762 3113 muneris,
806 3053 900 3104 30d
943 3059 999 3105 ιιι
1040 3061 1234 3104 νιέὲῑΓὶΒ
1269 3050 1583 3105 necessitati
1638 3065 1843 3103 COHSU‘
1876 3106 1916 3127 ﬂ
1951 3058 2214 3120 lediccrc,
2267 3058 2362 3111 sed
2407 3057 2583 3127 magis
2636 3056 2991 3119 benedicere,
3035 3061 3088 3110 et
3129 3055 3564 3124 persecutionem

231 3148 426 3210 lerem,
459 3154 512 3199 et
542 3145 822 3198 servitium
869 3145 958 3196 Dei
992 3144 1045 3196 in
1079 3145 1183 3220 hoc
1214 3145 1332 3196 loco
1365 3143 1844 3212 multiplicaretur,

233 3241 340 3294 huc
369 3239 518 3303 veni,
560 3239 674 3292 haec
727 3237 889 3292 nobis
918 3235 1101 3290 oblata
1128 3243 1321 3289 vestrae
1363 3235 1582 3288 utilitati
1620 3250 1844 3288 servan-

233 3336 337 3386 tes.
371 3329 504 3382 etin
531 3328 624 3381 Dei
663 3327 884 3380 servitio
917 3333 1246 3387 crescentes,
1283 3332 1500 3378 manete
1540 3325 1592 3378 in
1628 3340 1782 3393 pace.
1825 3348 1846 3369 ιι

235 3421 362 3474 Huic
389 3421 582 3473 dicens
611 3418 856 3483 recessit,
889 3428 942 3471 et
973 3419 1038 3471 de
1075 3419 1335 3488 scrupulo
1367 3417 1469 3471 viae
1503 3417 1708 3470 nullam
1743 3416 1848 3470 nisi

232 3510 393 3580 quasi
426 3508 662 3562 laetando
689 3506 1085 3577 querimoniam
1109 3507 1256 3560 fecit.

312 3599 394 3652 IX.
433 3598 522 3651 llis
549 3612 676 3651 vero
718 3597 990 3650 bonorum
1038 3611 1268 3665 Operum
1319 3595 1517 3649 studiis
1567 3596 1848 3660 insistens,

234 3709 433 3749 omnes
464 3691 606 3761 apud
641 3707 765 3744 eum
795 3697 1207 3744 commanentes
1233 3689 1613 3743 exhortatione
1644 3689 1848 3761 benig-

237 3781 466 3836 nissima
492 3778 849 3850 spiritualiter
880 3779 1164 3843 recreavit,
1208 3778 1413 3832 docens
1444 3792 1550 3831 non
1584 3777 1758 3830 solum
1795 3777 1850 3829 in

238 3873 423 3926 verbis
469 3872 564 3925 sed
607 3871 770 3925 etiam
805 3871 858 3924 in
916 3870 1333 3940 operationibus
1363 3879 1421 3924 ut
1471 3869 1854 3940 unusquisque

240 3965 534 4020 Dominum
577 3980 640 4017 ex
693 3963 955 4017 omnibus
1016 3962 1224 4015 viribus
1286 3959 1531 4031 perfecte
1578 3960 1858 4031 diligeret,

242 4061 300 4108 et
333 4055 454 4122 ejus
475 4053 646 4108 amori
671 4051 802 4105 nihil
840 4051 1140 4122 praeferret,
1175 4057 1225 4104 et
1262 4050 1570 4119 proximum
1599 4055 1860 4118 tanquam

241 4146 511 4217 seipsum,
571 4151 778 4214 patrem
837 4153 891 4196 et
959 4150 1188 4196 matrem
1250 4142 1571 4204 honoraret;
1637 4140 1865 4210 insuper

245 4255 442 4294 omnes
473 4237 632 4292 bonae
657 4237 952 4292 voluntatis
979 4236 1256 4300 homines,
1288 4235 1356 4289 de
1389 4235 1592 4306 quibus
1614 4233 1864 4307 angelica

243 4332 394 4386 canit
432 4329 749 4396 multitudo,
791 4330 1016 4383 dicens:
1053 4332 1120 4384 Et
1147 4331 1207 4382 in
1234 4333 1381 4382 terra
1404 4343 1521 4396 pas:
1561 4328 1865 4380 hominibus

249 4423 397 4476 bona:
426 4421 876 4487 voluntatis(Luc.
903 4419 990 4489 n);
1026 4417 1284 4491 malignis
1306 4424 1487 4471 autem
1519 4415 1575 4470 in
1607 4415 1867 4471 omnibus

247 4531 440 4571 eorum
472 4515 628 4568 malis
665 4513 877 4568 actibus
921 4513 1199 4567 resisteret
1264 4512 1567 4567 secundum
1614 4519 1861 4566 sanctum

251 4609 575 4679 prophetam
607 4607 794 4669 David,
850 4607 1167 4661 dicentem:
1211 4605 1302 4659 Ad
1353 4605 1588 4659 nihilum
1615 4605 1872 4659 deductus

250 4703 330 4751 est
375 4701 436 4752 in
488 4701 769 4766 conspectu
824 4697 940 4764 ejus
1005 4697 1309 4762 malignus:
1379 4697 1621 4748 timentes
1693 4700 1871 4750 autem

254 4793 537 4846 Dominum
600 4791 870 4858 glo—riﬁcat
924 4790 1142 4857 (Psaim.
1203 4788 1353 4856 xiv);
1417 4788 1566 4859 quod
1631 4789 1870 4860 quisque

254 4882 362 4936 sibi
403 4881 688 4944 noluisset,
722 4880 877 4935 alteri
907 4895 1016 4934 non
1051 4881 1292 4942 taceret;
1335 4879 1596 4935 ecclesias
1619 4881 1712 4935 Dei
1747 4897 1869 4935 cum

256 4973 552 5028 devotione
591 4974 792 5028 mentis
830 4983 882 5028 et
913 4973 1220 5027 humilitate
1260 4982 1315 5026 et
1344 4988 1466 5026 cum
1500 4972 1875 5028 oblationibus

257 5061 454 5115 crebro
505 5061 772 5126 visitaret,
806 5061 992 5132 ibique
1029 5077 1153 5115 cum
1195 5058 1466 5114 effusione
1510 5062 1871 5132 lacrymarum

258 5161 313 5206 et
344 5167 442 5221 pro
473 5153 801 5207 remissione
833 5159 1184 5223 peccatorum
1216 5167 1439 5207 suorum
1472 5159 1526 5206 et
1555 5168 1654 5222 pro
1682 5155 1872 5208 omni-

260 5239 364 5294 bus
414 5241 580 5309 justis
617 5241 734 5295 suis
782 5241 1210 5295 necessitatibus
1239 5241 1404 5295 Deum
1430 5240 1678 5314 flagitare
1723 5249 1874 5296 sata-

257 5339 432 5403 geret.
468 5332 711 5386 Inimicis
744 5332 969 5402 insuper
1009 5332 1408 5406 indulgentiam
1451 5335 1726 5404 postulare
1758 5350 1874 5389 mo-

261 5426 446 5491 nebat,
478 5429 780 5482 secundum
810 5427 1120 5483 orationem
1165 5429 1528 5495 Dominicam,
1563 5430 1869 5484 dicentem:

263 5521 477 5573 Dimitte
504 5522 655 5574 nobis
693 5521 875 5575 debita
924 5525 1129 5582 nostra,
1160 5523 1303 5575 sicut
1345 5527 1394 5575 et
1422 5537 1517 5576 nos
1548 5523 1872 5576 dimittimus

335 5650 443 5716 (37)
473 5650 711 5704 Observa
734 5650 892 5703 ritum
922 5649 1200 5703 tradendae
1221 5648 1595 5705 advocationis
1611 5649 1879 5704 ecclesiae.

337 5721 447 5786 (38)
481 5721 653 5793 Vulgo
681 5722 882 5789 Aigua,
913 5722 1140 5786 Algare.

1949 3168 2045 3222 pro
2095 3152 2306 3219 justitia
2357 3153 2655 3218 sustinere,
2715 3153 3097 3207 discordantes
3140 3160 3194 3204 et
3254 3150 3573 3205 inimicitias

1951 3242 2093 3296 inter
2159 3257 2216 3294 se
2298 3239 2568 3293 habentes
2623 3241 2690 3293 ad
2773 3240 3153 3294 unanimitatis
3211 3239 3568 3294 concordiam

1952 3345 2224 3390 revocare,
2285 3329 2396 3381 Deo
2448 3327 2836 3381 resistentibus
2893 3329 3169 3391 resistere,
3205 3335 3259 3381 et
3308 3327 3414 3380 sibi
3448 3343 3570 3380 cum

1955 3423 2059 3476 fide
2124 3419 2479 3474 militantibus
2551 3418 2836 3486 juvamina
2887 3419 3153 3488 praebere,
3226 3418 3379 3472 nullo
3450 3426 3573 3473 octo

1954 3513 2207 3568 vitiorum
2249 3510 2634 3582 principalium
2692 3526 2816 3580 qua)
2850 3525 3016 3563 omne
3070 3525 3249 3581 genus
3283 3509 3568 3562 hominum

1955 3603 2215 3657 infestant
2279 3599 2536 3655 seandalo
2606 3597 2868 3668 laqueari.
2941 3596 3334 3660 Quaerentibus
3391 3605 3575 3650 autem

1953 3709 2077 3764 qua:
2131 3699 2314 3747 essent
2364 3699 2487 3747 octo
2546 3689 2676 3744 vitia
2726 3687 3074 3759 principalia,
3127 3687 3415 3757 respondit
3465 3704 3575 3742 non

1952 3782 2129 3836 solum
2166 3781 2291 3847 illis,
2341 3780 2438 3835 sed
2494 3787 2546 3833 et
2592 3779 2674 3832 his
2718 3778 2813 3848 qui
2863 3778 3045 3831 adhuc
3108 3777 3160 3829 in
3221 3777 3572 3832 haesitatione

1961 3880 2206 3940 manent,
2239 3890 2360 3944 quae
2399 3873 2509 3926 sint
2545 3878 2667 3926 octo
2705 3870 2855 3936 vitia,
2896 3870 3087 3924 dicens
3128 3870 3272 3938 (39):
3333 3869 3574 3922 Primum

1963 3970 2044 4016 est
2069 3962 2472 4036 gastrimargia,
2515 3963 2618 4015 hoc
2647 3967 2733 4014 est
2761 3959 2969 4014 ventris
2999 3956 3292 4031 ingluvies,
3333 3974 3456 4011 cum
3482 3973 3583 4011 sua

1965 4053 2151 4124 prole:
2214 4053 2616 4108 comessatione
2673 4059 2726 4106 et
2788 4051 3088 4115 ebrietate;
3145 4048 3442 4104 secundum
3505 4056 3589 4102 est

1967 4142 2276 4209 fornicatio,
2310 4159 2432 4196 cum
2468 4160 2568 4197 sua
2609 4141 2788 4212 prole:
2835 4138 3190 4210 turpiloquio,
3232 4136 3586 4203 scurrilitate,

1968 4231 2214 4295 ludicris,
2266 4248 2390 4303 quze
2424 4234 2590 4287 etiam
2647 4238 2774 4285 sunt
2810 4228 3175 4299 stultiloquia;
3233 4226 3449 4280 tertium
3492 4232 3578 4279 est

1973 4326 2344 4400 phylargyria,
2394 4330 2501 4382 hoc
2530 4336 2634 4392 est,
2688 4326 2914 4380 avaritia
2952 4323 3068 4378 sive
3126 4336 3279 4376 amor
3309 4319 3582 4391 pecuniae,

1971 4437 2092 4475 cum
2110 4437 2206 4475 sua
2227 4424 2410 4491 :prole
2433 4422 2749 4491 mendacio,
2765 4421 3128 4484 fraudatione,
3144 4417 3306 4484 furto,
3321 4415 3586 4486 perjurio,

1975 4512 2149 4582 turpis
2167 4513 2304 4566 lucri
2328 4515 2596 4584 appetitu,
2621 4513 2761 4568 falso
2781 4511 3118 4575 testimonio,
3137 4508 3414 4573 violentia,
3434 4507 3590 4561 inhu-

1973 4604 2253 4670 manitate,
2273 4606 2574 4660 voracitate
2596 4621 2659 4659 ac
2686 4607 3016 4676 rapacitate;
3047 4608 3321 4674 quartum,
3343 4600 3440 4665 ira,
3463 4614 3587 4652 cum

1972 4716 2070 4755 sua
2091 4699 2244 4769 prole
2267 4720 2278 4752 ;
2311 4700 2632 4762 homicidio,
2654 4699 2897 4756 clamore
2923 4707 2977 4755 et
2995 4696 3405 4772 indignatione;
3429 4693 3588 4765 quin-

1972 4803 2108 4859 tum,
2129 4793 2368 4858 tristitia,
2383 4810 2505 4848 cum
2518 4811 2615 4849 sua
2630 4795 2819 4865 prole:
2847 4810 3098 4860 rancore,
3116 4777 3588 4864 pusillanimitate,

1973 4881 2361 4948 amaritudine,
2396 4883 2820 4952 desperatione;
2854 4891 3068 4938 sextum
3095 4882 3305 4948 acedia,
3340 4896 3460 4935 cum
3493 4893 3592 4932 sua

1976 4974 2160 5046 prole:
2192 4972 2488 5039 otiositate,
2509 4974 2904 5041 somnolentia,
2921 4975 3358 5043 importunitate,
3379 4968 3599 5041 inquie-

1975 5062 2618 5134 tudine,pervagatione,
2644 5061 3007 5116 instabilitate
3032 5063 3239 5118 mentis
3255 5069 3309 5117 et
3326 5059 3596 5131 corporis,

1973 5156 2302 5214 verbositate
2329 5163 2383 5209 et
2413 5153 2764 5218 curiositate;
2799 5153 3095 5224 septimum
3131 5153 3457 5218 cenodoxia,
3492 5152 3596 5205 hoc

1975 5256 2077 5314 est,
2101 5263 2239 5302 vana
2260 5246 2452 5320 gloria,
2473 5260 2594 5298 cum
2620 5259 2719 5297 sua
2749 5245 2936 5313 prole:
2964 5245 3345 5309 contentione,
3373 5242 3590 5308 haeresi,

1970 5341 2254 5411 jactantia,
2323 5355 2386 5394 ac
2453 5336 2882 5408 priesumptione
2932 5333 3273 5398 novitatum;
3342 5343 3593 5389 octavum

1974 5430 2255 5502 superbia,
2285 5445 2408 5484 cum
2462 5443 2558 5481 sua
2591 5423 2772 5496 prole:
2832 5429 3177 5490 contemptu,
3221 5423 3450 5488 invidia,
3511 5423 3596 5475 in—

1975 5519 2295 5574 obedientia
2324 5559 2339 5583 ,
2399 5513 2744 5587 blasphemia
2775 5555 2789 5576 ,
2849 5509 3282 5566 murmuratione
3317 5550 3331 5574 ,
3385 5510 3600 5564 detrac-

2060 5649 2167 5721 (39)
2224 5649 2347 5704 Haec
2405 5647 2800 5721 principalium
2864 5643 3118 5721 vitiorum
3175 5637 3372 5694 divisio
3427 5639 3595 5692 etiam

1985 5713 2245 5776 Cassiano
2276 5727 2330 5773 et
2360 5713 2696 5790 quibusdam
2715 5717 2834 5773 aliis
2854 5713 3074 5788 placuit.
