3978 6214
429 276 563 330 1027

1493 269 1545 319 S.
1592 264 1899 320 UDAlJthl
1938 261 2308 317 AUGUSTANI
2351 260 2670 316 EPlSCOPl.

3620 257 3755 316 1028

429 399 633 453 talione
669 437 683 462 ,
744 394 1052 449 inimicitia.
1117 394 1336 445 Beatum
1418 406 1546 445 vero
1608 389 1829 444 dicebat
1860 432 1872 453 ,
1943 389 2038 461 qui
2085 388 2246 455 (ﬁne
2288 393 2663 457 perseverant.
2712 385 2805 439 Dei
2866 393 3049 439 autem
3101 383 3411 438 benedictis
3449 390 3505 438 et
3535 382 3592 437 in
3643 383 3763 451 ejus

426 490 480 543 in
532 488 652 541 istis
734 486 989 539 vitiorum
1056 484 1266 553 pedicis
1345 498 1453 535 non
1508 480 1839 537 offendebat.
1912 481 2041 536 Octo

427 595 554 633 vero
609 578 926 631 notissimas
992 574 1362 628 beatitudines
1415 591 1445 627 a
1502 576 1612 629 Deo
1662 575 1717 628 in
1751 574 2043 647 Evangelio

424 676 793 733 enumeratas,
810 669 1030 721 auribus
1044 668 1226 721 cordis
1245 673 1407 719 caute
1428 667 1730 736 percipere,
1752 672 1805 721 et
1832 666 2043 720 intimis

426 757 856 831 cogitationibus
889 756 1116 810 firmiter
1140 756 1406 819 inserere,
1430 766 1488 810 ut
1512 757 1563 809 in
1591 765 1838 826 tempore
1871 762 2043 809 tenta-

424 847 590 902 tionis
630 846 888 916 malignis
947 845 1234 915 spiritibus
1293 862 1386 898 eas
1418 845 1655 899 evellere
1711 845 1882 898 virtus
1924 860 2034 899 non

426 935 781 999 concedatur,
814 934 910 986 sed
936 934 1319 1003 unusquisque
1340 935 1407 987 ad
1434 950 1587 1003 spem
1616 933 1923 988 caelestium
1948 933 2039 985 de-

424 1025 753 1078 sideriorum
780 1038 966 1076 earum
1001 1021 1478 1076 consolationibus
1501 1023 1851 1085 sublevetur;
1885 1024 2036 1092 Agno

429 1129 561 1169 vero
618 1112 1020 1183 omnipotentis
1078 1112 1173 1165 Dei
1244 1112 1455 1165 Christo
1536 1112 1749 1167 tollenti
1810 1110 2043 1165 crimina

427 1207 639 1271 mundi,
672 1222 893 1275 semper
921 1206 1009 1258 die
1064 1215 1340 1275 noctuque
1382 1205 1718 1274 multiplices
1772 1204 1963 1258 laudes
1991 1210 2045 1257 et

424 1300 626 1372 gratias
656 1300 781 1353 totis
836 1296 1129 1350 desideriis
1157 1305 1212 1351 et
1259 1296 1519 1351 omnibus
1548 1296 1763 1350 viribus
1812 1296 2039 1361 referre,

436 1392 569 1465 quia
618 1391 819 1463 dignus
868 1395 949 1441 est
977 1404 1073 1442 sua
1115 1388 1515 1453 incarnatione,
1547 1398 1602 1441 et
1658 1387 1964 1451 nativitate,
1997 1392 2050 1439 et

441 1481 741 1551 baptismo,
772 1486 825 1532 et
854 1476 1232 1542 crucifixione,
1264 1485 1317 1531 et
1348 1478 1648 1547 sepultura,
1703 1483 1756 1529 et
1803 1490 2052 1529 resurre-

433 1578 638 1639 ctione,
668 1581 719 1627 et
755 1572 1087 1626 ascensione
1117 1571 1331 1623 solvere
1363 1569 1645 1640 signaculi
1688 1578 1897 1640 septem
1926 1570 2049 1624 libri

432 1668 662 1742 signati,
695 1665 749 1718 in
772 1664 983 1718 visione
1005 1663 1401 1717 sanctoJoanni
1435 1662 1684 1732 apostolo
1708 1662 1760 1715 in
1794 1662 2050 1716 Pathmos

444 1756 626 1811 insula
660 1754 885 1809 ostensi.
925 1754 1135 1807 lntente
1166 1759 1346 1805 autem
1376 1762 1427 1805 et
1455 1751 1685 1805 subnixe
1715 1751 1959 1805 omnium
1994 1751 2047 1803 in

444 1862 736 1904 commune
790 1845 1234 1900 benevolentiam
1266 1844 1582 1914 postulavit:
1639 1842 1683 1896 si
1717 1843 1810 1914 qui
1868 1851 2056 1897 essent

430 1944 524 2015 qui
557 1943 611 1997 in
640 1941 956 2011 semetipsis
978 1947 1221 2013 segetem
1247 1939 1555 2009 aliquarum
1582 1937 1843 1991 virtutum
1865 1954 2056 1992 excre-

428 2033 575 2086 visse
606 2030 893 2096 sentirent,
928 2044 1035 2082 non
1060 2028 1175 2081 suis
1228 2028 1460 2090 meritis,
1494 2026 1592 2080 sed
1643 2026 2052 2095 omnipotentis

439 2124 534 2178 Dei
572 2121 968 2177 misericordia)
1013 2121 1375 2191 applicarent,
1425 2136 1494 2174 ne
1545 2118 1730 2173 subito
1778 2118 2053 2186 jactantiaz

433 2212 707 2285 grandine
766 2212 818 2264 in
862 2211 943 2264 eis
970 2218 1281 2277 necaretur,
1334 2210 1431 2263 sed
1464 2208 1789 2279 tempestiva
1820 2209 2051 2262 maturi-

431 2311 563 2368 tate,
606 2309 926 2375 protegente
974 2301 1181 2370 Spiritu
1239 2307 1449 2359 sancto,
1494 2298 1546 2352 in
1585 2298 1796 2352 horreis
1854 2297 2056 2352 Christi

429 2393 810 2448 collocaretur.
836 2392 904 2445 Os
933 2408 964 2445 a
1003 2391 1146 2445 malo
1179 2391 1260 2444 vel
1290 2406 1455 2460 pravo
1487 2389 1720 2461 eloquio
1761 2388 2058 2457 custodire,

431 2485 700 2540 lectiones
733 2492 948 2538 sanctas
979 2483 1213 2537 libenter
1257 2483 1469 2544 audire,
1507 2483 1650 2535 mala
1702 2498 1801 2537 sua
1832 2489 2057 2552 praeter-

430 2574 504 2628 ita
553 2590 675 2627 cum
734 2572 940 2645 gemitu
995 2581 1052 2626 et
1090 2572 1343 2642 lacrymis
1387 2571 1633 2641 quotidie
1678 2571 1733 2625 in
1802 2572 2053 2626 oratione

433 2667 544 2720 Deo
576 2663 850 2727 confiteri,
894 2670 947 2717 et
977 2663 1244 2733 deinceps
1272 2662 1591 2728 emendare,
1634 2662 1907 2716 desideria
1935 2678 2058 2716 car-

434 2761 520 2814 nis
575 2775 685 2814 non
733 2757 1023 2829 perficere,
1084 2757 1419 2811 voluntatem
1471 2755 1747 2826 propriam
1782 2756 2055 2830 frangere,

433 2848 779 2903 sacerdotum
839 2846 1132 2916 pra-captis
1162 2846 1412 2907 obedire,
1474 2845 1690 2900 etiamsi
1748 2846 1874 2915 ipsi,
1908 2846 2056 2917 quod

434 2937 601 2993 absitl
627 2938 786 2991 aliter
812 2943 995 3009 agant,
1028 2952 1125 2991 eos
1149 2936 1449 3001 imitantes,
1471 2937 1541 2991 de
1567 2937 1771 3008 quibus
1795 2938 2057 2992 Dominus

434 3027 604 3080 dicit:
651 3028 849 3079 Dicunt
878 3027 1040 3091 enim,
1093 3029 1143 3078 et
1190 3040 1297 3079 non
1348 3026 1563 3091 faciunt
1610 3027 1826 3093 (Matth.
1879 3029 2051 3096 χχιιι).

435 3114 748 3168 Castitatem
782 3129 965 3167 amare
998 3113 1229 3179 monuit,
1265 3112 1470 3166 nullum
1502 3113 1678 3179 odire,
1713 3114 1975 3169 invidiam
2001 3122 2055 3169 et
2086 3078 2135 3147 Ο

435 3209 613 3264 zelum
638 3224 749 3263 non
781 3208 1002 3274 habere,
1044 3207 1431 3263 contentiones
1470 3224 1581 3263 non
1611 3208 1817 3275 colere,
1858 3208 2055 3265 elatio-

436 3320 561 3358 nem
593 3304 769 3369 odire,
808 3303 1056 3357 venerari
1088 3302 1358 3372 seniores,
1398 3302 1629 3377 diligere
1666 3302 1944 3370 juniores,
1985 3302 2056 3357 ti-

434 3410 640 3450 morem
674 3394 891 3449 Domini
922 3394 977 3447 in
1009 3394 1175 3449 corde
1203 3393 1456 3448 etanimo
1488 3394 1608 3447 sine
1641 3392 2053 3448 intermissione

436 3488 661 3554 habere,
709 3488 936 3542 credere
988 3488 1180 3543 oculos
1238 3487 1451 3541 Domini
1510 3488 1695 3542 omnia
1733 3487 1944 3553 videre,
1999 3493 2053 3540 et

434 3596 597 3634 aures
630 3580 752 3647 ejus
789 3579 975 3634 omnia
1030 3579 1243 3645 audire,
1305 3578 1593 3633 Psalmista
1624 3578 1882 3633 dicente:
1921 3581 2055 3633 Ecce

433 3674 575 3729 oculi
626 3675 840 3728 Domini
896 3689 1057 3742 super
1077 3674 1276 3741 justos,
1309 3678 1359 3726 et
1409 3688 1565 3725 aures
1605 3673 1720 3740 ejus
1759 3675 1816 3725 in
1872 3688 2053 3741 preces

435 3779 640 3828 eorum,
668 3767 849 3818 vultus
880 3768 1057 3817 autem
1090 3765 1307 3817 Domini
1336 3778 1497 3829 super
1519 3764 1778 3828 facientes
1802 3762 1968 3825 mala,
1998 3768 2059 3816 ut

430 3855 625 3925 perdat
664 3855 728 3908 de
749 3860 894 3909 terra
922 3856 1232 3908 memoriam
1260 3868 1441 3907 eorum
1462 3854 1629 3917 (Psal.
1666 3857 1869 3921 χχχιιι).
1904 3854 2056 3907 Diem

437 3964 567 4004 vero
590 3948 774 4003 obitus
805 3948 890 4002 sui
920 3956 974 4002 et
1030 3948 1177 4002 diem
1208 3946 1439 4001 extremi
1472 3947 1686 4015 judicii,
1729 3948 1783 4001 in
1825 3962 1935 4018 quo
1968 3947 2057 4001 di-

441 4049 631 4097 cturus
660 4049 743 4095 est
772 4040 1034 4095 Dominus
1074 4040 1157 4093 his
1186 4040 1278 4111 qui
1313 4055 1437 4093 eum
1480 4056 1730 4094 recreare
1769 4047 1823 4095 et
1863 4040 2059 4096 vestire

443 4138 499 4185 et
553 4130 775 4183 visitare
834 4128 890 4181 in
933 4129 1048 4183 suis
1096 4128 1435 4199 pauperibus
1479 4129 1728 4199 quotidie
1772 4128 2056 4196 festinant,

439 4222 533 4293 qui
565 4221 635 4276 ab
661 4221 946 4276 auditione
988 4221 1129 4275 mala
1158 4236 1267 4275 non
1299 4220 1590 4285 timebunt,
1632 4221 1801 4274 illud:
1851 4223 2054 4285 Venite,

440 4313 706 4366 benedicti
734 4313 914 4366 Patris
947 4315 1047 4365 mei
1094 4312 1311 4380 (Matth.
1361 4315 1506 4376 xxv),
1567 4318 1698 4377 etc.,
1741 4310 1848 4365 illis
1875 4318 2054 4365 autem

440 4404 556 4459 haec
583 4403 1017 4474 negligentibus,
1045 4411 1098 4457 et
1136 4403 1248 4457 Deo
1280 4402 1333 4455 in
1373 4402 1488 4456 suis
1518 4402 1780 4457 membris
1814 4417 1923 4456 non
1954 4402 2057 4455 mi-

439 4494 835 4548 nistrantibus:
890 4492 1158 4547 Discedite
1209 4508 1243 4545 a
1288 4507 1389 4556 me,
1438 4492 1735 4555 maledicti,
1767 4494 1827 4544 in
1874 4493 2055 4558 ignem

440 4592 720 4651 zternum,
756 4589 854 4656 qui
881 4591 1223 4656 praeparatus
1267 4590 1345 4641 est
1371 4586 1585 4639 diabolo
1614 4590 1663 4639 et
1705 4587 1912 4652 angelis
1940 4586 2056 4653 ejus

436 4676 643 4745 (Ibid),
693 4682 819 4729 ante
870 4674 1061 4729 oculos
1105 4690 1325 4743 semper
1359 4682 1670 4743 suspectam
1723 4680 1777 4727 et
1809 4673 2054 4728 timidam

440 4766 674 4823 habere:
746 4774 798 4821 et
849 4783 1040 4838 poenas
1111 4765 1421 4820 maledictis
1494 4771 1825 4835 praeparatas
1882 4766 2059 4821 oculis

437 4858 641 4913 mentis
670 4858 977 4928 saepissime
1016 4855 1253 4919 intueri;
1300 4864 1355 4909 et
1384 4855 1565 4910 locum
1624 4855 1923 4926 pessimum
1965 4860 2059 4928 qui

440 4963 664 5017 semper
692 4955 775 5001 est
800 4947 919 5001 sine
941 4944 1256 5021 refrigerio,
1287 4951 1342 4999 et
1372 4944 1491 4999 sine
1518 4946 1836 5015 splendore,
1867 4956 1922 5001 et
1941 4947 2062 5003 sine

437 5040 754 5106 dulcedine,
785 5048 840 5095 et
871 5040 975 5095 erit
1022 5040 1143 5094 sine
1174 5037 1306 5105 ﬁne,
1338 5038 1431 5093 ubi
1485 5040 1687 5094 vermis
1720 5056 1910 5096 eorum
1944 5058 2055 5098 non

438 5130 688 5195 moritur,
717 5140 770 5185 et
801 5132 945 5205 ignis
972 5148 1081 5187 non
1114 5130 1505 5205 exstinguitur,
1541 5132 1631 5186 ubi
1662 5131 1825 5187 ﬂetus
1852 5140 1906 5188 et
1932 5135 2057 5189 stri-

442 5223 546 5277 dor
597 5222 868 5289 dentium,
923 5224 1044 5278 sine
1083 5222 1498 5277 intermissione
1553 5239 1775 5295 semper
1813 5225 2053 5293 auditur,

440 5313 535 5368 ubi
568 5328 768 5367 vorans
795 5312 1014 5368 ﬂamma
1054 5314 1557 5370 machinationibus
1599 5314 1806 5370 diaboli
1836 5333 2057 5388 semper

434 5401 815 5468 renovabitur,
845 5404 941 5458 ubi
972 5404 1372 5461 consolationis
1399 5422 1528 5476 spes
1553 5406 1782 5462 omnino
1815 5422 1925 5463 non
1956 5409 2057 5464 hae-

434 5493 620 5556 betur,
651 5492 749 5545 sed
780 5494 850 5547 de
881 5496 1015 5550 hora
1054 5496 1111 5548 in
1143 5496 1334 5550 horam
1378 5497 1596 5553 tristitia
1626 5504 1877 5572 augetur,
1928 5502 2055 5572 quia

435 5581 608 5634 tinem
665 5584 922 5637 manendi
962 5583 1211 5638 invenire
1242 5600 1354 5640 non
1407 5594 1657 5655 possunt,
1691 5588 1787 5641 sed
1817 5604 1938 5654 cum
1969 5592 2056 5646 his

428 5666 646 5741 quibus
675 5672 731 5720 in
753 5669 857 5724 hoc
884 5675 1086 5728 saeculo
1114 5675 1514 5743 ministravere,
1546 5678 1602 5733 in
1635 5680 1907 5750 angustiis
1933 5681 2053 5736 sine

2084 1708 2131 1775 B

2148 479 2372 533 dextera
2421 477 2706 533 collocatis
2772 482 2975 547 quanta
3032 475 3233 549 gaudia
3299 482 3463 545 atque
3520 474 3761 544 tripudia

2150 574 2429 629 maneant,
2461 582 2685 635 semper
2710 574 2978 635 quantum
3002 562 3257 617 humanis
3279 562 3561 616 mentibus
3589 561 3767 632 possi-

2146 660 2255 714 bile
2286 670 2391 726 est,
2425 661 2666 733 cogitare
2697 667 2935 729 Oportet.
2987 659 3057 711 de
3111 657 3317 728 quibus
3356 656 3623 726 scriptum
3653 663 3763 709 est:

2130 754 2298 819 Quod
2318 754 2501 806 oculus
2536 770 2637 806 non
2678 754 2834 815 vidit,
2878 767 2968 804 nec
2995 753 3147 804 auris
3179 750 3416 813 audivit,
3452 765 3549 803 nec
3584 765 3647 803 in
3675 764 3766 802 cor

2141 846 2367 899 hominis
2394 846 2651 905 ascendit,
2677 860 2795 912 qua?
2816 845 3150 912 preparavit
3175 846 3313 897 Deus
3332 840 3692 907 diligentibus
3719 856 3769 892 se

2140 938 2189 1003 (Ι
2227 940 2344 992 Cor.
2379 941 2454 1003 ιι).
2494 936 2592 990 Ubi
2630 934 2929 1005 Iiymnidici
2962 934 3285 1007 angelorum
3344 933 3497 988 chori
3542 932 3768 985 inenar-

2142 1030 2300 1084 rabili
2316 1029 2559 1083 claritate
2574 1028 2893 1100 fulgebunt;
2924 1026 3018 1080 ubi
3038 1025 3309 1081 celsitudo
3328 1024 3766 1095 patriarcharum

2145 1122 2313 1195 digno
2347 1122 2554 1175 honore
2598 1125 2946 1173 remunerate
2986 1116 3280 1190 gaudebit;
3314 1116 3410 1169 ubi
3442 1131 3608 1169 verax
3640 1129 3772 1185 pro-

2149 1214 2435 1285 phetarum
2468 1211 2624 1274 ordo,
2656 1210 2959 1281 prOphetiis
2989 1210 3105 1262 suis
3138 1208 3190 1263 in
3224 1214 3337 1263 toto
3368 1208 3602 1277 expletis
3660 1207 3772 1260 Deo

2148 1302 2353 1375 gratias
2401 1316 2564 1375 agere
2620 1316 2730 1354 non
2782 1308 2986 1361 cessat;
3047 1298 3142 1351 ubi
3173 1297 3342 1365 judex
3392 1295 3772 1366 apostolorum

2153 1396 2372 1457 chorus,
2407 1402 2629 1462 accepta
2674 1393 2790 1446 acie
2824 1391 3092 1461 promissa
3140 1389 3417 1453 mercede,
3454 1386 3776 1458 perenniter

2154 1483 2486 1545 exsultabit;
2522 1480 2612 1535 ubi
2648 1489 2931 1549 martyres,
2962 1478 3141 1549 palma
3183 1476 3423 1547 martyrii
3455 1490 3650 1530 eorum
3679 1489 3780 1528 co-

2154 1575 2354 1639 ronati,
2396 1573 2776 1628 consolatione
2831 1570 3188 1641 perfruuntur
3230 1576 3472 1633 aeterna;
3504 1566 3602 1620 ubi
3638 1581 3776 1620 con-

2156 1670 2411 1729 fessorcs,
2446 1665 2685 1735 praemiis
2714 1664 2829 1717 suis
2856 1662 3253 1732 multiplicatis,
3288 1661 3342 1714 in
3387 1660 3481 1714 Dei
3512 1658 3779 1713 laudibus

2158 1763 2541 1825 perseverant:
2602 1753 2697 1807 ubi
2753 1752 2995 1826 virgines
3025 1750 3314 1805 centesimi
3362 1748 3572 1803 fructus
3614 1746 3781 1800 retri-

2156 1846 2383 1900 butione
2405 1844 2710 1910 abundant,
2734 1852 2789 1897 et
2820 1843 2996 1897 viduae
3025 1841 3355 1913 sexagesimi
3386 1839 3594 1893 fructus
3616 1836 3781 1891 resti—

2160 1938 2371 1992 tutione
2406 1937 2773 1999 honorantur;
2807 1935 2915 2002 ubi}
2945 1934 3222 1999 monachi,
3273 1948 3337 1987 ex
3394 1929 3780 2004 resignatione

2158 2028 2497 2083 sa'cularium
2540 2028 2806 2087 omnium.
2849 2042 2970 2081 cum
3010 2024 3388 2080 esurientibus
3433 2031 3489 2077 et
3528 2020 3781 2076 sitienti-

2156 2121 2260 2174 bus
2283 2119 2547 2188 justitiam
2582 2117 2697 2179 Dei,
2728 2116 2960 2186 expletis
2987 2130 3174 2169 eorum
3217 2112 3526 2179 desideriis,
3570 2110 3778 2173 satiati,

2158 2211 2250 2265 Dei
2282 2209 2539 2264 laudibus
2569 2206 2830 2261 insistere
2858 2222 2967 2261 non
3000 2206 3328 2267 cessabunt;
3361 2201 3455 2257 ubi
3492 2199 3781 2271 poeniten-

2159 2315 2261 2370 tes,
2293 2303 2561 2374 depositis
2589 2302 2912 2356 delictorum
2945 2316 3166 2355 suorum
3190 2298 3477 2363 oneribus,
3509 2296 3632 2349 sine
3668 2293 3783 2347 line

2164 2403 2330 2455 Deum
2382 2401 2667 2453 laudantes
2701 2398 3086 2470 congaudent:
3121 2395 3215 2450 ubi
3252 2394 3408 2467 pueri
3465 2395 3679 2465 Agnum
3722 2390 3780 2443 in

2162 2495 2302 2548 albis
2331 2501 2649 2564 sequentes,
2687 2492 2789 2545 sub
2834 2492 3033 2545 throno
3077 2489 3293 2562 angelis
3347 2485 3779 2551 concordantes,

2162 2588 2328 2641 Deum
2362 2584 2583 2639 laudare
2615 2583 2909 2647 cantando,
2940 2597 3049 2637 non
3081 2587 3327 2643 cessant;
3368 2578 3459 2633 ubi
3488 2576 3779 2651 gloriosis-

2159 2676 2298 2729 sima
2327 2674 2501 2745 virgo,
2527 2672 2621 2727 Dei
2663 2671 2919 2744 genitrix,
2949 2670 3133 2735 Maria,
3174 2684 3341 2739 super
3368 2668 3566 2722 choros
3602 2681 3783 2736 ange-

2159 2764 2334 2819 lorum
2365 2762 2621 2827 exaltata,
2656 2758 3023 2814 inaistimabili
3064 2758 3311 2813 claritate
3338 2765 3392 2811 et
3438 2754 3782 2809 formositate

2158 2870 2351 2910 omnes
2376 2854 2618 2907 hilarans
2647 2851 3018 2921 conspicitur;
3051 2850 3144 2904 ubi
3170 2848 3304 2917 justi
3349 2847 3494 2901 sicut
3537 2847 3618 2899 sol
3668 2844 3778 2898 ful-

2157 2946 2387 3021 gebunt,
2418 2951 2471 2999 et
2495 2958 2688 2998 omnes
2713 2942 2887 2995 sancti
2921 2941 3229 2995 Creatorem
3258 2954 3419 2992 suum
3451 2935 3778 2991 etomnium

2157 3045 2553 3101 creaturarum,
2610 3035 2665 3088 in
2697 3049 2798 3088 sua
2845 3033 3089 3087 claritate
3120 3030 3257 3086 facie
3300 3029 3367 3084 ad
3419 3028 3617 3084 faciem
3644 3044 3785 3100 gau-

2158 3129 2341 3184 dendo
2372 3126 2660 3189 videbunt,
2694 3126 2761 3178 ab
2812 3125 2891 3178 eis
2938 3123 3277 3178 auferentem
3313 3136 3533 3175 omnem
3567 3124 3781 3173 metum

2155 3227 2209 3275 et
2269 3234 2486 3275 omnem
2540 3233 2828 3272 mwrorem
2878 3224 2933 3270 et
2987 3215 3286 3277 tristitiam,
3345 3221 3509 3283 atque
3554 3226 3780 3266 omnem

2154 3309 2543 3364 adversitatem
2588 3307 2647 3359 ln
2688 3305 2785 3360 illo
2818 3320 2990 3378 regno
3022 3303 3109 3357 lux
3132 3302 3268 3356 solis
3294 3308 3349 3355 et
3379 3302 3524 3354 lunae
3555 3306 3610 3354 et
3638 3299 3783 3353 stel-

2156 3402 2329 3458 larum
2363 3415 2471 3455 non
2503 3405 2586 3451 est
2611 3395 2953 3457 necessaria;
2998 3393 3172 3447 fames
3204 3398 3257 3445 et
3290 3391 3410 3445 sitis
3442 3389 3579 3444 nulli
3611 3404 3787 3443 noce-

2170 3496 2329 3561 bunt,
2355 3493 2528 3567 frigus
2559 3491 2642 3544 vel
2675 3496 2840 3544 aestus
2870 3486 3080 3541 nullum
3113 3484 3439 3557 fatigabunt',
3491 3480 3789 3535 infirmitas

2154 3592 2207 3639 et
2231 3584 2390 3639 dolor
2418 3580 2553 3635 nulli
2588 3578 2907 3641 advenient,
2951 3582 3194 3629 venturae
3225 3570 3529 3627 senectutis
3553 3568 3784 3623 miseria

2158 3691 2268 3732 non
2304 3672 2608 3736 timebitur,
2640 3670 2738 3724 sed
2769 3669 2913 3722 sicut
2942 3667 2998 3721 in
3040 3667 3129 3721 die
3155 3664 3349 3733 judicii
3382 3676 3615 3733 corpora
3632 3675 3788 3715 mor-

2160 3777 2375 3824 tuorum
2428 3765 2482 3819 in
2513 3776 2772 3818 mensura
2811 3759 2986 3814 aetatis
3024 3755 3391 3829 plenitudinis
3445 3754 3642 3808 Christi
3703 3766 3789 3807 re-

2158 3869 2407 3936 surgent,
2434 3859 2489 3913 in
2516 3874 2581 3912 ea
2611 3857 2777 3912 etiam
2810 3853 3254 3925 impassibilitate
3284 3857 3339 3905 et
3365 3847 3785 3920 pulchritudine

2163 3950 2584 4024 permanebunt.
2620 3947 2832 4017 Nuptiae
2875 3945 2948 3998 ibi
2995 3959 3105 3999 non
3154 3942 3524 4006 celebrantur,
3561 3945 3617 3992 et
3654 3952 3788 4009 pro-

2159 4048 2353 4121 genies
2410 4044 2697 4102 hominum
2755 4047 2948 4112 postea
2988 4054 3099 4094 non
3152 4034 3629 4107 multiplicabitur,
3679 4031 3783 4086 sed

2161 4140 2471 4212 completus
2498 4152 2763 4191 numerus
2782 4135 3054 4203 justorum
3073 4147 3184 4187 non
3206 4130 3508 4192 minuetur,
3537 4126 3636 4179 sed
3656 4124 3784 4178 sine

2160 4230 2270 4285 ﬁne
2304 4230 2359 4284 in
2390 4227 2590 4303 gaudio
2624 4224 2966 4286 servabitur;
3001 4220 3230 4276 insidias
3257 4216 3463 4273 diaboli
3495 4214 3636 4270 ultra
3667 4228 3782 4268 non

2158 4318 2396 4383 timebit,
2429 4314 2774 4388 indulgentia
2822 4320 3174 4382 peccatorum
3216 4307 3357 4362 ultra
3388 4320 3501 4360 non
3554 4303 3782 4377 indige-

2158 4411 2269 4476 bit;
2298 4409 2442 4464 sicut
2473 4406 2654 4480 angeli
2689 4406 2742 4458 in
2765 4399 3309 4476 primieconditionis
3335 4394 3786 4467 impassibilitate

2159 4503 2581 4577 permanebunt,
2622 4501 2701 4555 sic
2730 4507 2784 4554 et
2830 4497 3104 4561 homines,
3144 4500 3267 4566 post
3310 4491 3782 4547 resurrectionem

2158 4595 2399 4666 aequales
2428 4591 2659 4666 angelis,
2702 4590 2757 4643 in
2787 4588 3088 4643 sobrietate
3126 4593 3181 4639 et
3223 4581 3785 4638 incommutabilitate

2159 4689 2518 4756 perseverant
2548 4680 2603 4733 in
2653 4677 2876 4733 civitate
2914 4676 3008 4730 Dei
3050 4673 3241 4739 nostri,
3275 4673 3329 4726 in
3368 4678 3559 4727 monte
3587 4677 3786 4726 sancto

2160 4777 2279 4844 ejus
2307 4772 2596 4837 aedificata,
2628 4785 2749 4842 quae
2779 4769 2980 4823 dicitur
3005 4765 3297 4822 duodecim
3346 4764 3626 4835 lapididus
3655 4779 3788 4834 pre-

2162 4867 2322 4923 tiosis
2361 4880 2481 4921 esse
2511 4871 2705 4919 ornata
2735 4868 2901 4933 atque
2931 4859 3177 4924 fundata,
3208 4871 3445 4928 quorum
3481 4855 3709 4910 nomina
3732 4864 3793 4911 et

2166 4956 2417 5013 ordinem
2449 4962 2675 5009 sanctus
2700 4951 2943 5006 Joannes
2972 4947 3254 5019 apostolus
3275 4952 3330 5002 et
3358 4944 3700 5019 evangelista
3729 4945 3791 4999 in

2160 5047 2483 5120 Apocalypsi
2518 5051 2834 5101 enumerat:
2864 5042 2957 5097 ubi
2979 5040 3254 5111 jaspidem
3283 5039 3339 5093 in
3362 5037 3542 5109 primo
3573 5036 3788 5093 funda-

2158 5148 2344 5195 mento
2377 5138 2619 5211 positum
2663 5136 2817 5201 dicit,
2850 5148 3015 5206 quem
3048 5132 3239 5187 dicunt
3286 5129 3474 5186 omnia
3521 5130 3793 5200 phantas-

2157 5239 2302 5287 mata
2328 5230 2541 5305 fugare,
2568 5229 2625 5283 in
2664 5243 2775 5300 quo
2807 5226 2934 5281 fidei
2959 5224 3205 5280 viriditas
3244 5223 3602 5295 designatur;
3655 5237 3786 5291 sap-

2159 5320 2378 5391 phirum
2407 5320 2463 5373 in
2492 5318 2762 5381 secundo,
2796 5314 2891 5387 qui
2923 5329 3079 5384 spem
3124 5311 3365 5368 caelestis
3416 5309 3788 5365 beatitudinis

2163 5412 2447 5485 designat;
2482 5408 2838 5465 calcedonem
2854 5406 2910 5459 in
2928 5405 3112 5471 tertio,
3135 5402 3229 5475 qui
3253 5401 3529 5457 ﬂammam
3552 5401 3789 5456 internae

2162 5499 2441 5556 charitatis
2470 5497 2701 5570 ﬁgurat;
2736 5495 2790 5549 in
2811 5500 3005 5565 quarto
3054 5490 3433 5566 smaragdum,
3486 5489 3584 5560 qui
3624 5490 3787 5557 ejus-

2161 5595 2286 5649 dem
2321 5591 2451 5646 fidei
2492 5591 2687 5647 fortem
2740 5590 2883 5643 inter
2911 5586 3144 5642 adversa
3180 5583 3587 5641 confessionem
3637 5581 3789 5656 ﬁgu-

2157 5691 2269 5747 rat;
2303 5684 2359 5737 in
2416 5681 2611 5751 quinto
2650 5677 3066 5746 sardonichum,
3116 5681 3434 5734 sanctorum
3482 5674 3630 5731 inter
3672 5674 3787 5730 vir-
