3978 6214
191 269 333 324 1029

195 403 340 449 tutes
369 396 733 449 humilitatem
787 396 1188 465 significantem

195 485 249 538 in
280 501 390 556 quo
415 492 726 538 sanctorum
796 498 1091 555 martyrum
1149 503 1309 540 cruor
1357 487 1680 555 exprimitur
1710 503 1723 546 ;
1758 485 1811 537 in

196 577 436 646 septimo
468 577 886 648 chryzolithum,
919 579 971 631 in
1001 596 1111 649 quo
1143 579 1443 648 spiritualis
1478 580 1618 633 inter
1649 580 1815 632 mira-

197 668 324 721 cula
348 667 668 736 praedicatio
722 665 1027 739 figuratur;
1072 668 1123 721 in
1181 676 1370 722 octavo
1439 669 1724 737 beryllum,
1760 668 1812 720 in

198 773 311 828 quo
345 757 756 827 praedicantium
788 757 1027 826 perfecta
1059 759 1304 827 Operatio
1334 758 1679 829 significatur
1712 776 1725 820 ;
1761 757 1814 810 in

200 864 352 903 nono
383 847 663 918 t0pazion,
698 848 750 900 in
799 865 909 918 quo
949 850 1268 902 earumdem
1325 850 1524 903 ardens
1563 857 1815 904 contem-

200 938 373 1008 platio
399 944 766 1000 monstratur;
799 937 853 990 in
877 938 1094 992 decimo
1121 940 1543 1009 chrySOprasum
1568 940 1660 1009 qui
1685 939 1814 991 bea-

203 1039 382 1083 torum
413 1037 707 1096 martyrum
739 1027 1098 1096 OpllSpal‘ilct‘
1118 1036 1170 1081 et
1189 1028 1470 1096 praemium
1496 1027 1770 1100 significat
1799 1068 1813 1085 .

204 1125 258 1177 in
309 1124 604 1177 undecimo
655 1123 1027 1192 hyacinthum,
1085 1124 1176 1193 qui
1235 1123 1514 1175 ctelestem
1576 1123 1641 1174 ad
1707 1123 1816 1175 alta

201 1215 662 1278 sublevationem,
693 1222 984 1284 ctpropter
1026 1215 1284 1268 humilem
1320 1217 1384 1267 ad
1419 1217 1654 1268 humana
1686 1214 1814 1267 des—

202 1305 527 1358 censionem
562 1303 756 1376 ﬁgurat
790 1321 803 1366 ;
841 1304 893 1356 in
926 1303 1254 1357 duodecimo
1304 1306 1692 1373 amethystum,
1725 1302 1817 1372 qui

205 1395 450 1448 cwlestis
479 1410 698 1462 semper
721 1395 874 1466 regni
905 1395 1260 1448 inhumilium
1291 1398 1477 1450 animo
1497 1397 1814 1450 memoriam

207 1483 485 1554 designat.
522 1481 641 1534 llaec
681 1482 879 1551 positio
901 1482 1192 1536 duodecim
1243 1484 1481 1554 lapidum
1519 1485 1822 1557 ﬁguratﬁr-

209 1576 456 1629 mitatem
485 1577 883 1645 apostolorum,
935 1575 1028 1645 qui
1086 1575 1137 1627 in
1179 1576 1538 1631 fundamento
1573 1578 1824 1630 Ecclesia:

207 1676 335 1722 sunt
363 1669 547 1738 positi,
572 1670 713 1722 sicut
753 1670 998 1723 Salvator
1027 1672 1216 1724 mundi
1250 1670 1410 1725 beato
1443 1671 1578 1723 dixit
1618 1671 1771 1724 l’etro
1806 1687 1818 1722 :

215 1761 296 1811 Tu
324 1775 377 1811 es
407 1761 616 1825 Petrus,
638 1765 687 1812 et
714 1776 874 1828 super
923 1761 1060 1813 hum:
1111 1767 1314 1827 jetrum
1345 1763 1618 1829 auliﬁcubo
1649 1761 1824 1815 Eccle-

213 1853 353 1905 sium
386 1865 554 1902 nicum
609 1849 821 1917 (Matth.
890 1853 1018 1919 xvi).
1087 1851 1206 1904 lla-fc
1234 1852 1469 1905 dicendo
1502 1854 1570 1905 ad
1605 1853 1820 1906 Petrum

213 1943 474 1998 omnibus
512 1951 698 1995 notum
745 1942 872 1996 fecit
897 1943 1163 2012 apostolis
1189 1943 1337 2013 quod
1369 1960 1536 2013 super
1556 1960 1652 1998 eos
1681 1954 1826 1998 esset

217 2033 458 2086 Ecclesia
509 2048 608 2084 sua
657 2031 1000 2097 aediﬁcanda,
1058 2048 1292 2102 quorum
1333 2033 1572 2087 sonusin
1604 2050 1824 2088 omnem

217 2137 415 2180 terram
450 2126 634 2190 exivit,
663 2133 715 2180 et
742 2125 794 2179 in
827 2125 968 2179 fines
995 2126 1147 2181 orbis
1203 2136 1360 2182 terra:
1405 2129 1570 2182 verba
1613 2145 1822 2184 eorum.

213 2224 266 2276 Si
299 2223 533 2292 apostoli
569 2224 983 2278 fundamentum
1025 2225 1221 2278 domus
1265 2227 1360 2280 Dei
1393 2237 1542 2291 sunt,
1574 2227 1829 2282 etomnis

216 2312 911 2376 Christianitasaedificatio
928 2315 1176 2381 ejusdem
1194 2316 1380 2385 templi
1393 2333 1635 2381 ,manere
1649 2317 1834 2381 debet,

216 2404 438 2458 dicente
471 2403 731 2474 Apostolo
784 2421 794 2455 :
847 2406 1119 2472 Templum
1154 2410 1249 2460 Dei
1289 2413 1531 2462 sanctum
1563 2414 1661 2472 est,
1694 2410 1838 2478 quod

218 2499 346 2550 estis
377 2511 487 2557 vos,
523 2502 570 2549 et
624 2498 716 2549 Dei
769 2497 1054 2564 wdiﬁcatio
1093 2501 1238 2561 estis,
1290 2506 1392 2552 etc.
1459 2501 1495 2553 ιι
1531 2500 1650 2552 Cor.
1710 2505 1834 2568 ιιι),

220 2588 544 2641 studeamus
590 2603 782 2641 omnes
851 2588 977 2642 totis
1030 2589 1242 2642 viribus
1292 2606 1393 2644 nos
1419 2590 1750 2645 .Ediﬁcatori
1784 2598 1838 2644 et

223 2676 585 2731 lnhabitatori
626 2677 984 2749 conjungere,
1043 2687 1099 2732 ut
1156 2681 1476 2734 doctoribus
1527 2681 1730 2735 nostris
1781 2681 1837 2734 in

223 2768 644 2822 fundamentum
679 2767 962 2835 positis,eo
985 2767 1680 2839 donante,super:edificari
1724 2785 1840 2824 me-

224 2874 448 2912 reamur
481 2875 494 2920 ;
528 2865 586 2911 ut
615 2857 756 2910 inter
785 2857 992 2911 electos
1038 2858 1249 2928 lapides
1292 2862 1478 2929 positi,
1515 2869 1568 2915 et
1599 2862 1841 2932 praefatis

222 2950 522 3006 ordinibus
543 2950 719 3017 juncti
749 2949 1039 3005 videantur
1068 2969 1082 3015 ;
1115 2960 1172 3006 ut
1195 2953 1507 3008 Creatorem
1531 2962 1583 3008 et
1614 2955 1843 3009 Redem-

225 3049 438 3111 ptorem
473 3049 716 3095 nostrum
776 3042 1018 3109 judicem
1073 3043 1320 3097 vivorum
1379 3054 1432 3099 et
1478 3054 1838 3110 mortuorum,

225 3136 368 3191 facie
399 3135 467 3188 ad
500 3134 691 3188 faciem
725 3134 998 3200 videntes,
1032 3152 1153 3190 cum
1181 3137 1261 3190 eis
1279 3137 1501 3193 laudare
1531 3155 1842 3194 mereamur

227 3242 330 3297 per
361 3223 573 3278 inﬁnita
603 3224 803 3277 saecula
827 3225 1175 3282 saiculorum.
1223 3231 1390 3282 Amen

305 3324 364 3377 X.
400 3323 819 3395 Longelateque
848 3340 972 3378 cum
1007 3325 1148 3379 fama
1175 3326 1296 3393 ejus
1351 3327 1615 3382 bonitatis
1646 3327 1844 3382 dilata-

228 3419 402 3473 retur,
429 3421 483 3465 et
503 3412 757 3467 diabolus
783 3430 907 3467 eum
935 3415 990 3468 in
1016 3417 1119 3469 hoc
1147 3416 1388 3471 culmine
1410 3419 1664 3472 virtutum
1698 3427 1848 3473 stan-

230 3513 342 3556 tem
373 3501 602 3565 videret,
658 3503 975 3575 omnigenis
1038 3504 1258 3558 malitize
1290 3522 1401 3559 sum
1459 3507 1674 3560 astutiis
1707 3509 1851 3562 nite-

231 3594 398 3649 batur
455 3596 507 3648 in
553 3593 794 3664 aliquam
851 3594 1194 3650 difficultatis
1255 3598 1852 3670 voraginem.immer-

230 3701 386 3758 gere,
438 3692 491 3738 et
549 3685 616 3737 ab
677 3684 932 3752 incoeptis
984 3684 1144 3739 bonis
1223 3686 1514 3757 impedire.
1576 3689 1665 3742 His
1722 3706 1852 3744 vero

231 3779 578 3850 temporibus
611 3779 896 3845 Liutolfus,
928 3779 1074 3833 ﬁlius
1127 3781 1338 3836 Ottonis
1395 3783 1620 3856 gloriosi
1678 3787 1847 3857 regis,

233 3872 346 3925 dux
373 3880 490 3925 erat
540 3871 984 3937 Alamannorum,
1025 3873 1110 3926 cui
1166 3881 1320 3943 pater
1365 3875 1484 3942 ejus
1515 3884 1677 3930 antea
1703 3893 1849 3949 gen-

236 3972 322 4018 tes
353 3977 546 4016 omnes
605 3963 892 4035 regionum
937 3980 1050 4016 suae
1097 3964 1291 4020 ditioni
1353 3967 1722 4032 subjectarum
1762 3985 1854 4022 sa-

237 4063 522 4110 cramento
553 4063 674 4124 post
695 4053 858 4108 ﬁnem
887 4055 1012 4109 vitae
1045 4072 1157 4110 sua:
1178 4057 1595 4128 subjugaverat;
1632 4069 1856 4129 patruus

239 4153 424 4199 autem
449 4144 694 4211 ejusdem
731 4143 944 4198 Liutolﬁ
991 4145 1274 4211 Henricus,
1335 4145 1500 4200 frater
1552 4148 1716 4220 regis,
1748 4147 1856 4201 dux

239 4237 426 4290 existit
472 4235 789 4290 Noricorum
843 4237 982 4306 :qui
1030 4253 1157 4291 vero
1193 4238 1301 4306 (40)
1360 4239 1504 4292 inter
1531 4254 1590 4292 se
1634 4248 1861 4309 propter

238 4327 481 4382 conﬁnia
525 4326 808 4400 regionum
871 4343 936 4380 ex
990 4327 1248 4381 suasione
1283 4327 1648 4400 malignorum
1681 4327 1859 4382 homi-

241 4435 371 4472 num
408 4416 548 4470 rixas
575 4415 1036 4469 etcontentiones
1067 4432 1323 4470 exercere
1363 4425 1649 4486 cmperunt
1698 4418 1853 4472 Cum-

1767 262 1942 318 VlT/t.

1857 1718 1906 1784 Β

3384 259 3522 314 1030

1232 414 1246 458 ;
1284 399 1334 450 in
1367 404 1519 450 sexto
1548 395 1811 460 sardium,
1841 397 1888 460 Α
1917 406 2041 444 cum
2074 389 2240 444 fratre
2297 405 2399 443 suo
2453 388 2684 442 Henrico
2751 387 3049 455 Bajoariam
3081 387 3523 442 hostiliterinva-

1917 484 2005 547 sit,
2032 484 2099 537 ad
2134 483 2527 537 restituendum
2571 499 2695 536 eum
2755 483 2807 534 in
2861 482 3128 536 honorem
3185 483 3384 552 prioris
3427 500 3528 554 po-

1917 579 2432 633 testatis.l’raefatus
2483 585 2662 631 autem
2729 576 2976 636 antistes,
3038 577 3342 640 Udalricus,
3371 579 3528 646 cujus

1919 668 2197 722 ﬁdelitatis
2251 668 2402 721 ﬁrma
2461 666 2730 720 stabilitas
2789 682 3070 736 nunquam
3122 667 3188 719 ab
3252 667 3528 734 adjutorio

1920 760 2062 831 regis
2095 764 2342 827 separata
2387 767 2488 818 est,
2542 757 2652 809 lucc
2685 757 3056 826 comperiens,
3115 756 3342 809 dimissa
3375 766 3528 824 parte

1918 849 1970 902 in
2005 853 2239 920 Augusta
2273 847 2491 900 civitate
2524 845 2852 898 vasallorum
2896 860 3141 906 suorum,
3199 845 3530 916 caeterisque

1918 943 2079 995 rebus
2103 940 2405 1004 collocatis,
2461 955 2583 991 cum
2639 938 2841 1008 quibus
2874 939 3070 1008 potuit,
3117 938 3321 992 omisso
3371 939 3532 992 vehi-

1917 1033 2040 1087 culo
2070 1033 2337 1102 carpenti,
2379 1032 2682 1101 equitando
2742 1031 2793 1082 in
2827 1031 3109 1084 servitium
3145 1031 3308 1102 regis,
3355 1031 3410 1084 in
3445 1048 3533 1085 re-

1918 1129 2135 1200 gionem
2206 1127 2523 1180 Noricorum
2609 1125 2880 1198 sagaciter
2942 1125 3113 1188 venit,
3173 1127 3528 1197 carmulaque

1922 1216 2240 1286 prolongata
2277 1214 2692 1283 possibilitatem
2745 1214 3012 1267 redeundi
3045 1221 3171 1284 apte
3214 1231 3325 1270 non
3360 1215 3532 1285 potuit

1925 1309 2146 1361 habere.
2184 1307 2437 1360 Arnolqu
2468 1314 2645 1360 autem
2689 1305 2987 1375 praedictus
3038 1307 3278 1373 interim,
3311 1317 3536 1376 accepta

1924 1396 2299 1462 multitudine,
2346 1397 2648 1468 Augustam
2704 1395 2857 1456 adiit,
2917 1402 2970 1448 et
3001 1396 3337 1464 despoliavit
3371 1397 3535 1450 rebus

1922 1488 2178 1542 omnibus
2207 1503 2344 1557 quas
2365 1503 2549 1539 secum
2582 1487 2858 1540 abducere
2925 1488 3120 1556 potuit,
3165 1490 3534 1557 comprehen-

1926 1596 2128 1650 sosque
2159 1580 2426 1651 quosdam
2458 1579 2658 1632 milites
2698 1580 2942 1649 episcopi
2984 1596 3171 1633 secum
3233 1581 3537 1647 Bajoariam

1929 1670 2153 1723 revexit.
2216 1669 2322 1722 ltex
2356 1676 2539 1721 autem
2591 1684 2712 1722 cum
2768 1669 2836 1722 de
2890 1669 3117 1739 regione
3165 1669 3536 1736 Bajoariorum

1929 1760 2257 1817 revertisset.
2293 1767 2346 1812 et
2375 1758 2668 1827 cpisc0pus
2700 1757 2753 1809 in
2777 1773 2874 1810 sua
2915 1757 3091 1811 redire
3122 1758 3404 1822 voluisset,
3434 1775 3542 1814 non

1926 1847 2308 1901 considerabat
2337 1861 2394 1899 se
2435 1846 2490 1898 in
2525 1847 2765 1917 Augusta
2805 1845 3021 1899 civitate
3053 1861 3214 1916 posse
3241 1863 3360 1900 cum
3399 1849 3543 1901 mul-

1928 1936 2161 1990 titudine
2193 1953 2356 2006 parva
2388 1936 2708 2001 defendere,
2758 1936 2884 2008 quia
2923 1945 3092 1991 totum
3152 1955 3295 2008 pene
3325 1939 3543 2007 cpisco-

1930 2039 2114 2099 patum
2177 2029 2229 2081 in
2281 2029 2610 2081 beneficium
2662 2039 3046 2084 extraneorum
3108 2031 3458 2086 dividebatur
3515 2051 3544 2086 a

1933 2121 2168 2175 Luitolfo
2198 2131 2251 2175 et
2282 2122 2614 2192 sequacibus
2635 2123 2788 2189 ejus:
2833 2123 3038 2177 milites
3081 2132 3262 2178 autem
3295 2125 3540 2196 episcopi

1930 2213 2154 2284 quidam
2209 2214 2616 2283 comprehensi,
2672 2215 2893 2285 quidam
2973 2232 3103 2270 vero
3155 2217 3543 2272 sollicitatione

1941 2306 2129 2376 iniqua
2155 2306 2311 2358 divisi
2330 2304 2398 2358 ab
2433 2321 2519 2365 eo,
2554 2304 2775 2375 quidam
2797 2305 3306 2374 deprzet'lationibus
3335 2308 3388 2360 in
3420 2323 3549 2377 pau-

1940 2396 2146 2465 periem
2179 2394 2425 2458 deducti,
2460 2394 2530 2446 ita
2580 2399 2636 2446 ut
2675 2393 2724 2445 ei
2774 2394 3075 2447 secundum
3106 2411 3258 2448 suam
3293 2396 3549 2450 volunta-

1941 2495 2046 2539 tem
2077 2487 2131 2540 in
2161 2485 2432 2553 adjutorio
2463 2500 2584 2537 esse
2636 2499 2744 2538 non
2779 2484 3103 2554 potuissent.
3143 2484 3199 2537 Hi
3233 2492 3416 2539 autem
3453 2486 3545 2556 qui

1938 2595 2059 2633 cum
2093 2578 2186 2631 illo
2226 2584 2629 2639 remanserunt,
2663 2576 2777 2628 suis
2797 2576 3088 2646 colloquiis
3128 2576 3393 2642 roborati,
3457 2594 3548 2632 sa-

1941 2669 2094 2722 lubre
2126 2666 2414 2721 consilium
2443 2665 2684 2718 inierunt
2705 2672 2782 2727 ut,
2817 2663 3000 2718 relicta
3039 2666 3276 2737 Augusta
3307 2665 3550 2734 civitate,

1940 2760 2225 2814 castellum
2249 2758 2397 2830 quod
2424 2758 2623 2812 dicitur
2654 2757 3038 2830 Menichingen
3083 2757 3374 2816 aedificare.
3401 2766 3453 2812 et
3483 2759 3550 2812 ab

1939 2847 2269 2902 adversariis
2291 2862 2480 2900 eorum
2498 2845 2601 2900 sibi
2625 2862 2683 2898 se
2707 2843 3009 2898 defendere
3028 2845 3385 2899 studuissent.
3419 2847 3550 2900 Tum

1938 2955 2070 2994 vero
2125 2956 2233 2994 una
2292 2938 2672 2992 tantummodo
2730 2943 2889 2991 nocte
2940 2936 2995 2990 in
3047 2937 3286 3006 Augusta
3339 2938 3554 2992 civitate

1941 3031 2197 3085 manebat
2253 3031 2519 3092 inclusus,
2593 3030 2761 3084 altera
2831 3029 2919 3082 die
2977 3027 3156 3082 statim
3212 3031 3452 3098 perrexit
3490 3031 3556 3083 ad

1942 3123 2259 3193 praedictum
2317 3121 2629 3184 castellum,
2690 3120 2838 3190 quod
2898 3127 3014 3173 erat
3068 3121 3121 3172 in
3171 3127 3285 3174 toto
3335 3120 3563 3176 interius

1943 3217 2287 3287 exteriusque
2319 3216 2439 3268 sine
2484 3213 2734 3268 aedificiis
2779 3214 3080 3269 desertum.
3117 3213 3376 3276 Quamvis
3407 3222 3562 3269 certe

1946 3311 2122 3365 hiems
2146 3310 2280 3362 dura
2303 3307 2510 3368 fuisset,
2554 3316 2733 3360 tamen
2787 3305 2839 3358 in
2894 3305 2986 3359 illo
3022 3306 3165 3366 loco,
3203 3305 3257 3357 in
3291 3305 3557 3359 taberna-

1949 3401 2086 3456 culis
2111 3399 2246 3454 etin
2301 3397 2531 3470 tuguriis
2584 3395 2910 3448 festinanter
2958 3395 3302 3463 compositis,
3366 3412 3567 3465 exspe-

1953 3503 2171 3549 ctavere
2219 3491 2393 3546 donec
2433 3494 2762 3560 congregata
2809 3485 3016 3539 familia
3073 3486 3361 3540 castellum
3417 3487 3568 3560 ligno

1955 3582 2406 3644 circumcinxere,
2449 3586 2502 3631 et
2561 3577 2706 3630 intus
2775 3574 3080 3629 secundum
3138 3575 3566 3644 possibilitatem

1957 3693 2145 3732 eorum
2177 3673 2409 3730 rediticia
2438 3680 2563 3742 apta
2581 3684 2964 3739 composuere.
3011 3667 3268 3724 Arnolqu
3300 3667 3486 3739 itaque
3517 3678 3571 3724 et

1951 3785 2145 3825 omnes
2173 3769 2266 3840 qui
2294 3783 2421 3822 cum
2444 3764 2536 3820 illo
2597 3769 2770 3823 erant,
2825 3761 2991 3832 regia:
3026 3761 3278 3831 potestati
3317 3762 3567 3832 undique

1951 3858 2416 3922 contradicentes,
2447 3855 2562 3908 lucc
2591 3849 3013 3920 comperientes,
3058 3849 3364 3914 legationes
3397 3851 3568 3904 mise—

1955 3960 2102 4012 runt,
2134 3950 2179 4003 si
2212 3948 2530 4018 sospitatem
2561 3943 2644 3999 sui
2675 3958 3008 4012 suorumque
3041 3941 3242 3995 habere
3272 3941 3562 3996 voluisset.

1959 4039 2211 4110 potestati
2247 4034 2456 4091 I.iutolﬁ
2491 4053 2549 4088 se
2609 4034 2728 4087 sine
2760 4031 2930 4086 dubio
2975 4031 3213 4085 subdere
3242 4045 3351 4084 non
3383 4030 3560 4085 distu-

1959 4129 2133 4193 lisset,
2165 4135 2219 4180 et
2245 4134 2301 4179 ut
2329 4125 2651 4195 przedictum
2687 4121 2971 4176 castellum
3027 4136 3149 4174 cum
3205 4119 3320 4174 suis
3347 4136 3574 4190 compo-

1963 4233 2094 4272 nere
2118 4217 2456 4272 deseruisset
2504 4234 2518 4280 ;
2552 4215 2683 4286 quia
2715 4229 2779 4268 eo
2831 4221 3075 4283 tempore
3106 4211 3160 4265 in
3208 4218 3317 4266 tota
3341 4213 3570 4284 regione

1963 4316 2265 4368 Suevorum
2294 4313 2478 4366 nullus
2522 4313 2575 4366 in
2609 4311 2754 4383 regis
2785 4309 3054 4380 adjutorio
3107 4308 3444 4374 remanebat,
3471 4307 3580 4361 nisi

1965 4405 2290 4474 Adalpertus
2317 4419 2526 4464 comes,
2573 4419 2696 4457 cum
2736 4401 2842 4456 sibi
2903 4399 3158 4463 subditis,
3197 4405 3250 4453 et
3308 4397 3580 4469 Theopal-

582 4465 624 4468 --
1072 4465 1319 4470 -.-------
1368 4465 1649 4486 ῶνα---
1708 4465 1828 4472 η---
2102 4465 2114 4474 ,
3465 4465 3478 4469 -

243 4527 354 4582 que
419 4525 517 4565 eos
580 4523 670 4562 rex
714 4507 957 4561 nullatus
1014 4507 1081 4560 ad
1150 4507 1499 4562 concordiam
1549 4515 1603 4561 et
1670 4465 2084 4577 pacedeuS.
2129 4494 2293 4548 frater
2349 4493 2594 4582 religiosi
2655 4492 2927 4563 episcopi,
2967 4499 3020 4546 et
3068 4491 3190 4582 ideo
3240 4488 3587 4582 aestimabant

243 4613 502 4654 revocare
531 4597 820 4667 potuisset,
846 4595 1052 4663 objecit
1081 4613 1138 4650 se
1163 4596 1298 4662 filio,
1337 4605 1390 4650 et
1419 4597 1471 4650 in
1525 4596 1859 4665 adjutorium

244 4688 427 4744 fratris
464 4689 820 4742 convertitur.
855 4687 986 4741 Cum
1027 4697 1208 4741 autem
1249 4687 1394 4740 ﬁlius
1425 4687 1564 4755 ejus,
1595 4703 1717 4741 cum
1738 4687 1861 4741 uni-

245 4785 420 4840 versis
440 4797 578 4853 quos
596 4798 934 4856 congregare
951 4782 1280 4852 potuerat,ei
1302 4781 1554 4836 resistere
1570 4781 1859 4846 niteretur,

245 4881 413 4944 atque
451 4878 722 4925 extorrem
755 4871 957 4943 regalis
1017 4869 1280 4940 potentias
1337 4885 1500 4942 agere
1556 4869 1860 4935 moliretur,

251 4963 542 5027 Henricus,
599 4961 860 5032 praefatus
900 4962 1030 5026 dux,
1063 4961 1448 5015 commendata
1491 4962 1709 5016 civitate
1761 4961 1866 5015 Ra-

252 5056 495 5120 tisbona,
545 5061 766 5124 totaque
800 5053 1024 5126 regione
1082 5051 1421 5118 Noricorum,
1454 5053 1678 5108 Arnolfo
1712 5053 1870 5106 Pala-

250 5143 366 5198 tino
398 5141 607 5207 comiti,
638 5149 693 5195 et
722 5141 939 5195 caeteris
989 5140 1220 5210 insuper
1278 5140 1395 5194 suis
1437 5139 1714 5206 fidelibus,
1751 5157 1873 5210 per-

250 5235 388 5289 rexit
439 5234 506 5287 ad
575 5249 777 5305 regem.
845 5233 1045 5287 Moram
1093 5238 1273 5286 autem
1330 5231 1404 5285 ibi
1452 5233 1543 5286 illo
1601 5232 1865 5300 faciente,

249 5327 512 5397 praefatus
536 5324 794 5379 Arnolfus
825 5340 948 5378 cum
1020 5323 1372 5378 multitudine
1407 5324 1596 5393 p0puli
1639 5324 1868 5378 fraudu-

249 5419 429 5472 lenter
471 5417 820 5472 Ratisbonam
853 5432 977 5470 cum
1039 5415 1254 5470 caeteris
1315 5415 1566 5482 urbibus,
1639 5423 1691 5470 et
1741 5432 1867 5471 cum

253 5510 565 5581 frequentia
605 5509 955 5580 pepulerum.
1001 5516 1056 5563 et
1085 5523 1208 5562 cum
1235 5507 1495 5562 omnibus
1534 5509 1737 5580 quibus
1771 5524 1870 5578 po-

253 5606 378 5660 tuit.
415 5604 628 5659 Liutolfi
660 5610 928 5673 potestate
956 5602 1175 5674 subegit
1221 5602 1429 5668 Quibus
1455 5602 1876 5674 compertis,rex

331 5713 443 5783 (40)
476 5711 584 5768 Hoc
613 5726 735 5767 vero
757 5709 1022 5764 abundat.

1963 4594 2022 4640 ut
2043 4600 2232 4639 eorum
2281 4583 2504 4636 decreto
2546 4581 2807 4635 virtutem
2873 4580 3165 4636 resistendi
3218 4580 3368 4635 nullo
3415 4579 3580 4635 modo

1965 4674 2248 4746 acquirere
2298 4671 2585 4742 potuisset.
2647 4671 2772 4736 Qui,
2822 4671 3060 4742 sapienti
3114 4687 3237 4726 cum
3278 4671 3393 4726 suis
3423 4677 3585 4724 utens

1963 4765 2214 4828 consilio,
2254 4761 2485 4816 diversis
2541 4759 3004 4830 promissionibus
3033 4769 3088 4815 et
3128 4761 3453 4815 humillimis
3497 4775 3584 4814 re-

1964 4854 2379 4927 sponsionibus,
2412 4850 2756 4905 ctinterdum
2789 4851 3082 4905 obsidibus
3103 4851 3248 4906 datis
3276 4852 3586 4922 iterumque

1968 4949 2205 5020 receptis
2223 4947 2291 5001 ad
2320 4962 2402 5010 se,
2426 4959 2615 4998 eorum
2646 4941 2753 4995 iras
2777 4954 2833 4997 et
2883 4943 3209 4999 obsidiones
3238 4942 3588 5009 omnimodo,

1972 5038 2259 5113 mitigavit,
2281 5036 2459 5090 donec
2481 5029 2750 5086 aedificato
2791 5032 3018 5086 castello
3050 5033 3405 5105 vallibusque
3430 5047 3593 5088 reno-

1971 5134 2125 5198 vatis,
2150 5132 2204 5186 in
2226 5128 2536 5184 munitione
2567 5123 2814 5196 ejusdem
2838 5124 2941 5178 loci
2989 5123 3058 5176 ab
3100 5141 3293 5179 eorum
3322 5143 3445 5181 cum
3473 5125 3592 5179 suis

1971 5222 2180 5278 sazvitia
2222 5236 2281 5274 se
2321 5233 2479 5290 posse
2533 5212 2832 5269 defendere
2882 5212 3206 5267 aestimaret.
3263 5213 3394 5267 Cum
3455 5229 3584 5268 vero

1970 5316 2204 5371 induciae
2229 5311 2530 5367 rationibus
2551 5304 2921 5378 respondendi
2951 5304 3090 5358 ultra
3115 5304 3433 5378 prolongari
3476 5322 3585 5360 non

1974 5408 2303 5480 potuissent,
2335 5413 2463 5459 tunc
2502 5397 2789 5456 manifeste
2837 5395 3126 5452 confessus
3183 5400 3265 5447 est
3321 5410 3400 5455 se,
3445 5394 3589 5448 sicut

1971 5499 2161 5570 cmpit,
2186 5500 2242 5552 in
2274 5497 2552 5552 voluntate
2573 5491 2716 5566 regis
2741 5489 2883 5545 velle
2929 5487 3244 5559 perdurare.
3270 5484 3423 5537 Tunc
3446 5500 3588 5552 prae-

1980 5593 2123 5650 fatus
2139 5590 2417 5655 Arnolfus,
2461 5583 2816 5644 filiusArnolti
2870 5582 3046 5650 ducis,
3077 5583 3408 5651 congregata
3437 5575 3587 5628 mul-
