3978 6214
409 242 541 297 1031

1488 240 1539 290 S.
1585 236 1886 291 UDALRlCl
1932 235 2301 289 AUGUSTANI
2344 234 2659 289 EPlStIOPl.

3605 241 3742 296 ἸΟΒῖ

406 378 642 432 tiludine
678 392 864 431 eorum
923 372 1282 428 infaustorum
1358 370 1451 440 qui
1498 376 1659 422 antea
1718 370 2010 439 Augustam
2041 373 2087 437 Α
2115 364 2383 435 uxorique
2433 380 2545 418 sua:
2604 364 2932 419 monstravit
2978 372 3033 419 et
3091 364 3269 420 dixit:
3316 391 3337 411 ι
3373 366 3569 419 Melius
3609 368 3740 422 mihi

401 470 674 523 civitatem
733 467 1032 537 tlcpraedali
1080 473 1229 531 sunt,
1279 474 1332 519 et
1377 466 1609 519 aliorum
1670 465 1725 517 in
1777 479 2010 535 quorum

402 564 531 609 tunc
558 554 1256 621 confidebatadjutorium,
1302 555 1471 608 voluit
1513 555 1739 609 obsesso
1790 553 2012 609 castello

404 650 775 703 venerandum
808 650 1130 718 episcopum
1164 648 1215 701 vi
1239 655 1487 702 coactum
1522 664 1644 701 cum
1674 648 1787 700 suis
1815 646 2009 701 ditioni

400 740 641 793 Subdcrc
674 739 908 793 Luitolli.
956 738 1061 791 llac
1107 754 1162 792 re
1202 746 1503 807 comperta,
1536 738 2014 807 episcOpusecon-

405 840 503 892 tra,
541 831 733 903 legatis
761 831 964 895 missis,
990 832 1159 885 multa
1195 831 2013 902 pecuniapromissaflagitabat

404 931 463 976 ut
484 924 885 977 revertentibus
915 923 997 976 eis
1029 924 1104 976 illi
1127 923 1365 977 licuisset
1399 923 1449 976 in
1502 938 1635 993 pace
1667 922 1967 975 subsistere
1997 940 2011 985 ;

402 1013 486 1064 sin
510 1021 719 1075 autem,
751 1028 883 1082 pace
901 1011 1447 1074 contradicta,rcdirc
1460 1010 1787 1075 noluissent,
1807 1024 2014 1079 praece-

404 1102 483 1171 pit
513 1102 724 1156 eisdem
748 1102 941 1174 legatis
980 1117 1110 1155 suos
1142 1101 1505 1170 parochianos
1536 1101 1719 1153 hanno
1761 1098 2014 1152 Christia-

406 1190 593 1243 nitatis
632 1190 1035 1262 constringere,
1076 1206 1145 1243 ne
1192 1190 1309 1243 loca
1349 1188 1561 1241 Sanctae
1594 1188 1794 1248 Mariis,
1829 1185 1883 1239 in
1914 1199 2013 1238 suo

406 1278 730 1348 episc0patu
779 1278 904 1343 sita,
936 1278 1045 1331 ullo
1097 1278 1259 1331 modo
1300 1277 1561 1331 invadere
1590 1280 2010 1347 praesumerent.

406 1368 508 1431 Qui
562 1383 690 1422 vero
740 1368 976 1438 pecunia
1008 1366 1314 1421 contradita
1354 1366 1647 1436 bannoque
1690 1362 2015 1419 Christiani-

406 1461 532 1514 tatis
552 1460 880 1530 postposito,
915 1460 1054 1513 male
1105 1458 1347 1527 incuipta
1394 1458 1647 1511 omittere
1694 1458 2014 1519 noluerunt,

407 1551 505 1605 sed
537 1552 1053 1605 adinternecionem
1101 1565 1289 1603 eorum
1343 1566 1409 1603 ea
1464 1549 1744 1603 Dominica
1799 1550 1908 1617 (41)
1960 1546 2013 1599 in

407 1656 516 1710 qua
536 1655 657 1692 mos
686 1646 767 1691 est
798 1639 1123 1692 clericorum
1152 1645 1281 1692 ante
1311 1637 1792 1709 Quadragesimam
1822 1655 2017 1693 carnes

407 1731 761 1796 manducare,
801 1738 853 1784 et
898 1732 1163 1801 deinceps
1210 1746 1382 1800 usque
1427 1730 1495 1784 ad
1530 1739 1776 1784 sanctum
1803 1738 2018 1801 tempus

406 1822 629 1875 Pasclne
680 1822 948 1885 devitarc,
1033 1821 1306 1875 hostiliter
1373 1820 1693 1874 invaserunt
1745 1821 2016 1890 praedium

407 1909 626 1964 Sanctze
659 1910 855 1969 Maria).
922 1917 975 1964 et
1012 1910 1334 1981 episcopum
1369 1908 1723 1964 obsederunt.
1758 1910 1857 1974 Qui
1883 1926 2015 1963 vero

405 2001 495 2055 die
529 2012 805 2072 noctuque
834 2002 889 2054 in
934 2001 1025 2054 Dei
1086 2001 1312 2055 servitio
1354 2000 1600 2054 studiose
1659 2016 2014 2069 permanens,

408 2094 602 2148 timore
630 2094 843 2161 abjecto
894 2094 947 2147 in
981 2094 1146 2147 Deum
1195 2093 1504 2161 conlidens,
1535 2093 1890 2148 obsessiones
1921 2107 2015 2146 eo-

408 2200 523 2238 rum
578 2200 674 2253 pro
722 2184 892 2237 nihilo
941 2183 1171 2250 ducens,
1233 2185 1285 2237 in
1331 2184 1822 2255 praedestinatione
1884 2182 2017 2237 inita

408 2273 636 2329 firmiter
667 2284 1129 2345 perseveraverat.
1183 2277 1305 2331 Haec
1334 2293 1462 2331 vero
1490 2276 1741 2331 obsessio
1784 2282 1841 2329 ut
1865 2290 2018 2329 com-

404 2378 556 2440 perta
596 2370 790 2424 fuisset
838 2370 1130 2441 Adalperto
1166 2373 1352 2426 comiti
1402 2379 1456 2426 et
1484 2371 1841 2441 Theodpaldo
1870 2369 2015 2423 fratri

403 2463 673 2532 episcopi,
722 2471 1054 2537 congregata
1109 2464 1379 2534 phalange
1450 2464 1659 2534 pOpuli,
1720 2464 1897 2534 prima
1925 2463 2016 2516 die

406 2554 902 2626 Quadragesimalis
975 2556 1257 2625 temporis,
1326 2556 1475 2627 quod
1545 2564 1625 2610 est
1682 2556 1803 2610 dies
1852 2557 2015 2619 lunae,

406 2658 567 2696 mane
622 2642 865 2697 diluculo
906 2653 1080 2697 castra
1139 2644 1485 2699 inimicorum
1528 2645 1865 2699 invaserunt.
1910 2645 2015 2698 Sed

408 2733 484 2787 illi
516 2734 633 2788 haec
662 2742 822 2788 antea
851 2750 1013 2804 posse
1046 2734 1164 2789 fieri
1217 2751 1325 2789 non
1362 2742 1635 2806 putantes,
1673 2736 1924 2806 imparati
1947 2736 2015 2789 ad

408 2824 618 2879 bellum
643 2824 848 2878 inventi
879 2832 1028 2887 sunt,
1079 2833 1155 2891 et,
1199 2826 1492 2895 repentino
1536 2828 1732 2882 timore
1754 2827 2014 2897 perculsi,

407 2916 614 2969 relictis
659 2915 850 2984 spoliis
895 2914 1022 2986 fuga
1076 2916 1332 2971 inimicos
1373 2918 1610 2971 evadere
1667 2919 2011 2979 studuerunt,

407 3001 486 3054 llli
512 3010 693 3055 autem
727 3018 823 3055 eos
847 3011 1164 3072 sequentes,
1216 3004 1583 3060 Hermannum
1638 3006 1855 3061 fratrem
1918 3008 2018 3060 Ar-

2047 1757 2094 1823 Β

2117 461 2294 529 placet
2340 466 2500 511 istum
2576 458 2873 512 formosum
2937 461 3214 514 caballum
3299 462 3527 528 habere,
3578 480 3739 533 quam

2115 551 2315 605 librum
2358 567 2480 605 cum
2532 566 2641 620 quo
2698 552 2840 605 hunc
2871 552 3181 622 comparavi
3218 553 3275 606 in
3307 556 3553 628 Augusta
3578 555 3742 609 relin-

2115 658 2301 713 quere.
2328 665 2352 690 »
2382 641 2549 709 Cujus
2592 643 2775 695 verbis
2822 643 3107 712 respondit
3138 660 3278 699 uxor
3314 646 3454 713 ejus,
3497 644 3695 700 dicens
3726 664 3738 699 ε

2123 733 2304 787 «Utile
2359 734 2455 787 tibi
2499 733 2634 788 forte
2662 733 2871 798 fuisset,
2915 734 2958 788 si
3005 752 3201 790 manus
3226 743 3319 790 tua
3360 738 3508 792 hunc
3535 737 3739 792 librum

2116 824 2316 892 injuste
2346 841 2454 879 non
2487 825 2774 898 tetigisset.
2818 850 2839 870 η
2878 827 3097 881 Interim
3144 843 3272 881 vero
3308 827 3401 882 ille
3444 828 3742 901 leviganda

2115 932 2279 971 manu
2328 917 2383 969 in
2434 918 2735 985 posteriora
2785 918 3047 989 tangebat
3087 918 3383 985 caballum,
3440 927 3497 973 et
3548 921 3738 973 statim

2115 1006 2183 1058 ab
2216 1021 2282 1059 eo
2327 1022 2621 1075 percussus
2656 1015 2907 1062 mortuus
2956 1016 3057 1061 est.
3110 1009 3277 1063 Novis
3315 1019 3369 1064 et
3423 1010 3743 1081 improvisis

2117 1099 2199 1151 his
2224 1099 2497 1163 cladibus,
2539 1107 2594 1153 et
2639 1101 2761 1154 aliis
2816 1101 3001 1155 multis
3060 1101 3433 1157 formidolosis
3489 1103 3738 1157 rebusin

2116 1188 2220 1241 reis
2252 1188 2487 1256 peractis
2518 1205 2545 1241 τι
2578 1188 2936 1243 multitudine
2979 1190 3165 1259 populi
3196 1192 3521 1261 compertis,
3568 1192 3734 1246 timor

2114 1298 2345 1354 magnus
2370 1283 2567 1337 invasit
2615 1300 2713 1338 eos
2750 1285 2840 1354 qui
2874 1285 2955 1351 ?se
3012 1302 3135 1340 esse
3189 1302 3313 1341 reos
3351 1294 3741 1360 cognoverunt

2116 1372 2184 1425 de
2217 1372 2473 1441 prmdicta
2506 1373 2839 1441 praedatione
2896 1375 3149 1445 Augustae
3207 1375 3465 1440 civitatis,
3496 1392 3608 1430 non
3645 1392 3742 1431 so-

2118 1461 2228 1515 lum
2258 1463 2422 1517 ineos
2451 1462 2545 1533 qui
2574 1463 2703 1517 illuc
2753 1473 3143 1533 pervenerunt,
3177 1466 3272 1519 sed
3316 1472 3371 1520 et
3396 1468 3491 1537 qui
3524 1466 3741 1538 aliquid

2118 1550 2185 1603 de
2222 1550 2422 1617 injuste
2453 1551 2741 1621 acquisitis
2770 1552 2839 1606 ab
2893 1554 2973 1607 eis
3000 1561 3355 1623 acceperunt,
3408 1562 3464 1609 et
3490 1555 3641 1619 ideo,
3667 1555 3738 1608 ad

2120 1642 2500 1712 pmnitentiam
2525 1651 2577 1696 et
2601 1644 3054 1699 lamentationem
3068 1646 3341 1710 conversi,
3357 1645 3525 1719 digna
3538 1662 3733 1700 emen-

2118 1730 2337 1784 datione
2369 1740 2424 1785 et
2455 1732 2805 1806 restitutione
2862 1732 3257 1788 abstractarum
3299 1750 3505 1796 rerum,
3531 1744 3741 1789 etcum

2119 1822 2514 1892 efﬂagitatione
2575 1824 2931 1897 indulgentiae
2959 1826 3230 1895 episcopi,
3289 1826 3623 1880 studuerunt
3679 1843 3743 1880 se

2119 1929 2241 1967 cum
2282 1913 2493 1969 Christo
2512 1924 2578 1969 et
2610 1932 2730 1969 cum
2764 1926 2954 1971 sancta
2985 1916 3150 1971 Maria
3179 1925 3351 1972 matre
3368 1918 3487 1985 ejus
3543 1917 3741 1988 pacifi-

2118 2021 2259 2060 care.
2284 2007 2397 2061 Non
2431 2015 2556 2076 post
2595 2007 2826 2061 multum
2871 2024 2998 2063 vero
3030 2009 3300 2079 temporis
3332 2008 3594 2079 prmfatus
3634 2012 3737 2063 Ar-

2118 2094 2299 2148 nolfus
2327 2095 2419 2165 qui
2439 2112 2498 2149 se
2528 2096 2877 2165 praesumpsit
2901 2113 2985 2150 res
3023 2104 3225 2150 sanctae
3252 2095 3431 2150 Mariae
3462 2097 3743 2151 hostiliter

2120 2184 2465 2250 invadere,et
2487 2186 2881 2258 incorrigib-ilis
2896 2187 3014 2241 sine
3042 2187 3367 2256 poenitentia
3393 2187 3740 2257 perduravit,

2118 2274 2343 2327 obsessa
2373 2274 2669 2329 llatisbona
2725 2276 2945 2329 civitate
2977 2286 3198 2345 paratus
3238 2277 3306 2330 ad
3353 2278 3602 2347 praelium
3638 2294 3737 2333 ex-

2119 2361 2233 2428 ivit,
2267 2369 2319 2415 et
2344 2363 2525 2416 statim
2561 2364 2614 2415 in
2644 2364 2873 2417 articulo
2924 2363 3187 2417 tumultus
3215 2365 3431 2418 occisus
3457 2373 3561 2418 est.
3605 2364 3744 2429 Qui-

2118 2454 2241 2508 dam
2266 2455 2429 2509 etiam
2455 2461 2638 2519 homo,
2668 2456 2738 2509 de
2793 2456 3114 2526 episc0patu
3137 2456 3232 2527 qui
3262 2458 3463 2512 dicitur
3493 2459 3744 2513 Eshstet-

2120 2554 2233 2611 ten,
2268 2554 2476 2616 partem
2519 2547 2769 2601 vilissimi
2836 2549 3097 2602 mensalis
3128 2548 3258 2602 inde
3288 2550 3376 2619 ad,
3406 2566 3567 2603 suam
3596 2566 3741 2619 pro-

2120 2638 2406 2708 prietatem
2441 2639 2696 2707 portavit,
2725 2646 2779 2693 et
2822 2639 3003 2693 statim
3035 2655 3066 2693 a
3114 2640 3387 2695 daemonio
3409 2648 3739 2710 occupatus,

2120 2726 2330 2780 nullum
2363 2727 2741 2782 abscondendi
2773 2727 2950 2782 locum
3006 2726 3075 2781 ab
3124 2744 3191 2783 eo
3251 2729 3498 2783 invenire
3531 2730 3716 2800 potuit

2117 2838 2299 2894 neque
2348 2824 2402 2877 in
2458 2824 2691 2878 ecclesia
2738 2841 2918 2895 neque
2980 2832 3133 2879 extra
3191 2825 3503 2879 ecclesiam.
3554 2842 3739 2897 neque

2116 2930 2376 2984 aspersus
2421 2932 2563 2986 aqua
2620 2916 2936 2983 benedicta,
2995 2916 3131 2987 quin
3175 2916 3331 2985 juxta
3357 2934 3483 2971 eum
3513 2933 3743 2988 semper

2118 3002 2399 3058 videretur
2456 3021 2699 3070 manere,
2758 3006 2959 3071 donec,
3029 3006 3327 3080 Augustam
3387 3007 3737 3082 regrediens,

408 3090 536 3145 nolfi
579 3093 1086 3161 apprchenderunt,
1148 3096 1415 3166 quosdam
1470 3097 1523 3150 in
1575 3098 1767 3151 castris
1796 3076 2325 3161 cecide-Cinjuste
2383 3094 2509 3148 inde
2577 3106 2727 3165 rapta
2786 3095 3103 3165 reportavit,
3166 3104 3221 3150 et
3254 3097 3578 3167 episcopum
3611 3113 3739 3151 cum

408 3188 557 3247 runt,
604 3181 871 3252 quosdam
901 3198 1029 3237 vero
1087 3183 1319 3239 ulterius
1359 3186 1761 3257 subsequentes
1790 3188 2021 3242 interfe-

404 3278 617 3327 cerunt.
652 3272 879 3327 Maxima
914 3282 1095 3329 autem
1140 3283 1293 3345 parte
1322 3293 1512 3332 eorum
1554 3278 1861 3344 interfecta,
1895 3295 2010 3333 ca:-

406 3365 649 3437 terisque
682 3366 902 3440 fugatis,
953 3369 1136 3424 nullus
1177 3387 1366 3425 eorum
1400 3372 1467 3425 ad
1499 3388 1557 3426 se
1600 3372 2014 3427 defendendum

407 3460 665 3515 fiduciam
722 3463 956 3533 accepit,
1021 3464 1122 3519 nisi
1171 3480 1316 3519 unus
1376 3466 1598 3520 nomine
1631 3466 2019 3537 Egilolfus,fu-

404 3553 608 3625 giendo
657 3553 880 3609 brachio
925 3556 1199 3626 Adalperti
1247 3556 1466 3612 comitis
1503 3558 1781 3613 modicum
1816 3560 2015 3613 vulnus

407 3649 617 3715 infecit,
647 3651 715 3704 de
748 3667 857 3721 quo
902 3652 1066 3706 etiam
1120 3653 1346 3707 vulnere
1382 3660 1631 3708 mortuus
1662 3664 1784 3719 est;
1816 3656 2016 3710 vulne-

406 3749 554 3795 rator
593 3742 757 3796 etiam
785 3744 907 3810 ejus
951 3743 1135 3798 statim
1174 3744 1390 3798 occisus
1419 3752 1501 3799 est
1553 3762 1583 3811 a
1613 3746 1895 3816 Liutperto
1923 3762 2019 3800 va-

406 3831 544 3884 sallo
563 3831 810 3899 ejusdem
842 3832 1144 3902 Adalpcrti.
1202 3832 1526 3886 Paucissimi
1584 3842 1769 3888 autem
1802 3850 2015 3900 eorum,

406 3918 607 3974 ictibus
653 3920 889 3987 contusi,
934 3936 997 3975 ac
1033 3921 1269 3975 diversis
1316 3922 1499 3977 modis
1546 3922 1834 3977 vulnerati.
1872 3923 2020 3993 peri-

407 4011 585 4065 culum
616 4019 798 4065 tamen
828 4013 1039 4077 mortis,
1070 4012 1229 4084 equis
1244 4030 1432 4069 eorum
1460 4030 1556 4069 eos
1584 4016 2016 4086 aSportantibus,

411 4117 478 4159 eo
496 4103 584 4157 die
615 4103 702 4157 vix
732 4112 1047 4171 evaserunt,
1070 4106 1295 4176 quidam
1344 4122 1474 4162 vero
1506 4122 1719 4175 eorum,
1756 4108 1883 4181 gelu
1917 4110 2021 4163 mi-

411 4193 725 4249 serabiliter
762 4193 1122 4268 astringente,
1167 4195 1300 4250 nudi
1355 4196 1411 4250 in
1463 4198 1850 4267 desperatione
1894 4198 2020 4253 vitae

408 4288 662 4361 proprias
716 4289 1126 4343 mansiunculas
1204 4292 1546 4360 repetierant
1641 4292 1849 4363 Corpus
1889 4309 2019 4349 vero

406 4380 704 4451 Adalperti,
747 4381 803 4434 in
858 4381 953 4435 Dei
985 4382 1267 4436 voluntate
1301 4383 1493 4449 occisi,
1540 4384 1875 4439 reverendus
1898 4400 2018 4455 epi-

2120 3183 2304 3253 sc0pis
2333 3184 2382 3237 ei
2408 3184 2623 3256 flagella
2646 3187 2934 3257 imponere
2967 3202 3067 3256 pro
3084 3188 3282 3243 Christi
3302 3187 3526 3243 nomine
3552 3195 3744 3259 postu-

2117 3273 2268 3340 lavit,
2301 3283 2357 3329 ct
2386 3275 2613 3345 insuper
2668 3275 3067 3351 indulgentiam
3123 3279 3332 3349 praefati
3365 3279 3553 3333 delicti
3585 3295 3735 3334 con-

2117 3362 2346 3430 donare,
2368 3364 2561 3436 sicque
2578 3366 2880 3421 liberatusa
2898 3368 3176 3424 daemonio
3204 3370 3447 3425 salvatus
3477 3370 3734 3424 recessit.

2188 3457 2299 3512 χιι.
2329 3459 2405 3513 Ne
2436 3460 2531 3513 diu
2564 3476 2651 3514 me
2678 3460 2746 3514 ah
2778 3461 3014 3533 incmpta
3064 3464 3340 3519 taxatione
3387 3463 3738 3539 subtraham,

2117 3547 2253 3602 libet
2280 3548 2476 3620 stylum
2507 3551 2785 3605 retrahere
2833 3553 2903 3606 ab
2935 3554 3353 3608 enumeratione
3397 3570 3460 3607 ex
3494 3560 3738 3625 utraque

2116 3647 2269 3705 parte
2336 3637 2683 3693 obsessarum
2739 3640 2957 3695 urbium
3036 3652 3095 3696 et
3145 3642 3412 3698 bellorum
3483 3642 3740 3713 undique

2118 3728 2439 3797 furentium,
2498 3738 2551 3785 et
2595 3731 2973 3788 vicissitudine
3015 3743 3333 3789 stromatum
3390 3734 3496 3804 (12)
3551 3734 3744 3790 diver-

2119 3833 2326 3886 sorum,
2373 3819 2470 3873 sed
2502 3819 2688 3890 potius
2743 3823 3021 3893 quomodo
3066 3823 3333 3878 Dominus
3384 3822 3746 3893 omnipotens

2120 3928 2218 3983 per
2296 3911 2488 3965 merita
2550 3927 2833 3968 servorum
2897 3931 3119 3970 suorum
3193 3932 3353 3970 suum
3411 3915 3743 3987 dignaretur

2120 4007 2382 4077 populum
2434 4006 2671 4062 liberare
2719 4009 2850 4063 libet
2902 4025 3191 4065 recensere
3237 4026 3342 4076 ;ne
3372 4009 3579 4065 diaboli
3608 4026 3740 4064 ma-

2119 4099 2531 4155 chinationibus
2581 4101 2649 4154 ad
2728 4118 2890 4156 suum
2958 4102 3270 4172 perveniret
3339 4102 3740 4158 exitium.Cum

2122 4204 2213 4243 rex
2243 4188 2365 4243 Otto
2395 4188 2450 4242 in
2479 4189 2821 4256 Alamannis,
2880 4196 3103 4260 prOpter
3146 4206 3242 4245 eos
3283 4191 3377 4262 qui
3427 4207 3552 4246 cum
3610 4192 3742 4247 Liu-

2123 4278 2254 4335 tolfo
2281 4277 2394 4335 ﬁlio
2420 4280 2539 4348 ejus
2560 4280 2758 4336 ditioni
2790 4298 2904 4335 suae
2938 4282 3139 4355 regalis
3184 4282 3471 4352 potestatis
3512 4294 3744 4339 contra-

2122 4372 2309 4428 dicere
2335 4372 2650 4438 voluerunt,
2683 4388 2806 4427 cum
2839 4373 3082 4428 exercitu
3130 4381 3550 4429 conversaretur
3576 4376 3741 4444 juxta

401 4437 604 4542 scopus
658 4472 724 4527 ad
786 4474 1081 4547 Augustam
1121 4474 1397 4529 civitatem
1463 4476 1630 4544 vexit,
1669 4485 1744 4543 et,
1776 4437 2011 4532 animam
2046 4437 2320 4519 Daumen
2349 4465 2497 4536 (μιοά
2530 4464 2711 4521 “nam
2735 4474 2980 4531 νοοδίιιτν
3031 4466 3087 4520 in
3117 4483 3313 4538 campo
3364 4467 3556 4538 Oppidi
3582 4469 3740 4539 (ἰυοά

404 4561 709 4617 honorifice
761 4562 869 4617 Deo
933 4565 1350 4632 commendans,
1396 4566 1452 4619 in
1523 4568 1755 4622 ecclesia
1802 4568 2016 4624 Sanctae

411 4652 597 4709 Mariae
640 4656 914 4726 sepelivit.
973 4656 1165 4714 Nullus
1227 4666 1407 4714 autem
1474 4676 1665 4715 eorum
1716 4662 1807 4733 qui
1853 4671 2017 4719 antea

405 4741 512 4795 sibi
534 4742 712 4813 spolia
757 4745 1009 4818 Augustae
1044 4745 1282 4802 civitatis
1310 4747 1366 4801 in
1406 4749 1847 4805 contrarietatem
1879 4767 2013 4806 san-

404 4844 504 4891 ctae
548 4837 642 4892 Dei
673 4838 959 4911 genitricis
1003 4840 1185 4895 Maria;
1231 4841 1666 4906 vindicaverunt,
1710 4844 2017 4916 impunitus

404 4928 712 4993 evasit,nisi
725 4928 818 5000 qui
845 4944 905 4983 se
920 4928 1035 4984 suis
1063 4930 1302 5001 propriis
1338 4931 1503 4986 rebus
1529 4948 1651 4987 cum
1673 4933 2016 5010 indulgentia

404 5018 691 5071 reverendi
726 5018 972 5089 episcopi
996 5020 1267 5076 redimere
1288 5037 1399 5077 non
1420 5023 1771 5079 distulerunt.

476 5105 560 5159 XI.
591 5106 779 5161 Manus
809 5108 1061 5177 proprias
1122 5094 1268 5165 unus
1315 5127 1375 5164 ex
1413 5111 1497 5165 his
1526 5111 1841 5179 lacerando,
1875 5114 2013 5171 vici-

405 5193 489 5246 nis
509 5194 627 5248 suis
670 5193 726 5247 in
758 5195 986 5251 veritate
1022 5196 1360 5265 dicentibus,
1409 5199 1626 5270 perdito
1681 5218 1851 5257 sensu
1901 5205 2018 5276 spi-

411 5286 574 5340 ritum
627 5287 921 5342 exhalavit.
974 5289 1124 5344 Alius
1175 5297 1360 5345 autem
1398 5306 1521 5347 cum
1571 5292 1756 5350 ablato
1810 5296 1879 5351 de
1908 5297 2016 5353 Au-

401 5386 557 5443 gusta
597 5376 815 5433 civitate
874 5379 1017 5434 libro
1056 5381 1326 5435 caballum
1384 5382 1489 5437 sibi
1523 5383 1667 5438 bene
1711 5385 2014 5455 placentem

402 5466 764 5536 comparavit,
823 5476 878 5521 et
924 5485 1110 5524 secum
1162 5472 1394 5527 adduxit
1442 5473 1499 5527 in
1549 5474 1774 5531 domum
1837 5493 2015 5547 suam,

473 5570 553 5640 ("£1
575 5566 766 5640 .VPlgO
797 5572 1268 5640 Qninquagesima.

473 5637 587 5702 (42)
617 5635 726 5686 Pro
750 5635 1217 5705 strategema—itum.

2115 4561 2316 4616 dicitur
2366 4562 2536 4616 Tussa
2594 4564 2719 4633 (43;,
2779 4571 2834 4618 et
2900 4564 2974 4617 ibi
3029 4562 3366 4635 saspedictus
3421 4563 3571 4618 filius
3614 4563 3745 4632 ejus

2115 4652 2383 4708 Liutolfus
2407 4670 2532 4709 cum
2581 4655 2689 4710 alio
2740 4656 2984 4711 exercitu
3040 4656 3324 4712 obviusad
3366 4656 3742 4730 pugnandum

2115 4752 2305 4801 contra
2326 4761 2453 4800 eum
2505 4746 2811 4814 deveniret,
2838 4755 2893 4802 et
2930 4763 3051 4802 cum
3104 4755 3252 4803 tanta
3282 4746 3565 4802 vicinitate
3594 4762 3745 4803 con-

2112 4838 2288 4907 juncti
2319 4847 2525 4903 essent,
2557 4849 2617 4895 ut
2647 4840 2797 4895 nulla
2843 4840 3221 4915 ambiguitatis
3250 4856 3350 4911 spe
3379 4840 3587 4895 detenti
3613 4856 3745 4895 ma-

2117 4937 2312 4985 nerent
2363 4930 2421 4984 in
2494 4940 2850 5003 utrarumque
2930 4933 3169 5003 partium
3235 4932 3613 4997 multitudine;
3679 4933 3744 4987 ni

2116 5018 2322 5075 bellum
2373 5018 2442 5073 ab
2506 5020 2586 5073 eis
2634 5020 3090 5089 committeretur,
3137 5029 3269 5076 tunc
3315 5021 3569 5076 amabilis
3622 5022 3743 5101 Deo

2120 5111 2404 5167 Udalricus
2432 5112 2752 5183 episcopus,
2783 5114 2839 5167 in
2862 5114 3030 5169 Deum
3051 5121 3163 5170 tota
3194 5114 3398 5170 fiducia
3422 5115 3741 5183 confidens,

2118 5208 2397 5271 assumpto
2462 5201 2748 5257 Curiencis
2804 5202 3062 5258 Ecclesiae
3121 5203 3410 5260 llartberto
3475 5205 3744 5278 religioso

2116 5289 2404 5360 episc0po,
2435 5290 2743 5365 legationes
2808 5290 2953 5346 inter
3009 5307 3105 5348 eos
3132 5291 3314 5348 facere
3347 5292 3538 5363 coepit,
3574 5301 3631 5348 et
3669 5295 3745 5348 ad

2118 5379 2271 5448 pacis
2296 5380 2647 5436 concordiam
2692 5396 2940 5447 exorare,
2985 5390 3040 5437 et
3070 5397 3139 5438 ne
3170 5383 3408 5453 populus
3438 5384 3534 5454 qui
3565 5400 3597 5439 a
3628 5385 3743 5441 Deo

2121 5473 2231 5529 illis
2280 5476 2700 5533 commendatus
2749 5485 2835 5532 est
2889 5477 2956 5532 ad
3006 5477 3331 5552 regendum,
3383 5495 3486 5550 pro
3543 5496 3743 5537 eorum

2191 5591 2303 5660 (43)
2331 5590 2559 5647 Tussen.
