3978 6214
187 288 209 340 ‘l
223 288 332 344 033

187 519 414 574 nuente,
449 511 571 564 diue
593 511 876 563 amborum
905 518 1140 570 mentes,
1174 511 1339 579 patris
1361 511 1572 564 scilicet
1601 512 1810 564 Ottonis

185 610 237 656 et
294 602 393 655 filii
443 603 563 671 ejus
617 600 852 662 Liutolti,
906 603 973 652 de
1030 603 1269 670 prolicua
1322 603 1697 656 admonitione
1757 613 1811 657 et

185 695 437 748 doctrina
487 693 926 746 venerandorum
991 694 1378 763 episcoporum
1431 695 1482 747 in
1528 696 1809 748 mollitiam

186 801 381 844 versau
417 791 632 852 pactum
663 782 813 851 pacis
844 782 986 835 inter
1020 798 1076 835 se
1120 783 1554 852 placitaverunt;
1586 792 1657 848 et,
1702 792 1816 836 tur-

184 874 318 926 bine
369 873 499 924 belli
547 871 819 942 mitigato,
881 871 934 924 iu
997 889 1093 924 sua
1156 889 1276 925 eum
1339 890 1472 941 pace
1509 874 1808 927 redierunt.

186 966 376 1019 Tantis
406 972 586 1017 autem
639 973 768 1016 tunc
830 963 1068 1031 praefatis
1110 966 1438 1017 tumultuum
1477 965 1814 1034 fatigationi-

187 1058 293 1109 bus
344 1055 637 1124 superatis,
687 1056 1098 1108 a‘stim'iverunt
1175 1073 1231 1107 se
1293 1056 1513 1125 aliquod
1573 1057 1808 1127 spatium

186 1145 456 1214 temporis
492 1145 706 1214 injpace
743 1161 899 1212 posse
933 1146 1248 1214 quiescere.
1286 1147 1464 1198 Altero
1501 1163 1596 1214 pro
1659 1155 1812 1200 certo

183 1236 370 1288 statim
403 1251 568 1297 anno,
628 1234 775 1302 quod
835 1242 915 1285 est
967 1250 1110 1286 anno
1173 1235 1566 1287 incarnationis
1601 1235 1811 1288 Domini

191 1326 513 1380 nostriJesu
573 1325 767 1377 Christi
808 1327 933 1386 96ft,
978 1333 1123 1379 tanta
1186 1326 1476 1379 multitudo
1511 1327 1814 1394 l'ugrorum

187 1415 394 1482 erupit,
429 1420 630 1483 quanta
693 1422 822 1466 tunc
879 1414 1140 1482 temporis
1204 1415 1500 1468 viventium
1534 1416 1813 1469 hominum

193 1518 357 1557 nemo
383 1519 442 1555 sc
469 1510 630 1556 antea
679 1502 881 1555 vidisse
951 1503 1004 1555 in
1035 1504 1142 1556 ulla
1171 1505 1395 1576 regione
1433 1504 1814 1573 profitebatur,

194 1604 248 1650 et
311 1596 624 1649 Noricorum
681 1596 787 1660 (tl)
846 1598 1125 1668 regionem
1183 1615 1212 1651 a
1283 1598 1530 1651 Danubio
1590 1597 1816 1650 flumine

195 1700 374 1754 usque
405 1685 471 1737 ad
509 1685 722 1756 Nigram
756 1685 970 1744 silvam,
1006 1703 1124 1755 qum
1157 1687 1395 1755 pertinet
1432 1687 1495 1739 ad
1534 1697 1813 1756 montana,

197 1774 362 1827 simul
389 1773 725 1828 devastando
757 1776 1065 1844 occupavit,
1103 1785 1304 1828 etcum
1334 1776 1513 1828 Licuin
1540 1785 1816 1828 transccn-
1847 1753 1892 1820 Β

201 1869 380 1930 deret,
414 1878 468 1922 et
500 1869 872 1922 Alamanniam
925 1879 1236 1938 occuparet,
1291 1870 1575 1922 ecclesiam
1607 1871 1816 1922 Sani-tie

204 1959 342 2011 Afrae
374 1959 762 2022 concremavit,
797 1969 849 2013 et
883 1967 1045 2012 totam
1112 1961 1442 2029 provinciam
1499 1977 1527 2013 a
1573 1961 1818 2013 Danubio

203 2063 381 2116 usque
404 2047 472 2100 ad
503 2048 709 2116 sylvam
770 2048 1126 2117 depra-davit,
1178 2057 1229 2102 et
1289 2049 1579 2103 maximam
1613 2057 1819 2120 partem

205 2155 384 2208 usque
418 2139 483 2191 ad
519 2139 748 2192 Hilarum
771 2141 1138 2211 lluviumigne
1172 2142 1496 2196 combussit.
1531 2144 1821 2213 Angustam

207 2242 390 2288 autem
423 2234 695 2288 civitatem
730 2236 968 2300 obsedit,
1017 2253 1138 2306 qme
1172 2244 1300 2290 tunc
1356 2238 1479 2290 imis
1511 2238 1630 2290 sine
1664 2236 1825 2290 turri-

211 2325 311 2378 bus
351 2323 686 2378 circumdata
718 2327 906 2390 muris,
965 2327 1119 2380 firma
1153 2343 1216 2380 ex
1247 2328 1540 2397 semetipsa
1569 2345 1676 2381 non
1704 2326 1803 2380 fuit

208 2420 440 2474 Sanctus
497 2431 677 2474 autem
724 2423 951 2475 antistes
1011 2440 1260 2494 magnam
1315 2422 1471 2474 valde
1517 2420 1828 2474 multitudi—

211 2525 334 2561 nem
379 2509 712 2579 eptimorum
745 2511 977 2564 militum
1006 2529 1191 2564 secum
1230 2513 1368 2565 intra
1398 2519 1554 2580 septa
1589 2510 1828 2565 civitatis

207 2599 528 2652 collocatam
565 2600 795 2653 habebat
819 2619 831 2658 ;
858 2617 920 2653 ex
950 2617 1181 2670 quorum
1225 2601 1470 2673 agilitate
1494 2607 1546 2653 et
1597 2601 1828 2653 audacia

209 2687 403 2741 civitas
445 2687 656 2742 fortiter
713 2687 944 2753 firmata,
991 2689 1368 2755 Deojuvantc,
1429 2689 1769 2742 consistebat
1815 2708 1828 2752 ;

213 2779 306 2849 qui
341 2788 400 2833 ut
431 2780 727 2833 exercitum
763 2779 1067 2853 Ungrorum
1087 2780 1152 2833 ad
1185 2780 1613 2851 expugnandum
1646 2780 1833 2833 civita-

217 2878 324 2924 tem
369 2871 712 2926 circumdare
758 2874 1034 2939 viderunt,
1096 2874 1176 2927 eis
1201 2873 1420 2927 obviam
1459 2876 1604 2926 exire
1639 2874 1830 2927 volue-

218 2969 368 3024 runt,
393 2961 487 3013 sed
519 2961 620 3014 hoc
649 2961 944 3031 episcopus
971 2963 1050 3015 eis
1074 2978 1179 3016 non
1206 2963 1585 3026 consentiens,
1618 2970 1831 3031 portam

219 3049 314 3101 ubi
335 3048 603 3103 maximus
635 3049 818 3104 aditus
865 3051 1105 3105 intrandi
1156 3053 1411 3105 manebat
1472 3051 1699 3105 firmiter
1739 3068 1832 3104 oc-

214 3144 443 3197 cluderc
467 3146 744 3214 praicepit.
783 3146 938 3200 Porta
995 3157 1175 3201 autem
1209 3147 1492 3202 orientalis
1527 3148 1697 3217 plaga:
1733 3148 1830 3214 (4ft)
1861 3121 1908 3187 (ἶ

214 3237 370 3289 unde
431 3237 540 3290 itur
591 3237 658 3291 ad
713 3254 934 3309 aquam,
977 3240 1056 3293 sic
1107 3257 1136 3293 a
1194 3240 1465 3293 densitate
1532 3241 1834 3312 Ungrorum

216 3332 370 3385 bello
403 3342 669 3402 occupata
725 3341 826 3398 est,
886 3343 943 3388 ut
985 3335 1089 3405 ipsi
1143 3335 1529 3389 :estimaverint
1569 3352 1626 3388 se
1656 3334 1835 3388 statim

218 3439 387 3494 posse
443 3424 643 3478 intrare
691 3443 702 3478 :
742 3427 950 3479 milites
997 3428 1143 3479 enim
1190 3426 1434 3496 episc0pi
1477 3434 1602 3480 ante
1629 3433 1837 3497 portam

215 3515 452 3569 viriliter
480 3526 786 3591 pugnantes
828 3519 927 3572 eis‘
955 3520 1302 3584 resistebant,
1338 3536 1507 3590 usque
1538 3520 1664 3572 dum
1699 3536 1841 3572 unus

222 3612 532 3684 Ungrorum
568 3614 660 3684 qui
691 3623 918 3669 czeteros
952 3617 1248 3687 pugnando
1279 3616 1662 3681 antecedebat,
1698 3622 1750 3670 et
1777 3632 1841 3669 ex

220 3703 384 3769 cujus
414 3703 582 3757 ductu
611 3715 662 3758 et
695 3707 1076 3761 antecessione
1109 3708 1398 3760 maximam
1461 3707 1742 3777 praeliandi
1789 3707 1841 3759 in

221 3795 316 3847 illa
359 3795 492 3848 hora
511 3795 901 3851 confidentiam
936 3798 1233 3863 habebant,
1263 3800 1481 3853 occisus
1531 3799 1790 3853 occubuit
1823 3817 1837 3862 ;

220 3883 408 3938 czeteri
465 3884 707 3956 denique
761 3903 884 3941 cum
946 3905 1070 3941 eum
1131 3897 1273 3942 terra
1339 3897 1498 3942 tenus
1565 3895 1838 3941 mortuum

220 3972 424 4026 cadere
456 3973 731 4040 viderunt,
784 3992 982 4048 magno
1057 3978 1296 4031 clamore
1337 3984 1389 4029 et
1444 3976 1840 4030 lamentatione

223 4078 350 4117 eum
386 4064 686 4134 rapientes,
745 4067 811 4120 ad
865 4077 1043 4122 castra
1100 4068 1300 4121 reversi
1357 4074 1501 4121 sunt.
1550 4067 1843 4120 Horavez‘o

223 4152 360 4206 belli
396 4154 691 4223 episcopus
723 4171 890 4227 super
945 4157 1217 4211 caballum
1277 4173 1437 4211 suum
1477 4157 1677 4210 sedens
1709 4157 1847 4210 stola

225 4242 476 4304 indutus,
529 4259 638 4298 non
670 4245 866 4315 clypeo
924 4254 1015 4300 aut
1061 4248 1230 4301 lorica
1274 4255 1366 4302 aut
1398 4247 1553 4319 galea
1581 4247 1844 4313 munitus,

219 4335 422 4403 jaculis
455 4344 508 4390 et
538 4336 817 4406 lapidibus
847 4339 1094 4410 undique
1124 4340 1268 4394 circa
1296 4357 1422 4394 eum
1483 4339 1846 4393 discurrenti-

224 4425 606 4488 bus,intactus
638 4433 690 4479 et
723 4426 926 4482 llliBSUS
953 4429 1310 4482 subsistebat.
1347 4429 1494 4483 Bello
1533 4445 1659 4482 vero
1694 4428 1848 4481 linito

226 4519 553 4591 regrediens
604 4520 853 4575 circuivit
911 4521 1211 4587 civitatem,
1261 4527 1315 4574 et
1368 4522 1562 4575 domos
1619 4521 1748 4573 belli
1794 4520 1847 4572 in

226 4610 461 4664 circuitu
519 4611 752 4665 civitatis
808 4622 1176 4683 congruenter
1239 4628 1469 4683 ponere,
1513 4619 1565 4665 et
1624 4612 1676 4664 in
1738 4619 1848 4665 tota

229 4713 391 4758 nocte
415 4719 508 4756 eas
539 4703 832 4771 aedificare,
858 4712 909 4759 ct
939 4706 1131 4772 vallos,
1165 4713 1430 4778 quantum
1466 4711 1682 4773 tempus
1711 4721 1847 4774 sup—

228 4799 474 4868 petebat,
525 4815 785 4853 renovare
846 4801 1117 4871 praecipit.
1163 4802 1258 4854 llle
1289 4807 1468 4854 autem
1512 4807 1682 4854 totum
1715 4815 1846 4869 spa-

232 4886 367 4939 tium
399 4886 574 4939 noctis
609 4887 660 4940 in
713 4890 959 4943 oratione
1018 4897 1368 4959 pernoctans,
1404 4888 1693 4959 religiosas
1724 4903 1846 4941 mu-

232 4973 401 5028 lieres
437 4974 489 5026 in
522 4975 737 5030 civitate
766 4988 1126 5052 congregatas
1159 4977 1488 5041 concitabat,
1517 4983 1574 5030 ut
1596 4993 1704 5030 una
1735 4993 1860 5045 pars

237 5085 426 5122 earum
453 5085 576 5122 cum
615 5073 873 5126 crucibus
898 5074 963 5127 ad
999 5073 1297 5128 Dominum
1355 5073 1546 5126 devote
1573 5072 1858 5126 clamando

238 5160 382 5213 intra
415 5160 750 5229 circumiret,
817 5172 869 5218 et
909 5166 1079 5219 altera
1112 5182 1237 5235 pars
1270 5163 1619 5218 clementiam
1655 5171 1855 5215 sancta!

240 5251 333 5303 Dei
359 5251 644 5324 genitricis
691 5253 866 5308 Maria:
922 5271 1020 5325 pro
1061 5255 1385 5308 defensione
1424 5253 1634 5323 pepuli,
1667 5259 1721 5305 et
1760 5265 1858 5320 pro

240 5342 575 5396 liberatione
641 5345 877 5401 civitatis
919 5349 1322 5404 studiosissime
1381 5347 1697 5418 pavimento
1735 5361 1858 5416 pro-

241 5438 409 5486 strata
455 5432 743 5505 flagitaret.
802 5438 924 5507 lpse
985 5445 1165 5492 autem
1199 5438 1484 5492 minimam
1539 5435 1860 5507 particulam

242 5528 422 5582 noctis
461 5535 589 5582 ante
644 5530 960 5586 Matutinam
1014 5534 1203 5586 horam
1255 5549 1455 5602 corpus
1513 5531 1722 5602 requiei
1775 5545 1865 5583 so-

244 5619 394 5688 poris
427 5619 674 5687 indulsit,
731 5630 808 5689 ut,
869 5625 1154 5680 matutinis
1203 5632 1258 5679 et
1313 5623 1570 5678 laudibus
1615 5622 1864 5693 expletis,

323 5735 430 5805 (Η)
462 5735 742 5792 Bavariam
768 5737 1050 5812 intelligit.

587 5864 866 5930 PATROL.
915 5864 1240 5930 CXXXV.

1783 290 1950 344 VITA.

195 423 346 470 reatu
399 416 694 469 duceretur
745 414 812 466 ad
869 413 1256 482 perditionem.
1315 414 1426 467 Deo
1483 423 1661 467 autem
1715 423 2113 488 an-Aaurora
2192 413 2427 483 primum
2504 413 2861 481 irrumpente,

1871 4478 1922 4545 D

3396 290 3534 348 1034

2957 412 3212 467 salutaris
3279 413 3534 469 sacrificii

1915 508 2145 561 hostiam
2180 507 2286 559 Deo
2353 505 2526 559 libare
2568 504 2832 558 licuisset.
2887 504 3191 559 Ministerio
3223 521 3379 560 sacro
3412 523 3540 576 per-

1913 605 2052 658 acto,
2114 596 2309 650 viatico
2365 610 2518 648 sacro
2586 609 2778 647 omnes
2859 593 3144 661 recreavit,
3231 594 3539 665 humilique

1916 689 2288 743 admonitione
2323 686 2593 757 persuasit
2639 693 2714 750 ut,
2746 685 2801 738 in
2835 685 2940 738 fide
2976 693 3120 738 recta
3153 686 3536 754 persistentes,

1916 797 2069 848 spem
2099 795 2249 831 suam
2306 779 2355 831 in
2393 778 2621 831 Domino
2674 778 3163 844 componere'fnon
3194 775 3534 841 dubitarent,

1919 870 2262 925 indicanseis
2293 869 2646 940 omnigenam
2703 869 3060 937 sponsionem
3117 867 3532 936 consolationis,

1917 966 1964 1010 et
1995 960 2329 1012 annuntians
2361 958 2756 1028 psalmigraphi
2818 956 2989 1010 David
3041 957 3204 1010 verba
3258 957 3533 1012 dicentis:

1916 1051 1975 1102 Si
1999 1052 2345 1104 ambulam'ro
2373 1053 2432 1103 in
2473 1051 2644 1102 medio
2676 1049 2876 1102 umbrae
2928 1051 3135 1113 mortis,
3195 1063 3296 1101 non
3348 1051 3542 1103 timebo

1914 1145 2082 1206 mala,
2129 1146 2386 1212 quoniam
2433 1148 2489 1196 tu
2544 1157 2745 1195 mecum
2801 1157 2852 1194 es
2918 1142 3060 1208 (Psul
3102 1140 3227 1207 χχιι)
3311 1141 3543 1194 Salutari

1917 1247 2098 1294 autem
2160 1237 2540 1291 admonitione
2592 1234 2838 1306 episcopi
2905 1242 3142 1304 peracta,
3209 1251 3338 1289 cum
3383 1236 3546 1303 jubar

1922 1332 2182 1384 radiantis
2208 1331 2338 1385 solis
2391 1329 2626 1400 primum
2684 1327 3034 1381 latitudinem
3069 1326 3549 1386 telluris,irradia-

1921 1432 2016 1490 ret,
2044 1425 2317 1478 exercitus
2368 1424 2667 1494 Ungrorum
2717 1421 3069 1475 inenarrabili
3126 1421 3440 1491 pluralitate
3477 1436 3544 1472 ex

1919 1523 2066 1577 omni
2101 1532 2250 1593 parte
2282 1522 2348 1576 ad
2373 1519 2792 1593 eXpugnandam
2827 1519 3099 1574 civitatem
3134 1517 3544 1582 circumcinxit,

1922 1615 2134 1668 diversa
2181 1615 2361 1667 ferens
2392 1614 2761 1666 instrumenta
2806 1611 2872 1664 ad
2901 1610 3302 1680 depositionem
3345 1624 3532 1663 muro-

1921 1723 2055 1759 rum.
2091 1706 2334 1776 Cumque
2385 1704 2631 1773 undique
2679 1701 2849 1772 parati
2886 1707 3071 1755 essent
3123 1701 3187 1752 ad
3220 1699 3448 1762 bellum,
3483 1704 3536 1752 et

1919 1808 2114 1854 cuncta
2153 1799 2565 1871 prepugnacula
2613 1798 2848 1852 civitatis
2902 1795 3325 1868 repugnantium
3381 1795 3544 1865 plena

1923 1893 2173 1950 fuissent.
2209 1893 2430 1963 quidam
2467 1891 2769 1962 Ungrorum
2805 1889 3037 1963 ﬂagellis
3067 1888 3208 1942 alios
3269 1887 3544 1940 minantes

1923 1989 1988 2041 ad
2023 2005 2258 2060 pugnam
2293 1992 2613 2052 coegerunt,
2660 1991 2715 2039 et
2755 1985 2857 2050 illi,
2886 1991 3086 2038 tantam
3123 1983 3538 2037 multitudinem

1925 2075 2432 2149 inpropugnaculis
2485 2074 2858 2128 resistentium
2913 2073 2992 2126 eis
3045 2073 3320 2138 videntes,
3383 2071 3550 2125 muris

1926 2185 1985 2222 se
2007 2168 2343 2241 conjungere
2375 2166 2511 2220 adeo
2547 2165 2816 2235 perterriti
2850 2180 2961 2219 non
2986 2163 3286 2217 audebant.
3324 2161 3546 2215 Interim

1927 2274 2048 2310 cum
2080 2257 2310 2310 interius
2357 2255 2709 2325 exteriusque
2763 2254 2935 2324 parati
2991 2261 3178 2306 essent
3219 2252 3284 2305 ad
3309 2251 3545 2316 bellum,

1932 2347 2286 2411 Derchtolfus,
2344 2346 2486 2399 filius
2526 2345 2749 2408 Arnolli,
2784 2345 2852 2398 de
2895 2344 3118 2398 castello
3144 2343 3544 2396 Risinesburch

1928 2439 2158 2494 vocitato
2181 2438 2328 2491 venit
2389 2436 2454 2488 ad
2527 2452 2708 2508 regem
2769 2434 3073 2506 Ungrorum
3118 2432 3458 2486 annuntians
3493 2429 3542 2484 ei

1931 2531 2223 2584 adventum
2257 2528 2466 2582 Ottonis
2495 2527 2719 2601 gloriosi
2750 2527 2912 2600 regis.
2948 2525 3069 2589 Qui,
3099 2534 3156 2579 ut
3176 2525 3282 2579 hoc
3312 2523 3547 2591 audivit,

1931 2639 2087 2676 suum
2141 2621 2427 2674 classicum
2493 2620 2641 2673 omni
2696 2618 2960 2672 exercitui
3032 2625 3221 2672 notum
3285 2617 3545 2687 clangere

1935 2716 2214 2787 praicepit,
2249 2715 2315 2768 de
2356 2717 2513 2781 cujus
2541 2713 2724 2768 sonitu
2784 2711 3059 2766 exercitus
3108 2715 3255 2764 totus
3308 2725 3548 2782 pugnam

1934 2809 2171 2862 civitatis
2199 2808 2404 2870 omisit,
2455 2815 2507 2859 et
2562 2806 2629 2859 ad
2678 2804 3018 2875 colloquium
3071 2818 3258 2857 eorum
3316 2801 3462 2876 regis
3493 2815 3550 2854 se

1937 2899 2276 2969 conjungere
2335 2895 2626 2950 festinavit.
2689 2893 2808 2960 Qui,
2865 2909 2991 2947 cum
3032 2893 3110 2947 eis
3177 2889 3555 2945 autumatione

1937 2986 2097 3052 facta,
2133 2987 2242 3039 Deo
2274 2986 2538 3047 donante,
2598 3001 2628 3038 a
2683 2999 2867 3053 pugna
2907 2981 3143 3036 civitatis
3201 2978 3472 3044 cessabat,
3505 2985 3561 3032 et

1938 3075 1992 3128 in
2018 3091 2308 3129 occursum
2340 3075 2562 3146 gloriosi
2598 3072 2742 3144 regis
2790 3073 2870 3126 ire
2897 3071 3068 3142 cu‘plt
3101 3089 3114 3136 ;
3148 3086 3211 3123 ea
3243 3068 3457 3145 ratione
3481 3074 3562 3130 ut,

1940 3167 2032 3221 illo
2073 3182 2196 3220 cum
2228 3167 2342 3220 suis
2401 3173 2677 3235 superato,
2734 3165 2910 3218 victor
2956 3159 3176 3217 rediens
3206 3161 3482 3216 civitatem
3511 3166 3566 3213 et

1940 3266 2112 3314 totum
2165 3275 2392 3328 regnum
2441 3258 2614 3311 libere
2644 3257 2850 3310 habere
2882 3256 3170 3324 potuisset.
3210 3253 3342 3325 Regi
3380 3252 3563 3306 Ottoni

1938 3347 2180 3401 venienti
2212 3345 2530 3415 Dietpaldus
2557 3359 2743 3398 comes
2784 3343 2952 3396 frater
2981 3341 3252 3413 episc0pi,
3289 3357 3410 3395 cum
3443 3355 3560 3394 cae-

1943 3437 2071 3491 teris
2087 3436 2179 3506 qui
2203 3435 2258 3487 in
2275 3434 2493 3489 civitate
2537 3442 2716 3498 erant,
2749 3439 2909 3486 nocte
2942 3432 3135 3485 exiens
3168 3431 3225 3484 in
3263 3445 3557 3484 occursum

1943 3525 2106 3579 venit.
2145 3525 2258 3578 Rex
2290 3523 2453 3595 igitur
2474 3539 2597 3576 cum
2630 3529 2842 3575 tantum
2885 3521 3188 3575 exercitum
3245 3519 3558 3591 Ungrorum

1943 3617 2330 3688 perSpexisset,
2382 3613 2674 3668 aistimavit
2732 3628 2842 3667 non
2890 3627 3052 3683 posse
3115 3611 3183 3664 ab
3237 3611 3560 3666 hominibus

1945 3708 2210 3781 snperari,
2246 3708 2300 3760 ni
2331 3707 2474 3759 Deus
2503 3704 2858 3775 omnipotens
2887 3721 2984 3759 eos
3023 3703 3277 3760 occidere
3308 3703 3564 3778 dignare-

1945 3807 2049 3861 tur,
2085 3798 2138 3851 in
2163 3796 2318 3866 cujus
2345 3794 2677 3862 adjutorium
2711 3792 3020 3860 confidens,
3055 3808 3393 3863 suorumque
3422 3808 3561 3846 eon-

1942 3887 2304 3942 solationibus
2360 3884 2671 3955 principum
2719 3883 3025 3950 roboratus,
3084 3881 3288 3936 bellum
3323 3881 3556 3935 viriliter

1945 3993 2065 4031 cum
2092 3977 2173 4030 eis
2193 3991 2352 4049 agere
2384 3973 2566 4042 ccepit,
2609 3981 2664 4026 et
2685 3988 2808 4025 cum
2867 3979 3054 4026 mutui
3082 3970 3235 4025 caede
3259 3969 3555 4039 utrobique

1948 4070 2298 4133 cecidissent,
2351 4075 2403 4121 et
2434 4067 2518 4120 his
2573 4063 2879 4120 interfectis
2911 4065 3005 4136 qui
3065 4064 3134 4117 ad
3166 4062 3501 4118 occisionem
3531 4078 3562 4115 a

1951 4162 2060 4214 Deo
2089 4157 2461 4231 przedestinati
2491 4165 2666 4224 erant,
2700 4155 2936 4228 gloriosa
2967 4156 3192 4209 victoria
3223 4153 3406 4208 Ottoni
3441 4153 3555 4224 regi

1950 4252 2134 4315 aDeo,
2169 4250 2254 4304 cui
2313 4249 2443 4304 nihil
2479 4247 2818 4319 impossibile
2860 4256 2960 4313 est,
3021 4247 3146 4300 data
3197 4254 3326 4309 est;
3385 4245 3458 4298 ita
3508 4251 3568 4300 ut

1953 4343 2224 4397 exercitus
2256 4343 2559 4415 L'ngrorum
2602 4342 2657 4396 in
2687 4339 2866 4415 fugam
2911 4354 3102 4393 versus
3131 4337 3386 4392 virtutem
3421 4353 3567 4407 pra:-

1953 4432 2123 4486 liandi
2171 4434 2310 4486 ultra
2341 4449 2450 4488 non
2487 4432 2736 4497 haberet,
2787 4437 2859 4495 et,
2917 4429 3164 4500 quamvis
3223 4427 3567 4482 incredibilis

1954 4541 2216 4578 numerus
2281 4523 2495 4578 illorum
2571 4523 2782 4579 occisus
2849 4521 3075 4587 fuisset,
3148 4527 3327 4574 tantus
3385 4528 3568 4574 tamen

1952 4630 2141 4669 eorum
2177 4618 2445 4670 exercitus
2502 4619 2681 4671 adhuc
2749 4614 3087 4678 remanebat,
3146 4619 3203 4666 ut
3262 4611 3315 4664 hi
3372 4609 3465 4682 qui
3499 4611 3570 4665 de

1952 4707 2384 4775 prepugnaculis
2443 4709 2696 4781 Augustin
2752 4704 2985 4761 civitatis
3039 4719 3134 4757 eos
3189 4699 3379 4756 venire
3436 4714 3570 4753 con-

1947 4812 2271 4870 spexerunt,
2324 4821 2434 4858 non
2484 4822 2667 4876 pugni
2726 4803 3008 4858 lacessitos
3065 4816 3160 4854 eos
3194 4797 3393 4868 [redire
3421 4797 3570 4851 aesti-

1950 4903 2260 4965 maverunt,
2317 4899 2494 4951 donec
2553 4905 2948 4966 praetereuntes
3000 4893 3271 4949 civitatem
3303 4890 3567 4945 ulteriora

1961 4985 2069 5040 Lici
2101 4986 2344 5041 ﬂuminis
2384 4989 2568 5043 littora
2625 4987 2938 5043 festinando
2988 4991 3233 5056 repetere
3295 4995 3574 5054 cegnove-

1961 5084 2111 5132 runt.
2152 5077 2261 5130 Rex
2289 5085 2471 5130 autem
2492 5093 2615 5132 cum
2641 5078 2756 5130 suis
2796 5093 2891 5131 eos
2919 5091 3178 5146 sequens,
3213 5078 3265 5125 et
3295 5069 3496 5141 quibus
3511 5084 3569 5123 se

1961 5167 2297 5240 conjungere
2348 5167 2527 5234 potuit
2581 5168 2869 5236 occidens,
2925 5164 3237 5236 veSpertina
3280 5162 3411 5215 hora
3465 5158 3575 5212 diei

1962 5258 2254 5329 Augustam
2295 5257 2562 5325 pervenit,
2645 5258 2834 5327 ibique
2910 5273 3034 5310 cum
3127 5253 3385 5325 episcopo
3431 5248 3576 5302 illam

1965 5359 2179 5405 noctem
2207 5350 2436 5412 ducens,
2490 5349 2655 5419 eique
2704 5365 2956 5419 magnam
3006 5345 3401 5403 consolationis
3428 5358 3584 5398 reve-

1967 5438 2222 5494 lationem
2279 5437 2506 5500 faciens,
2543 5437 2612 5489 de
2671 5436 2959 5489 Dietbaldo
3016 5436 3178 5490 fratre
3221 5436 3342 5504 ejus
3388 5433 3479 5504 qui
3529 5431 3584 5484 in

1969 5535 2115 5588 bello
2147 5533 2475 5595 occisusest,
2510 5528 2656 5583 etde
2706 5526 2826 5580 aliis
2874 5527 2994 5592 ejus
3026 5528 3355 5597 propinquis
3387 5525 3588 5580 ibidem

1973 5623 2292 5682 interfectis.
2335 5619 2683 5695 Rihgwinum
2730 5613 2901 5667 ﬁlium
2933 5613 3202 5681 Dietpaldi
3236 5614 3593 5670 comitatibus

2046 5732 2147 5802 (45)
2180 5731 2337 5787 Porta
2369 5743 2530 5799 quam
2565 5722 2867 5783 Jacobaeam
2887 5717 3140 5772 dicimus-

3191 5846 3269 5906 33
