3978 6214
409 236 555 294 1035

1484 239 1538 293 S.
1586 238 1888 293 L'DALRICI
1930 237 2294 293 AUGUSTANI
2337 240 2628 297 EPISCOPI

3614 259 3763 317 1036

408 364 582 436 patris
636 363 948 430 honoravit,
1020 363 1379 433 episcopique
1448 362 1558 421 fido
1613 364 1908 431 adjutorio,
1965 365 2020 417 in
2046 362 2327 454 Ajunctis
2373 366 2609 438 tegebat.
2672 369 2789 425 Non
2833 377 2957 441 post
3008 372 3239 430 multum
3303 393 3438 435 vero
3492 386 3767 454 temporis

407 460 833 531 quibuscunque
883 458 1003 526 ejus
1068 457 1407 511 desiderium
1464 459 1743 529 cognovit,
1796 459 2019 532 dignam

409 548 721 603 mercedem
776 548 1037 603 restituit.
1098 548 1251 602 Mane
1296 555 1479 603 autem
1539 547 1702 610 facto,
1765 547 2023 622 fugitivas

408 640 767 695 barbarorum
831 640 980 695 acies
1038 641 1348 711 sequendo,
1407 642 1690 714 regionem
1742 641 2024 708 ltajoario-

408 746 525 784 rum
575 730 678 797 (46)
741 730 946 795 revisit,
992 729 1312 801 festinisque
1370 730 1565 801 legatis
1638 730 1840 795 missis,
1911 737 2023 785 tota

407 820 635 894 remigia
663 827 718 874 et
753 819 892 875 vada
948 818 1240 874 fluminum
1295 820 1590 874 observare
1645 819 1925 889 pracepit,
1952 819 2020 873 ad

403 910 737 965 occisionem
771 925 984 973 eorum,
1022 909 1169 980 quod
1218 916 1273 963 et
1305 908 1378 962 ita
1410 907 1606 962 factum
1650 916 1748 964 est.
1796 909 1880 963 llli
1919 927 2020 965 au-

405 1013 536 1069 tem,
569 1012 726 1060 nocte
754 1004 884 1058 illuc
936 1004 1242 1069 venientes,
1297 1002 1518 1075 quidam
1585 1017 1775 1055 eorum
1834 1000 2020 1055 abhis

404 1096 497 1166 qui
520 1096 575 1150 in
599 1094 829 1149 navibus
870 1100 1026 1147 erant
1080 1092 1404 1146 fluminibus
1437 1092 1683 1146 immersi
1717 1100 1865 1155 sunt,
1894 1090 2019 1161 qui-

403 1184 529 1240 dam
552 1186 717 1240 occisi
763 1191 911 1249 sunt,
962 1183 1055 1254 qui
1086 1190 1267 1236 autem
1324 1183 1391 1236 ad
1432 1182 1584 1237 littus
1626 1188 2017 1252 pervenerunt,

404 1274 474 1328 ab
497 1275 585 1329 his
611 1275 903 1346 quilittora
951 1272 1322 1328 observabant
1359 1270 1634 1324 interfecti
1687 1275 1834 1333 sunt,
1870 1268 2019 1323 nulla

407 1366 491 1419 eis
518 1365 627 1428 via,
656 1371 708 1419 et
762 1363 973 1418 nullum
1033 1361 1251 1414 devium
1312 1360 1380 1413 ab
1422 1360 1503 1412 eis
1566 1358 1797 1412 inveniri
1829 1360 2027 1428 potuit,

404 1458 536 1531 quin
562 1458 616 1511 in
643 1456 791 1510 omni
824 1456 945 1509 loco
971 1453 1212 1508 vindicta
1272 1451 1487 1507 Domini
1524 1467 1691 1520 super
1712 1466 1807 1505 eos
1829 1451 2013 1504 mani-

402 1552 541 1607 feste
572 1557 860 1611 maneret;
897 1548 970 1601 ita
1018 1546 1189 1600 etiam
1232 1552 1290 1599 ut
1348 1560 1458 1599 non
1518 1555 1640 1615 post
1674 1543 1872 1598 multos
1897 1545 2017 1598 dies

403 1658 561 1716 reges
592 1657 782 1697 eorum
849 1645 903 1692 et
957 1639 1237 1709 principes
1295 1635 1681 1706 comprehensi
1720 1642 1775 1689 et
1806 1635 1871 1688 ad
1912 1634 2017 1689 Ra-

401 1732 671 1787 tisbonam
746 1728 1014 1799 perducti,
1078 1728 1132 1780 in
1178 1727 1539 1801 ignominiam
1586 1725 1769 1799 gentis
1800 1740 2011 1791 eorum,

399 1836 523 1876 cum
551 1817 1074 1873 aliismultiseorum
1089 1814 1647 1887 comprovincialibus
1664 1816 1904 1886 equuleo
1922 1832 2017 1871 su-

401 1908 762 1981 spenderunt.

472 1998 613 2052 Xlll.
645 1998 757 2052 Rex
788 2006 971 2051 autem
1003 1994 1123 2050 Otto
1155 1994 1459 2065 potentiam
1519 1993 1573 2047 in
1629 1993 1739 2049 Deo
1791 2002 2008 2058 tenens,

402 2090 695 2144 ilenricum
714 2087 930 2141 fratrem
960 2101 1119 2139 suum
1153 2085 1475 2155 potestativa
1494 2100 1661 2139 manu
1694 2084 1748 2138 in
1782 2101 2010 2159 regnum

399 2181 763 2247 confirmavit,
787 2189 841 2235 et
870 2180 1054 2250 ipsein
1082 2179 1369 2234 Saxoniam
1390 2179 1583 2246 vietor,
1615 2179 1755 2235 sicut
1776 2180 2009 2245 solebat,

399 2278 791 2333 revertebatur.
846 2275 1208 2331 Venerandus
1276 2279 1460 2327 autem
1519 2272 1813 2343 episcolius
1850 2273 2011 2327 Udal-

401 2372 565 2437 riCus,
597 2387 720 2427 cum
744 2386 835 2424 rex
880 2369 949 2424 ab
977 2370 1221 2440 Augusta
1270 2366 1603 2430 discederet,
1628 2365 1759 2420 abiit
1793 2365 1860 2419 ad
1894 2366 2014 2421 loca

399 2464 495 2519 ubi
534 2462 742 2518 bellum
771 2470 1052 2533 peractum
1085 2466 1190 2525 est,
1230 2474 1485 2530 quarens
1514 2458 1834 2528 praedictum
1868 2458 2014 2513 Diet-

398 2556 622 2611 baldum
681 2554 901 2608 fratrem
955 2568 1114 2607 suum
1172 2559 1226 2606 et
1301 2550 1544 2605 nobilem
1607 2549 2009 2624 Reginboldum

396 2646 569 2703 filium
603 2645 808 2701 sororis
831 2661 943 2699 sua
964 2645 1091 2713 (47),
1117 2650 1171 2697 et
1197 2642 1487 2697 inveniens
1517 2657 1613 2696 eos
1630 2642 1697 2695 ad
1717 2647 2008 2717 Augustam

395 2738 670 2811 perduxit,
703 2746 758 2791 et
785 2736 841 2789 in
870 2735 1163 2789 ecclesiam
1216 2734 1430 2788 Sancta
1470 2732 1653 2787 Maria
1684 2739 1811 2787 ante
1841 2734 2009 2788 altare

391 2838 595 2886 sancta
634 2828 945 2898 Walpurga
984 2826 1212 2897 virginis
1242 2825 1296 2878 in
1328 2825 1461 2879 sede
1488 2824 1652 2878 unius
1717 2824 1869 2895 taphi
1902 2826 2009 2896 (48)

391 2923 586 2978 ambos
618 2919 855 2973 ﬁdeliter
901 2917 1173 2987 sepelivit.
1209 2917 1301 2970 llis
1350 2916 1441 2981 ita,
1491 2916 1632 2970 sicut
1667 2916 2009 2986 pralibatum

390 3021 494 3076 est,
526 3007 783 3080 peractis,
846 3006 1161 3076 episcopus,
1220 3004 1471 3076 quamvis
1524 3005 1708 3059 multis
1765 3006 2009 3061 adversis

391 3102 652 3177 fatigatus
674 3098 886 3166 fuisset,
938 3099 1079 3152 sicut
1107 3097 1314 3168 optime
1345 3097 1496 3152 omni
1534 3098 1775 3168 speranti
1805 3098 1862 3152 in
1896 3098 2006 3153 Deo

391 3191 574 3257 decet,
606 3190 766 3244 bona
823 3186 1216 3243 consolationis
1258 3184 1512 3241 effectum
1541 3203 1849 3253 assumens,
1878 3203 2004 3242 cum

389 3280 504 3335 suis
555 3284 891 3351 pertractare
929 3276 1095 3346 coepit
1133 3275 1370 3347 qualiter
1400 3275 1745 3330 imminentia
1806 3277 2006 3333 damna

391 3370 675 3443 aptissime
731 3382 996 3438 superare
1052 3366 1341 3436 potuisset.
1398 3364 1457 3418 In
1517 3364 1712 3435 primis
1770 3366 2007 3437 qualiter

392 3461 764 3534 depradatam
834 3458 1317 3533 congregationem
1395 3456 1719 3511 clericorum
1775 3465 2003 3512 susten-

393 3560 552 3617 taret,
575 3550 643 3604 ad
676 3548 1017 3619 implendum
1066 3546 1435 3600 ministerium
1468 3545 1855 3617 quotidianum
1888 3563 2004 3600 ser-

390 3646 510 3703 vitii
540 3644 709 3699 Dciin
749 3642 1005 3708 ecclesia,
1062 3641 1271 3696 sciebat
1318 3640 1467 3695 enim
1500 3656 1596 3695 cos
1627 3640 1834 3695 cibaria
1893 3656 2003 3696 non

388 3737 614 3817 habere,
638 3744 694 3790 et
725 3734 849 3789 ideo
887 3749 1011 3789 cum
1064 3732 1148 3786 his
1177 3748 1323 3803 qua,
1372 3732 1490 3800 ipse
1519 3731 1599 3785 sic
1636 3731 2006 3801 depradatus,

390 3830 595 3885 habere
628 3828 826 3900 potuit,
858 3835 912 3881 et
941 3841 1063 3897 qua
1102 3840 1132 3877 a
1163 3823 1448 3878 benevolis
1498 3823 1717 3893 populis
1746 3824 1795 3878 ei
1828 3831 2006 3879 trans-

390 3928 558 3982 missa
582 3935 711 3981 sunt
736 3932 792 3979 et
834 3923 1038 3985 oblata,
1072 3920 1293 3974 assidue
1338 3919 1393 3973 in
1448 3936 1546 3973 sua
1579 3920 1878 3990 praesentia
1910 3936 2006 3977 eos

386 4015 689 4071 secundum
768 4027 921 4066 suam
984 4008 1296 4063 facultatem
1367 4007 1630 4062 mandere
1690 4017 1745 4064 et
1808 4008 2001 4065 bibere

386 4108 535 4170 fecit,
559 4114 614 4162 et
661 4103 997 4160 omnimodis
1050 4101 1337 4170 adjutoriis
1391 4099 1678 4169 stabilivit,
1729 4117 1796 4156 eo
1824 4118 1999 4174 usque

384 4197 514 4251 dum
546 4212 610 4251 ex
655 4191 967 4262 semetipsis
1010 4188 1436 4261 depradationis
1467 4188 1743 4244 miseriam
1785 4196 1998 4261 tempe-

384 4294 662 4354 raverunt,
708 4295 764 4340 et
832 4285 952 4339 loca
1008 4298 1200 4337 eorum
1265 4298 1328 4336 ex
1398 4282 1593 4336 iterata
1650 4282 1997 4337 laboratione

2124 450 2439 519 decursum,
2500 456 2698 511 iterum
2769 459 3087 515 admonitus
3143 469 3202 517 ut
3258 465 3484 522 domum
3547 450 3764 527 Sancta

2124 545 2263 601 Afra
2311 548 2650 606 readificare
2682 568 2791 607 non
2838 556 3096 611 tardaret.
3164 558 3241 613 De
3281 561 3444 632 cujus
3475 563 3761 621 instaura-

2126 635 2275 689 tione
2331 653 2454 691 cum
2497 640 2804 709 sapissime
2843 650 3105 700 tractaret
3152 649 3391 719 qualiter
3436 667 3764 725 congruen-

2127 724 2337 780 tissime
2369 726 2484 781 fieri
2519 730 2804 797 potuisset,
2839 739 2892 787 et
2919 734 3158 804 qualiter
3183 738 3287 812 sub
3316 724 3602 810 positione
3631 761 3760 816 cry-

2127 825 2231 886 pta
2263 818 2588 875 orientalem
2645 824 2863 898 plagam
2931 828 3182 883 ecclesia
3218 834 3759 892 convenientissime

2125 908 2430 974 decorarat,
2468 919 2522 965 et
2553 914 2737 968 nullus
2802 917 3156 975 certitudinis
3216 921 3446 979 effectus
3478 927 3531 980 ei
3572 928 3761 985 animo

2124 998 2458 1067 irrepsisset,
2517 1002 2797 1059 continuis
2853 1006 3201 1064 orationibus
3251 1020 3307 1065 et
3357 1013 3594 1080 jejuniis
3624 1032 3754 1072 cum

2121 1088 2439 1145 domesticis
2505 1101 2559 1147 et
2612 1095 2888 1169 religiosis
2966 1101 3323 1171 presbyteris,
3383 1105 3755 1164 devotissime

2121 1178 2556 1235 misericordiam
2612 1183 2706 1237 Dei
2760 1193 2973 1242 secreto
3017 1189 3308 1259 deprecari
3362 1194 3535 1264 capit
3587 1204 3648 1252 ut
3700 1199 3755 1252 ei

2119 1275 2519 1323 monstraretur
2550 1271 2703 1325 locus
2726 1272 2778 1326 in
2797 1289 2907 1344 quo
2939 1291 3140 1346 corpus
3162 1286 3364 1335 sancta
3406 1282 3548 1337 Afra
3575 1286 3758 1341 collo-

2131 1364 2308 1411 catum
2351 1358 2564 1425 fuisset,
2595 1369 2649 1416 et
2678 1362 2723 1416 si
2751 1373 2999 1435 cryptam
3030 1368 3086 1422 in
3119 1384 3188 1424 eo
3212 1370 3333 1426 loco
3364 1373 3461 1427 ubi
3494 1375 3756 1433 voluntas

2117 1446 2237 1514 ejus
2267 1451 2600 1519 complacuit
2631 1452 2711 1507 fas
2755 1469 3093 1526 componere
3132 1470 3401 1517 maneret.
3452 1464 3517 1519 Ut
3544 1468 3757 1523 oratio-

2119 1553 2243 1593 nem
2277 1540 2395 1608 ejus
2425 1550 2480 1597 ct
2532 1543 2809 1612 jejunium
2862 1548 2931 1601 ad
2985 1565 3148 1605 aures
3199 1552 3414 1608 Domini
3458 1560 3755 1627 pervenire

2119 1630 2346 1685 dubium
2384 1650 2493 1689 non
2542 1644 2710 1703 esset,
2778 1641 3087 1696 secundum
3142 1646 3520 1703 cantationem
3561 1654 3741 1707 sancti

2120 1718 2287 1773 David
2321 1724 2609 1792 prophetae
2635 1741 2649 1778 :
2675 1728 2809 1780 Ecce
2831 1729 2975 1782 oculi
3012 1732 3231 1785 Domini
3255 1747 3419 1802 super
3449 1735 3656 1805 justas,
3698 1743 3754 1793 et

2116 1829 2273 1868 aures
2296 1816 2412 1884 ejus
2444 1820 2501 1870 in
2542 1835 2724 1887 preces
2782 1837 2963 1877 eorum
3003 1825 3170 1890 (Psal.
3227 1830 3436 1897 xxxm),
3503 1831 3749 1901 quadam

2116 1911 2275 1986 nocte
2308 1906 2361 1960 in
2397 1908 2511 1962 visu
2554 1910 2604 1964 ei
2635 1912 2832 1967 Sancta
2848 1912 2982 1968 Afra
3008 1918 3285 1986 apparuit,
3318 1925 3373 1973 et
3404 1920 3587 1976 locum
3620 1923 3749 1978 col-

2113 1979 2401 2053 loeationis
2424 2002 2670 2071 corporis
2699 2004 2839 2072 ejus,
2872 2006 3015 2061 sicut
3067 2007 3125 2062 in
3176 2009 3448 2080 scriptura
3466 2014 3751 2083 passionis

2114 2086 2235 2155 ejus
2263 2097 2345 2143 est
2365 2092 2648 2161 scriptum,
2701 2096 2771 2148 ab
2828 2097 3065 2170 Augusta
3103 2098 3325 2155 civitate
3375 2102 3431 2156 in
3493 2108 3747 2164 secundo

2115 2179 2370 2236 milliario
2417 2182 2471 2236 in
2520 2186 2758 2240 ecclesia
2786 2189 3126 2246 monstravit.
3179 2190 3434 2262 Cryptam
3465 2202 3648 2252 autem
3682 2199 3747 2253 in

2116 2271 2498 2339 praedestinato
2528 2275 2647 2330 loco
2676 2275 2794 2331 fieri
2820 2278 3125 2347 prohibuit,
3156 2290 3385 2352 propter
3413 2294 3742 2344 sanctorum

2115 2358 2399 2430 reliquias,
2429 2379 2551 2433 qua
2583 2364 2638 2417 in
2668 2365 2761 2421 illo
2789 2366 2909 2422 loco
2929 2366 2985 2421 in
3018 2369 3213 2440 requie
3236 2370 3383 2426 diem
3416 2380 3747 2446 exspectare

2113 2447 2319 2505 debent
2341 2450 2559 2519 judicii.
2594 2453 2702 2508 Hac
2766 2456 3101 2513 revelatione
3131 2461 3432 2530 perdoctus
3461 2466 3596 2536 quid
3625 2468 3739 2523 sibi

2112 2546 2263 2594 esset
2294 2538 2631 2609 faciendum,
2661 2560 2849 2601 muros
2870 2561 2935 2600 ex
2964 2548 3202 2604 maxima
3235 2559 3389 2621 parte
3416 2554 3486 2609 ab
3516 2556 3748 2629 ignibus

2111 2628 2398 2698 depositos
2425 2645 2549 2684 cum
2576 2646 2773 2703 magna
2816 2632 3168 2692 festinatione
3218 2628 3555 2700 readiﬁcare
3584 2645 3741 2715 fecit,

2112 2728 2166 2776 et
2191 2722 2362 2793 priori
2391 2723 2673 2779 altitudini
2715 2743 3029 2784 mensuram
3062 2732 3229 2788 unius
3257 2735 3429 2792 cubiti
3456 2754 3740 2812 superpo-

2110 2813 2238 2880 suit,
2296 2823 2594 2887 eryptaque
2661 2821 2987 2892 congruenti
3040 2823 3439 2881 occidentalem
3518 2839 3733 2900 partem

2110 2906 2360 2961 ecclesia
2385 2908 2685 2977 decoravit,
2742 2927 2909 2982 super
2962 2913 3197 2970 aedificia
3225 2916 3280 2971 in
3307 2934 3408 2973 sua
3436 2925 3739 2990 praesentia

2110 3004 2267 3053 caute
2288 3008 2621 3068 mensurata,
2654 3019 2873 3059 summo
2902 3004 3084 3062 studio
3101 3006 3349 3065 incidere
3376 3018 3431 3066 et
3453 3014 3740 3072 adducere

2110 3091 2391 3161 pracepit,
2421 3100 2479 3147 et
2504 3110 2615 3149 non
2648 3095 2885 3151 tardavit
2922 3097 3102 3155 donec
3154 3100 3482 3159 imbricibus
3509 3121 3632 3161 eam
3666 3123 3739 3164 ex

2106 3187 2220 3237 toto
2251 3184 2559 3254 cooperuit,
2611 3193 2667 3241 et
2694 3187 2924 3243 interius
2952 3190 3129 3245 adem
3158 3194 3409 3249 ecclesia
3433 3196 3740 3269 laqueariis

2104 3274 2344 3338 vestivit,
2385 3284 2440 3330 et
2492 3276 2674 3332 lucida
2715 3278 2927 3349 pictura
2975 3281 3274 3346 decoravit.
3317 3292 3374 3341 et
3405 3299 3740 3346 ornamenta

2105 3365 2374 3434 ecclesia,
2397 3384 2521 3439 qua
2552 3375 2774 3440 propter
2795 3371 3061 3428 barbaros
3098 3374 3156 3429 in
3186 3376 3463 3437 civitatem
3507 3379 3738 3438 fuerant

2108 3457 2415 3528 deportata,
2448 3466 2504 3516 et
2560 3460 2618 3516 in
2674 3463 2883 3520 matrici
2922 3465 3160 3522 ecclesia
3216 3477 3453 3538 servata,
3513 3474 3738 3530 restitui

2106 3548 2254 3604 fecit.

2173 3637 2304 3694 XIV.
2338 3638 2508 3705 Quam
2542 3640 2598 3695 in
2664 3658 2863 3718 magna
2915 3644 3305 3705 observatione
3336 3649 3431 3706 Dei
3459 3651 3552 3707 ille
3574 3652 3737 3711 locus

2109 3726 2393 3783 orientalis
2422 3730 2593 3799 partis
2634 3732 2882 3788 ecclesia
2931 3750 3151 3807 semper
3203 3746 3425 3796 maneat
3452 3742 3621 3798 certis
3657 3744 3734 3801 sit

2109 3816 2331 3871 indiciis
2361 3817 2792 3889 manifestatum,
2844 3822 2934 3877 hic
2972 3824 3108 3880 mihi
3159 3842 3468 3902 congruum
3509 3831 3735 3889 videtur

2107 3904 2410 3961 innectere.
2472 3905 2704 3970 Quidam
2744 3910 3069 3967 hortulanus
3127 3915 3355 3972 nomine
3384 3918 3730 3990 Adelpoldus

2106 3995 2180 4049 ibi
2209 3996 2617 4054 deambulando
2647 3999 2793 4056 inter
2836 4003 3086 4074 gramina
3138 4006 3458 4076 speluncam
3490 4009 3727 4079 invenit,

2103 4084 2157 4139 in
2186 4102 2351 4157 quam
2384 4086 2591 4142 intrans
2614 4087 2908 4146 formosam
2955 4092 3244 4149 aediculam
3276 4096 3380 4151 sub
3413 4104 3559 4154 terra
3587 4116 3722 4156 mu-

2100 4185 2269 4233 ratam
2292 4180 2597 4251 conspexit,
2631 4190 2686 4237 et
2727 4184 2960 4239 veniens
2989 4186 3261 4243 nuntiavit
3299 4190 3590 4262 episcopo,
3626 4194 3722 4249 di-

2098 4283 2266 4323 cens:
2298 4288 2317 4317 ι
2350 4268 2409 4322 In
2441 4268 2679 4325 hocloco
2696 4286 2917 4341 possum
2941 4273 3091 4329 olera
3105 4291 3228 4330 mea
3249 4285 3305 4333 et
3332 4275 3441 4333 alia
3456 4294 3730 4338 necessa-

380 4374 798 4432 sustentationis
826 4371 1137 4426 subsidium
1162 4371 1464 4425 attulerunt
1496 4388 1509 4423 :
1538 4386 1637 4424 sua
1660 4377 1843 4426 autem
1874 4371 1996 4426 loca

2111 4355 2480 4426 riareponere.
2500 4381 2520 4403 η
2546 4356 2640 4412 Cui
2660 4358 2751 4414 ille
2774 4362 3059 4432 respondit
3084 4363 3716 4435 denuntiando,dicens:

382 4466 608 4542 ignibus
633 4469 825 4518 exusta
842 4471 897 4517 et
925 4460 1268 4531 consumptis
1317 4459 1571 4533 frugibus
1610 4459 1668 4513 in
1698 4460 1995 4517 desolatio-

383 4576 508 4616 nem
539 4559 777 4623 redacta,
800 4554 1062 4610 studiosis
1087 4553 1367 4608 laboribus
1394 4553 1450 4606 in
1481 4553 1627 4628 agris
1658 4561 1713 4607 et
1750 4552 1998 4609 adificiis

380 4664 646 4705 renovare
672 4645 942 4718 praecipit,
974 4642 1276 4699 strenuitas
1295 4648 1476 4696 autem
1508 4641 1730 4697 familia
1754 4642 1992 4714 jussioni

378 4744 499 4814 ejus
533 4740 800 4813 parendo,
840 4738 921 4793 sic
978 4737 1287 4802 inchoabat,
1346 4742 1400 4790 et
1446 4751 1691 4810 congruo
1746 4742 1993 4806 tempore

376 4833 627 4890 utilitatis
658 4848 780 4900 usu,
812 4836 1079 4902 quantum
1107 4826 1443 4898 possibilitas
1472 4825 1806 4895 sufficiebat,
1829 4827 1993 4881 resti-

375 4927 494 4990 tuit,
522 4923 819 4979 Ecclesiam
867 4929 1049 4977 autem
1080 4921 1291 4976 Sancta
1343 4918 1502 4987 Afra,
1535 4934 1659 4990 qua
1689 4936 1720 4973 a
1758 4918 1991 4993 paganis

375 5015 554 5071 fuerat
598 5019 859 5074 cremata,
914 5010 1093 5065 adhuc
1146 5006 1478 5085 readificata
1534 5024 1643 5064 non
1693 5015 1831 5076 erat,
1892 5008 1989 5064 sed

373 5104 653 5179 tugurium
702 5098 980 5177 glossibus
1024 5099 1128 5170 (49)
1173 5104 1378 5152 tectum
1441 5097 1631 5152 altaria
1681 5099 1750 5153 ab
1794 5096 1989 5151 imbri-

372 5192 477 5248 bus
506 5200 562 5247 et
586 5188 1023 5260 intemperiebus
1072 5186 1409 5242 defendebat
1455 5187 1809 5258 ;sepulcrum
1843 5186 1988 5240 Sim-

372 5285 515 5358 perti
546 5280 820 5354 episcopi,
854 5280 909 5334 in
940 5280 1100 5336 thoro
1120 5279 1276 5348 juxta
1301 5278 1505 5353 gradus
1554 5279 1744 5346 situm,
1806 5279 1986 5334 adhuc

2104 4466 2127 4497 (ι
2146 4446 2199 4501 Si
2227 4446 2330 4502 hoc
2357 4447 2509 4515 facis,
2538 4465 2759 4505 sensum
2777 4460 2832 4507 ct
2851 4453 3173 4524 sospitatem
3196 4456 3570 4515 membrorum
3602 4467 3726 4518 tuo-

2100 4553 2219 4591 rum
2253 4543 2302 4591 te
2320 4537 2553 4607 perdere
2584 4537 2815 4593 dubium
2847 4556 2959 4596 non
2982 4549 3083 4598 est.
3112 4566 3139 4594 ιο
3179 4543 3508 4601 Hortulanus
3532 4556 3723 4606 autem

2097 4624 2278 4679 verbis
2293 4625 2540 4697 episcopi
2580 4642 2690 4682 non
2721 4628 2976 4699 credens,
3008 4630 3131 4686 sine
3160 4631 3282 4703 ejus
3312 4631 3538 4689 licentia
3570 4653 3723 4707 pra-

2096 4719 2231 4774 fatas
2258 4720 2426 4774 resin
2476 4720 2729 4776 eamdem
2780 4724 3062 4794 speculam
3120 4739 3461 4800 congregare
3492 4731 3713 4802 coepit;

2093 4816 2199 4871 hoc
2227 4815 2481 4871 faciendo
2510 4832 2732 4871 sensum
2778 4833 2901 4872 cum
2956 4819 3147 4874 auditu
3195 4827 3251 4875 et
3278 4821 3399 4877 visu
3443 4825 3714 4893 perdidit.

2094 4910 2399 4966 Hocautem
2429 4927 2553 4966 cum
2608 4910 2874 4985 episcopo
2932 4914 3244 4970 nuntiatum
3287 4914 3503 4983 fuisset,
3544 4920 3720 4988 jussit

2090 5008 2291 5063 adduci
2311 5007 2415 5063 sibi
2448 5009 2879 5077 hortulanum,et
2902 5011 3038 5067 dixit
3062 5011 3151 5067 ei:
3185 5036 3208 5060 ιι
3245 5013 3719 5088 Quareoccupare

2088 5094 2314 5150 voluisti
2369 5096 2522 5151 illum
2570 5106 2820 5154 sanctum
2877 5099 3083 5166 locum,
3142 5103 3461 5172 spernendo
3521 5122 3717 5165 meum

2090 5193 2426 5258 praeceptum
2452 5185 2481 5240 ?
2507 5208 2531 5237 ν
2563 5187 2658 5243 Cui
2676 5188 2791 5256 ille,
2814 5191 3065 5262 quamvis
3088 5207 3255 5247 sensu
3282 5202 3496 5251 careret
3525 5197 3716 5254 :cNon

2088 5280 2438 5350 inﬁcior,ait;
2456 5284 2572 5339 scio
2604 5284 2753 5339 enim
2772 5285 2920 5357 quod
2943 5302 3043 5358 pro
3063 5286 3155 5343 illo
3177 5295 3352 5355 reatu,
3383 5292 3533 5360 quod
3556 5309 3718 5350 man-

368 5376 487 5433 sine
511 5383 656 5432 tecto
685 5371 1005 5427 remanebat
1036 5390 1049 5424 :
1083 5371 1151 5425 de
1192 5371 1349 5439 cujus
1393 5372 1742 5442 Operimento
1791 5372 1845 5425 in
1899 5371 1982 5426 vi-
2082 5376 2223 5431 datis
2255 5376 2361 5431 tuis
2391 5393 2502 5433 non
2532 5377 2774 5443 obedivi,
2833 5379 2990 5435 istam
3026 5381 3438 5438 tribulationem
3471 5386 3709 5444 incurri.

367 5460 522 5521 sione
565 5458 906 5526 admonitus,
960 5460 1125 5533 lignis
1179 5474 1329 5513 more
1377 5459 1625 5529 eperculi
1684 5468 1799 5516 arte
1850 5475 1985 5517 con-

433 5592 540 5659 (46)
571 5589 693 5654 AL,‘
714 5586 1089 5659 Bavariorum.

431 5652 537 5727 (47)
557 5652 895 5727 Luitgarda.

2087 5464 2708 5535 Cujustribulationibus
2720 5468 3031 5527 benevolus
3048 5470 3350 5543 episcopus
3371 5475 3711 5547 condolens,

2156 5594 2265 5664 (48)
2295 5593 2565 5664 Sepulcri.

2158 5664 2270 5734 (49)
2294 5663 2396 5719 Pro
2422 5665 2720 5723 scandulis.
