3978 6214
171 338 185 389 l
196 336 294 392 037

1754 323 1922 378 V’ITA.

3358 331 3381 384 1
3392 329 3496 387 038

167 463 560 537 indulgentiam
592 461 781 515 eicum
818 458 1202 512 benedictione
1235 457 1468 519 donans,
1503 457 1611 509 Deo
1635 470 1776 508 con-
1805 453 1860 521 Α
1887 451 1974 505 His
2004 452 2184 505 verbis
2215 452 2444 521 expletis
2472 452 2769 523 episcopus
2799 455 3084 519 remeavit,
3117 459 3172 508 et
3199 461 3497 526 antequam

167 558 416 620 cedente,
442 554 665 608 sanitati
700 551 933 605 restituit
977 548 1222 602 Mirabile
1257 547 1438 602 dictu!
1469 548 1556 600 ille
1587 548 1781 599 hortu-

167 650 321 702 lanus
345 653 536 716 postea
563 643 710 697 illam
763 641 1082 710 Speluncam
1133 640 1284 693 nullo
1322 638 1488 691 modo
1537 636 1783 689 invenire

169 735 363 805 potuit.
391 735 585 787 Postea
618 739 798 785 autem
829 730 1124 799 episcOpns
1159 726 1579 797 pollinctorilms
1607 741 1782 778 accer-

167 825 306 888 citis,
353 824 406 876 in
439 820 662 876 australi
697 826 848 889 parte
888 817 1176 870 exterioris
1231 816 1372 869 nmri
1414 815 1660 868 ecclesiae
1699 829 1786 866 se-

168 916 416 986 pulcrum
475 914 577 968 sibi
628 913 816 966 fodere
867 919 918 963 et
968 910 1208 963 exterius
1257 925 1410 962 nmro
1442 910 1685 980 cingere;
1733 914 1786 958 et

168 1013 423 1075 perrupto
483 1018 638 1056 muro
678 1001 924 1054 ecclesia!
977 1016 1161 1053 arcum
1222 1008 1486 1052 muratum
1548 999 1790 1068 desuper

166 1111 390 1150 curvare
426 1092 707 1163 praecepit,
760 1101 812 1144 et
853 1107 1029 1143 arcam
1087 1098 1265 1159 aptam
1326 1105 1657 1159 componere
1719 1089 1787 1142 ad

167 1183 597 1254 cooperiendum
631 1197 829 1248 corpus
863 1180 915 1232 in
967 1180 1241 1248 sepulcro,
1284 1186 1334 1230 et
1367 1178 1590 1246 insuper
1620 1178 1784 1232 tabu-

169 1281 335 1333 latum
378 1278 632 1341 dcnsum,
686 1275 850 1346 longo
911 1281 1155 1343 tempore
1218 1271 1575 1342 imputribile,
1633 1279 1790 1324 cauta

172 1369 567 1438 conjunctione
605 1368 840 1420 vinctum
874 1366 1175 1436 superponi
1209 1366 1468 1418 decrevit.
1519 1365 1607 1416 llis
1651 1379 1792 1432 prte-

174 1458 549 1530 parationibus
628 1457 1011 1526 exsequiarum
1116 1472 1337 1509 suarum
1442 1453 1785 1524 perpetratis,

174 1555 325 1611 omni
368 1551 718 1606 bebdomada
777 1550 978 1603 dehinc
1010 1550 1187 1620 ipsum
1223 1551 1397 1603 locum
1435 1548 1522 1600 die
1568 1547 1793 1599 Veneris

171 1648 416 1712 visitare,
471 1652 525 1698 et
577 1644 652 1696 ibi
705 1643 912 1696 hostias
966 1641 1248 1695 immolare
1299 1648 1601 1695 consuetus
1656 1646 1791 1702 erat,

175 1739 222 1793 si
254 1738 360 1792 alia
393 1737 574 1807 aliqua
609 1735 654 1788 ei
686 1734 975 1803 occupatio
1014 1732 1099 1787 vel
1141 1732 1392 1785 absentia
1435 1729 1798 1800 impedimen-

1885 541 2080 594 iterum
2113 542 2360 595 eamdem
2391 542 2584 596 cellam
2617 543 2946 610 revisitaret,
2983 543 3336 600 Eberhardus
3374 545 3501 599 feli-

1886 634 2020 687 citer
2049 634 2302 707 migravit
2341 650 2370 687 a
2399 635 2620 689 saeculo.

1956 734 2058 786 XV.
2121 734 2422 805 [legionem
2481 750 2699 804 quoque
2756 734 3196 808 Burgundiorum
3249 741 3500 803 tempore

1889 825 1994 878 alio
2053 825 2205 889 adiit,
2240 833 2292 878 et
2325 825 2390 878 ad
2443 824 2850 895 Agaunensium
2909 824 3086 879 locum
3145 824 3239 878 ubi
3278 832 3501 878 sanctus

1891 912 2172 966 Mauritius
2204 929 2324 967 cum
2367 914 2483 966 suis
2525 914 2856 984 sequacibus
2899 922 3117 985 prOpter
3149 929 3349 968 nomen
3402 914 3503 968 Do-

1893 1001 2024 1055 mini
2055 1002 2374 1071 martyrium
2408 1003 2662 1072 sumpsit,
2713 1019 2927 1076 magna:
2971 1002 3290 1057 humilitatis
3321 1003 3500 1057 studio

1891 1097 2142 1150 visitavit.
2168 1097 2265 1160 Qui
2294 1105 2454 1150 antea
2488 1114 2518 1150 a
2557 1112 2684 1168 rege
2711 1095 3160 1169 Burgundionum
3186 1095 3504 1167 promissio-

1893 1207 2019 1244 nem
2052 1191 2284 1259 accepit,
2318 1198 2374 1244 ut
2403 1209 2574 1246 unum
2607 1192 2674 1245 de
2704 1193 2909 1246 sanctis
2936 1192 3270 1263 martyribus
3298 1207 3364 1244 ex
3386 1191 3506 1259 ejus

1893 1282 2113 1336 datione
2143 1292 2195 1336 et
2221 1283 2492 1350 adjutorio
2529 1283 2655 1338 inde
2700 1285 2764 1338 ad
2801 1287 3096 1358 Augustam
3145 1283 3348 1338 referre
3389 1300 3508 1338 me-

1893 1379 2126 1425 reretur.
2185 1371 2398 1425 Etcum
2442 1373 2570 1426 illuc
2615 1372 2703 1426 die
2745 1373 2966 1427 Sabbati
3015 1373 3345 1444 perveniret,
3401 1388 3513 1426 mo-

1894 1461 2188 1514 nasterium
2241 1462 2454 1515 noviter
2482 1478 2512 1515 a
2544 1461 2860 1516 Sarracenis
2903 1468 3153 1516 exustum
3197 1461 3427 1527 invenit,
3459 1467 3514 1514 et

1897 1548 2105 1602 nullum
2150 1549 2218 1603 de
2253 1550 2651 1605 habitatoribus
2710 1551 2782 1605 ibi
2825 1552 3130 1622 conspexit,
3191 1552 3296 1606 nisi
3338 1568 3510 1606 unum

1897 1638 2031 1691 aedis
2062 1639 2278 1692 {edilem
2322 1639 2414 1708 [αι.
2449 1640 2701 1709 senilem]
2737 1641 3080 1694 combustum
3112 1641 3505 1695 monasterium

1900 1727 2322 1780 custodientem.
2361 1726 2602 1798 Cumque
2659 1728 2751 1782 ille
2803 1744 3010 1783 sacram
3041 1737 3252 1783 noctem
3311 1731 3364 1784 in
3418 1730 3510 1783 Dei

177 1778 222 1793 ο.
254 1778 360 1792 ......
610 1778 654 1788 κ.
687 1778 972 1803 μων-..γ
1911 1778 1918 1779 κ
3419 1778 3510 1783 _-_

177 1839 289 1883 tum
340 1842 448 1880 non
491 1824 636 1878 fecit.
675 1825 886 1876 Interea
919 1837 1045 1874 vero
1087 1822 1180 1875 Dei
1211 1822 1451 1874 donante
1503 1818 1793 1873 clementia
1821 1778 1873 1846 B
1901 1814 2154 1869 laudibus
2187 1816 2260 1868 ibi
2296 1824 2664 1886 permaneret,
2713 1826 2765 1872 et
2794 1834 2954 1872 mane
2995 1835 3116 1872 cum
3151 1819 3335 1873 radius
3381 1819 3515 1874 solis

179 1923 308 1974 istas
347 1919 603 1990 regiones
647 1914 944 1969 concordia
985 1914 1132 1984 pacis
1163 1913 1486 1973 illustrabat,
1529 1918 1582 1964 et
1621 1911 1796 1964 benc-

177 2009 331 2063 volas
354 2014 568 2060 mentes
590 2006 744 2060 turba
779 2003 1222 2074 persecutionum
1257 2019 1286 2054 a
1319 2001 1411 2054 Dei
1436 2000 1660 2054 servitio
1685 2015 1794 2052 non

177 2096 533 2168 prohibebat,
589 2093 712 2147 ideo
747 2093 863 2162 ipse
926 2091 1148 2145 Romam
1181 2107 1409 2163 pergere
1448 2089 1709 2154 decrevit,
1743 2097 1798 2141 et

178 2190 309 2242 illuc
341 2187 576 2242 feliciter
603 2184 870 2254 pervenit,
916 2181 1214 2253 liminaque
1257 2183 1538 2236 beatorum
1566 2188 1793 2252 aposto-

181 2284 360 2337 lorum
419 2278 558 2332 Petri
611 2285 661 2330 et
699 2276 848 2329 Pauli
910 2275 1220 2328 devotionis
1278 2275 1461 2329 studio
1518 2273 1801 2327 humiliter

182 2369 446 2430 visitavit,
483 2367 670 2437 ibique
714 2364 972 2435 precibus
1003 2364 1262 2434 profusis,
1295 2364 1801 2434 eleemosynarum-

184 2478 294 2533 que
341 2460 587 2530 largitate
629 2457 969 2528 pauperibus
1023 2456 1360 2525 dispensata,
1425 2455 1493 2510 ab
1554 2454 1802 2508 Alberico

189 2550 445 2620 principe
479 2547 845 2600 Romanorum
884 2544 1189 2600 honorifice
1231 2550 1518 2614 susceptus
1569 2551 1670 2608 est,
1705 2543 1807 2597 fre-

187 2636 492 2708 quentique
521 2635 828 2687 ministerio
856 2642 908 2688 et
929 2634 1206 2687 oblatione
1235 2633 1563 2696 cumulatus,
1599 2633 1809 2702 aliquot

188 2725 311 2778 dies
356 2724 431 2776 ibi
483 2724 821 2792 perduravit.
869 2722 1108 2792 Cumque
1142 2721 1216 2774 ibi
1249 2722 1514 2775 morando
1551 2721 1812 2790 reliquias

190 2822 508 2871 sanctorum
560 2833 619 2869 se
670 2817 808 2869 velle
869 2831 1183 2884 comparare
1239 2815 1552 2877 indicasset,
1587 2814 1809 2884 quidam

194 2908 433 2963 clericus
459 2908 543 2969 lad
581 2923 704 2959 eum
736 2906 980 2969 veniens,
1027 2906 1278 2975 perduxit
1318 2923 1442 2959 eum
1502 2907 1555 2959 in
1589 2905 1813 2959 silentio

197 2998 377 3053 noctis
411 2997 500 3050 ubi
542 3003 704 3065 caput
735 2996 915 3048 Sancti
949 2994 1162 3047 Abundi
1197 2996 1447 3065 martyris
1493 2996 1547 3049 in
1577 2996 1810 3066 quadam

195 3090 435 3146 ecclesia
466 3089 622 3142 altari
647 3089 917 3141 inclusum
947 3089 1288 3153 servabatur,
1314 3089 1469 3156 cujus
1499 3088 1814 3158 passionem

193 3184 246 3236 ei
276 3180 601 3244 ostendens,
635 3187 689 3232 et
728 3186 892 3248 caput
939 3187 1300 3248 pra:sentans,
1351 3187 1694 3233 sacramento
1725 3179 1815 3233 tir-

200 3275 452 3328 mitatem
484 3271 610 3325 fecit
638 3288 805 3341 super
836 3271 1118 3341 reliquias,
1138 3289 1274 3341 quas
1305 3272 1597 3342 episc0pus
1629 3288 1815 3325 secum

203 3363 485 3425 attulerat,
523 3361 770 3428 ejusdem
821 3361 1032 3413 Abundi
1083 3368 1248 3430 caput
1289 3378 1409 3414 esse
1448 3362 1605 3429 cujus
1639 3361 1820 3430 passio

211 3456 638 3530 praesentialiter
668 3455 765 3508 fuit
813 3456 1068 3524 perlecta.
1114 3453 1245 3509 Cum
1284 3463 1462 3509 autem
1505 3472 1825 3509 sacramen-

215 3559 328 3603 tum
347 3555 628 3618 pcractum
645 3545 887 3599 audisset
911 3546 1224 3615 episcopus,
1245 3546 1497 3615 placitam
1521 3545 1831 3598 mercedem

210 3641 419 3696 clerico
460 3638 710 3704 donavit,
755 3644 1028 3706 caputque
1085 3637 1253 3690 sancti
1288 3637 1503 3690 Abundi
1535 3637 1833 3707 accipiens,

214 3731 283 3785 ad
329 3732 628 3804 Augustam
661 3742 848 3780 secum
895 3727 1215 3796 reportavit,
1249 3727 1437 3797 ibique
1483 3727 1549 3780 ad
1581 3728 1838 3781 consola-

213 3827 428 3880 tionem
448 3823 746 3877 multorum
768 3822 1006 3893 gloriose
1038 3822 1278 3875 inclusit.
1303 3822 1693 3876 Monasterinm
1713 3836 1842 3875 vero

1899 1907 2136 1976 primum
2187 1907 2462 1962 latitudini
2497 1916 2656 1964 terra:
2697 1911 2870 1964 lucem
2909 1910 3241 1965 diffunderet
3286 1912 3511 1966 missam

1899 1998 1966 2050 (le
2011 1999 2207 2052 Sancta
2261 2000 2522 2054 Trinitate
2555 2001 2889 2066 celebravit;
2945 2019 3052 2073 qua
3094 2003 3331 2074 expleta,
3392 2019 3514 2058 cum

1900 2087 2122 2140 alteram
2156 2088 2339 2142 statim
2373 2089 2713 2144 venerationi
2754 2091 2865 2144 diei
2896 2091 3162 2146 Dommici
3214 2108 3519 2164 congruen-

1903 2187 2010 2233 tem
2039 2180 2321 2235 celebrare
2348 2182 2625 2252 coepisset,
2657 2182 2949 2238 duodecim
2981 2184 3166 2238 clerici
3192 2201 3313 2238 cum
3339 2183 3520 2239 multi-

1903 2270 2095 2324 tudine
2127 2271 2318 2341 populi
2351 2271 2710 2325 advenientes
2741 2271 3035 2326 ministerii
3076 2273 3160 2326 sui
3189 2272 3517 2327 celebratio-

1906 2379 2030 2417 nem
2063 2362 2354 2416 audientes
2405 2363 2780 2433 perstiterunt.
2839 2363 2953 2428 Quo
2997 2371 3240 2435 peracto,
3300 2372 3523 2419 sanctus

1908 2457 2202 2527 episc0pus
2247 2457 2471 2511 eosdem
2533 2456 2727 2511 fratres
2766 2457 3038 2524 salutavit,
3094 2465 3148 2513 et
3203 2459 3525 2513 muneribus

1910 2547 2216 2610 honoravit,
2249 2554 2301 2600 et
2357 2546 2428 2600 ob
2460 2563 2621 2618 quam
2673 2563 2789 2601 rem
2825 2547 2953 2602 illuc
3010 2547 3294 2602 deveniret
3333 2557 3524 2602 notum

1913 2638 2057 2692 fecit.
2090 2639 2185 2702 Qui
2229 2639 2522 2693 hilaritatis
2552 2640 2672 2708 ejus
2723 2639 3076 2694 dulcedinem
3127 2648 3181 2695 et
3223 2640 3528 2695 sanctitatis

1916 2733 2242 2806 religionem
2284 2731 2706 2801 persentientes,
2765 2748 2834 2786 ne
2889 2731 3201 2787 delectabili
3251 2732 3530 2786 desiderio

1917 2827 2164 2899 privatus
2220 2827 2416 2890 abiret,
2499 2833 2689 2898 aperta
2765 2827 3146 2882 collocationis
3216 2834 3531 2882 sanctorum

1919 2915 2186 2983 spelunca
2213 2914 2269 2966 in
2295 2915 2524 2984 scopulo
2555 2914 2761 2981 exciso,
2781 2915 3016 2984 plurima
3044 2921 3195 2986 parte
3226 2920 3534 2970 sanctarum

1921 3005 2282 3074 reliquiarum
2318 3006 2580 3060 donatum
2612 3006 3048 3062 lzetificaverunt.
3075 3006 3205 3060 Cum
3238 3022 3368 3060 vero
3387 3013 3540 3075 opta-

1919 3092 2014 3145 bili
2065 3093 2288 3146 licentia
2321 3094 2645 3149 clcricorum
2702 3103 2755 3150 et
2801 3095 3180 3150 amantissima
3221 3094 3546 3149 dimissione

1921 3185 2108 3253 p0puli
2153 3184 2283 3238 inde
2332 3187 2559 3252 rediret,
2611 3186 2985 3242 Constantiam
3059 3187 3338 3242 civitatem
3382 3202 3545 3241 causa

1919 3274 2187 3328 orationis
2216 3275 2474 3335 visitavit.
2523 3283 2575 3330 et
2606 3276 2736 3330 inde
2781 3277 2850 3330 ad
2896 3277 3124 3350 Augiam
3186 3277 3418 3330 insulam
3452 3291 3548 3330 ve-

1929 3367 2027 3428 nit,
2061 3373 2114 3420 et
2164 3366 2231 3419 ab
2263 3367 2520 3422 Aleuvico
2566 3368 2761 3422 abbate
2817 3368 3137 3422 charitative
3176 3375 3465 3438 susceptus
3495 3373 3552 3422 et

1931 3455 2264 3510 omnimodis
2291 3456 2596 3511 commodis
2626 3457 2767 3510 bene
2802 3465 3128 3526 procuratus
3157 3463 3259 3512 est.
3302 3455 3548 3526 Cumque

1935 3545 2152 3598 amabili
2193 3544 2471 3615 colloquio
2503 3545 2643 3599 inter
2697 3562 2756 3598 se
2797 3545 3323 3611 sermocinarentur,
3365 3544 3554 3599 omnia

1939 3653 2058 3706 qua:
2091 3636 2137 3688 ei
2164 3636 2218 3688 in
2250 3635 2446 3689 itinere
2487 3635 2806 3690 acciderunt
2829 3643 2958 3690 nota
2990 3635 3136 3691 fecit.
3161 3636 3554 3691 Benevolentia

1941 3738 2125 3784 autem
2153 3728 2389 3794 abbatis,
2431 3745 2551 3782 cum
2582 3728 2800 3782 audiret
2838 3744 2963 3782 eum
3003 3745 3102 3799 pro
3133 3744 3319 3784 amore
3346 3735 3558 3783 sancta-

1947 3839 2061 3876 rum
2093 3820 2473 3891 exsequiarum
2498 3821 2663 3885 exire,
2718 3819 2997 3875 desiderio
3029 3819 3150 3888 ejus
3189 3819 3557 3886 satisfaciens,

219 3917 402 3972 Sancti
437 3915 572 3968 Galli
615 3914 707 3968 ubi
738 3914 826 3968 ille
867 3915 1129 3967 scientias
1161 3915 1468 3968 litterarum
1513 3914 1688 3968 fuerat
1720 3930 1847 3984 per-

225 4011 422 4064 doctus
471 4006 691 4061 assidue
744 4006 1004 4070 visitavit,
1078 4005 1266 4076 ibique
1330 4007 1440 4060 Deo
1484 4006 1851 4060 militantibus

230 4098 530 4153 crenobitis
578 4096 889 4150 convivium
923 4095 1070 4150 fecit.
1108 4103 1160 4148 et
1190 4096 1318 4149 inde
1350 4096 1416 4148 ad
1458 4096 1649 4149 cellam
1679 4095 1850 4148 sancti

239 4188 539 4261 Meginardi
584 4188 844 4258 perrexit,
879 4187 946 4240 ad
976 4186 1279 4239 videndum
1318 4203 1535 4240 servum
1582 4187 1676 4240 Dei
1724 4203 1854 4240 san-

239 4294 390 4340 ctum
453 4283 844 4346 Eberhardum,
881 4281 1109 4351 ejusque
1158 4282 1584 4336 necessitatibus
1638 4282 1856 4353 sibique

239 4372 509 4437 subjectis
541 4371 825 4426 monachis
878 4370 1316 4424 subveniendum
1355 4371 1409 4424 in
1439 4373 1862 4442 quibuscunque

245 4462 429 4533 potuit
457 4477 645 4513 eorum
689 4475 1023 4531 cognoscere
1069 4459 1428 4512 voluntatem.
1491 4460 1687 4514 Ultima
1735 4474 1862 4512 vero

245 4550 388 4613 vice,
408 4548 969 4610 Eberhardoviventc,
995 4564 1117 4602 cum
1145 4547 1272 4600 inde
1287 4549 1544 4603 recedere
1563 4548 1863 4613 debuisset,

247 4637 466 4707 expleta
480 4636 817 4689 multimodze
835 4635 1191 4689 amabilitatis
1215 4636 1510 4703 locutione,
1528 4646 1867 4706 acceptoque

248 4746 374 4785 cum
407 4728 748 4783 orationibus
774 4728 828 4780 in
857 4728 1090 4781 ecclesia
1125 4729 1416 4797 permisso,
1451 4729 1519 4782 ad
1553 4729 1865 4782 vehiculum

251 4838 365 4877 suae
394 4820 782 4890 reportationis
812 4836 1067 4892 egressus
1081 4830 1191 4884 est;
1221 4837 1455 4891 cumque
1481 4830 1700 4891 paratus
1727 4829 1871 4875 esset

255 4913 322 4965 ad
339 4909 704 4983 pergendum,
722 4915 772 4962 et
791 4924 855 4963 eo
869 4909 959 4962 die
976 4918 1224 4964 sanctum
1247 4909 1620 4964 Eberhardum
1637 4910 1871 4980 amplius

257 5003 445 5058 videre
475 5018 582 5056 non
613 5009 848 5071 putaret,
883 5001 1068 5056 subito
1100 5010 1224 5071 post
1245 5017 1366 5056 eum
1386 5004 1540 5074 quasi
1562 5003 1871 5057 festinando

257 5094 536 5158 veniebat,
567 5099 619 5146 et
649 5093 836 5146 oscula
863 5093 1143 5148 charitatis
1174 5094 1398 5161 iterans,
1432 5111 1556 5148 cum
1589 5093 1870 5147 flebilibus

260 5186 438 5240 oculis
491 5183 702 5237 aiebat:
753 5206 769 5232 ε
819 5184 887 5238 Ex
921 5185 1022 5239 hac
1051 5186 1183 5239 hora
1212 5185 1348 5240 ultra
1379 5202 1465 5238 me
1497 5201 1607 5239 non
1635 5183 1873 5250 videbis,

262 5277 443 5331 donec
495 5276 730 5344 exempti
797 5275 1123 5345 corporibus
1173 5277 1228 5329 in
1285 5277 1574 5346 praesentia
1631 5276 1725 5329 Dei
1778 5291 1879 5330 nos

262 5366 454 5421 videre
480 5363 836 5418 merebimur.
868 5389 881 5409 ι
914 5364 1079 5434 Cujus
1100 5366 1280 5419 verbis
1304 5367 1648 5436 respondens
1662 5365 1882 5435 episeo-

263 5473 371 5529 pus
394 5457 562 5511 dixit:
612 5477 631 5504 «ι
678 5457 1003 5512 Dulcissime
1049 5459 1227 5523 Pater,
1263 5475 1412 5514 nunc
1464 5460 1571 5514 scis
1622 5474 1706 5512 me
1735 5468 1883 5514 certe

264 5550 377 5605 cito
397 5549 466 5603 de
483 5550 586 5602 hoc
599 5549 798 5603 saeculo
814 5567 934 5603 esse
952 5551 1312 5622 migraturum
1328 5551 1355 5603 ?
1380 5574 1403 5598 υ
1428 5551 1520 5605 Cui
1537 5551 1626 5604 ille
1657 5566 1883 5619 respon-

265 5640 375 5694 dit:
425 5659 446 5688 α
491 5637 641 5692 Finis
665 5639 845 5693 adhuc
866 5640 989 5694 vitae.
1018 5646 1124 5692 tuze
1159 5639 1254 5692 tibi
1285 5655 1394 5694 non
1428 5639 1698 5705 imminet,
1721 5640 1889 5694 verba

265 5735 456 5785 autem
487 5742 610 5798 quae
641 5727 742 5782 tibi
773 5744 919 5785 nunc
958 5729 1068 5782 dixi
1101 5744 1228 5783 vera
1266 5744 1387 5784 esse
1429 5744 1538 5784 non
1573 5730 1810 5786 dubites.
1862 5752 1883 5783 ι

1947 3911 2346 3967 nonmodicam
2399 3919 2603 3980 partem
2646 3908 2714 3962 de
2746 3923 2979 3978 corpore
3034 3909 3211 3963 sancti
3245 3909 3477 3962 lllauritii
3507 3917 3562 3962 et

1951 4002 2017 4056 de
2043 4003 2273 4056 aliorum
2299 3999 2591 4053 multorum
2624 4004 2937 4052 sanctorum
2965 3996 3216 4068 reliquiis
3241 3997 3292 4051 ei
3323 3998 3560 4063 donans,

1954 4095 2136 4150 laetum
2169 4093 2319 4147 abire
2377 4090 2639 4162 permisit.
2691 4091 2947 4161 Augustae
3002 4107 3132 4145 vero
3179 4089 3386 4145 civitati
3438 4103 3562 4143 cum

1956 4189 2442 4261 appropinquaret,
2478 4185 2773 4256 praemissis
2797 4185 3008 4239 nuntiis
3033 4185 3388 4239 demandavit
3417 4192 3477 4238 ut
3498 4184 3566 4238 ad

1962 4283 2204 4353 optivum
2264 4280 2380 4351 [pro
2433 4277 2761 4348 exolitatum]
2810 4277 3015 4332 donum
3063 4283 3380 4331 sanctarum
3441 4276 3572 4330 reli-

1965 4373 2234 4444 quiarum,
2289 4369 2434 4440 quod
2484 4384 2668 4422 secum
2710 4367 2984 4432 attulerat,
3031 4364 3336 4420 honorifice
3382 4363 3568 4419 clerici

1885 4502 1944 4572 D
1967 4484 2088 4524 cum
2123 4467 2347 4538 populo,
2380 4471 2432 4518 et
2461 4479 2584 4517 cum
2615 4461 2870 4516 crucibus
2899 4467 2950 4515 et
2995 4461 3219 4514 incenso
3261 4459 3576 4532 pigmento-

2367 4571 2375 4572 ,
2417 4554 2438 4572 ιν
2465 4570 2475 4572 μ
2506 4571 2514 4572 ,
2536 4569 2549 4572 -
2578 4553 2698 4572 ιτ-.-
2735 4555 3075 4572 --_____-_.._A
3137 4557 3184 4572 ..ι
3218 4547 3572 4572 -.-ηιξκιε-,ΛΑ

1969 4575 2088 4612 rum
2136 4571 2386 4629 aquaque
2417 4553 2707 4608 benedicta
2730 4555 3100 4615 occurrerent,
3133 4557 3188 4602 et
3217 4547 3574 4618 suscipiendo

1970 4648 2212 4723 gloriose
2261 4662 2383 4700 cum
2430 4643 2680 4698 laudibus
2709 4650 2763 4696 et
2802 4640 3056 4695 melodiis
3081 4639 3340 4711 congruis
3380 4638 3578 4708 perdu-

1972 4749 2160 4796 cerent
2196 4738 2501 4795 honorifice
2547 4754 2666 4791 eum
2719 4735 2810 4790 illo
2851 4735 2906 4788 in
2954 4731 3238 4788 ecclesiam
3279 4731 3334 4784 in
3365 4730 3576 4785 honore

1973 4835 2174 4884 sanctae
2208 4829 2302 4881 Dei
2333 4827 2615 4900 genitricis
2655 4824 2832 4879 Marize
2873 4827 3260 4878 consecratam.
3296 4819 3428 4873 Illuc
3453 4833 3577 4872 cum

1972 4921 2295 4993 perductum
2326 4929 2495 4986 esset,
2537 4921 2605 4972 ab
2652 4918 2913 4988 episcopo
2936 4922 3090 4970 caute
3146 4911 3470 4968 collocatum
3493 4915 3579 4963 est

1975 5010 2028 5063 in
2060 5025 2239 5062 arcam
2270 5025 2402 5063 auro
2441 5015 2495 5062 et
2523 5018 2751 5082 argento
2773 5016 3104 5077 coopertam,
3131 5003 3197 5057 ad
3241 5000 3460 5055 laudem
3483 4997 3582 5052 Dei

1976 5100 2398 5170 omnipotentis,
2433 5108 2485 5154 et
2516 5101 2571 5153 in
2600 5100 2862 5155 auxilium
2901 5097 3089 5169 populi
3133 5091 3496 5154 advenientis,
3527 5089 3581 5142 in

1978 5190 2201 5246 nomine
2242 5189 2456 5242 Domini
2489 5189 2658 5244 nostri
2693 5189 2818 5244 Jesu
2851 5187 3071 5254 Christi,
3103 5185 3187 5241 cui
3218 5192 3298 5238 est
3330 5183 3505 5237 honor
3535 5184 3589 5232 et

1982 5279 2154 5354 gloria
2183 5294 2280 5348 per
2308 5276 2522 5330 infinita
2544 5279 2746 5330 srecula
2784 5277 3129 5332 szeculorum.
3163 5276 3352 5328 Amen.

2055 5370 2182 5426 XVI.
2218 5368 2440 5434 Talibus
2482 5375 2536 5422 et
2569 5369 2652 5421 his
2684 5368 2959 5423 similibus
3018 5368 3215 5423 studiis
3270 5380 3486 5436 semper
3538 5361 3592 5416 in

1991 5465 2082 5520 Dei
2112 5462 2393 5518 voluntate
2441 5460 2709 5523 serviens,
2743 5460 3042 5513 decertavit
3095 5458 3328 5529 qualiter
3384 5457 3600 5527 episco—

1991 5562 2196 5626 patum,
2228 5567 2390 5623 quem
2425 5550 2492 5604 ad
2517 5548 2815 5621 regendum
2840 5549 3106 5616 suscepit,
3159 5545 3473 5617 omnigenis
3499 5546 3600 5599 ho-

1995 5643 2220 5700 noribus
2268 5641 2567 5697 sublimare
2621 5637 2910 5710 potuisset,
2969 5641 3022 5688 et
3066 5633 3344 5689 servitium
3404 5635 3499 5688 Dei
3552 5641 3608 5689 et

1995 5738 2197 5790 sanctas
2227 5730 2412 5790 Mariae
2449 5729 2545 5784 Dei
2574 5724 2854 5804 genitricis
2902 5720 3232 5794 amplificare
3288 5721 3610 5776 indefessus
