3978 6214
425 238 566 296 1039

1496 238 1549 287 S.
1593 232 1897 287 L'DAIAIIRI
1940 229 2309 285 AUGUSTANI
2357 230 2667 285 El’lSCOPl.

3621 237 3761 291 1040

423 371 727 433 laborabat,
757 377 809 424 et
832 370 957 423 ideo
978 368 1182 438 ubique
1215 366 1388 440 gratia
1413 364 1505 417 Dei
1535 369 1869 432 praeventus,
1897 361 2035 413 sieut
2062 369 2113 432 Α
2141 375 2249 414 non
2284 359 2573 429 potuisset,
2619 376 2784 426 nunc,
2816 361 2925 415 Deo
2957 360 3220 426 donante,
3252 378 3312 417 se
3344 362 3542 430 reficit,
3579 372 3635 420 et
3665 382 3748 421 re~

426 468 482 520 in
523 466 749 520 Psalmis
777 464 1038 533 scriptum
1083 460 1391 515 invenitur:
1457 458 1793 511 Voluntatem
1839 457 2033 509 timen-

425 558 558 609 tium
600 569 653 607 se
695 554 881 618 faciet,
937 556 987 604 et
1044 551 1464 619 deprecationem
1520 561 1703 599 eorum
1761 544 2030 603 exaudiet,

423 648 470 696 et
521 642 696 696 saltos
745 640 910 705 faciet
983 653 1066 691 eos
1124 637 1285 703 (Psal.
1368 646 1569 699 cxuv);
1627 639 1681 685 et
1728 631 2030 684 secundum

422 737 738 808 Apostolum
802 734 1112 787 dicentem:
1174 734 1385 787 Scimus
1446 729 1706 799 quomodo
1760 727 2035 792 diligenti-

422 833 519 887 bus
594 834 757 886 Deum
835 831 1012 883 omnia
1098 832 1450 896 cooperantur
1517 828 1575 878 in
1651 824 1863 883 bonum,
1923 827 2029 873 etc.

422 926 590 989 (Rom.
622 924 754 993 vin).
806 920 1198 991 Multiplicibus
1250 919 1397 972 enim
1458 917 1553 971 Dei
1610 911 2035 985 magniticentiis

423 1016 763 1080 honoratus,
823 1023 877 1069 et
940 1013 1094 1068 firma
1147 1011 1255 1066 fide
1314 1011 1691 1073 confortatus,
1758 1004 2033 1060 desideria

421 1108 722 1165 voluntatis
790 1124 902 1162 sua:
968 1106 1324 1178 percipiens,
1401 1102 1589 1156 multis
1635 1100 1690 1153 in
1757 1099 1870 1152 suis
1927 1113 2031 1150 ne-

423 1198 775 1255 cessitatibus
817 1196 1045 1268 profuit,
1079 1203 1132 1249 et
1169 1192 1545 1265 possibilitatis
1575 1206 1686 1244 suae
1733 1186 2033 1257 potentiam

422 1299 685 1363 quantum
719 1291 896 1361 potuit
919 1289 1197 1344 humiliter
1224 1285 1442 1349 celavit,
1476 1284 1602 1355 quia
1634 1280 1790 1335 multi
1824 1278 1915 1349 qui
1947 1294 2038 1332 ca~

423 1386 565 1441 duco
590 1385 780 1441 morbo
803 1384 1160 1443 vexabantur,
1186 1379 1490 1435 sanctitatis
1504 1377 1624 1444 ejus
1644 1371 2034 1427 benedictione

425 1483 706 1547 percepta,
738 1472 991 1544 sospitati
1025 1470 1468 1531 restituebantur,
1501 1466 1545 1520 si
1582 1480 1679 1536 pro
1711 1480 1816 1535 qua
1850 1478 1906 1515 re
1933 1460 2034 1513 be-

424 1568 795 1622 nedictionem
829 1564 1163 1635 expetivere,
1198 1577 1307 1615 non
1341 1558 1687 1618 indicavere;
1724 1554 1817 1626 qui
1850 1560 2029 1607 autem

423 1663 768 1718 necessitatis
817 1677 1006 1716 eorum
1051 1658 1405 1713 afflictionem
1465 1652 1755 1709 manifeste
1809 1649 2032 1704 nuntia-

424 1762 640 1821 verunt,
690 1753 1080 1808 benedictione
1137 1750 1435 1812 subtracta,
1491 1761 1655 1801 causa
1707 1740 2034 1797 humilitatis

423 1848 574 1903 abire
616 1846 887 1917 permisit,
932 1844 1154 1898 dicens:
1198 1866 1221 1884 σε
1268 1842 1377 1912 Ego
1427 1854 1537 1893 non
1569 1853 1688 1892 sum
1736 1835 1938 1906 dignus
1966 1833 2034 1886 de

422 1937 526 1991 hac
552 1934 868 1989 infirmitate
901 1949 998 1987 vos
1032 1946 1192 2002 posse
1223 1930 1479 1983 liberare.
1528 1947 1551 1975 ιο

493 2023 900 2080 Sanctificatum
942 2036 1070 2077 vero
1097 2020 1280 2075 oleum
1322 2018 1380 2072 in
1408 2017 1497 2070 die
1525 2029 1694 2069 canae
1726 2010 1937 2067 Domini
1967 2010 2035 2064 ab

424 2130 492 2169 eo
520 2121 628 2168 tam
658 2113 881 2167 salubre
913 2109 1165 2165 effectum
1201 2115 1301 2173 est,
1334 2113 1391 2161 ut
1424 2104 1578 2161 multi
1620 2104 1674 2157 in
1716 2100 2033 2156 infirmitate

424 2204 614 2276 positi,
648 2202 715 2256 ab
746 2216 812 2257 eo
843 2201 992 2255 uncti
1034 2198 1286 2253 celeriter
1314 2193 1533 2251 sanitati
1581 2192 2031 2253 restituerentur;

424 2300 477 2347 et
507 2292 664 2347 multi
695 2290 985 2363 caliginem
1015 2288 1300 2343 oculorum
1333 2285 1623 2345 habentes,
1659 2288 1712 2335 et
1748 2278 2035 2351 praesentis

424 2384 650 2440 luminis
671 2400 729 2437 se
752 2383 806 2436 in
830 2383 934 2437 hoc
954 2381 1155 2435 sarculo
1175 2394 1403 2433 munere
1427 2383 1679 2431 carentes
1702 2382 1983 2445 putavcre,
2005 2387 2035 2424 a

422 2479 568 2528 tactu
595 2472 758 2540 hujus
785 2470 891 2525 olei
926 2468 1219 2523 serenitate
1247 2466 1530 2522 oculorum
1574 2464 1768 2517 iterum
1799 2462 1875 2515 uti
1917 2476 2035 2514 me-

422 2570 668 2617 ruerunt.
718 2559 840 2614 llaec
886 2574 1038 2623 vero,
1072 2555 1293 2610 nemine
1324 2554 1565 2617 dicente,
1600 2549 2033 2622 comperiebam,

421 2652 519 2707 sed
552 2651 791 2723 prepriis
822 2648 998 2705 oculis
1037 2648 1093 2701 in
1120 2645 1543 2718 quamplurimis
1567 2650 1783 2713 peracta
1815 2641 2035 2711 conspi-

420 2740 656 2796 ciebam.
682 2740 755 2794 De
783 2738 956 2809 ipsius
984 2744 1164 2791 autem
1198 2734 1445 2805 episc0pi
1477 2731 1893 2802 recuperatione
1925 2745 2035 2783 non

422 2840 643 2904 oportet
692 2831 922 2886 reticere
968 2828 1119 2899 quia,
1170 2843 1293 2881 cum
1369 2825 1604 2896 quodam
1675 2830 1918 2893 tempore
1968 2822 2035 2874 de

420 2922 758 2979 monasterio
790 2920 972 2975 Sancti
1018 2918 1153 2972 Galli
1192 2917 1373 2971 redire
1404 2916 1471 2970 ad
1503 2916 1798 2987 Augustam
1845 2914 2036 2968 civita-

421 3022 530 3069 tem
581 3013 933 3078 decrevisset,
991 3008 1383 3079 Campidonam
1438 3008 1688 3071 veniens,
1734 3013 1839 3061 tam
1883 3004 2033 3080 gravi

420 3104 740 3160 infirmitate
790 3104 1045 3157 detentus
1098 3108 1181 3155 est
1231 3106 1291 3155 ut
1356 3116 1420 3154 ex
1466 3116 1524 3154 se
1586 3099 1706 3153 sine
1762 3097 2034 3167 adjutorio

420 3190 655 3250 aliorum
687 3191 969 3247 ambulare
1023 3205 1135 3245 non
1186 3189 1477 3260 potuisset,
1524 3195 1579 3242 et
1616 3188 1797 3242 cibum
1846 3186 1913 3241 ad
1947 3203 2037 3241 re-

420 3287 756 3344 creationem
804 3286 1053 3357 corporis
1092 3301 1311 3339 sumere
1353 3284 1497 3337 vires
1528 3298 1639 3337 non
1694 3281 2033 3337 sufficerent.

420 3380 601 3435 Missis
644 3378 853 3433 nuntiis
921 3377 1177 3431 celeriter
1232 3375 1298 3429 ad
1358 3376 1649 3450 Augustam
1710 3374 1985 3428 civitatem
2020 3416 2033 3439 ,

421 3476 605 3531 oleum
658 3475 727 3528 ab
773 3489 841 3529 eo
873 3478 1251 3528 consecratum
1286 3469 1393 3523 sibi
1425 3470 1552 3523 inde
1580 3478 1859 3540 reportare
1892 3485 2035 3539 pra!-

422 3564 588 3634 cepit,
622 3578 857 3634 cumque
891 3562 946 3615 in
986 3560 1173 3634 vigilia
1205 3560 1564 3614 Pentecosten
1616 3558 1825 3612 nuntiis
1852 3573 2039 3612 rever-

424 3653 670 3708 tentibus
698 3653 832 3706 hora
858 3651 967 3705 diei
1004 3666 1170 3715 nona,
1189 3665 1311 3703 cum
1340 3649 1517 3702 adhuc
1543 3646 1896 3720 congregatio
1918 3663 2038 3702 mo-

424 3746 722 3800 nachorum
755 3742 989 3798 solemni
1020 3740 1205 3797 officio
1234 3741 1414 3795 missas
1444 3739 1807 3806 interfuisset,
1838 3748 1892 3794 et
1923 3740 2038 3811 ipse

424 3835 565 3888 intra
582 3833 896 3889 cubiculum
931 3848 1145 3886 sacrum
1173 3830 1491 3901 mysterium
1522 3830 1769 3883 auditum
1805 3828 2036 3882 habuis-

421 3934 526 3993 set,
557 3927 739 3980 oleum
771 3925 819 3978 ei
866 3928 1375 3993 repraesentaretur,
1407 3927 1627 3992 peracto
1658 3936 1811 3975 sacro
1833 3927 2039 3991 myste-

426 4015 529 4081 rio,
584 4011 841 4068 monachi
875 4012 941 4065 ad
973 4027 1095 4065 eum
1140 4010 1437 4065 introducti
1491 4018 1619 4063 sunt
1678 4010 2039 4080 praesentibus

425 4106 642 4161 clericis
673 4104 768 4176 qui
799 4119 926 4158 cum
951 4119 1017 4157 eo
1042 4102 1174 4156 illuc
1203 4102 1564 4165 devenerunt,
1595 4109 1649 4155 et
1679 4102 1910 4156 cantatis
1942 4118 2040 4172 pro

423 4200 543 4268 ejus
570 4198 884 4253 inﬁrmitate
905 4206 1116 4268 septem
1137 4196 1362 4268 psalmis
1384 4195 1700 4267 letaniaque
1728 4196 1925 4251 devote
1953 4213 2042 4251 ex-

424 4295 590 4367 pleta,
624 4294 915 4366 quemdam
948 4300 1195 4347 sanctum
1237 4292 1566 4346 monachum
1626 4291 1825 4346 Hiltine
1856 4292 2037 4347 nomi-

423 4391 639 4451 natum,
668 4382 735 4436 ad
782 4381 1075 4436 claustrum
1118 4386 1457 4435 revertentes
1489 4379 1681 4433 fratres
1718 4380 1786 4433 ad
1825 4396 2040 4453 ungen-

423 4475 554 4529 dum
587 4473 855 4527 cumoleo
885 4478 1075 4525 sancto
1130 4487 1250 4525 cum
1284 4471 1398 4525 suis
1444 4470 1661 4525 duobus
1707 4472 2039 4542 presbyteris

423 4566 771 4622 dimiserunt.
832 4564 1101 4619 Unctione
1142 4579 1270 4618 vero
1304 4570 1545 4633 peracta,
1600 4562 1903 4617 secundum
1935 4563 2037 4617 do-

420 4655 651 4713 ctrinam
683 4654 869 4711 Jacobi
901 4653 1135 4725 apostoli
1169 4671 1181 4706 :
1239 4656 1555 4721 Inﬁrmatur
1584 4654 1706 4722 quis
1746 4653 1803 4705 in
1832 4653 1980 4707 vobis
2011 4653 2040 4706 7

420 4748 650 4804 inducat
673 4750 1041 4819 presbyterum
1093 4746 1363 4811 Ecclesiae,
1398 4752 1502 4799 etc.
1544 4745 1729 4813 (Jacob
1777 4744 1855 4814 v),
1899 4745 2035 4801 dixit

419 4843 715 4916 episcopus
764 4841 1095 4913 praeposito:
1130 4860 1160 4891 α
1193 4839 1314 4893 Istis
1362 4836 1687 4893 unctoribus
1716 4837 1857 4892 meis
1910 4854 2033 4892 cum

420 4932 635 4989 caeteris
678 4932 815 4987 meis
844 4929 1158 4993 comitibus,
1194 4929 1250 4983 in
1290 4944 1412 4983 mea
1443 4928 1561 4983 vice
1588 4926 1870 4981 servitium
1902 4943 2036 4983 con-

419 5028 682 5099 gruenter
712 5020 991 5089 exhibete,
1024 5035 1152 5074 cum
1190 5018 1273 5073 his
1304 5018 1465 5072 bonis
1514 5032 1635 5089 quae
1679 5016 1839 5071 nobis
1868 5016 2035 5071 hodie

417 5114 696 5171 concessit
720 5115 883 5169 Dens.
906 5134 931 5163 »
967 5112 1097 5169 Cum
1128 5127 1258 5168 vero
1285 5111 1351 5166 ad
1371 5126 1617 5166 mensam
1650 5111 2033 5182 prendendum

418 5208 823 5272 consedissent,
874 5216 929 5262 et
991 5208 1173 5262 adhuc
1226 5204 1519 5277 prandium
1590 5210 1866 5276 peractum
1922 5220 2035 5260 non

417 5300 632 5366 fuisset,
665 5298 893 5353 nuntius
937 5298 1006 5352 de
1061 5298 1323 5369 episcopo
1355 5297 1525 5364 venit,
1557 5296 1775 5351 dicens:
1827 5321 1848 5342 ~
1889 5297 2034 5353 Laeto

417 5391 604 5447 animo
628 5394 803 5443 estote
850 5396 904 5443 et
946 5389 1271 5443 recreamini
1325 5404 1448 5441 cum
1504 5389 1727 5463 gaudio,
1778 5389 1907 5460 quia
1934 5389 2035 5445 do-

414 5485 598 5540 minus
630 5487 821 5536 noster
847 5482 1161 5551 episcopus,
1203 5481 1454 5552 quamvis
1493 5482 1841 5537 hebdomada
1882 5499 2030 5552 prae-

413 5571 571 5625 terita
602 5568 693 5623 vel
726 5566 1029 5621 buccellam
1077 5568 1236 5636 panis
1266 5567 1335 5620 ad
1375 5568 1736 5624 refectionem
1778 5568 2032 5638 accipere

479 5692 585 5761 (50)
617 5686 966 5743 Transmittit
992 5687 1196 5741 flumen
1236 5688 1513 5745 inundans
1550 5690 1630 5743 nil
1667 5690 2029 5747 madefactus.

2059 3065 2107 3130 C

2136 455 2299 508 ducta
2327 450 2564 503 sanitate
2587 457 2667 502 est
2683 450 3025 507 melioratus.
3041 473 3063 501 υ
3086 454 3209 519 Qui,
3233 453 3420 509 audito
3439 440 3754 510 delectabili

2137 542 2350 603 nuntio,
2383 555 2579 593 omnes
2607 538 2770 592 simul
2803 539 2970 593 Deum
3002 541 3294 596 laudantes
3326 549 3379 596 et
3411 543 3521 597 Deo
3553 544 3756 615 gratias

2137 635 2406 696 dicentes,
2464 631 2665 684 hilares
2720 631 2897 685 effecti
2971 640 3117 687 sunt.
3188 634 3514 704 Vespertina
3571 643 3752 690 autem

2138 724 2269 777 hora
2311 722 2663 786 adveniente,
2722 728 2776 774 et
2828 721 2986 795 signo
3047 723 3401 793 vespertinali
3458 724 3513 778 in
3563 725 3758 796 primis

2136 818 2387 875 sonante,
2419 810 2597 863 statim
2620 810 2874 875 surrexit,
2908 818 2962 863 et
3007 810 3076 863 ad
3108 811 3397 866 ecclesiam
3428 812 3753 875 ambulavit,

2137 912 2189 958 et
2222 905 2295 958 ibi
2330 905 2383 958 in
2417 905 2510 958 Dei
2536 903 2794 959 laudibus
2850 904 3169 979 infatigatus
3219 914 3543 978 permansit,
3578 910 3761 965 donec

2136 995 2529 1066 Vespertinalis
2593 995 2711 1050 laus
2754 1012 2787 1050 a
2842 996 3101 1051 fratribus
3159 999 3473 1053 secundum
3530 1016 3755 1055 cursum

2136 1084 2529 1138 monachorum
2576 1084 2784 1153 prolixe
2846 1084 3257 1154 perficiebatur,
3318 1098 3372 1142 et
3419 1096 3632 1159 postea,
3688 1089 3757 1143 de

2136 1174 2225 1227 die
2254 1173 2307 1226 in
2331 1174 2474 1227 diem
2506 1172 2861 1240 confortatus,
2896 1191 2960 1228 ex
2992 1175 3206 1247 integro
3252 1177 3495 1247 pristinae
3529 1174 3755 1233 sanita‘ti

2138 1266 2245 1319 cito
2279 1266 2559 1319 restitutus
2589 1274 2693 1321 est.
2721 1265 2758 1319 Ο
2790 1283 2952 1337 quam
2982 1284 3180 1342 magna
3232 1269 3527 1325 multitudo
3558 1269 3756 1325 dulce-

2137 1354 2283 1408 dinis
2314 1356 2430 1421 Dei,
2460 1356 2551 1427 qui
2591 1356 2666 1408 illi
2701 1357 2805 1409 hoc
2834 1362 2982 1409 tanta
3012 1357 3303 1412 velocitate
3337 1357 3405 1410 ad
3440 1357 3752 1414 remedium

2136 1445 2431 1509 concessit,
2456 1444 2603 1516 quod
2636 1445 2725 1499 ille
2753 1444 2875 1498 aliis
2916 1444 2983 1499 ad
3016 1445 3341 1499 medicinam
3375 1453 3429 1501 et
3468 1446 3536 1500 ad
3570 1446 3756 1501 indul-

2133 1538 2371 1610 gentiam
2420 1545 2768 1609 peccatorum
2812 1539 3158 1610 prwparavit,
3221 1549 3280 1595 ut
3320 1556 3445 1595 cum
3491 1539 3759 1609 ejusfide

2139 1631 2378 1700 perfecta
2410 1632 2623 1686 caeteris
2657 1632 2906 1701 plurimis
2937 1631 3074 1688 fides
3106 1632 3559 1690 confirmaretur!

2058 1693 2107 1761 Β
2139 1693 2152 1700 ’
2208 1722 2364 1777 XVII.
2407 1693 2671 1776 Tradere.
2698 1723 2825 1777 huic
2868 1738 3096 1795 quoque
3137 1741 3226 1780 me
3261 1718 3424 1780 aliam
3482 1726 3758 1781 rationem

2137 1814 2191 1868 in
2222 1815 2325 1869 hoc
2359 1814 2480 1870 loco
2507 1822 2743 1884 Oportet,
2785 1831 2948 1887 quam
2983 1816 3264 1889 Herewigo
3295 1817 3584 1889 capellano
3630 1819 3758 1888 ejus

2136 1906 2354 1959 dicente
2384 1906 2648 1975 comperi.
2704 1906 2947 1970 Quadam
2976 1906 3065 1961 die
3104 1924 3229 1962 cum
3276 1925 3375 1979 pro
3408 1908 3595 1981 aliqua
3646 1911 3763 1964 uti-

2134 1996 2302 2051 litatis
2319 2014 2483 2052 causa
2510 2014 2677 2068 super
2708 1998 2934 2052 fluvium
2958 1998 3241 2054 Vindicem
3274 1999 3391 2071 [al.,
3412 2000 3760 2067 Vindomen;

2134 2087 2233 2153 aL,
2264 2086 2592 2153 Vindonem,
2615 2087 2775 2153 vulgo
2794 2086 3033 2158 Werten]
3058 2087 3401 2144 nominatum
3426 2088 3762 2145 caballicare

2135 2181 2440 2248 debuisset,
2483 2191 2538 2235 et
2565 2182 2681 2252 ipse
2707 2182 2775 2235 ab
2810 2182 2998 2237 illuvie
3036 2182 3284 2239 elevatus
3324 2183 3537 2252 fuisset,
3566 2190 3625 2239 et
3664 2200 3762 2240 co-

2138 2274 2295 2329 mites
2324 2274 2571 2344 episcopi
2620 2274 2862 2329 universi
2895 2276 3093 2329 vadum
3145 2276 3496 2332 rectitudinis
3540 2276 3765 2332 devita-

2135 2374 2277 2430 rent,
2310 2375 2365 2422 et
2401 2367 2507 2421 alia
2555 2366 2690 2420 vada
2722 2367 2934 2437 aptiora
2965 2376 3301 2438 quaererent,
3354 2375 3408 2422 et
3438 2368 3585 2422 idem
3637 2369 3764 2440 ipse

2124 2459 2571 2529 'praanominatus
2602 2458 2918 2534 lierewigus
2947 2460 3097 2515 solus
3128 2460 3233 2530 (50)
3288 2476 3411 2515 cum
3443 2475 3510 2516 eo
3568 2478 3760 2518 rema-

2137 2560 2312 2617 neret,
2340 2554 2459 2624 ipse
2493 2554 2690 2608 vadum
2724 2554 2874 2625 quod
2904 2554 3003 2608 alii
3038 2554 3345 2610 omiserunt
3374 2555 3494 2610 sine
3521 2557 3769 2626 trepida-

2138 2645 2288 2699 tione
2307 2646 2667 2710 transcendit,
2691 2645 2869 2700 soccis
2886 2645 2954 2699 de
2972 2661 3103 2720 sago
3116 2645 3273 2701 factis
3293 2646 3518 2701 indutus
3532 2656 3769 2718 prepter

2135 2732 2329 2805 frigus,
2379 2735 2508 2804 quia
2548 2734 2727 2788 hiems
2754 2741 2897 2788 erat.
2933 2734 3198 2789 Praefatus
3254 2750 3383 2791 vero
3416 2735 3762 2810 Herewigus,

2137 2823 2364 2880 flumine
2398 2834 2759 2901 transgresso,
2792 2842 2856 2880 ex
2899 2826 3122 2897 cingulo
3177 2827 3454 2881 deorsum.
3502 2829 3762 2899 quamvis

2135 2934 2305 2990 super
2341 2920 2593 2975 altiorem
2652 2920 2925 2975 caballum
2979 2920 3201 2976 sederet
3243 2937 3406 2992 quam
3437 2922 3762 2993 episcopus,

2135 3013 2277 3068 udus
2305 3011 2532 3068 effectus
2557 3021 2665 3077 est,
2705 3021 2760 3068 et
2789 3013 3136 3085 prOSpiciens
3180 3015 3237 3069 in
3268 3014 3600 3071 vestimenta
3629 3017 3761 3087 epi-

2138 3106 2292 3175 scopi
2325 3106 2369 3159 si
2401 3121 2547 3176 aqua
2591 3104 3035 3173 infunderentur,
3068 3107 3167 3161 sed
3197 3122 3301 3162 nec
3342 3107 3401 3162 in
3422 3109 3601 3163 soccis
3633 3110 3764 3180 qui-

2139 3194 2262 3249 dem
2292 3211 2462 3249 unum
2496 3196 2667 3265 pilum
2704 3196 2988 3251 humidum
3013 3198 3322 3268 conspexit,
3355 3206 3410 3253 et
3435 3198 3504 3252 ad
3536 3199 3765 3270 episco-

2139 3303 2267 3357 pum
2290 3287 2457 3343 dixit:
2498 3307 2523 3337 α
2564 3288 2673 3360 Ego
2699 3288 2906 3344 uditate
2928 3289 3188 3360 perfusus
3207 3305 3353 3356 sum,
3386 3298 3442 3345 et
3463 3296 3571 3346 tua:
3601 3293 3768 3348 celsi-

2138 3374 2316 3429 tudini
2338 3375 2482 3445 pilus
2502 3376 2557 3429 in
2580 3377 2757 3431 soccis
2785 3392 2895 3432 non
2922 3385 3008 3432 est
3034 3377 3410 3433 madefactus:
3441 3400 3469 3429 ι
3504 3378 3598 3434 Cui
3618 3379 3765 3435 dixit

2140 3467 2461 3537 episcopus:
2498 3489 2523 3519 α
2559 3468 2679 3523 Haec
2706 3486 2829 3541 quas
2850 3469 3058 3535 vidisti,
3088 3486 3177 3525 me
3192 3470 3412 3527 vivente
3437 3472 3649 3527 nemini
3672 3472 3768 3527 di—

2139 3577 2263 3617 cere
2278 3580 2597 3633 praesumas.
2621 3565 2741 3620 Alio
2763 3580 2894 3621 vero
2914 3571 3165 3637 tempore
3191 3582 3315 3622 cum
3334 3567 3403 3622 ad
3415 3567 3762 3640 colloquium

2140 3652 2349 3708 Ottonis
2397 3655 2745 3725 imperatoris
2786 3656 2856 3711 ad
2886 3656 3236 3712 Ratisbonam
3266 3658 3543 3714 civitatem
3589 3660 3769 3715 navi-

2139 3743 2323 3815 gando
2342 3758 2441 3813 per
2454 3743 2762 3799 Danubium
2788 3744 2979 3800 venire
2995 3744 3361 3814 decrevisset,
3377 3748 3618 3818 quodam
3640 3747 3762 3815 die,

2142 3837 2325 3891 nautis
2354 3837 2575 3893 incaute
2596 3845 2725 3893 ante
2747 3855 2808 3893 se
2822 3839 3323 3911 conspicientibus,
3353 3840 3509 3898 navis
3537 3841 3762 3897 cuidam

2140 3923 2291 3997 ligno
2324 3925 2638 3997 importune
2672 3928 2986 3999 conjuncta,
3013 3929 3173 4000 aquis
3197 3930 3409 4000 repleta
3441 3930 3764 3987 immersio«

2143 4028 2268 4067 nem
2300 4014 2559 4069 omnibus
2586 4015 2914 4071 minabatur.
2949 4016 3259 4072 Perturbati
3298 4033 3431 4074 vero
3456 4033 3652 4075 omnes
3707 4029 3765 4077 et

2142 4105 2340 4160 timore
2372 4106 2635 4177 perculsi,
2660 4107 2728 4161 ad
2759 4107 2912 4162 littus
2940 4123 3139 4181 magno
3171 4108 3354 4167 studio
3394 4123 3761 4183 navem‘per-

2142 4198 2345 4253 ducere
2385 4197 2719 4254 festinarunt
2788 4200 2921 4254 Navi
2957 4216 3089 4256 vero
3129 4201 3298 4258 arida
3342 4202 3599 4269 adducta,
3633 4221 3764 4277 quae

2141 4285 2285 4341 intra
2306 4288 2550 4343 erantad
2573 4288 2728 4344 littus
2747 4296 3123 4359 portaverunt,
3157 4291 3307 4346 illius
3339 4307 3471 4348 vero
3501 4293 3763 4366 episcOpi

2141 4375 2435 4445 posteriori
2464 4385 2637 4431 rostro
2655 4377 2809 4432 navis
2835 4378 3080 4433 sedentis
3097 4379 3256 4435 obliti
3280 4387 3428 4436 sunt.
3458 4380 3611 4437 Unus
3624 4399 3761 4439 vero

2141 4469 2467 4525 clericorum
2498 4470 2628 4525 Mesi
2666 4471 3001 4539 nominatus,
3029 4488 3231 4546 magno
3279 4481 3505 4545 stupore
3553 4478 3765 4533 attoni-

2141 4571 2249 4635 tus,
2281 4565 2449 4622 dixit:
2483 4592 2505 4614 ιι
2539 4567 2651 4621 lleu
2685 4568 2845 4622 nobis
2874 4567 3127 4623 miseris!
3161 4570 3292 4641 quia
3328 4571 3535 4627 seniori
3568 4582 3764 4631 nostro

2142 4653 2195 4707 in
2223 4653 2326 4709 isto
2360 4654 2604 4725 periculo
2632 4655 2917 4724 adjutores
2938 4672 3048 4713 non
3080 4656 3305 4721 fuimus,
3329 4678 3353 4710 ι
3389 4668 3447 4714 et
3476 4660 3567 4715 his
3593 4662 3765 4718 dictis

2141 4762 2370 4801 currens
2398 4763 2499 4816 per
2537 4746 2969 4818 profunditatem
2997 4764 3153 4820 aqum
3183 4764 3307 4822 quin
3334 4751 3391 4805 in
3426 4752 3550 4808 navi
3576 4751 3765 4810 fuerat

2137 4845 2488 4912 congregata,
2522 4839 2820 4909 assumptis
2875 4840 3118 4896 brachiis
3166 4841 3414 4914 episcopi
3447 4859 3623 4914 super
3655 4846 3767 4900 hu-

2136 4942 2319 4983 meros
2344 4926 2484 4996 ejus,
2510 4927 2695 4982 evexit
2716 4943 2842 4982 eum
2869 4935 3023 4985 extra
3039 4944 3259 4997 navem,
3281 4930 3545 4987 omnibus
3568 4932 3762 5006 itaque

2136 5022 2398 5094 expositis
2423 5029 2478 5078 et
2524 5022 2619 5079 illo
2650 5022 2953 5079 novissime
2985 5038 3230 5097 egresso,
3276 5025 3432 5079 navis
3474 5025 3533 5081 in
3564 5035 3767 5099 poste-

2138 5112 2270 5167 riori
2308 5118 2463 5183 parte
2492 5110 2852 5182 profunditati
2884 5112 3138 5168 demersa
3168 5121 3268 5168 est.
3305 5113 3445 5178 Quid
3475 5116 3681 5173 mirum
3713 5118 3763 5175 si

2136 5201 2292 5255 navis
2307 5207 2506 5256 onusta
2532 5215 2599 5256 eo
2630 5200 2921 5256 insedente
2952 5201 3128 5276 mergi
3170 5216 3281 5258 non
3313 5203 3514 5272 potuit,
3546 5205 3651 5260 sed
3692 5221 3764 5263 eo

2130 5295 2363 5364 jubente
2389 5312 2558 5367 super
2577 5312 2774 5368 aquam
2807 5296 2955 5351 stetit
2984 5296 3078 5368 qui
3111 5295 3274 5354 beato
3311 5296 3471 5353 Petro
3502 5301 3762 5370 apostolo

2134 5385 2311 5439 undas
2375 5384 2541 5440 maris
2574 5384 2643 5439 ad
2695 5383 3258 5455 snperambulandum
3288 5386 3514 5458 propria
3556 5388 3761 5444 volun-

2134 5480 2241 5528 tate
2261 5472 2497 5528 ﬁrmavit
2516 5472 2544 5526 Τ
2574 5473 2662 5528 Sic
2688 5487 2798 5527 non
2822 5489 2888 5527 ex
2916 5489 3015 5528 sua
3044 5473 3391 5542 conditione,
3423 5477 3526 5531 sed
3557 5493 3625 5533 ex
3645 5494 3763 5533 me-

2133 5566 2254 5621 ritis
2277 5565 2332 5619 in
2365 5581 2431 5621 ea
2460 5564 2711 5622 sedentis
2732 5564 2887 5621 navis
2914 5563 3135 5621 interim
3161 5582 3331 5638 super
3360 5583 3538 5640 aquas
3562 5578 3763 5626 natare
