3978 6214
234 338 374 392 1041

1820 331 1986 384 VITA.

3437 324 3577 380 1042

230 470 536 544 cogebatur
573 468 752 520 donec
791 464 1004 518 cunctis
1025 462 1316 532 stipendiis
1335 469 1390 516 et
1421 463 1686 516 oneribus
1720 463 1854 516 relc-
1882 469 1929 534 Α
2027 462 2134 527 XX,
2207 460 2532 530 llymnizans
2589 466 2811 512 sanctus
2896 455 3191 510 Dominum
3259 454 3576 525 episcopus,

229 566 474 623 veretur,
519 563 710 627 postea
739 570 869 608 vero
893 553 1148 606 immersa
1178 551 1552 606 nuntiabatur.

305 649 465 704 XVIII
525 649 749 702 Romam
794 645 1014 700 visitare
1064 644 1247 714 itaque
1297 660 1420 697 cum
1453 643 1854 713 quodamtem-

230 755 366 811 pore
388 736 640 792 aestuanti
673 735 856 788 animo
889 733 1250 797 desideraret,
1313 743 1365 786 et
1393 733 1458 785 ad
1497 733 1721 786 ﬂuvium
1756 748 1854 786 no-

230 828 381 881 mine
407 828 631 880 Tarcum
688 825 804 891 (δι)
847 822 1181 892 perveniret,
1245 829 1350 875 tam
1387 821 1754 891 periculosum
1790 837 1856 874 ex

232 916 596 970 inundatione
628 929 893 984 aquarum
951 911 1153 964 factum
1207 911 1436 976 invenit,
1471 919 1526 966 ut
1587 911 1768 964 nullus
1791 927 1855 963 ex

231 1018 465 1080 utraque
495 1017 648 1079 parte
680 1007 1096 1061 advenientium
1127 1022 1192 1059 eo
1220 1007 1307 1059 die
1332 1008 1413 1059 vel
1458 1007 1565 1060 alio
1595 1023 1654 1060 se
1691 1023 1855 1076 posse

230 1106 423 1158 venire
451 1121 620 1174 super
668 1120 793 1157 eum
853 1110 1099 1172 speraret
1136 1120 1147 1155 :
1182 1109 1402 1155 sanctus
1461 1102 1758 1172 episc0pus
1798 1102 1852 1155 in

234 1198 407 1251 Deum
436 1196 744 1257 conlidens,
777 1207 1031 1266 paratnra
1062 1195 1333 1247 missatica
1353 1210 1410 1246 se
1442 1194 1592 1247 indui
1628 1195 1854 1247 festina-

232 1286 330 1352 vit,
354 1295 408 1340 et
431 1287 485 1340 in
511 1286 688 1339 littore
721 1284 965 1337 ﬂuminis
993 1300 1114 1336 cum
1150 1284 1265 1335 suis
1313 1282 1606 1336 comitibus
1634 1284 1854 1336 missam

231 1375 432 1428 devote
461 1373 780 1435 celebravit,
814 1380 865 1425 et
899 1380 1022 1442 post
1055 1372 1273 1424 missam
1312 1371 1595 1441 praefatum
1630 1371 1852 1424 ﬂuvium

235 1474 388 1519 tanta
420 1465 809 1519 commoditate
862 1465 1130 1528 transivit,
1183 1471 1238 1516 ut
1272 1463 1405 1516 nulli
1438 1463 1557 1530 ejus
1593 1464 1852 1517 comitum

231 1560 441 1630 aliquid
494 1558 878 1611 adversitatem
938 1557 1206 1614 eveniret.
1239 1558 1334 1609 sed
1387 1573 1580 1610 omnes
1633 1558 1766 1611 salvi
1797 1566 1855 1612 ct

233 1648 544 1701 incolumes
574 1647 743 1698 Deum
774 1646 1055 1699 laudantes
1079 1646 1372 1716 gaudendo
1396 1646 1545 1699 ibant
1573 1647 1852 1716 perviam.

309 1736 440 1788 XIX.
477 1735 810 1788 Multimodis
879 1735 1071 1787 Christi
1115 1733 1353 1786 servitiis
1409 1749 1533 1786 cum
1575 1732 1858 1786 ferventis-

239 1825 380 1878 sime
414 1825 711 1888 insisteret,
739 1833 792 1876 et
850 1823 1098 1893 undique
1151 1823 1485 1892 amplificare
1536 1821 1854 1887 studuisset,

237 1919 348 1971 Deo
378 1917 640 1978 donante,
674 1917 1026 1988 excogitavit,
1081 1926 1306 1985 propter
1345 1915 1628 1981 cujusdam
1656 1914 1860 1968 sancti-

235 2009 494 2063 monialis
525 2009 850 2077 religionem
886 2009 1081 2061 limoza
1112 2009 1428 2071 nominatae,
1460 2007 1527 2060 ad
1561 2006 1854 2060 ecclesiam

235 2097 419 2151 Sancti
450 2097 714 2166 Stephani
749 2097 1159 2167 protomartyris
1206 2096 1684 2150 sanctimonalium
1719 2112 1856 2149 con--

237 2191 614 2263 gregatiOnem
652 2204 1011 2257 componere,
1067 2199 1118 2242 et
1157 2188 1359 2261 regulae
1391 2188 1694 2242 sanctitatis
1724 2187 1856 2241 sub-

240 2282 394 2346 dere,
439 2288 698 2334 etsancto
740 2280 1011 2333 velamine
1070 2280 1282 2333 Christo
1342 2282 1452 2333 Deo
1498 2281 1856 2350 desponsatas

239 2370 596 2440 conjungere.
631 2369 780 2432 Quod
813 2384 935 2422 cum
969 2368 1164 2422 factum
1198 2368 1410 2435 fuisset,
1445 2370 1696 2440 quaedam
1733 2386 1858 2423 mu-

239 2460 340 2514 lier
369 2476 494 2514 cum
523 2475 795 2513 consensu
816 2458 1094 2512 connubia
1111 2459 1291 2512 mariti
1322 2459 1858 2527 despiciens,eidem

238 2556 656 2628 congregationi
680 2555 749 2608 ob
781 2555 978 2608 futurae.
1010 2555 1372 2608 beatitudinis
1396 2556 1708 2609 mercedem
1726 2557 1859 2609 ohe-

239 2647 506 2701 dientiam
563 2647 809 2716 professa
863 2664 920 2699 se
987 2647 1303 2712 admiscuit,
1361 2647 1664 2701 litterarum
1727 2664 1857 2702 vero

234 2739 470 2794 scientia
527 2739 594 2792 ad
651 2739 1048 2808 perfectionem
1100 2740 1259 2793 docta
1318 2755 1427 2793 non
1477 2740 1753 2805 manebat,
1789 2741 1857 2794 ad

233 2831 510 2886 exteriora
567 2838 748 2883 autem
811 2831 1154 2885 necessitatis
1239 2847 1405 2901 opera
1474 2833 1853 2886 strenuitatem

235 2935 490 2991 magnam
516 2919 770 2982 habebat,
806 2928 858 2974 et
891 2921 1016 2974 ideo
1075 2921 1195 2974 aliae
1256 2921 1702 2975 sanctimoniales
1734 2938 1853 2975 eam

233 3007 577 3061 cellerariam
632 3007 812 3061 facere
876 3010 1191 3062 voluerunt.
1258 3009 1370 3072 Qua
1407 3018 1701 3074 renuente,
1739 3013 1858 3081 epi-

234 3112 406 3166 sc0po
441 3096 747 3150 nuntiatum
774 3103 875 3161 est,
910 3105 963 3149 et
999 3098 1366 3166 supplicatum
1400 3108 1482 3151 est
1510 3109 1568 3152 ut
1605 3117 1726 3152 cum
1760 3117 1855 3154 sua

236 3293 441 3346 scopus
471 3294 622 3342 vero,
651 3278 1036 3348 supplicationi
1083 3296 1368 3334 assensum
1404 3283 1678 3351 przebens,
1723 3301 1861 3355 prie-

237 3366 407 3420 fatam
438 3366 911 3420 sanctimonialem
971 3369 1309 3423 cellerariam
1364 3387 1486 3424 esse
1550 3373 1857 3443 praecepit;

239 3459 334 3513 illa
389 3467 572 3512 autem
631 3466 904 3529 praacepto
937 3461 1181 3532 episcopi
1219 3479 1326 3516 non
1368 3464 1633 3526 obedivit,
1678 3467 1774 3518 sed
1807 3467 1860 3520 in

239 3554 475 3625 pristina
517 3554 879 3627 refragatione
911 3563 1107 3610 conata
1123 3567 1204 3611 est
1232 3559 1544 3627 persistere.
1596 3561 1865 3632 Sequenti

239 3661 372 3700 vero
402 3653 563 3700 nocte
598 3646 651 3699 in
684 3648 891 3700 somnis
913 3649 1122 3702 audivit
1166 3665 1356 3704 vocem
1407 3651 1678 3705 dicentem
1712 3653 1820 3706 sibi
1853 3673 1865 3708 :

246 3761 267 3787 ι
294 3737 428 3802 Quia
441 3753 548 3791 non
571 3737 808 3791 obedisti
827 3749 1101 3810 praecepto
1116 3742 1386 3812 episc0pi,
1413 3742 1534 3796 ideo
1557 3760 1658 3797 usu
1680 3746 1871 3799 ambu-

245 3833 400 3888 landi
436 3825 872 3904 privaristandiu
890 3836 1067 3890 donec
1097 3837 1164 3890 ab
1182 3853 1246 3891 eo
1275 3838 1594 3892 absolveris.
1624 3859 1644 3890 ι»
1671 3841 1875 3912 Exper-

244 3925 458 4000 gefacta
491 3935 672 3980 autem
698 3927 1020 3982 dissolutam
1081 3930 1344 3984 membris
1378 3931 1446 3985 ita
1498 3949 1555 3985 se
1589 3949 1712 3988 esse
1748 3953 1872 4005 per-

244 4016 441 4085 sensit,
469 4022 528 4069 ut
554 4015 765 4069 nullum
794 4017 1112 4071 ambulandi
1155 4017 1409 4073 eﬂ’ectum
1437 4021 1639 4075 habere
1665 4025 1875 4093 potuis-

249 4111 354 4159 set.
410 4103 519 4159 Hac
570 4103 886 4159 infirmitate
946 4107 1130 4178 ligata,
1188 4107 1465 4163 laboriose
1517 4114 1874 4181 exspectabat

249 4194 545 4247 adventum
578 4193 847 4262 episcOpi.
920 4196 1142 4249 Interim
1201 4213 1329 4252 vero
1387 4201 1880 4273 apprOpinquabat

254 4279 474 4358 tempus
494 4287 779 4358 synodalis
798 4288 1083 4359 colloquii,
1112 4301 1164 4345 et
1183 4292 1482 4363 episcOpus
1500 4296 1566 4347 ad
1583 4299 1875 4368 Augustam

250 4376 628 4431 revertebatur
656 4393 669 4439 ;
705 4377 809 4431 hoc
841 4393 963 4431 cum
998 4377 1213 4432 infirma
1241 4381 1677 4438 sanctimonialis
1707 4388 1868 4439 audi-

253 4477 357 4532 ret,
380 4467 593 4541 rogavit
617 4483 675 4522 se
702 4469 903 4538 portari
937 4469 988 4522 in
1015 4471 1301 4525 ecclesiam
1343 4473 1553 4526 Sanctee
1605 4475 1784 4529 Mariae
1818 4483 1869 4530 et

250 4559 536 4614 obtutibus
564 4559 684 4629 ejus
740 4563 1142 4630 reprzesentari,
1190 4581 1424 4635 cumque
1473 4565 1539 4618 ad
1572 4566 1690 4633 ejus
1733 4584 1870 4636 prie-

251 4651 489 4705 sentiam
513 4651 750 4717 veniret,
781 4653 900 4720 ejus
953 4653 1387 4709 misericordiam
1441 4657 1727 4725 deprecari
1756 4674 1872 4711 co:-

251 4743 349 4813 pit,
383 4750 439 4795 ut
459 4742 526 4795 ab
568 4743 944 4817 afﬂigentibus
991 4745 1404 4820 alligationibus
1435 4748 1768 4806 infirmitatis
1801 4753 1869 4806 ab

251 4851 318 4890 eo
345 4835 895 4890 absolvimereretur.
931 4837 1128 4891 Audita
1155 4839 1276 4906 ejus
1308 4840 1722 4910 deprecatione,
1757 4845 1871 4915 epi-

251 4939 452 4992 scepus
485 4923 552 4976 de
600 4923 981 4979 inobedientia
1027 4942 1145 4979 eam
1206 4927 1530 4997 increpavit,
1574 4938 1872 4987 etmanere

253 5014 660 5068 benedictionis
687 5016 846 5070 simul
872 5027 924 5070 et
956 5017 1319 5090 indulgentia)
1361 5021 1616 5075 donatam
1642 5024 1868 5079 dimisit.

253 5104 501 5174 Cumque
545 5105 612 5158 ab
641 5122 706 5159 ea
739 5113 1110 5161 reverteretur
1143 5109 1462 5180 episeOpus,
1497 5112 1681 5167 statim
1730 5115 1875 5168 sani-

254 5192 350 5246 tati
396 5193 648 5247 restituta
698 5194 971 5248 currendo
1031 5197 1312 5264 praecessit
1341 5199 1685 5270 episcopum,
1719 5211 1876 5257 ante-

255 5301 418 5356 quam
435 5285 526 5339 ille
541 5285 958 5355 perambularet
976 5288 1288 5352 ecclesiam,
1310 5297 1517 5357 et,ante
1531 5294 1873 5348 celsitudinis

255 5379 378 5444 ejus
411 5381 758 5449 priesentiam
780 5389 1064 5450 prostrata,
1091 5384 1258 5438 Deum
1287 5402 1386 5455 pro
1411 5387 1622 5441 reddita
1644 5389 1875 5443 sanitate

256 5470 556 5538 laudando,
608 5473 858 5542 promisit
885 5474 954 5528 de
1017 5476 1400 5532 inobedientia
1434 5480 1570 5533 ultra
1603 5498 1724 5533 sese
1759 5481 1877 5535 fore

255 5559 697 5626 emendaturam,
712 5567 764 5614 et
779 5561 845 5615 ad
861 5563 1114 5632 preprias
1129 5566 1538 5621 mansiunculas
1555 5568 1677 5622 beta
1692 5570 1874 5624 rediit.

473 5684 642 5761 '[arus
665 5684 862 5761 Plinio,
899 5686 1266 5744 ﬂuviusltatis
1293 5690 1630 5761 Cispadanae.

334 5754 447 5823 (52)
480 5757 640 5810 Zoam
671 5771 772 5826 pro
799 5757 929 5825 vita,
965 5765 1126 5814 vitam
1168 5777 1266 5831 pro
1293 5754 1479 5818 animo
1512 5766 1809 5834 usurpavit.

1959 554 2126 608 habili
2180 563 2424 623 tempore
2500 558 2689 621 postea
2755 547 3049 602 ecclesiam
3122 547 3176 599 in
3255 546 3577 600 eiemeterio

1959 646 2170 698 Sanctae
2202 644 2379 696 Mariae
2406 643 2458 696 in
2493 641 2714 696 modum
2758 639 2935 692 crucis
2971 636 3240 691 :edilicarc
3273 636 3464 706 cmpit,
3501 643 3575 702 et,

1959 734 2322 789 aidilicatione
2380 742 2596 804 peracta
2667 731 3038 800 altaribusque
3099 729 3346 799 quinque
3418 729 3474 781 in
3513 743 3578 782 ea

1958 827 2298 897 compositis,
2333 827 2386 878 in
2418 827 2623 880 honore
2657 823 2830 877 sancti
2862 821 3088 875 Joannis
3117 819 3370 890 Baptistze
3405 819 3572 874 dedi-

1959 917 2118 981 cavit,
2153 926 2209 968 et
2239 916 2448 968 dolium
2485 911 2799 983 baptizandi
2843 912 2910 964 de
2948 920 3102 981 petra
3134 911 3375 964 excisum
3414 911 3467 963 in
3510 926 3574 964 ea

1958 1009 2218 1064 constitui
2263 1007 2413 1072 fecit,
2457 1013 2528 1070 et,
2560 1007 2688 1060 dote
2737 1005 3116 1079 legitimatam,
3153 1005 3476 1074 presbytero
3505 1005 3573 1058 ad

1959 1098 2365 1169 procurandum
2390 1097 2443 1149 in
2468 1094 2670 1149 divinis
2692 1093 2890 1147 ol‘iiciis
2918 1094 3414 1160 commendavit,et
3439 1111 3575 1165 prae-

1958 1191 2103 1261 cepit
2133 1198 2190 1243 ut
2224 1188 2572 1243 matricularii
2605 1186 2826 1240 inomni
2859 1186 3305 1239 hebdomadadie
3327 1187 3570 1253 Sabbati,

1959 1290 2014 1335 et
2047 1281 2099 1334 in
2133 1280 2254 1333 aliis
2287 1278 2628 1333 solemnibus
2660 1277 3069 1344 festivitatibus,
3123 1294 3246 1331 cum
3282 1278 3574 1350 Evangelio

1961 1377 2013 1423 et
2047 1368 2301 1421 crucibus
2329 1376 2380 1420 et
2411 1367 2606 1430 cereis,
2649 1381 2770 1419 cum
2831 1365 2921 1418 Uei
2973 1365 3230 1419 laudibus
3262 1376 3578 1421 reverenter

1959 1462 2261 1526 visitarent,
2307 1469 2359 1513 et
2388 1460 2441 1511 in
2474 1459 2718 1512 Paschali
2769 1459 3138 1525 hebdomada,
3186 1476 3350 1529 quam
3385 1460 3574 1514 dicunt

1959 1555 2098 1608 intra
2129 1555 2311 1618 Albas,
2355 1554 2484 1624 quia
2540 1561 2668 1607 tunc
2718 1553 3060 1607 consuetudo
3091 1563 3177 1607 est
3217 1561 3325 1607 tres
3356 1564 3575 1608 cantare

1960 1646 2198 1716 psalmos
2228 1646 2294 1698 ad
2323 1646 2640 1715 Vesperam,
2684 1653 3032 1699 remanenles
3063 1645 3202 1699 duos
3231 1646 3360 1701 illuc
3390 1647 3573 1700 (leam-

1961 1735 2200 1789 bulando
2231 1750 2353 1787 cum
2376 1735 2748 1804 antiphonaet
2771 1741 2900 1788 tono
2933 1735 3169 1788 formosa
3194 1735 3573 1790 modulatione

1964 1829 2319 1898 perpsallere,
2384 1837 2437 1883 et
2469 1829 2584 1900 ipse
2643 1846 2893 1899 perszepe
2937 1830 3011 1883 ibi
3043 1830 3311 1886 salutares
3371 1832 3575 1887 hostias

1961 1923 2070 1976 Deo
2111 1922 2396 1976 immolare
2426 1922 2731 1977 consuevit.

2029 2013 2160 2066 XXI.
2191 2013 2348 2066 Zoam
2379 2013 2554 2082 (5:2)in
2583 2012 3148 2083 ultimistemporibus
3178 2031 3332 2069 suam
3365 2014 3573 2070 salvare

1960 2101 2258 2171 cupiendo,
2325 2102 2507 2156 animo
2567 2102 2829 2167 decrevit,
2864 2104 3113 2174 quamvis
3135 2105 3279 2158 vires
3333 2105 3575 2175 corporis

1958 2199 2025 2252 de
2058 2199 2147 2251 die
2175 2199 2228 2251 in
2267 2199 2411 2252 diem
2446 2199 2763 2253 decrescere
2787 2200 3036 2264 sentiret,
3063 2206 3120 2253 ut
3143 2200 3333 2254 limina
3355 2208 3573 2271 aposto-

1959 2289 2134 2342 lorum
2167 2288 2309 2340 Petri
2369 2296 2422 2342 et
2480 2287 2630 2341 Pauli
2689 2287 2887 2341 devota
2928 2286 3235 2341 intentione
3271 2288 3575 2344 laborasset

1958 2377 2195 2431 visitare.
2234 2377 2474 2447 Cumque
2507 2378 2904 2448 aliquantulum
2931 2379 3141 2432 itineris
3182 2382 3491 2453 peregisset
3521 2383 3574 2437 in

1961 2482 2240 2544 carpento,
2271 2484 2326 2527 et
2355 2474 2421 2526 ad
2455 2472 2794 2529 difficiliores
2821 2475 2936 2528 vias
2968 2477 3304 2544 perveniret,
3339 2493 3446 2532 non
3479 2494 3575 2546 po-

1962 2563 2065 2616 tuit
2095 2563 2199 2616 iter
2229 2565 2367 2617 ultra
2401 2579 2682 2632 peragere,
2709 2575 3004 2634 antequam
3025 2565 3077 2618 in
3099 2565 3241 2620 lecto
3273 2568 3577 2623 collocatus

1960 2654 2118 2724 equis
2141 2656 2521 2726 superpositus
2549 2672 2777 2728 pergere
2810 2657 2976 2726 etrapit
3009 2675 3021 2710 :
3054 2659 3244 2730 sicque
3269 2660 3574 2733 pergendo,

1961 2748 2212 2818 quamvis
2233 2745 2526 2800 comitibus
2553 2746 2669 2815 ejus
2700 2746 2903 2816 ubique
2937 2747 3311 2816 periculosum
3346 2749 3573 2804 videre-

1962 2845 2067 2901 tur,
2105 2837 2214 2890 Deo
2238 2836 2484 2904 juvante,
2509 2844 2562 2888 et
2585 2843 2774 2890 sancto
2807 2835 2966 2890 Petro
3027 2837 3296 2907 apostolo,
3331 2837 3451 2893 sine
3479 2855 3576 2909 pe-

1962 2928 2130 2982 riculo
2164 2929 2390 2982 Ilomam
2416 2927 2687 2997 pervenit,
2716 2936 3076 2999 votorumque
3107 2930 3180 2982 ibi
3201 2936 3359 2984 antea
3389 2931 3576 3002 dispo-

1959 3017 2189 3070 sitorum
2217 3025 2269 3069 et
2324 3017 2788 3086 promissionibus
2827 3017 3183 3078 devotissime
3235 3020 3486 3091 expletis,
3527 3029 3582 3076 et

1907 3108 2395 3182 ,gratissimorum
2450 3109 2949 3162 emolumentorum
3006 3116 3059 3163 et
3114 3111 3581 3183 indulgentiarum

238 3193 513 3256 potestate
537 3185 900 3239 ministerium
936 3186 1142 3239 cellarii
1197 3188 1696 3244 commendaretur.
1735 3190 1856 3259 Epi-
1885 3155 1910 3217 (-

1959 3194 2118 3248 donis
2149 3196 2414 3265 acceptis,
2475 3198 2887 3268 permissosque
2951 3201 3058 3267 (53)
3099 3201 3303 3255 salubri
3337 3219 3365 3256 a
3395 3213 3582 3259 sancto

1961 3283 2116 3337 Petro
2146 3291 2198 3336 et
2225 3283 2428 3338 vicario
2458 3285 2578 3351 ejus
2635 3287 2916 3355 pontitice,
2977 3289 3304 3360 czeterisque
3348 3291 3456 3346 Deo
3497 3292 3574 3346 ibi

1960 3378 2147 3427 sancto
2188 3371 2344 3424 Petro
2372 3372 2756 3439 militantibus,
2787 3374 3188 3428 honorabiliter
3218 3386 3466 3447 accepto,
3493 3377 3579 3432 fc-

1964 3467 2122 3521 licem
2157 3467 2389 3520 reditum
2421 3467 2562 3533 iniit,
2597 3476 2650 3522 et
2679 3469 2988 3524 Ravennam
3016 3471 3238 3525 visitare
3271 3472 3568 3542 disposuit.

1970 3560 2208 3631 Illucque
2239 3577 2361 3614 cum
2392 3561 2877 3631 apprOpinquaret,
2943 3562 3333 3632 imperatorem
3367 3565 3573 3635 glorio-

1971 3667 2090 3704 sum
2121 3650 2366 3704 Ottonem
2400 3665 2519 3704 cum
2545 3649 2894 3720 imperatrice
2935 3651 3236 3706 Adalhaida
3268 3652 3582 3710 ibimanere

1973 3742 2260 3812 comperit,
2283 3751 2337 3795 et
2367 3751 2491 3794 ante
2522 3757 2581 3794 se
2614 3741 2778 3795 misso
2813 3742 3006 3796 nuntio
3032 3741 3332 3797 adventum
3361 3746 3482 3814 ejus
3502 3745 3582 3800 illi

1974 3831 2257 3896 indicavit,
2291 3840 2344 3886 et
2375 3831 2464 3886 ille
2483 3832 2660 3885 statim
2692 3831 2943 3886 nuntium
2984 3833 3272 3902 sequendo
3288 3834 3356 3886 ad
3377 3834 3583 3889 ostium

1974 3921 2212 3975 cubiculi
2241 3921 2585 3990 imperatoris
2611 3920 2878 3990 pervenit.
2941 3923 3242 3990 Imperator
3273 3938 3421 3984 vero,
3455 3939 3583 3978 cum

1975 4031 2101 4069 eum
2160 4015 2214 4068 in
2277 4021 2423 4068 tanta
2489 4014 2766 4068 vicinitate
2823 4031 3047 4068 manere
3104 4015 3438 4089 agnovisset,
3470 4031 3583 4070 uno

1977 4106 2119 4175 pede
2150 4105 2392 4159 calceato
2421 4114 2474 4159 et
2504 4105 2609 4159 alio
2641 4105 2820 4158 adhuc
2852 4105 3175 4168 incalceato,
3211 4121 3372 4160 causa
3404 4103 3588 4158 humi-

1977 4194 2140 4248 litatis
2187 4203 2241 4248 et
2296 4195 2578 4267 flagrantia
2624 4194 2793 4247 divini
2862 4194 3081 4260 amoris,
3135 4211 3259 4248 eum
3293 4195 3358 4248 ad
3407 4194 3585 4248 susci-

1977 4283 2240 4353 piendum
2272 4283 2584 4337 amabiliter
2616 4282 2906 4338 festinavit.
2958 4281 3204 4354 Cumque
3244 4285 3301 4337 in
3329 4284 3589 4340 cubiculo

1977 4375 2240 4430 accersita
2271 4377 2620 4447 imperatrice
2660 4377 2810 4430 suavi
2838 4376 3111 4448 colloquio
3151 4377 3483 4443 fruerentur,
3529 4385 3584 4432 et

1970 4469 2196 4521 alternis
2228 4470 2597 4523 Iocutionibus
2653 4470 2990 4524 diversarum
3047 4487 3228 4525 rerum
3288 4481 3590 4542 proventus

1973 4557 2356 4624 terminarent,
2389 4559 2471 4611 vir
2521 4567 2744 4613 sanctus
2797 4560 3180 4630 imperatorem
3215 4576 3336 4614 cum
3387 4561 3590 4617 auxilio

1975 4647 2338 4717 imperatricis
2384 4650 2629 4722 ﬂagitare
2680 4651 2848 4721 erepit
2899 4659 2955 4704 ut
3021 4649 3130 4704 filio
3200 4651 3404 4704 sororis
3471 4667 3588 4707 suae

1974 4739 2304 4792 Adalberoni
2339 4741 2782 4809 procurationem
2809 4742 3281 4812 suiepiscopatus,
3318 4742 3590 4815 regimen-

1973 4844 2079 4898 que
2105 4844 2271 4896 super
2311 4828 2568 4882 familiam
2624 4837 2677 4882 et
2709 4831 2893 4883 omnia
2949 4830 3171 4904 negotia
3203 4829 3485 4884 saecularia
3516 4831 3586 4884 ad

1973 4935 2095 4971 cum
2132 4919 2483 4987 pertinentia,
2507 4919 2746 4974 fideliter
2778 4921 3117 4992 Iirmiterque
3147 4921 3584 4990 commendaret,

1975 5021 2027 5066 et
2055 5021 2112 5066 ut
2152 5029 2181 5065 a
2211 5013 2540 5067 celsitudine
2569 5015 2689 5081 ejus
2725 5017 3028 5087 imperialis
3063 5019 3319 5087 potentia:
3353 5018 3595 5088 promis-

1976 5120 2092 5156 sum
2135 5103 2530 5157 consolationis
2561 5105 2814 5174 accipere
2847 5116 3178 5170 mereretur,
3213 5117 3270 5161 ut
3324 5116 3447 5178 post
3478 5108 3600 5178 ejus

1976 5199 2277 5252 discessum
2311 5198 2626 5250 cathedram
2661 5199 2993 5269 episcopalis
3026 5202 3318 5269 potestatis
3346 5202 3395 5256 ei
3425 5202 3602 5256 dona-

1978 5294 2077 5352 ret,
2111 5295 2170 5341 ut
2191 5287 2292 5340 sibi
2323 5285 2542 5353 majoris
2568 5286 2662 5339 otii
2698 5287 2765 5340 ad
2822 5288 3067 5341 studium
3126 5291 3391 5345 orationis
3422 5298 3476 5344 et
3508 5307 3607 5345 ec-

1978 5383 2266 5438 clesiastici
2319 5381 2600 5455 regiminis
2653 5391 2708 5435 et
2766 5381 3188 5436 Christianitatis
3245 5384 3601 5440 stabilitatem

1981 5473 2208 5529 facultas
2270 5475 2688 5530 concederetur.
2748 5473 2913 5540 Cujus
2974 5473 3183 5542 petioni
3245 5474 3520 5547 gloriosus
3550 5484 3607 5530 et

1989 5569 2296 5624 benevolus
2327 5569 2622 5640 imperator
2653 5581 2938 5620 assensum
2971 5564 3224 5635 pricbens
3252 5567 3602 5622 saecularium

2065 5700 2174 5770 (33)
2206 5705 2545 5757 Permissum.
2583 5699 2803 5755 Urlaub.
