3978 6214
384 308 399 361 Ι
412 309 518 361 043

1461 309 1511 359 S.
1558 308 1858 362 [TDALRICI
1901 307 2271 362 AUGUSTANI
2314 308 2625 362 EPISCOPI.

3573 308 3704 366 1044

378 442 725 513 negotiorum
756 441 1083 495 commercia
1113 440 1441 494 Adalberoni
1480 440 1905 502 commendavit,
1941 446 1995 493 et
2015 441 2071 510 Α
2098 438 2358 509 cipiente.
2394 460 2421 488 π
2452 438 2546 493 Cui
2578 438 2715 493 dixit
2742 438 3037 509 episcopus
3069 456 3083 492 :
3116 457 3141 489 ε
3193 438 3395 503 Frater,
3426 438 3573 493 bene
3612 438 3708 495 tibi

380 531 714 602 episc0palis
746 532 1009 586 honorem
1057 531 1330 585 cathedrae
1372 541 1495 602 post
1519 532 1685 587 vitam
1718 532 1987 603 episcOpi,

382 621 427 673 si
459 621 603 673 Deus
630 620 815 685 vellet,
845 620 893 673 ei
924 619 1130 674 donare
1163 619 1435 690 promisit,
1478 628 1532 675 et
1589 622 1817 691 insuper
1848 621 1989 676 mul-

383 713 451 766 tis
472 710 630 765 libris
659 711 776 765 auri
806 710 1130 781 epiSCOpum
1188 712 1449 766 donatum
1504 714 1815 767 amabiliter
1841 713 1989 767 abire

386 800 654 873 permisit,
689 810 743 856 et
772 801 892 872 ejus
918 801 1237 856 mansiones
1280 818 1403 856 cum
1457 803 1565 857 alio
1621 804 1845 858 servitio
1896 819 1992 857 ne-

386 890 646 953 cessario,
687 906 807 944 cum
850 890 962 943 suis
992 889 1248 944 fidelibus
1306 906 1481 962 usque
1530 891 1597 944 ad
1642 891 1805 945 finem
1849 892 1996 945 illius

389 976 687 1048 provinciw
706 985 861 1033 caute
895 978 1187 1050 disposuit.

458 1070 615 1125 XXII.
670 1070 976 1142 Episcopus
1026 1078 1206 1126 autem
1263 1079 1317 1126 et
1389 1071 1645 1143 priefatus
1702 1073 1996 1140 Adalbero,

390 1177 514 1216 cum
533 1159 832 1214 laetabundi
899 1166 1306 1215 reverterentur
1335 1161 1401 1214 ad
1434 1161 1729 1227 civitatem,
1772 1162 2001 1216 honori-

392 1249 496 1303 tice
526 1249 670 1303 sicut
696 1248 882 1303 decuit
910 1250 1153 1319 suscepti
1180 1257 1329 1316 sunt,
1362 1259 1417 1304 et
1446 1266 1641 1305 omnes
1673 1251 1766 1321 qui
1809 1252 1883 1305 ibi
1915 1252 2003 1305 in-

393 1341 541 1395 venti
564 1348 714 1403 sunt,
738 1348 1019 1412 comperta
1066 1357 1256 1396 eorum
1298 1358 1568 1413 prospera
1599 1344 1919 1399 reversione
1951 1352 2005 1398 et

396 1431 858 1486 honorificatione
889 1431 956 1485 ab
990 1432 1319 1501 imperatore
1353 1432 1434 1485 eis
1456 1432 1616 1499 facta,
1646 1434 1803 1487 valde
1833 1432 2006 1487 laetiﬁ-

397 1523 502 1579 cati
546 1532 693 1578 sunt.
727 1524 875 1579 Tunc
897 1538 1025 1578 vero
1044 1523 1304 1593 praefatus
1332 1524 1628 1591 Adalbero,
1660 1526 2007 1599 congregatis

398 1615 666 1669 militibus
691 1614 966 1685 episcopi,
989 1614 1322 1670 desideravit
1354 1622 1412 1670 ut
1433 1616 1482 1670 ei
1509 1624 1849 1671 sacramenta
1874 1617 2006 1670 lide-

399 1710 567 1764 litatis
591 1710 864 1777 jurarent,
888 1709 1036 1780 quod
1068 1717 1122 1763 et
1152 1709 1423 1765 fecerunt
1482 1712 1533 1765 in
1568 1713 1858 1782 praesentia
1888 1713 2009 1783 epi-

2097 538 2284 583 notum
2316 535 2397 582 est
2422 528 2758 583 desiderium
2786 544 2992 594 meum,
3019 544 3215 582 enarra
3248 529 3377 595 hoc,
3405 537 3462 582 et
3482 528 3709 583 obsecra

2090 628 2148 672 ut
2179 634 2367 672 eorum
2409 618 2655 672 consiliis
2686 625 2739 672 et
2800 617 3283 688 permissionibus,
3318 617 3431 672 Deo
3457 616 3707 684 juvante,

2092 708 2365 778 expletum
2397 706 2505 761 fiat.
2542 730 2565 755 υ
2588 705 2739 761 Tunc
2762 705 3023 776 praefatus
3053 704 3289 760 clericus
3308 704 3627 759 Gerhardus
3656 705 3708 758 in

2097 801 2387 871 praesentia
2426 799 2670 854 omnium
2710 799 2846 852 dixit
2883 816 2940 851 :c
2985 796 3713 868 Excellentissimiimpera-

2097 896 2263 953 tores,
2298 894 2351 941 et
2380 886 2776 961 religiosissimi
2806 886 3101 951 antistites,
3126 885 3466 940 desiderium
3500 885 3715 941 domini

2100 979 2207 1034 mei
2241 988 2322 1034 est
2354 979 2667 1049 relinquere
2718 978 3003 1043 saeculum,
3031 984 3084 1032 et
3122 979 3429 1033 secundum
3472 979 3718 1053 regulam

2100 1066 2271 1120 sancti
2302 1066 2580 1120 Benedicti
2613 1075 2856 1120 sanctam
2914 1066 3052 1121 inire
3080 1067 3267 1133 vitam,
3299 1075 3354 1121 et
3382 1067 3439 1121 in
3471 1075 3725 1123 contem-

2104 1158 2304 1229 plavita
2322 1158 2431 1211 vita
2455 1158 2601 1211 diem
2628 1168 2947 1228 exspectare
2978 1158 3163 1213 obitus
3178 1158 3285 1213 sui.
3310 1161 3369 1212 lu
3394 1158 3721 1213 indumento

2104 1264 2202 1320 pro
2226 1258 2375 1302 certo
2397 1248 2616 1302 habitus
2645 1249 2954 1317 exterioris,
2999 1250 3229 1320 potestis
3258 1265 3597 1325 cegnoscere
3629 1264 3728 1304 vo-

2106 1344 2369 1398 luntatem
2400 1343 2568 1397 animi
2592 1344 2886 1397 interioris.
2921 1366 2944 1394 »
2970 1344 3089 1398 Istis
3111 1354 3166 1399 et
3189 1344 3312 1398 aliis
3329 1344 3642 1398 rationibus
3667 1343 3725 1397 in

2106 1437 2386 1491 voluntate
2412 1436 2621 1491 domini
2654 1437 2739 1490 sui
2783 1438 2836 1490 in
2869 1436 3033 1491 tinem
3082 1436 3356 1501 deductis,
3390 1444 3536 1491 terra
3567 1444 3737 1491 tenus

2108 1528 2307 1583 cecidit
2338 1538 2462 1581 ante
2492 1528 2661 1597 pedes
2696 1528 3088 1599 imperatorum
3118 1535 3171 1583 et
3192 1528 3521 1594 antistitum,
3563 1527 3738 1584 obse-

2110 1634 2267 1673 crans
2297 1627 2353 1673 ut
2384 1619 2708 1688 petitionem
2737 1620 2946 1675 domini
2973 1621 3057 1674 sui
3082 1620 3387 1675 secundum
3412 1620 3505 1675 Dei
3533 1619 3734 1675 volun-

2042 1758 2079 1786 τ,
2115 1720 2278 1767 tatem
2314 1713 2541 1782 implere
2569 1728 2677 1765 non
2710 1713 3160 1786 dedignarentur.
3188 1713 3288 1777 Qui
3312 1711 3478 1767 simul
3497 1725 3735 1783 respon-

399 1802 552 1873 scopi
590 1800 886 1866 ;similiter
930 1808 985 1855 et
1033 1801 1239 1856 familia
1297 1820 1396 1873 per
1427 1812 1599 1859 totum
1630 1805 2006 1875 episcOpatum
2040 1780 2085 1824 δ’
2113 1801 2280 1855 dendi
2305 1801 2553 1855 inducias
2582 1817 2758 1871 usque
2792 1802 2847 1854 in
2878 1802 3177 1856 crastinum
3211 1801 3381 1867 diem;
3414 1800 3742 1871 postulave-

404 1892 551 1948 fecit.
582 1891 883 1962 EpiscOpus
913 1900 1094 1946 autem
1128 1892 1453 1948 indumento
1503 1910 1655 1948 more
1700 1895 2008 1948 monacho-

404 1998 525 2035 rum
586 1980 817 2035 formato
872 1980 1222 2047 induebatur,
1286 1998 1521 2053 quorum
1566 1989 1727 2037 antea
1766 1983 2009 2054 regulam

404 2071 745 2127 multimodis
795 2071 1090 2127 virtutibus
1137 2074 1295 2145 sequi
1354 2083 1732 2130 consueverat.
1769 2076 2013 2146 Cumque

408 2164 528 2216 haec
560 2162 634 2217 ita
658 2168 972 2233 agerentur,
1014 2170 1241 2233 prepter
1287 2166 1652 2235 quorumdam
1687 2166 2012 2220 clericorum

406 2253 835 2320 aemulationem,
863 2254 956 2325 qui
988 2272 1047 2309 se
1077 2256 1423 2312 aestimabant
1454 2265 1577 2328 post
1605 2259 1812 2313 obitum
1842 2260 2017 2313 sancti

409 2345 680 2416 episcopi,
714 2347 984 2417 imperiali
1032 2349 1361 2403 celsitudine
1404 2350 1765 2415 concedente,
1800 2351 2019 2421 episco-

410 2447 597 2508 patum
630 2454 789 2509 posse
841 2440 1148 2511 acquirero,
1196 2440 1425 2497 ferulam
1488 2443 1860 2513 episc0palem
1916 2460 2021 2513 pu-

412 2532 555 2587 blice
587 2540 805 2603 portare
836 2537 1207 2606 praesumpsit,
1227 2546 1285 2592 ut
1306 2538 1387 2592 eis
1416 2544 1526 2592 tota
1544 2554 1672 2608 spes
1698 2537 2021 2608 acquirendi

413 2624 765 2697 episcOpatus
790 2626 1143 2683 adimeretur.

482 2717 664 2773 XXIII.
700 2718 894 2774 Postea
933 2736 1063 2775 vero
1120 2720 1525 2777 revertentibus
1548 2722 1615 2777 de
1640 2722 1793 2778 italia
1839 2723 2021 2794 impe-

416 2811 710 2878 ratoribus,
736 2819 888 2882 patre
918 2813 1127 2869 scilicet
1152 2822 1206 2869 et
1233 2814 1407 2885 ipsius
1426 2816 1601 2885 prole,
1629 2816 1695 2869 ad
1721 2815 2023 2883 Franciam,

416 2901 558 2956 facta
589 2909 672 2956 est
701 2902 947 2972 synodus
1005 2903 1059 2956 in
1102 2904 1221 2958 loco
1271 2904 1364 2974 qui
1416 2904 1618 2958 dicitur
1659 2905 2024 2975 lngilunheim

417 2993 551 3063 (5ι),
585 2994 652 3047 ad
684 3010 848 3066 quam
893 2992 1296 3065 archiepiSCOpi
1351 3010 1473 3047 cum
1521 2996 1734 3050 caeteris
1766 2996 1881 3050 suis
1911 2995 2025 3051 suf-

417 3084 694 3157 fraganeis
758 3089 1008 3137 sanctum
1086 3083 1395 3139 Udalricum
1471 3100 1595 3139 cum
1654 3086 1767 3139 suis
1834 3086 2029 3159 legatis

418 3171 1128 3227 honorificeinvitaverunt.
1162 3173 1673 3245 Adalberonemque
1701 3175 1822 3243 ejus
1854 3192 2030 3247 nepo-

420 3269 530 3315 tem
558 3275 681 3315 cum
714 3277 782 3316 eo
815 3261 1003 3315 venire
1031 3261 1413 3316 decreverunt.
1444 3262 1577 3318 illuc
1598 3279 1726 3319 vero
1758 3279 1881 3318 cum
1905 3279 2030 3333 per-

419 3351 693 3421 venirent,
725 3362 780 3408 et
818 3354 1089 3409 antistites
1136 3354 1343 3409 ibidem
1386 3356 1705 3429 congregati
1732 3355 2033 3409 Adalbero-

420 3457 547 3496 nem
575 3441 828 3497 baculum
874 3442 1242 3514 episc0palem
1303 3444 1524 3515 publice
1563 3452 1782 3516 portare
1822 3459 2032 3520 cogno-

419 3533 644 3597 vissent,
677 3532 801 3587 irati
832 3541 959 3587 sunt
984 3542 1174 3589 contra
1199 3550 1345 3600 eum,
1378 3542 1431 3589 et
1456 3534 1719 3589 dicebant
1746 3541 1822 3601 ut,
1842 3543 2033 3590 contra

420 3626 703 3683 canonica:
757 3626 1105 3683 rectitudinis
1158 3630 1425 3703 regulam,
1473 3629 1529 3683 in
1561 3630 1813 3684 haeresim
1847 3631 2033 3701 lapsus

423 3715 640 3783 fuisset,
684 3722 738 3770 et
791 3716 939 3787 quod
988 3717 1318 3787 pontificalis
1381 3719 1647 3773 honorem
1679 3720 2035 3775 sublimitatis

422 3812 643 3868 vivente
678 3812 942 3883 episcopo
997 3813 1102 3869 sibi
1130 3813 1253 3884 plus
1277 3815 1428 3884 justo
1454 3813 1782 3880 vindicaret,
1822 3824 1878 3869 et
1908 3815 2035 3870 ideo

424 3902 568 3959 ultra
595 3919 719 3958 eum
750 3905 1073 3975 episcopum
1125 3905 1369 3959 ordinari
1400 3921 1511 3960 non
1554 3906 1792 3962 deceret.
1829 3907 2037 3972 Quibus

424 3992 516 4048 ille
544 3992 766 4060 auditis,
807 3993 982 4064 prima
1024 3993 1116 4048 die
1149 3993 1415 4065 synodale
1437 3995 1775 4067 colloquium
1829 3997 2038 4051 intrare

424 4084 705 4148 devitavit,
763 4092 818 4139 et
861 4084 917 4137 in
976 4085 1084 4139 alia
1142 4084 1307 4141 domo
1358 4101 1483 4140 cum
1558 4088 1777 4142 caeteris
1823 4087 2043 4143 clericis

425 4181 675 4252 episcopi
705 4181 1039 4236 remanebat.
1070 4182 1309 4237 Antistes
1338 4189 1519 4238 autem
1551 4199 1677 4238 cum
1706 4182 1898 4255 paucis
1924 4183 2042 4237 suis

426 4270 729 4342 capellanis
770 4270 1038 4342 synodum
1068 4270 1310 4328 intravit.
1344 4271 1590 4344 Cumque
1616 4272 1761 4327 inter
1781 4288 1842 4326 se
1869 4271 2046 4343 ponti-

425 4362 559 4418 fices
609 4362 885 4434 colloquia
937 4363 1142 4418 habere
1215 4363 1537 4435 coepissent,
1602 4364 2043 4436 uniuscujusque

427 4455 696 4511 rationem
737 4471 837 4527 per
892 4455 1178 4512 latinitatis
1233 4457 1569 4512 locutionem
1609 4457 1906 4511 voluerunt
1934 4462 2045 4511 ter-

429 4543 627 4598 minari
658 4561 671 4608 ;
700 4560 938 4617 cumque
969 4560 1133 4599 causa
1170 4544 1344 4600 sancti
1384 4544 1621 4600 Udalrici
1653 4545 1844 4599 fuisset
1871 4546 2048 4601 venti-
2068 4514 2125 4584 D

429 4636 614 4703 lauda,
646 4643 700 4690 et
726 4635 839 4703 ille,
882 4651 979 4707 pro
1007 4635 1330 4692 inﬁrmitate
1376 4636 1501 4707 (55),
1540 4643 1648 4692 tam
1680 4652 1882 4693 sonora
1913 4652 2047 4694 voce

429 4735 488 4783 ut
511 4734 623 4783 tota
650 4728 895 4801 synodus
911 4729 1104 4785 audire
1154 4729 1446 4800 potuisset,
1501 4730 1771 4784 rationem
1801 4728 2047 4800 proferre

430 4834 543 4874 non
564 4829 774 4891 posset,
807 4820 1179 4877 advocabatur
1208 4836 1353 4875 unus
1383 4836 1516 4875 suus
1554 4820 1788 4876 clericus
1823 4821 2048 4877 nomine

430 4910 762 4982 Gerbardus,
799 4913 894 4984 qui
925 4920 1074 4968 extra
1097 4913 1370 4984 synodum
1401 4928 1527 4968 cum
1581 4913 1930 4968 Adalberone
1959 4929 2048 4968 re-

431 5003 713 5075 manebat,
734 5011 794 5060 ut
841 5021 941 5077 pro
968 5021 1036 5061 eo
1059 5004 1320 5061 desiderii
1367 5006 1452 5062 sui
1484 5007 1752 5062 rationem
1781 5022 1882 5078 per
1926 5007 2046 5061 lati-

434 5095 622 5151 nitatis
655 5096 993 5152 locutionem
1046 5096 1448 5152 manifestaret.
1508 5096 1751 5170 Cumque
1803 5098 1912 5166 vix,
1952 5113 2052 5169 pro

432 5188 705 5244 densitate
740 5190 1069 5259 multidinis,
1110 5190 1168 5245 in
1202 5190 1520 5261 ,‘prtesentia
1576 5191 1970 5262 imperatorum
2001 5198 2055 5247 et

432 5279 821 5350 episcoporum
854 5296 1099 5352 praesens
1129 5280 1394 5347 stetisset,
1450 5280 1896 5357 interrogabatur
1921 5282 2055 5354 quid

434 5366 779 5423 desideraret
807 5368 1065 5424 dominus
1103 5384 1255 5424 suus.
1288 5367 1497 5433 Quibus
1527 5369 2057 5445 interrogationibus

435 5455 834 5526 multiplicatis,
867 5457 1003 5512 dixit
1040 5475 1099 5511 εκ
1134 5458 1253 5513 Non
1314 5459 1495 5514 debeo
1528 5460 2058 5533 interrogationibus

435 5556 633 5606 vestris
660 5551 1002 5619 respondere
1029 5567 1126 5623 pro
1175 5553 1403 5608 domino
1450 5570 1600 5623 meo,
1637 5554 1743 5608 nisi
1773 5555 1866 5609 illo
1913 5569 2057 5624 prae-

510 5679 897 5757 (54)Syngdus
924 5680 1452 5753 lngilunheimensis
1493 5685 1549 5740 in
1595 5701 1759 5742 causa
1812 5684 2057 5741 Adelbe-

440 5745 613 5814 ronis,
636 5745 730 5801 an.
757 5745 882 5802 972.

2112 1902 2259 1959 runt,
2290 1900 2541 1963 ctpostea
2574 1892 2714 1947 inter
2744 1910 2801 1948 se
2849 1894 3263 1948 aestimaverunt
3293 1892 3532 1963 qualiter
3561 1909 3736 1948 causa

2115 1988 2475 2042 Adalberonis
2530 1988 2935 2041 terminaretur.
2989 1984 3220 2049 Quidam
3274 1998 3401 2040 vero
3432 1983 3739 2056 episcopo-

2119 2099 2234 2136 rum
2266 2081 2544 2148 adjutores
2577 2079 2939 2134 Adalberonis
2966 2076 3207 2142 fuerunt,
3235 2092 3303 2130 ne
3331 2091 3555 2146 prorsus
3582 2093 3614 2130 a
3634 2092 3740 2147 spe

2116 2166 2847 2238 episc0palisordinationis.
2884 2172 3007 2235 post
3036 2164 3202 2219 vitam
3233 2163 3490 2218 avunculi
3528 2165 3615 2221 sui
3639 2181 3741 2220 ex-

2119 2261 2448 2314 cluderetur.
2486 2259 2608 2313 llzec
2636 2274 2761 2312 cum
2791 2258 2933 2311 inter
2957 2273 3017 2310 se
3056 2255 3582 2322 sermocinarentur,
3611 2257 3745 2312 ulti-

2120 2366 2207 2402 ma
2235 2348 2289 2402 in
2322 2364 2491 2402 unum
2534 2347 2743 2401 ratione
2773 2344 3089 2411 coadunati,
3122 2359 3319 2399 omnes
3360 2342 3524 2397 simul
3556 2342 3748 2399 ﬁrma—

2120 2451 2317 2498 verunt
2352 2441 2562 2513 {quod},
2593 2440 2983 2495 nisiAdalbero
3007 2443 3423 2493 sesacramento
3451 2447 3745 2495 excusaret

2123 2536 2269 2608 quod
2303 2551 2411 2590 non
2446 2534 2615 2588 sciret
2669 2532 2917 2587 lueresim
2964 2546 3185 2586 manere
3215 2531 3345 2602 quia
3366 2530 3744 2601 episcopalem

2124 2626 2421 2697 potentiam
2446 2640 2567 2679 cum
2603 2622 2799 2677 baculo
2844 2621 3097 2691 arripuit,
3132 2620 3280 2675 nullo
3309 2620 3473 2675 modo
3506 2620 3750 2675 ulterius

2126 2714 2375 2787 legaliter
2396 2713 2689 2782 episcopus
2746 2709 2865 2764 fieri
2921 2709 3207 2780 potuisset.
3257 2707 3437 2761 Altera
3468 2722 3599 2762 vero
3655 2708 3749 2762 die

2126 2822 2248 2860 cum
2281 2806 2544 2875 episc0po
2575 2805 2740 2859 etiam
2774 2802 3040 2857 Adalbero
3066 2800 3319 2873 synodali
3356 2800 3610 2855 interfuit
3628 2800 3751 2856 col-

2128 2896 2335 2967 loquio,
2368 2902 2437 2951 et.
2491 2911 2615 2949 eum
2661 2895 2709 2948 ei
2745 2893 3068 2963 praedictum
3108 2892 3317 2946 crimen
3347 2891 3744 2961 imputaretur.

2129 2987 2315 3042 multis
2338 2984 2747 3054 objectionibus
2789 2984 3132 3038 diversorum
3180 2981 3589 3053 colloquiorum
3616 2997 3744 3037 cum

2129 3081 2242 3134 suis
2266 3078 2607 3148 adjutoribus
2629 3094 2659 3131 a
2689 3078 2952 3149 pradicto
2975 3075 3205 3130 crimine
3236 3091 3294 3129 se
3313 3073 3616 3129 defendere
3649 3080 3759 3129 sta-

2134 3170 2251 3226 tuit.
2279 3170 2389 3224 Hoc
2413 3185 2538 3224 cum
2577 3168 2628 3223 ei
2660 3167 2920 3222 adunatio
2952 3165 3200 3221 omnium
3230 3164 3624 3235 episcoporum
3645 3179 3761 3220 non

2133 3263 2491 3328 consentiret,
2515 3261 2819 3316 secundum
2843 3276 2952 3331 prae
2972 3259 3169 3313 dictam
3185 3256 3626 3312 destinationem
3641 3255 3767 3327 epi-

2134 3372 2427 3426 scoporum
2454 3363 2857 3427 sacramentum
2894 3351 3250 3423 perfecitper
3264 3365 3466 3405 nomen
3483 3348 3681 3416 Patris,
3707 3358 3767 3404 et

2136 3447 2272 3512 Filii,
2306 3453 2361 3500 et
2379 3444 2619 3515 Spiritus
2639 3442 2812 3498 sancti
2834 3446 3249 3511 superquatuor
3270 3437 3753 3511 EvangeliaJ‘une

2136 3542 2333 3596 iterum
2360 3539 2657 3610 episcopus
2693 3536 2977 3591 Udalricus
3008 3532 3294 3605 petitionis
3321 3547 3435 3587 sum
3472 3548 3768 3604 responsa,

2135 3647 2256 3702 quis
2318 3628 2494 3699 pridie
2547 3626 2950 3697 procrastinata
3000 3626 3249 3690 fuerunt,
3302 3641 3402 3696 per
3433 3623 3767 3695 prmdictum

2136 3739 2295 3777 suum
2329 3720 2591 3775 clericum
2611 3718 2895 3789 expetivit,
2931 3718 3062 3789 quia
3095 3716 3771 3787 desideravitutprzedic~

2137 3826 2224 3873 tus
2241 3833 2372 3872 suus
2398 3831 2571 3886 nepos
2604 3814 2902 3885 episcopus
2921 3814 3292 3879 ordinaretur,
3341 3819 3396 3868 et
3441 3812 3556 3877 ille,
3575 3827 3777 3867 secun-

2139 3913 2268 3967 dum
2300 3911 2544 3983 regulam
2576 3909 2751 3963 sancti
2786 3906 3088 3971 Benedicti,
3155 3907 3212 3961 in
3264 3905 3603 3962 monasterio
3642 3921 3773 3961 cum

2145 4019 2337 4059 eorum
2378 4018 2653 4058 consensu
2699 3999 2982 4055 deservire
3028 4006 3356 4054 mereretur.
3392 3997 3649 4069 Episcopi
3675 4013 3775 4052 au-

2145 4102 2276 4157 tem,
2306 4090 2557 4163 quamvis
2573 4090 2654 4145 eis
2693 4104 2758 4143 ex
2798 4096 2912 4144 toto
2963 4104 3076 4143 non
3110 4087 3377 4158 placeret.
3410 4093 3601 4156 aperte
3631 4085 3686 4140 ei
3716 4085 3775 4139 in

2146 4183 2357 4255 synodo
2380 4180 2757 4237 contradicere
2798 4178 3025 4234 noluere
3074 4176 3402 4250 petitionem
3437 4192 3593 4231 suam
3625 4193 3639 4241 ;
3673 4177 3776 4231 sed

2147 4270 2542 4345 sapientissimi
2574 4286 2637 4325 ex
2671 4268 2824 4340 ipsis,
2863 4283 2987 4323 cum
3044 4266 3278 4323 consilio
3330 4266 3584 4331 aliorum,
3624 4273 3782 4322 extra

2150 4362 2422 4435 synodum
2472 4375 2598 4414 eum
2653 4358 2938 4413 ambulare
3000 4372 3123 4412 cum
3165 4356 3273 4410 illis
3335 4356 3779 4427 postulaverunt,

2153 4454 2341 4526 ibique
2368 4468 2492 4507 eum
2542 4465 2608 4506 eo
2648 4459 2702 4505 et
2750 4465 2875 4505 cum
2927 4448 3043 4504 suis
3094 4447 3314 4503 clericis
3353 4446 3786 4518 sapientissimis

2154 4558 2424 4606 secretam
2457 4546 2798 4602 locutionem
2817 4545 3082 4610 habuere,
3104 4544 3355 4600 dicentes
3378 4562 3435 4596 εει
3458 4542 3787 4598 Reverende

2152 4640 2333 4706 Pater,
2363 4638 2450 4693 cui
2487 4643 2618 4692 nota
2649 4644 2734 4690 est
2758 4633 3003 4691 omnium
3044 4632 3545 4688 ecelesiasticorum
3610 4630 3790 4686 libro-

2152 4748 2269 4786 rum
2302 4727 2575 4794 normula,
2608 4727 2703 4799 qui
2732 4741 2953 4796 semper
2980 4724 3185 4780 callem
3221 4721 3569 4779 rectitudinis
3594 4722 3790 4776 ambu-

2151 4820 2273 4875 lasti
2302 4834 2413 4874 non
2435 4816 2732 4883 deviando,
2780 4830 2890 4870 non
2918 4814 3080 4869 decet
3117 4820 3178 4868 ut
3234 4828 3400 4879 nunc,
3436 4813 3595 4867 istam
3627 4810 3777 4867 viam

2152 4926 2316 4983 quam
2346 4923 2567 4979 semper
2624 4905 2850 4960 tenuisti
2893 4904 3179 4967 omittens,
3236 4902 3596 4957 seminarium
3628 4916 3698 4955 ex
3725 4908 3778 4955 te

2151 5009 2330 5058 sumat
2355 5001 2478 5057 talis
2521 5014 2696 5068 error,
2743 5006 2802 5052 ut
2839 4995 2978 5051 alius
3017 4997 3074 5050 in
3131 4995 3253 5050 loco
3309 5001 3426 5057 tuo,
3456 5001 3509 5048 te
3538 4992 3783 5059 vivente,

2154 5094 2478 5159 ordinetur;
2509 5092 2660 5164 quia,
2710 5090 2756 5144 si
2805 5106 2872 5145 ex
2934 5096 2986 5143 te
3029 5087 3152 5142 talis
3197 5085 3544 5142 consuetudo
3576 5084 3779 5156 incipit

2155 5185 2480 5260 perpetrari,
2522 5183 2579 5238 in
2609 5188 2887 5254 posterum
2932 5180 3117 5234 multis
3166 5177 3488 5234 reverendis
3518 5183 3573 5233 et
3613 5177 3780 5232 bonis

2156 5280 2453 5353 episcopis,
2496 5278 2564 5333 ab
2591 5292 2785 5333 eorum
2817 5274 3113 5347 nepotibus
3151 5278 3207 5327 et
3222 5271 3439 5327 clericis
3462 5270 3589 5325 talia
3621 5269 3767 5326 desi-

2158 5368 2497 5435 derantibus,
2530 5366 2702 5421 multa
2749 5370 3115 5418 concrescunt
3153 5359 3405 5415 adversa.
3450 5357 3646 5413 Melius
3680 5358 3784 5413 tibi

2157 5468 2239 5515 est
2279 5465 2337 5513 ut
2369 5458 2429 5512 in
2457 5473 2522 5513 eo
2549 5453 2881 5519 ministerio,
2906 5452 2963 5506 in
3013 5466 3121 5523 quo
3149 5448 3388 5520 coepisti,
3424 5448 3535 5502 Deo
3565 5448 3779 5504 servire

2158 5566 2504 5623 permaneas,
2535 5563 2719 5620 quam,
2762 5552 2912 5599 tuam
2951 5544 3291 5599 voluntatem
3340 5555 3607 5612 sequens,
3659 5540 3786 5596 aliis

2232 5683 2340 5753 (55)
2368 5683 2568 5756 .tgebat
2590 5693 2801 5735 annum
2821 5675 3264 5751 octuagesimum
3289 5672 3617 5729 secundum.
