3978 6214
225 306 370 360 1045

1812 310 1983 366 νΙΤΛ.

3428 297 3567 356 1046

227 433 478 504 plurimis
517 435 836 490 scandalum
885 436 1079 502 facias;
1122 439 1252 511 quia
1291 455 1354 495 ex
1409 449 1460 495 te
1494 441 1743 496 canonici
1796 450 1848 496 et
1874 449 1920 513 Α
1953 439 2212 495 ῐηωειίιίίι
2244 439 2296 492 in
2352 452 2478 491 suas
2538 434 2740 489 reversi
2771 438 2900 487 sunt
2950 431 3290 496 mansiones,
3346 444 3445 500 pro
3502 444 3569 485 eo

225 531 481 585 monachi
512 539 567 585 et
613 531 1068 588 sanetimonialcs
1118 543 1172 588 et
1220 536 1402 590 caeteri
1459 535 1749 590 Christiani
1783 537 1848 589 ad

226 622 578 678 rectitudinis
601 631 801 678 statum
835 625 1046 681 debent
1072 629 1398 701 constringi,
1431 630 1523 700 qui
1550 645 1612 682 ex
1645 638 1852 683 semct—

227 711 366 782 ipsis
390 728 487 781 per
502 712 722 766 climata
753 714 953 768 cadere
986 713 1270 771 festinant.
1304 718 1403 781 Qui
1429 725 1610 771 autem
1635 718 1850 772 incaute

229 804 568 857 ambulando
617 805 958 871 ceciderunt,
1013 823 1078 860 ex
1129 815 1202 872 te,
1245 809 1356 863 Deo
1409 809 1657 876 juvante,
1716 809 1851 880 erigi

229 905 393 962 posse
425 894 684 961 sperandi
714 903 860 948 sunt.
911 895 985 948 De
1037 903 1235 964 nepote
1267 907 1450 951 autem
1499 905 1590 951 tuo
1623 897 1855 950 Adalbe-

234 997 371 1037 rone
398 990 503 1037 tute
534 984 800 1040 voluntati
835 985 1246 1051 satisfaciendo,
1273 989 1326 1042 in
1355 1005 1648 1043 commune
1668 988 1854 1042 firma-

233 1091 358 1128 mus
387 1082 445 1128 ut
503 1075 686 1130 nullus
732 1077 870 1131 alius
899 1094 929 1132 a
961 1078 1122 1132 nobis
1163 1087 1283 1150 post
1331 1089 1483 1134 tuum
1525 1080 1850 1144 discessum,

229 1165 301 1218 ad
352 1163 502 1218 illum
536 1164 712 1219 locum
750 1167 805 1220 in
835 1184 945 1238 quo
978 1177 1032 1221 tu
1069 1177 1252 1239 pastor
1293 1171 1502 1235 existis,
1537 1186 1602 1226 eo
1633 1171 1854 1225 vivente

232 1256 524 1311 ordinetur
544 1258 648 1311 nisi
680 1258 815 1328 ipse.
855 1260 946 1313 His
976 1262 1226 1316 consiliis
1256 1263 1609 1318 consentiens
1635 1271 1858 1318 sanctus

233 1345 540 1415 cpis00pus
575 1346 878 1413 Udalricus,
914 1365 1035 1403 cum
1069 1351 1151 1404 eis
1184 1351 1237 1404 in
1269 1353 1538 1422 synodum
1572 1352 1857 1425 regredie-

235 1436 417 1499 batur,
464 1444 519 1490 et
575 1445 704 1491 tunc
755 1455 876 1492 cum
935 1456 1208 1495 consensu
1265 1443 1496 1497 aliorum
1529 1443 1856 1507 antistitum,

235 1523 368 1578 fecit
388 1523 456 1577 ab
475 1523 806 1595 imperatore
834 1528 1163 1584 Adalberoni
1185 1531 1559 1585 commendari
1583 1531 1637 1584 in
1665 1547 1858 1584 eorum

238 1621 561 1690 praesentia,
622 1625 1062 1692 procurationem
1097 1627 1180 1680 sui
1237 1627 1460 1692 habere,
1511 1637 1563 1682 et
1593 1625 1696 1681 sub
1738 1627 1858 1696 ipso

235 1710 410 1765 totius
436 1713 786 1782 episcopatus
812 1722 1022 1769 cautam
1057 1717 1475 1786 dispositionem
1514 1718 1568 1771 in
1600 1717 1859 1772 omnibus

238 1802 568 1873 adimplere.
612 1805 814 1860 Taliter
862 1823 990 1862 vero
1033 1808 1149 1862 istis
1199 1809 1526 1876 terminatis,
1569 1807 1721 1862 finita
1768 1823 1858 1879 sy-

236 1893 407 1957 nodo,
459 1895 755 1966 episeOpus
786 1904 838 1951 et
897 1899 1166 1954 Adalbero
1217 1916 1340 1954 cum
1381 1900 1496 1954 suis
1555 1900 1851 1973 Augustam

238 1983 660 2038 revertebantur
693 1985 825 2055 (56).

306 2072 482 2126 XXlV.
521 2073 784 2127 Pnrdicta
824 2091 953 2129 vero
992 2077 1236 2148 synodus
1282 2079 1335 2132 in
1376 2077 1678 2132 autumnali
1712 2086 1853 2132 tem-

241 2179 375 2234 pore
408 2173 628 2234 peracta
661 2176 775 2234 est;
807 2177 859 2222 et
910 2170 962 2223 in
996 2179 1154 2226 antea
1189 2172 1433 2226 Paschali
1465 2179 1714 2243 tempore
1758 2173 1854 2227 ad-

237 2254 520 2318 veniente,
575 2265 762 2310 sancta
803 2259 1149 2314 hebdomada
1217 2261 1391 2324 finita,
1455 2262 1751 2332 episcopus
1803 2271 1857 2315 et

235 2342 530 2410 Adalbero,
566 2347 873 2402 amabiliter
914 2359 1145 2405 vocante
1180 2351 1455 2407 Rinuvino
1499 2353 1852 2424 [Ricbuvino]

237 2431 461 2497 comite,
491 2433 764 2504 Dietpaldi
789 2436 968 2494 fratris
1007 2440 1252 2511 episcopi
1293 2439 1427 2505 filio,
1471 2441 1536 2495 ad
1575 2441 1855 2496 castellum

238 2521 459 2597 Dilinga
499 2525 845 2582 nominatum
891 2539 1180 2596 venerunt,
1230 2540 1289 2588 ut
1347 2533 1421 2586 ibi
1473 2533 1680 2604 aliquot
1739 2533 1860 2586 dies

242 2614 566 2670 cbaritative
625 2633 748 2672 cum
796 2636 863 2674 eo
893 2628 946 2674 et
1002 2638 1126 2676 cum
1186 2623 1388 2678 femina
1443 2624 1562 2692 ejus
1598 2623 1862 2694 lliltegart

241 2703 531 2758 nominata
562 2716 873 2764 manerent.
909 2711 1099 2765 Paucis
1121 2712 1302 2783 itaque
1331 2713 1526 2767 diebus
1547 2711 1859 2776 transactis,

243 2794 516 2851 Adalbero
565 2797 638 2851 ibi
674 2813 795 2854 cum
851 2801 1199 2871 plilebotemo
1243 2803 1348 2858 sibi
1395 2803 1861 2873 pblebotemando

243 2884 571 2956 sanguinem
605 2888 780 2943 minui
815 2889 962 2955 fecit,
1010 2901 1064 2946 et
1103 2902 1294 2963 postea
1325 2909 1448 2948 cum
1481 2894 1743 2964 episc0po
1791 2892 1858 2946 ad

249 2989 463 3026 cmuam
507 2977 779 3043 consedit,
823 2985 876 3034 et
915 2981 982 3035 de
1009 2997 1159 3037 caena
1199 3000 1433 3057 surgens
1474 2984 1527 3037 in
1559 2984 1757 3038 lectum
1799 2997 1859 3036 se

240 3062 306 3114 ad
359 3064 818 3133 requiescendum
869 3069 1144 3139 deposuit.
1198 3071 1443 3144 Cumque
1476 3071 1856 3143 unusquisque
1885 3124 1928 3145 Π

237 3153 304 3206 ad
334 3170 464 3208 suas
514 3155 824 3214 divertisset
862 3162 1199 3230 mansiones,
1251 3163 1445 3218 eadem
1490 3171 1649 3218 nocte
1703 3163 1856 3217 subi-

237 3252 399 3300 tanca
432 3256 606 3303 morte
636 3251 904 3308 Adalbero
936 3254 1231 3310 defunctus
1263 3267 1364 3323 est,
1397 3274 1486 3312 an.
1519 3257 1642 3314 9'73.
1680 3257 1849 3311 l’lere-

239 3340 450 3414 wingus
501 3343 622 3412 ejus
671 3343 980 3414 presbyter,
1045 3364 1166 3401 cum
1224 3349 1290 3402 ad
1341 3349 1704 3403 nuntiandum
1751 3349 1854 3402 hoc

240 3429 506 3500 episcopo
537 3430 852 3486 cubiculum
885 3434 1005 3502 ejus
1038 3434 1286 3501 intraret,
1316 3454 1610 3508 episcopus
1639 3453 1854 3492 sermo-

244 3533 370 3571 nem
401 3518 522 3588 ejus
549 3522 1070 3589 praeveniens,dixit
1092 3523 1205 3578 illi:
1243 3547 1262 3573 α
1295 3526 1432 3581 Ecce
1463 3529 1730 3582 Adalbero
1762 3528 1861 3582 de-

245 3609 465 3666 functus
486 3619 568 3666 est
586 3629 647 3665 n:
679 3612 774 3666 Cui
796 3613 886 3668 ille
901 3618 1219 3685 respondit:
1243 3641 1264 3664 ιι
1284 3619 1412 3674 Ideo
1427 3635 1529 3691 ego
1547 3621 1653 3674 huc
1668 3621 1860 3676 intravi

247 3712 305 3760 ut
345 3705 446 3759 tibi
481 3707 584 3761 hoc
615 3707 950 3774 nuntiarem,
1007 3711 1188 3766 nullus
1239 3713 1379 3768 alius
1419 3731 1505 3768 me
1539 3717 1766 3787 praeibat
1795 3717 1863 3772 ad

246 3802 320 3861 te,
353 3805 409 3852 et
441 3800 718 3868 quomodo
738 3800 840 3854 hoc
862 3803 1001 3856 scire
1023 3804 1289 3874 potuisti?
1320 3805 1413 3860 Cui
1435 3807 1524 3861 ille
1546 3809 1862 3878 respondit;

253 3907 273 3933 α
307 3886 552 3955 Vade,fet
581 3890 782 3945 suscita
808 3893 1101 3949 Riuvinum
1148 3903 1202 3950 et
1230 3912 1424 3952 omnes
1453 3900 1545 3970 qui
1575 3901 1864 3958 nobiscum

252 3986 396 4042 sunt,
431 3987 488 4034 ut
541 3981 648 4036 cito
681 3995 996 4054 praeparent
1047 3988 1358 4044 vehiculum
1407 3999 1466 4046 ut
1519 4008 1719 4063 corpus
1743 3996 1864 4063 ejus

250 4068 548 4140 Augustam
607 4070 879 4126 civitatem
931 4077 1216 4132 ducamus.
1266 4102 1289 4123 η
1333 4079 1634 4151 EpiSCOpus
1680 4090 1862 4138 autem

255 4157 438 4211 missis
487 4158 555 4212 ad
603 4161 900 4232 Augustam
943 4164 1156 4239 legatis,
1189 4169 1452 4238 pra‘eepit
1483 4177 1541 4224 ut
1589 4170 1643 4224 in
1692 4172 1869 4226 eccle-

251 4249 330 4304 sia
370 4251 583 4306 Sanctae
622 4251 761 4307 Afra:
793 4256 1106 4326 sepulcrum
1140 4258 1259 4326 ejus
1289 4259 1444 4327 juxta
1474 4262 1646 4332 ipsius
1675 4265 1870 4334 sepul-

253 4357 403 4395 crum
435 4353 856 4414 prazpararetur,
900 4349 1048 4418 quod
1078 4357 1132 4403 et
1161 4350 1241 4404 sic
1269 4350 1470 4405 factum
1516 4362 1611 4408 est.
1650 4355 1743 4410 llle
1776 4373 1873 4410 au-

258 4439 364 4484 tem
396 4447 517 4485 cum
553 4433 639 4487 his
669 4434 762 4504 qui
812 4452 935 4490 cum
979 4438 1098 4508 ipso
1133 4448 1312 4506 erant,
1361 4440 1621 4511 imposuit
1673 4460 1872 4516 corpus

256 4529 538 4591 carpento,
571 4530 626 4576 et
664 4495 1013 4595 antepositis.
1038 4529 1194 4599 equis
1250 4495 1542 4604 Augustam
1577 4534 1721 4588 vexit
1745 4495 1868 4589 clum
1892 4495 1948 4562 D

255 4609 563 4682 frequentia
603 4616 812 4685 populi.
859 4617 1204 4673 Matricularii
1243 4631 1424 4675 autem
1459 4639 1582 4676 cum
1613 4625 1871 4681 crucibus

257 4711 308 4756 et
343 4721 484 4774 aqua
518 4705 814 4762 benedicta
843 4717 896 4764 et
923 4711 1098 4764 cereis
1138 4719 1195 4766 et
1226 4712 1472 4780 incenso,
1507 4724 1560 4768 et
1591 4732 1712 4770 cum
1746 4733 1868 4771 ma-

258 4816 365 4872 gna
398 4800 749 4856 multitudine
784 4802 1003 4858 familia-3
1029 4806 1327 4877 czeterique
1361 4809 1546 4878 p0puli
1572 4811 1875 4880 apprOpiu-

262 4893 451 4962 quanti
480 4902 858 4961 oecurrerunt,
902 4904 956 4951 et
989 4897 1287 4953 honorifice
1336 4901 1719 4970 suscipientes,
1749 4920 1871 4958 eum

263 4985 520 5057 congruis
563 4988 910 5044 orationibus
967 4998 1019 5045 et
1070 4993 1544 5048 modulationibus
1594 4997 1872 5066 perduxe-

269 5079 393 5126 runt
433 5074 498 5127 ad
534 5074 711 5129 locum
772 5078 1036 5148 sepulcri,
1067 5089 1121 5134 et
1154 5080 1253 5148 ibi,
1309 5082 1543 5152 expletis
1584 5084 1786 5154 vigiliis
1829 5096 1883 5141 et

266 5165 596 5221 salutaribus
628 5185 723 5238 pro
754 5171 876 5239 ejus
915 5171 1098 5226 anima
1137 5173 1248 5228 Deo
1287 5173 1484 5229 oblatis
1517 5175 1724 5240 hostiis,
1759 5179 1880 5248 epi-

266 5272 432 5328 sc0po
506 5259 746 5314 animam
819 5264 1186 5333 omnipotenti
1255 5266 1364 5320 Deo
1433 5269 1878 5334 commendante,

265 5364 464 5420 corpus
539 5352 895 5409 devotissime
971 5357 1332 5427 sepelierunt.
1394 5359 1883 5417 Commendalione

267 5449 446 5494 autem
505 5443 752 5512 corporis
778 5452 1019 5515 peracta,
1074 5456 1128 5501 et
1180 5448 1442 5520 episcopo
1491 5468 1613 5505 cum
1663 5439 1884 5507 tristitia

267 5535 552 5604 redeunte,
599 5537 838 5594 universi
888 5541 1016 5595 fletu
1073 5549 1127 5595 et
1169 5542 1559 5599 lamentatione
1591 5555 1645 5601 et
1686 5564 1888 5622 magna

313 5669 349 5739 _(
373 5662 477 5731 56)
511 5664 828 5745 Miraculum
885 5669 1160 5740 quoddam
1195 5670 1248 5723 in
1300 5672 1472 5727 altero
1507 5674 1756 5744 exemplo
1798 5674 1889 5728 hic

274 5748 450 5788 visum
484 5745 758 5793 omittere.

1953 533 2098 604 quod
2129 548 2192 586 ex
2216 530 2384 585 nobili
2413 543 2618 602 genere
2650 533 2854 586 ortum,
2881 532 2933 578 et
2955 522 3275 585 formosum,
3306 528 3361 576 et
3387 538 3572 592 gram-

1954 623 2164 676 maticae
2193 620 2323 675 artis
2351 619 2491 672 bene
2519 617 2760 678 doctum,
2791 621 2845 669 et
2877 613 2930 667 in
2955 613 3047 668 Dei
3078 612 3304 667 servitio
3351 612 3571 668 studio-

1953 727 2092 772 sum,
2119 719 2172 763 et
2203 709 2255 762 in
2290 707 2451 762 bonis
2479 705 2741 776 Operibus
2767 710 3072 767 strenuum,
3096 701 3217 754 etin
3251 700 3571 772 eloquentia

1955 798 2238 852 dulcisona
2278 805 2520 858 cautum,
2559 794 2612 846 in
2647 791 2905 846 donando
2949 790 3178 860 largum,
3215 790 3267 843 in
3323 789 3570 845 adversns

1954 891 2187 945 aliorum
2237 888 2467 949 tristem,
2502 885 2795 938 multarum
2843 883 3103 936 virtutum
3154 881 3436 952 opulentia
3471 898 3570 937 cu-

1953 981 2326 1048 mulatum,in
2361 977 2634 1046 adjutorio
2685 976 3013 1029 miserorum
3048 974 3324 1036 festiuum,
3376 974 3567 1028 multi-

1957 1075 2114 1129 moda
2147 1071 2534 1127 benevolentia
2562 1078 2813 1124 ornatum
2864 1067 3061 1134 virum,
3096 1075 3201 1122 tam
3229 1067 3337 1122 cito
3387 1067 3566 1137 depo-

1959 1167 2122 1221 situm
2155 1166 2479 1220 omiserunt.

2029 1259 2178 1313 XXV.
2241 1257 2550 1330 Religiosus
2614 1259 2793 1308 autem
2852 1253 3100 1319 antistes,
3166 1252 3333 1307 misso
3388 1253 3568 1327 legato

1962 1349 2232 1404 nuntiavit
2262 1345 2576 1418 imperatori
2617 1343 2827 1398 obitum
2861 1343 3108 1413 praedicti
3141 1341 3360 1412 nepotis
3389 1342 3494 1408 sui,
3520 1350 3574 1397 et

1961 1438 2238 1492 abbatiam
2283 1435 2554 1489 Utenbura
2587 1432 2949 1499 nominatam,
2984 1448 3106 1501 quae
3138 1431 3237 1501 ipsi
3266 1447 3296 1484 a
3338 1447 3435 1486 sua
3469 1431 3574 1485 im-

1961 1533 2150 1604 periali
2195 1531 2439 1604 potentia
2470 1545 2731 1584 concessa
2788 1535 2924 1595 erat,
2970 1528 3264 1598 postulavit
3312 1527 3418 1581 sibi
3474 1528 3576 1582 do-

1961 1623 2098 1688 nari,
2134 1637 2244 1677 non
2291 1638 2455 1676 causa
2483 1620 2744 1685 avaritiae,
2778 1621 2876 1674 sed
2923 1636 2986 1673 ea
3021 1619 3327 1673 intentione
3376 1625 3432 1672 ut
3461 1635 3576 1674 cm.-

1963 1715 2162 1770 nobitis
2218 1715 2421 1768 ibidem
2491 1715 2599 1767 Deo
2681 1713 3044 1767 servientibus
3111 1710 3572 1765 deliberationem

1887 1772 1938 1840 Β
1959 1825 2121 1877 quam
2152 1808 2241 1863 ille
2273 1808 2354 1862 eis
2374 1813 2536 1860 antea
2565 1805 2932 1876 conscriptam
2975 1810 3028 1857 et
3056 1803 3347 1876 sigillatam
3381 1802 3449 1856 ab
3480 1818 3576 1858 eo-

1957 1900 2078 1954 dem
2139 1899 2470 1970 imperatore
2502 1898 2694 1953 donari
2756 1897 3088 1967 impetravit,
3131 1897 3421 1951 restituere
3466 1912 3570 1968 po-

1956 1991 2168 2044 tuisset.
2236 1992 2536 2062 Imperator
2592 1996 2775 2043 autem
2841 2005 2940 2058 per
2997 1988 3252 2042 eumdem
3318 1987 3572 2044 nuntium

1953 2083 2225 2137 abbatiam
2266 2083 2557 2146 concessit,
2617 2089 2671 2136 et
2723 2081 3163 2136 consolationem
3197 2086 3470 2152 Emagnam
3520 2087 3574 2134 et

1956 2171 2332 2226 multimodam
2401 2173 2630 2227 salutem
2688 2171 3046 2226 remandavit.
3108 2169 3341 2224 Nuntius
3389 2178 3571 2224 autem

1957 2280 2079 2318 cum
2113 2271 2498 2328 reverteretur,
2531 2264 2739 2319 invenit
2769 2264 3091 2333 episc0pum
3123 2263 3176 2315 in
3221 2263 3341 2317 loco
3374 2263 3468 2334 qui
3495 2262 3575 2316 di-

1958 2353 2098 2408 citur
2140 2353 2470 2422 Staphense,
2515 2359 2568 2406 et
2621 2353 2735 2406 bare
2781 2352 3043 2422 praedicta
3083 2351 3341 2405 narravit.
3380 2352 3573 2406 Paucis

1957 2458 2086 2497 vero
2116 2442 2313 2502 diebus
2346 2451 2536 2512 postea
2568 2440 2849 2504 revolutis,
2893 2439 3073 2493 adhuc
3133 2439 3235 2508 ipsi
3268 2439 3322 2492 in
3373 2440 3573 2494 eodem

1961 2535 2079 2588 loco
2105 2534 2347 2587 manenti
2382 2550 2479 2603 per
2507 2533 2757 2586 nuntium
2801 2531 3118 2602 quemdam,
3152 2529 3420 2584 orationis
3467 2530 3576 2585 suf-

1962 2623 2134 2698 fragia
2166 2643 2263 2696 pro
2291 2625 2474 2679 anima
2506 2623 2853 2694 imperatoris
2876 2630 3216 2694 poscentem,
3241 2622 3425 2677 obitus
3456 2623 3577 2692 ejus

1964 2719 2040 2772 illi
2075 2719 2524 2773 aununtiabatur.
2554 2717 2682 2771 lude
2714 2733 2844 2771 vero
2878 2732 2999 2770 eum
3033 2716 3102 2769 ad
3132 2718 3422 2787 Augustam
3457 2717 3579 2771 red-

1967 2808 2093 2875 iret,
2150 2814 2422 2863 vcnerunt
2480 2815 2709 2878 nepotes
2754 2805 2862 2871 sui,
2908 2797 3184 2860 Rinvinus'
3220 2821 3404 2860 eomes
3433 2805 3578 2860 ﬁlius

1967 2901 2149 2957 fratris
2179 2903 2263 2956 sui
2315 2901 2614 2972 Dietpaldi,
2650 2900 2701 2954 ei
2735 2899 3012 2970 llupaldus
3053 2914 3238 2953 comes
3279 2897 3423 2951 filius
3466 2897 3579 2952 fra-

1964 2993 2061 3046 tris
2090 2992 2176 3046 sui
2209 2992 2543 3066 Mauegoldi,
2577 2999 2631 3046 et
2680 2995 3013 3062 rogaverunt
3063 2990 3214 3043 illum
3244 2996 3300 3043 ut
3328 2997 3581 3062 pergeret

1962 3079 2027 3132 ad
2073 3081 2341 3150 Oppidum
2374 3082 2524 3152 quod
2579 3082 2893 3136 nominatur
2935 3079 3319 3150 Witeselinga,
3369 3087 3423 3134 et
3476 3078 3583 3134 illis

1958 3181 2289 3227 monstraret
2317 3175 2611 3228 ecclesiam
2642 3174 2716 3227 ibi
2751 3174 2933 3239 sitam,
2968 3173 3063 3225 ubi
3101 3187 3326 3242 corpora
3358 3187 3582 3226 suorum

1956 3268 2244 3330 parentum
2298 3268 2458 3315 terra?
2491 3262 2878 3316 commendata
2917 3260 3157 3324 fuerant,
3188 3260 3276 3330 (de
3324 3275 3433 3330 qua
3463 3259 3584 3329 ipse

1955 3367 2099 3420 sarpe
2147 3365 2242 3404 eos
2271 3356 2432 3404 antea
2488 3349 2820 3420 praemonuit
2853 3355 2908 3402 ut
2949 3364 3071 3401 eam
3104 3348 3477 3413 meliorarent,
3524 3354 3581 3401 et

1956 3440 2148 3493 eadem
2200 3454 2432 3508 corpora
2465 3438 2518 3491 in
2579 3437 2730 3490 illum
2778 3436 3198 3500 concluderent,
3234 3450 3301 3489 ne
3351 3436 3496 3489 ultra
3542 3452 3575 3490 a

1960 3531 2157 3605 pluviis
2177 3531 2457 3586 domatum
2489 3529 2955 3593 infunderentur),
2973 3527 3250 3592 ordinare,
3277 3534 3330 3581 et
3351 3533 3576 3598 quanta;

1961 3621 2354 3695 magnitudinis
2383 3636 2503 3673 eam
2544 3618 2723 3672 facere
2764 3617 3108 3673 debuissent.
3150 3617 3381 3670 Sanctus
3435 3631 3572 3671 vero

1964 3719 2275 3790 episcopus,
2328 3713 2576 3784 quamvis
2634 3711 2942 3767 certissime
3002 3711 3167 3765 sciret
3223 3710 3276 3764 in
3324 3709 3578 3780 proximo

1966 3827 2187 3866 manere
2240 3809 2734 3880 sequestrationem
2788 3805 3039 3876 corporis
3096 3812 3152 3859 et
3193 3805 3392 3859 animae
3440 3822 3577 3871 suaz,

1969 3908 2148 3955 tamen
2189 3914 2285 3970 pro
2314 3898 2500 3953 divino
2541 3911 2723 3951 amore
2755 3904 2809 3950 et
2859 3910 2956 3964 pro
2989 3909 3181 3949 eorum
3212 3893 3578 3957 amabilitate,

1970 3998 2096 4052 illuc
2141 3995 2400 4066 perrexit,
2443 4001 2496 4048 et
2528 3991 2751 4062 provida
2782 3990 3135 4046 ordinatione
3178 3989 3428 4044 eamdem
3485 4005 3580 4044 ec-

1969 4086 2190 4142 clesiam
2249 4101 2414 4155 super
2462 4083 2679 4154 praelata
2725 4096 2957 4151 corpora
3014 4079 3334 4150 amplificari
3382 4079 3584 4150 perdo-

1969 4183 2102 4246 cuit,
2145 4181 2332 4252 ibique
2367 4196 2486 4233 cum
2516 4177 2811 4248 nepotibus
2839 4175 2955 4230 suis
2985 4176 3194 4246 aliquot
3225 4175 3427 4229 diebus
3462 4191 3584 4230 mo-

1971 4279 2119 4325 ratus
2166 4278 2269 4335 est,
2303 4277 2358 4324 et
2406 4268 2530 4322 inde
2562 4267 2626 4320 ad
2669 4266 2951 4320 castellum
3000 4264 3438 4338 Sunnemotinga
3485 4264 3581 4334 [αι.

1971 4359 2448 4431 Sunnennotinga)
2481 4356 2845 4421 nominatum,
2880 4361 3103 4425 propter
3134 4353 3456 4423 petitionem
3483 4353 3589 4406 Ma-

1974 4449 2196 4522 uegoldi
2223 4447 2402 4501 fratris
2433 4445 2677 4518 praedicti
2705 4441 3084 4508 Adalberonis,
3118 4441 3388 4512 pervenit.
3423 4440 3587 4495 Cum-

1975 4555 2081 4610 que
2116 4539 2168 4591 in
2202 4538 2403 4592 itinere
2434 4544 2724 4607 antequam
2755 4534 2884 4588 illuc
2914 4531 3288 4603 pervenirent,
3315 4530 3370 4584 in
3389 4546 3588 4601 campo

1974 4642 2199 4704 propter
2221 4632 2469 4694 herbam,
2489 4632 2642 4699 juxta
2661 4629 2843 4685 villam
2875 4643 2994 4699 quae
3022 4623 3585 4688 dieituchrileliona,

1973 4727 2340 4782 castrametati
2399 4726 2651 4790 fuissent,
2685 4741 2808 4778 cum
2863 4722 2942 4776 sol
2975 4719 3190 4777 occasui
3241 4719 3423 4773 radios
3469 4734 3587 4773 suae

1975 4819 2109 4873 lucis
2167 4819 2414 4872 inserere
2455 4818 2736 4887 coepisset,
2797 4815 2946 4870 venit
2995 4813 3214 4884 quidam
3271 4811 3434 4864 homo
3492 4809 3590 4880 qui

1975 4909 2112 4961 dixit
2153 4908 2504 4962 Chunradum
2544 4908 2870 4977 episcopum
2912 4903 3213 4960 certissime
3267 4899 3589 4955 defunctum

1977 4994 2144 5048 fuisse
2171 5011 2184 5058 ;
2218 5002 2272 5047 et
2295 4995 2598 5048 nominavit
2627 4994 2772 5048 diem
2797 4994 2986 5048 obitus
3017 5008 3120 5056 Stll,
3164 4999 3218 5044 et
3246 4989 3391 5043 diem
3419 4987 3594 5042 collo-

1983 5085 2213 5140 cationis
2237 5083 2484 5153 corporis
2511 5083 2699 5150 ejusiu
2726 5083 3059 5153 sepulcrum.
3088 5081 3194 5135 llac
3217 5079 3356 5134 fama
3383 5076 3591 5139 audita,

1983 5176 2166 5232 clerici
2208 5183 2262 5228 et
2289 5174 2380 5226 alii
2409 5175 2640 5227 comites
2670 5175 2790 5242 ejus
2819 5172 3114 5244 stupefacti
3145 5169 3324 5225 effecti
3349 5174 3498 5233 sunt,
3540 5175 3598 5221 et

1984 5265 2162 5321 statim
2193 5263 2602 5318 aestimaverunt
2633 5262 2886 5318 nuntium
2917 5264 3236 5337 {Augustam
3269 5259 3505 5321 mittere,
3536 5263 3599 5310 ut

1986 5377 2082 5432 pro
2110 5360 2229 5428 ejus
2281 5357 2462 5411 anima
2499 5356 2677 5410 solitae
2731 5356 3010 5410 orationes
3059 5356 3428 5426 explerentur.
3465 5349 3600 5416 Qui-

1987 5452 2089 5504 bus
2120 5455 2338 5504 sanctus
2385 5445 2680 5517 episcOpus
2733 5443 2938 5498 blando
2991 5459 3249 5497 sermone
3305 5439 3445 5507 infit,
3484 5454 3602 5494 cer-

1989 5543 2199 5599 tissime
2228 5541 2304 5596 rei
2329 5540 2611 5596 veritatcm
2641 5536 2848 5590 sciens:
2895 5556 2919 5585 α
2964 5534 3217 5588 Desistite
3247 5535 3431 5589 adhuc
3462 5547 3603 5586 nun-

1990 5673 2346 5745 sequebatur,
2382 5669 2527 5742 quod
2587 5665 2844 5741 quoniam
2895 5661 3035 5764 infra
3080 5660 3278 5715 iterum
3339 5661 3604 5732 repetitur
