3978 6214
409 303 544 360 1047

1477 301 1527 350 ὃ.
1580 298 1882 352 [TDALllltll
1926 299 2297 352 AUEL'STANI
2344 298 2658 352 EPISCOPI.

3617 302 3757 357 1048

412 435 544 487 tium
579 433 816 493 mittere,
872 443 1028 480 mane
1084 428 1327 480 diluculo
1385 428 1739 495 comperietis
1793 427 2028 498 qualiter
2055 433 2101 496 Α
2133 434 2301 479 retur.
2340 425 2626 478 Missarum
2654 439 2784 478 vero
2815 422 2998 478 officia
3028 424 3280 495 quotidie
3331 425 3618 481 celebrare
3649 443 3755 483 non

413 520 886 589 circaepisc0pum
921 524 1156 569 maneat.
1181 537 1204 563 υ
1240 515 1485 568 Crastina
1516 533 1642 570 vero
1663 516 1750 568 die
1779 515 2020 568 diluculo

415 613 635 684 quidam
697 611 764 662 de
797 608 1110 663 Constantia
1159 608 1324 668 venit,
1378 619 1430 662 et
1470 609 1536 662 de
1570 610 1722 663 obitu
1776 609 2023 679 episcopi

417 703 684 759 veraciter
720 700 1124 760 contradixihet
1169 700 1288 764 ejus
1336 702 1777 770 possibilitatem,
1829 717 2027 753 secun-

419 796 546 850 dum
577 811 728 848 suam
781 793 1267 858 consuetudinem,
1316 810 1435 846 esse
1471 795 1739 848 nuntiavit
1803 796 2030 846 Sanctus

421 895 605 942 autem
637 885 930 956 epiSCOpus
965 885 1247 939 Udalricus
1286 893 1523 955 (‘u‘ptum
1575 887 1677 940 iter
1707 886 1943 958 peregit,
1984 894 2036 937 et

424 977 522 1040 ibi,
553 976 707 1046 quasi
759 975 823 1028 ad
857 975 1168 1028 convivium
1223 985 1466 1040 vocatus,
1505 985 1628 1045 post
1667 976 2034 1044 expletionem

424 1064 677 1118 salutaris
706 1065 895 1119 hostiae.
937 1081 1098 1135 quam
1139 1066 1384 1136 quotidie
1428 1083 1523 1134 per
1563 1082 1641 1130 se,
1676 1066 1924 1135 quamvis
1957 1066 2038 1118 vi-

427 1155 578 1208 ribus
608 1154 856 1223 corporis
901 1154 1058 1206 valde
1111 1162 1254 1207 esset
1287 1155 1601 1216 destitutus,
1664 1156 1773 1207 Deo
1829 1155 2040 1224 persol-

427 1259 552 1297 vere
577 1244 879 1315 satagebat,
913 1259 1036 1296 cum
1071 1244 1489 1296 convivantibus
1518 1246 1761 1314 quotidie
1795 1246 1858 1297 ad
1886 1263 2042 1297 nuut-

429 1349 542 1384 sam
603 1331 852 1396 sedebat,
903 1341 959 1384 et
1015 1331 1221 1384 nullum
1276 1332 1485 1400 corpori
1546 1332 1728 1384 cibum
1778 1333 2040 1399 exhibuit,

433 1427 539 1479 nisi
584 1425 754 1478 micas
807 1425 964 1495 panis
1014 1443 1170 1496 aquae
1232 1427 1439 1478 infusas-
1495 1425 1545 1478 in
1594 1445 1654 1479 os
1700 1428 1864 1491 misit,
1911 1445 2046 1497 quas

433 1519 599 1572 etiam
641 1520 947 1587 sa-pissime
993 1519 1151 1589 aquis
1192 1519 1524 1588 exspoliatas
1577 1520 1644 1572 de
1687 1535 1779 1572 ore
1834 1521 2043 1587 rejecit,

435 1607 724 1660 haustibus
756 1622 882 1660 vero
934 1624 1088 1676 aqua:
1123 1608 1392 1660 interdum
1445 1624 1665 1678 corpus,
1712 1627 1833 1662 cum
1868 1613 2044 1663 adhuc,

435 1696 500 1748 ad
534 1712 775 1748 mensam
810 1696 1049 1758 sederet,
1086 1695 1385 1748 reficiebat.
1423 1698 1932 1768 tlonsummaiisque
1972 1700 2042 1751 ibi

2124 522 2442 584 desistebat,
2485 521 2845 591 quoadusque
2875 520 3020 573 vires
3061 519 3310 589 corporis
3350 521 3758 578 subtraheban-

2128 623 2214 667 tur
2245 622 2300 667 ut
2332 613 2481 666 nullo
2516 613 2677 665 modo
2733 612 2871 664 ultra
2907 628 3004 681 per
3041 628 3100 665 se
3148 620 3293 665 stare
3353 613 3646 682 potuisset.
3684 616 3754 668 Ad

2131 726 2374 763 mensam
2409 726 2536 761 vero
2570 707 2820 771 sedebat,
2851 712 2905 759 et
2942 708 3268 761 sedentibus
3314 724 3437 761 cum
3471 725 3538 762 eo
3570 711 3760 764 convi-

2137 804 2280 857 vium
2317 803 2572 862 faciebat,
2631 810 2683 855 et
2744 802 2834 856 ille
2865 803 3018 872 quasi
3067 803 3295 869 jejunus
3353 803 3679 868 absistebat,
3709 812 3763 859 et

2141 905 2348 966 postea,
2399 896 2449 947 in
2485 894 2716 946 ecclesia
2748 894 2830 946 vel
2868 895 2920 947 in
2954 895 3209 948 cubiculo
3242 912 3360 959 suo,
3396 897 3544 950 dulci
3575 906 3761 951 canta—

2143 989 2289 1041 tione
2353 987 2707 1053 psalmorum,
2765 985 2849 1039 vel
2910 986 3194 1040 auditione
3236 1003 3514 1040 sacrarum
3571 988 3764 1043 lectio-

2145 1094 2271 1130 num
2309 1084 2587 1128 recrcatus
2623 1083 2722 1128 est.
2783 1075 2933 1128 Vires
2981 1091 3110 1128 vero
3144 1076 3392 1146 corporis
3433 1093 3557 1130 cum
3608 1078 3658 1130 ei
3693 1078 3764 1131 ita

2144 1169 2477 1222 defecissent
2528 1177 2583 1220 ut
2613 1185 2709 1237 per
2738 1185 2794 1220 se
2825 1168 3047 1220 missam
3080 1175 3299 1220 cantare
3329 1183 3435 1221 non
3470 1168 3761 1237 potuisset,

2145 1259 2389 1328 quotidie
2427 1259 2476 1310 in
2522 1257 2813 1309 ecclesiam
2859 1256 3204 1310 introductus
3245 1256 3606 1310 devotissime
3647 1273 3765 1310 eam

2146 1351 2354 1406 audire.
2388 1361 2440 1403 et
2475 1350 2690 1401 interim
2729 1349 3071 1402 orationibus
3104 1349 3330 1402 intentis
3362 1349 3623 1402 insistere
3659 1365 3767 1403 non

2146 1440 2464 1493 desistebat.
2526 1439 2626 1491 l’ro
2685 1445 2833 1491 certo
2885 1445 3005 1506 post
3048 1438 3264 1490 missam
3317 1439 3588 1506 expletam
3644 1455 3769 1491 cum

2147 1531 2459 1583 cubiculum
2501 1529 2748 1590 intraret,
2785 1527 3156 1595 repausationi
3191 1529 3372 1580 lectuli
3399 1545 3456 1580 se
3481 1543 3592 1581 non
3615 1543 3773 1581 com-

2151 1619 2427 1671 menilavit
2453 1629 2577 1672 ante
2612 1619 2710 1670 hor
2750 1635 2799 1669 m
2836 1617 3239 1685 Vespertinam,
3269 1617 3364 1670 sed
3398 1633 3566 1686 super
3596 1616 3776 1670 sedile

2148 1727 2305 1762 suum
2333 1710 2605 1762 calceatus
2630 1709 2787 1770 sedit,
2819 1715 2868 1759 et
2903 1707 3175 1759 interdum
3199 1722 3256 1759 se
3282 1722 3450 1776 super
3481 1707 3773 1775 pulvillum

437 1784 600 1837 rebus
632 1801 728 1853 pro
774 1784 978 1854 quibus
1013 1785 1141 1837 illuc
1171 1795 1396 1838 vecatus
1427 1795 1528 1848 est,
1559 1787 1708 1839 abire
1741 1789 1944 1856 Cu'pit;
1979 1810 2050 1842 ai-

2177 1816 2205 1850 n
2245 1799 2521 1851 dexteram
2585 1806 2792 1867 partem
2844 1796 3146 1861 reclinavit,
3192 1797 3463 1848 interdum
3516 1797 3583 1849 ad
3637 1797 3773 1850 sini-

440 1885 554 1932 tera
588 1879 675 1931 die
724 1879 789 1931 ad
833 1879 1008 1931 locum
1043 1878 1133 1948 qui
1189 1879 1392 1932 dicitur
1451 1880 1729 1950 L'tiuntiga
1771 1883 1879 1950 (Ἢ)
1919 1898 2040 1953 pcr-

439 1972 611 2034 venit,
665 1981 718 2024 et
753 1971 826 2023 ibi
874 1971 938 2022 ad
972 1988 1029 2023 se
1082 1973 1712 2026 convocatismonachis
1763 1976 1830 2027 de
1865 1993 2054 2029 mona-

443 2065 612 2118 sterio
671 2063 969 2118 littenbura
1026 2064 1327 2128 nominato,
1374 2073 1659 2119 autumare.
1712 2084 1830 2120 cum
1893 2070 1974 2121 eis
2005 2078 2058 2122 et

443 2171 565 2209 cum
601 2153 715 2206 suis
748 2152 1002 2206 fidelibus
1036 2153 1265 2223 provide
1316 2155 1481 2224 C(Dpit
1513 2158 1792 2226 quomodo
1847 2158 2059 2212 delibe—

448 2245 740 2308 rationem,
771 2259 933 2314 qucm
977 2243 1056 2295 eis
1087 2251 1246 2296 antea
1272 2244 1411 2298 sicut
1442 2245 1666 2314 praedixi
1722 2247 1788 2299 ab
1826 2248 2058 2317 impera-

448 2347 564 2394 tore
607 2339 1014 2409 impetraverat,
1058 2338 1341 2391 rcstitucre
1382 2348 1668 2407 potuisset,
1702 2348 1753 2393 et
1785 2342 1920 2395 dixit
1951 2343 2061 2395 eis:

457 2452 479 2479 (ι
523 2431 719 2504 Eligite
751 2447 814 2484 ex
835 2430 988 2483 vobis
1015 2447 1182 2483 unum
1214 2431 1278 2482 ad
1305 2431 1579 2496 abbatem,
1608 2433 1699 2503 qui
1743 2434 1792 2486 in
1827 2434 1919 2486 Dei
1952 2450 2067 2488 ser-

451 2523 582 2577 vitio
640 2523 808 2586 utilis,
853 2530 905 2576 et
956 2524 1151 2576 vestris
1191 2524 1614 2576 necessitatibus
1656 2526 1825 2594 possit
1882 2534 2070 2580 cautus

455 2617 709 2671 inveniri.
751 2618 802 2670 Si
863 2617 1013 2669 illum
1066 2618 1268 2688 eligitis
1307 2619 1399 2688 qui
1452 2620 1583 2671 mihi
1619 2621 1685 2671 ad
1738 2622 1838 2673 hoc
1876 2623 2070 2690 placet,

452 2707 852 2763 commendabo
886 2706 959 2757 illi
986 2705 1258 2759 abbatiam
1289 2723 1462 2776 usque
1497 2707 1548 2758 in
1597 2710 1938 2776 praesentiam
1983 2711 2075 2763 do-

453 2798 589 2852 mini
640 2798 747 2850 mei
791 2797 1175 2866 imperatoris;
1239 2797 1324 2850 sin
1356 2808 1537 2850 autem
1578 2799 1742 2851 alium
1791 2801 1893 2852 nisi
1938 2802 2069 2855 mihi

457 2887 764 2957 placentem
794 2885 1018 2958 eligitis,
1055 2902 1162 2938 non
1201 2886 1276 2937 illi
1307 2888 1727 2941 commmnlabo.
1783 2911 1794 2932 ι
1847 2891 1947 2952 Qui
1985 2907 2069 2944 re-

455 2977 798 3046 spondentes
829 2976 1113 3029 dixerunt:
1165 2997 1181 3024 ι
1221 2976 1470 3029 Nominet
1503 2977 1660 3029 nobis
1693 2980 1954 3033 sanctitas
1985 2987 2073 3034 tua

459 3071 606 3124 hunc
649 3069 742 3139 qui
785 3077 890 3122 tua?
931 3069 1294 3123 dominationi
1348 3071 1576 3139 placitus
1616 3073 1683 3125 sit
1737 3075 1801 3126 ad
1853 3075 2070 3130 electio-
2100 3108 2144 3172 (η

460 3178 586 3215 nem
612 3160 1070 3215 nostravunitatis.
1125 3186 1144 3205 ιι
1189 3162 1491 3216 Tuncdixit
1522 3164 1629 3216 eis:
1682 3187 1701 3212 α
1749 3165 2073 3239 ltudungum

463 3251 568 3320 (58)
590 3249 808 3302 fratrem
834 3258 1072 3302 vestrum
1095 3250 1161 3303 ad
1187 3251 1291 3304 hoc
1317 3251 1612 3306 nominabo
1634 3254 2021 3309 ministerium.
2052 3279 2071 3305 ι

461 3339 673 3402 Quibus
731 3337 955 3402 auditis,
1027 3337 1219 3393 fratres
1282 3339 1532 3394 inducias
1611 3344 2074 3411 postulaverunt,

463 3434 642 3487 donec
675 3447 867 3486 omnes
911 3430 1072 3485 simul
1107 3433 1465 3503 loquerentur
1501 3434 1545 3487 si
1586 3435 1699 3488 Ιλωο
1731 3436 1926 3491 electio
1957 3455 2078 3491 cum

463 3524 713 3578 omnium
746 3523 969 3577 fratrum
1015 3539 1289 3578 consensu
1346 3525 1463 3579 fieri
1507 3527 1793 3596 potuisset.
1841 3528 2082 3600 Cumque

462 3613 518 3666 in
551 3613 672 3668 loco
717 3613 993 3666 destinato
1025 3613 1240 3667 collecti
1290 3614 1485 3668 fratres
1533 3616 1804 3687 colloquia
1852 3618 1994 3671 inter
2024 3636 2083 3672 se

463 3705 672 3759 habere
700 3704 996 3774 corpissent
1035 3705 1103 3757 dc
1138 3705 1361 3776 praefata
1401 3708 1693 3775 electione,
1754 3711 2084 3780 quibusdam

465 3799 727 3854 fratribus
779 3801 1005 3870 placuit,
1048 3801 1378 3872 quibusdam
1438 3803 1740 3872 displicuit,
1775 3807 1869 3859 sed
1901 3815 2081 3861 tamen

467 3905 589 3943 cum
622 3888 852 3942 consilio
893 3889 1198 3942 amicorum
1243 3890 1508 3955 roborati,
1542 3893 1786 3963 episcOpi
1819 3897 2083 3952 voluntati

464 3985 744 4047 parentes,
779 3977 832 4030 in
857 3994 1023 4030 unum
1059 3978 1691 4051 coadunaliltudungum
1726 3984 1793 4036 ad
1825 3985 2078 4040 abbatem

465 4066 770 4141 elegerunt,
827 4073 900 4131 et,
936 4083 1056 4119 cum
1090 4084 1155 4120 eo
1205 4069 1271 4121 ad
1309 4069 1631 4140 episcopum
1678 4075 2078 4146 regredientes,

465 4160 692 4213 unitatis
722 4175 911 4213 eorum
957 4159 1280 4214 electionem
1324 4162 1372 4214 ei
1407 4164 1813 4219 nuntiaverunt.
1859 4167 1946 4221 llis
1974 4185 2078 4223 au-

464 4252 613 4315 ditis,
660 4251 955 4321 episc0pus
986 4260 1266 4323 assumpto
1299 4253 1493 4308 baculo
1525 4257 1927 4313 commendavit
1976 4261 2079 4313 ab-

465 4341 671 4394 batiam
702 4339 927 4410 praefato
974 4341 1245 4412 Rudungo
1279 4360 1453 4414 usque
1490 4345 1541 4397 in
1586 4347 1929 4414 praesentiam
1979 4350 2082 4402 im—

464 4430 754 4501 peratoris,
791 4430 883 4501 qui
947 4438 1075 4484 tunc
1124 4431 1175 4483 in
1211 4432 1446 4502 imperio
1500 4436 1637 4504 patri
1671 4453 1770 4490 suo
1798 4439 2080 4508 zequivoco

463 4526 821 4585 successerat,
856 4529 910 4574 et
961 4519 1107 4573 illum
1152 4523 1560 4577 commendavit
1627 4525 1740 4578 suis
1784 4528 2077 4596 llt‘l)0lll)l1$

466 4624 517 4669 et
545 4615 665 4669 aliis
693 4615 809 4669 suis
842 4614 1119 4681 fidelibus,
1151 4624 1206 4669 ut
1235 4633 1360 4670 eum
1393 4618 1708 4672 celsitudini
1741 4621 2085 4690 imperatoris

467 4710 885 4773 praesentarent,
919 4712 992 4770 et,
1029 4705 1134 4762 illis
1165 4722 1284 4759 cum
1317 4706 1420 4759 fide
1467 4707 1516 4759 ei
1542 4708 1886 4775 juvantibus,
1919 4713 1985 4764 ab
2017 4731 2082 4770 eo

466 4794 583 4847 haec
611 4791 1086 4846 confirmarentur.
1126 4794 1216 4847 llis
1261 4794 1334 4848 ita
1375 4796 1627 4866 expletis,
1661 4800 1936 4869 propriam
1998 4806 2084 4859 sui

467 4885 824 4954 episcoliatus
857 4884 1156 4939 revisitavit
1183 4887 1394 4942 sedem.

537 4973 711 5027 XXVI.
749 4973 947 5027 Μωηὶα
979 4984 1161 5028 autem
1212 4976 1466 5047 Augustae
1506 4977 1746 5032 civitatis
1787 4980 2084 5056 introgres-

468 5083 582 5132 sus,
614 5083 811 5141 magna
853 5067 1066 5122 tristitia
1097 5076 1287 5139 septus
1317 5076 1399 5123 est
1431 5086 1526 5140 pro
1573 5081 1749 5126 morte
1782 5075 2086 5132 Adalbero-

470 5157 556 5210 nis
584 5160 945 5230 suinepotis,,
971 5169 1024 5214 et
1048 5177 1147 5231 pro
1176 5162 1330 5216 obitu
1361 5164 1732 5233 imperatoris,
1756 5167 1841 5220 cui
1867 5185 2086 5239 semper

470 5247 633 5302 fidem
669 5251 722 5304 in
763 5252 1022 5306 omnibus
1067 5255 1322 5320 servavit,
1367 5257 1522 5324 cujus
1565 5259 1729 5310 etiam
1786 5276 1938 5313 amor
1985 5278 2085 5332 pe-

469 5341 606 5395 ctori
647 5342 766 5410 ejus
818 5343 1048 5397 ﬁrmiter
1103 5347 1512 5420 conglutinatus
1573 5356 1671 5402 est.
1731 5350 1832 5406 Pro
1893 5354 2084 5423 requie

468 5447 600 5485 vero
640 5433 946 5488 animarum
987 5437 1275 5492 amborum
1327 5439 1530 5494 multas
1560 5442 1943 5512 eleemosynas
1974 5445 2084 5497 lar-

473 5518 616 5587 gitus
644 5528 727 5572 est
753 5524 1111 5592 pauperibus,
1161 5534 1212 5580 et
1252 5528 1450 5580 multas
1487 5529 1765 5583 orationes
1809 5541 1863 5584 et
1894 5547 2086 5601 preces

474 5605 542 5656 ad
571 5605 861 5660 Dominum
893 5612 1139 5680 quotidie
1161 5613 1373 5680 eﬂ'udit,
1417 5626 1473 5670 ut
1496 5618 1575 5670 eis
1604 5617 1847 5671 misereri
1883 5619 2084 5692 digna-

548 5729 694 5794 (5'7)
729 5730 845 5796 AL,
878 5734 1116 5806 Ottinga.

2156 1898 2342 1955 stram,
2375 1898 2427 1942 et
2474 1890 2749 1943 interdum
2785 1889 2985 1940 sedens
3044 1888 3110 1940 ad
3143 1887 3362 1940 dorsum
3395 1904 3561 1957 super
3588 1896 3780 1956 poste-

2161 1983 2300 2034 riora
2359 1983 2546 2034 sedilis
2607 1983 2659 2034 in
2711 1996 2820 2050 quo
2879 1979 3107 2032 sedebat
3163 1980 3470 2033 reclinavit.
3533 1980 3592 2032 Et
3655 1989 3784 2050 post

2161 2075 2528 2143 CXlllt'lltﬂlf'lll
2564 2091 2755 2127 cursus
2781 2082 2833 2126 et
2881 2073 3048 2126 totius
3100 2071 3363 2141 psalterii,
3423 2071 3646 2144 legente
3682 2073 3789 2125 Ge-

2163 2163 2359 2216 rhardo
2395 2164 2688 2232 praeposito
2725 2163 2880 2231 [forte
2911 2161 3162 2214 ecclesiae
3205 2161 3553 2230 cathedralis]
3602 2177 3791 2216 sacro-

2169 2274 2285 2310 rum
2311 2256 2575 2307 lectiones
2611 2253 2871 2305 librorum
2902 2250 3129 2304 audivit
3169 2257 3221 2303 et.
3254 2249 3532 2303 interdum
3563 2267 3690 2304 cum
3725 2267 3791 2305 eo

2167 2350 2296 2401 inde
2329 2347 2472 2399 dulci
2505 2346 2725 2415 eloquio
2754 2344 3054 2397 fruebatur.
3093 2342 3314 2396 Cuidam
3351 2358 3480 2397 vero
3517 2343 3629 2412 [sic]
3664 2343 3790 2396 elo-

2171 2442 2300 2510 quio
2325 2440 2465 2491 inter
2493 2439 2640 2507 ipsos
2669 2436 2846 2499 linito,
2876 2436 3135 2505 pra~fatus
3166 2434 3400 2488 clericus
3430 2435 3791 2508 interrogavit

2173 2545 2318 2591 cum,
2381 2526 2599 2578 dicens:
2648 2547 2668 2571 α
2719 2524 2892 2576 Habes
2942 2540 3092 2592 spem
3130 2539 3226 2592 pro
3290 2523 3391 2576 ista
3442 2523 3787 2585 infirmitate,

2176 2618 2419 2679 Domine,
2447 2617 2656 2670 obitum
2683 2626 2832 2669 tuum
2860 2614 2955 2668 tibi
2980 2612 3312 2667 imminere?
3339 2636 3362 2659 η
3398 2614 3491 2667 Cui
3516 2614 3610 2667 ille
3630 2615 3790 2684 quasi

2176 2725 2298 2763 cum
2328 2707 2667 2777 increpamlo
2697 2705 3016 2775 reSpondit:
3061 2727 3077 2754 ι
3114 2709 3289 2768 Quare
3317 2705 3398 2759 sic
3427 2705 3656 2758 dixisti?
3685 2721 3792 2759 non

2178 2817 2360 2871 spero,
2392 2801 2486 2853 sed
2519 2800 2824 2852 certissime
2849 2812 3124 2871 cognosco
3153 2797 3299 2850 diem
3323 2796 3510 2850 obitus
3543 2797 3655 2851 mei
3688 2813 3794 2851 non

2177 2901 2296 2960 post
2321 2889 2517 2942 multos
2545 2889 2663 2941 dies
2690 2887 2820 2940 mihi
2849 2885 3090 2939 evenire.
3122 2905 3148 2933 δ)
3187 2886 3259 2938 De
3291 2901 3396 2955 qua
3420 2901 3475 2938 re
3511 2885 3801 2956 presbyter

2175 2980 2527 3034 contristatus
2569 2976 2964 3049 indulgentiam
3019 2974 3334 3044 postulavit,
3396 2981 3451 3028 et
3508 2975 3650 3028 dixit
3684 2976 3794 3029 illi:

2183 3091 2202 3118 a
2249 3069 2500 3133 Domine,
2549 3084 2710 3138 quem
2754 3067 3139 3135 episcoporum
3197 3063 3451 3134 przecipis
3499 3080 3703 3118 vocare
3734 3066 3798 3116 ad

2179 3163 2719 3219 commendationem
2743 3162 2990 3230 corporis
3017 3160 3133 3213 tui?
3159 3179 3181 3208 ι)
3223 3159 3314 3212 Cui
3351 3159 3439 3213 ille
3470 3160 3789 3228 respondit:

2182 3277 2207 3303 α
2255 3257 2326 3310 Eo
2351 3265 2596 3325 tempore
2627 3254 2848 3323 quando
2865 3252 3050 3305 anima
3081 3268 3202 3305 mea
3230 3251 3566 3304 derelictura
3592 3252 3802 3305 esthoc

2180 3363 2400 3415 corpus,
2460 3360 2568 3397 non
2621 3343 2849 3412 potestis
2880 3342 3049 3395 ullum
3110 3357 3299 3395 eorum
3330 3341 3437 3393 huc
3486 3341 3793 3395 advocare:

2185 3441 2312 3511 quia
2369 3438 2850 3509 comprovincialis
2909 3453 3063 3490 meus
3130 3436 3452 3490 Chunradus
3504 3436 3801 3507 episcopus

2187 3535 2332 3581 tanta
2393 3527 2706 3580 infirmitate
2762 3526 3018 3579 detentus
3068 3531 3148 3577 est
3205 3531 3263 3577 ut
3301 3525 3408 3578 huc
3447 3523 3638 3578 venire
3695 3542 3800 3579 non

2186 3620 2378 3692 possit,
2413 3618 2658 3688 episcopi
2691 3632 2819 3671 vero
2867 3617 3256 3674 Bauvariorum
3300 3616 3366 3668 ad
3403 3615 3588 3688 regale
3621 3616 3798 3670 collo-

2185 3712 2374 3782 quium
2403 3711 2470 3763 ad
2499 3709 2777 3763 Franciam
2807 3706 3292 3779 suntcongregati.
3327 3725 3349 3753 ι)
3380 3708 3444 3758 At
3473 3705 3563 3759 ille
3590 3706 3799 3776 inquit:

2189 3829 2211 3857 α
2252 3805 2502 3870 Domine,
2529 3804 2662 3874 quid
2691 3812 2819 3857 tunc
2846 3803 3026 3856 facere
3050 3801 3320 3854 debemus
3343 3799 3368 3851 ἶ)
3403 3824 3426 3845 ι»
3465 3801 3558 3854 Cui
3585 3811 3808 3856 sanctus

2185 3896 2480 3966 episc0pus
2501 3893 2668 3946 dixit:
2705 3917 2726 3938 «ι
2763 3892 2943 3947 Nostis
2961 3906 3162 3961 corpus
3188 3889 3432 3944 hominis
3463 3899 3624 3943 terra:
3657 3906 3808 3945 com-

2186 3985 2490 4042 mendare?
2525 4010 2548 4034 υ
2586 3984 2758 4038 Atille
2780 3984 2882 4037 ait:
2917 4008 2941 4030 ιι
2977 3983 3032 4035 Si
3060 3983 3179 4036 talis
3202 3997 3439 4052 persona
3473 3989 3809 4052 essetsuper

2183 4096 2343 4150 quam
2380 4075 2784 4131 commendatio
2827 4081 3010 4128 nostra
3036 4071 3153 4126 fieri
3202 4073 3500 4137 debuisset,
3547 4073 3801 4127 timorem

2187 4169 2315 4221 inde
2339 4182 2446 4221 non
2475 4165 2805 4218 haberemus
2862 4187 2886 4210 υ
2924 4162 3017 4216 Cui
3042 4162 3340 4232 episcopus
3371 4160 3536 4214 dixit:
3569 4182 3588 4211 ι
3622 4161 3805 4216 Facite

2185 4258 2253 4310 de
2313 4257 2412 4310 hac
2466 4272 2546 4322 re,
2603 4271 2726 4307 cum
2787 4259 3004 4323 tempus
3054 4251 3359 4318 advenerit,
3407 4251 3550 4305 sicut
3590 4252 3802 4321 Optime

2186 4349 2437 4420 potestis,
2498 4347 2761 4401 Dominus
2813 4345 3322 4399 commendatorem
3390 4343 3643 4412 corporis
3700 4344 3804 4397 mei

2187 4438 2516 4509 providebit.
2553 4458 2579 4486 ι)
2615 4438 2673 4490 Et
2698 4437 2783 4490 his
2810 4435 2971 4489 dictis
2995 4435 3255 4504 praefatus
3282 4433 3572 4502 presbyter
3602 4432 3804 4486 iterum

2183 4532 2433 4586 lectionis
2465 4547 2619 4584 usum
2639 4529 2954 4599 assumpsit,
2984 4537 3038 4582 et
3065 4527 3118 4580 in
3151 4543 3232 4590 ca,
3264 4526 3408 4579 sicut
3439 4525 3641 4579 solitus
3669 4533 3801 4590 crat,

2188 4638 2362 4692 usque
2394 4621 2521 4674 dum
2558 4628 2792 4676 sonante
2833 4619 2992 4692 signo
3025 4615 3423 4687 Vespertinalis
3463 4614 3647 4667 laudis
3682 4617 3813 4667 hora

2187 4711 2632 4765 annuntiabatur.
2666 4709 2953 4763 Lectiones
2995 4722 3122 4761 vero
3158 4706 3380 4759 fuerunt
3427 4704 3558 4756 Vitae
3590 4703 3806 4757 Patrum

2187 4812 2521 4870 sanctorum,
2552 4813 2607 4856 et
2640 4801 2967 4854 libersancti
2996 4797 3245 4872 Gregorii
3270 4812 3433 4867 quem
3461 4795 3809 4869 Dialogorum

2189 4905 2410 4960 vocant;
2457 4895 2612 4962 cujus
2644 4894 2868 4949 ultimus
2898 4891 3038 4944 liber
3068 4891 3308 4958 disputat
3345 4888 3577 4941 multum
3615 4887 3684 4940 de
3728 4889 3811 4940 his

2189 4986 2282 5057 qui
2313 4986 2380 5038 de
2413 4999 2642 5054 corpore
2697 4981 2835 5052 rapti
2876 4980 2933 5033 in
2979 4979 3171 5048 spiritu
3223 4977 3396 5030 multa
3445 4977 3726 5043 viderunt,
3761 4988 3815 5031 et

2187 5079 2386 5132 iterum
2436 5077 2503 5130 ad
2545 5091 2748 5145 corpus
2796 5071 3100 5126 redierunt.
3136 5069 3341 5122 Taliter
3393 5085 3522 5123 vero
3573 5085 3808 5123 conver-

2187 5173 2359 5227 sando
2401 5170 2800 5227 formosissime
2859 5165 3210 5237 exspectabat
3253 5165 3400 5218 diem
3448 5164 3634 5219 obitus
3673 5165 3807 5230 sui,

2189 5269 2242 5316 et
2282 5261 2555 5315 interdum
2599 5260 2654 5312 in
2695 5257 2892 5328 spiritu
2933 5256 3176 5326 plurima
3208 5254 3452 5320 videbat,
3495 5253 3563 5308 de
3604 5255 3811 5325 quibus

2189 5370 2363 5425 pauca
2395 5353 2478 5407 his
2520 5352 2768 5423 quicum
2814 5366 2879 5405 eo
2912 5353 3068 5403 erant
3108 5345 3365 5400 narravit.
3423 5347 3638 5400 Interea
3681 5363 3809 5401 vero

2189 5449 2538 5505 \Verinhario
2582 5447 2768 5502 abbati
2819 5447 2887 5500 de
2938 5441 3276 5498 monasterio
3330 5441 3487 5494 Vulta
3554 5441 3804 5510 [Fulda]

2188 5542 2492 5603 nominato,
2523 5555 2686 5593 causa
2710 5535 3064 5608 lvisitationis
3095 5533 3163 5587 ad
3194 5548 3317 5586 eum
3353 5532 3623 5596 venienti,
3667 5532 3809 5586 inter

2187 5630 2295 5684 alia
2318 5630 2480 5682 dixit:
2519 5653 2540 5674 ιι
2575 5630 2649 5683 'lu
2669 5636 2793 5697 post
2825 5643 2911 5679 mc
2943 5625 3032 5678 hic
3063 5621 3300 5676 deberes
3334 5620 3632 5692 cpisc0pus
3664 5619 3804 5687 fieri,

2263 5747 2364 5811 (Ξὸὸ
2393 5746 2407 5811 )
2439 5745 2554 5806 AL,
2592 5743 2981 5816 ltuodungum.
