3978 6214
251 332 376 386 1049

1816 326 1982 382 νιτΑ.

3427 332 3567 389 1050

246 493 424 533 omnes
462 484 513 532 te
541 478 833 548 elegerunt
891 474 994 528 nisi
1029 474 1160 538 duo,
1195 473 1246 526 hi
1310 487 1440 526 vero
1499 473 1608 524 duo
1638 470 1682 524 si
1725 470 1841 526 aliis

1951 456 2005 509 in
2033 460 2142 510 tres
2182 461 2362 526 partes
2392 455 2791 520 dividerentur,
2831 461 2884 508 et
2939 454 3097 509 tertia
3151 471 3277 525 pars
3335 459 3569 530 presby-

246 569 653 631 concordarent,
689 566 884 620 electio
919 573 1007 619 tua
1030 564 1151 618 sine
1183 563 1352 617 dubio
1387 561 1624 631 perfecta
1640 562 1847 616 fuisset.

247 659 299 714 Et
336 661 418 714 his
457 660 620 714 dictis
649 675 842 712 manus
876 657 1095 710 Attelini
1123 662 1249 709 tunc
1294 653 1623 707 vieedomini
1657 653 1850 720 (59),οῐ

247 751 628 806 manuslliltini
646 749 928 803 camerarii
946 747 1442 816 comprehendcns,
1465 762 1575 797 suae
1601 744 1846 797 tidelitati

247 843 662 904 conmwndavit,
689 849 740 895 et
772 858 893 894 cum
929 839 1196 894 charitate
1231 856 1354 891 eum
1391 839 1544 911 abire
1579 837 1844 906 permisit.

311 935 478 990 XXVI.
537 934 712 987 Altera
771 950 899 986 vero
959 932 1098 996 vice,
1153 931 1386 1002 quadam
1437 930 1524 981 die
1581 930 1737 1000 quasi
1782 929 1848 980 de

245 1025 383 1097 grrvi
416 1040 609 1077 somno
638 1021 1078 1092 exliergefactus,
1114 1020 1163 1072 ei
1214 1019 1588 1072 assidentibus
1647 1028 1697 1072 et
1733 1020 1849 1072 haec.

244 1112 608 1177 audientibus,
645 1112 717 1163 ait
753 1128 763 1162 :
795 1137 805 1156 ι
846 1110 954 1162 lleu
985 1108 995 1161 !
1036 1110 1139 1161 heu
1178 1108 1188 1160 !
1225 1109 1370 1178 quod
1405 1108 1554 1159 illum
1591 1115 1849 1176 nepotem

247 1220 416 1256 meum
442 1201 841 1253 Adalbm'unem
875 1214 1114 1268 unquam
1136 1197 1268 1260 vidi,
1297 1199 1427 1266 quia
1482 1212 1579 1266 pro
1604 1212 1668 1249 eo
1701 1198 1848 1267 quod

243 1296 286 1349 e'
319 1294 616 1347 secundum
645 1293 979 1344 desiderium
1006 1307 1161 1342 suum
1193 1290 1626 1350 conscnticbam,
1654 1290 1850 1344 nolunt

243 1398 323 1436 me
357 1381 686 1451 impunitum
709 1381 936 1433 insuum
970 1378 1596 1448 recipere.consortium!
1629 1403 1645 1427 ι
1675 1379 1732 1432 Et
1765 1380 1849 1432 his

238 1473 392 1525 dictis
417 1473 596 1525 statim
629 1472 809 1524 tacuit.
868 1471 1044 1522 Virtus
1090 1485 1218 1522 vero
1278 1470 1524 1538 corporis
1555 1469 1622 1521 de
1668 1470 1755 1523 die
1793 1470 1847 1524 in

241 1564 378 1616 diem
403 1565 752 1626 decrescens,
786 1563 838 1614 in
892 1569 1096 1614 tantum
1132 1562 1421 1613 deticiebat
1480 1561 1847 1615 utecclcsiam

242 1658 438 1709 intrare
474 1657 576 1709 nisi
610 1673 638 1709 a
668 1657 885 1709 duobus
915 1664 1247 1709 sustentatus
1281 1671 1386 1708 non
1423 1655 1845 1724 potuisset.Cum

237 1764 362 1803 vero
393 1750 446 1801 in
475 1750 564 1801 die
597 1749 758 1802 natali
829 1756 1138 1802 sanctorum
1201 1747 1360 1800 Marci
1405 1757 1459 1798 ct
1493 1746 1848 1811 Marcelliani,
1877 1781 1926 1848 Β

238 1844 380 1914 quod
414 1851 494 1896 est
535 1861 619 1896 xlv
676 1844 787 1897 Kal.
850 1843 997 1905 Julii,
1059 1843 1348 1895 ecclesiam
1406 1842 1850 1897 introduceretur

239 1941 290 1986 ut
319 1934 537 1986 missam
569 1933 802 1998 audiret,
855 1941 1070 2002 peracta
1105 1933 1292 1995 missa,
1357 1933 1422 1983 ad
1455 1939 1695 1984 sanctam
1729 1949 1847 1985 cru-

235 2039 349 2076 cem
381 2023 647 2092 tapetium
679 2023 780 2074 sibi
811 2022 1012 2091 deponi
1044 2022 1330 2091 praecepit,
1357 2029 1407 2073 et
1431 2037 1486 2073 se
1523 2037 1689 2090 super
1751 2023 1842 2077 illo

233 2114 631 2182 prosternebat.
666 2113 740 2166 lbi
797 2130 923 2166 vero
955 2130 1075 2166 cum
1134 2113 1285 2182 quasi
1319 2112 1601 2165 dimidiam
1647 2115 1836 2167 horam

224 2204 506 2272 jacuisset,
536 2203 786 2266 surrexit,
847 2212 898 2255 et
936 2203 1295 2254 camerarium
1344 2202 1688 2271 [.iutpaldum
1718 2220 1842 2273 prc-

231 2296 509 2363 sbyterum
539 2295 604 2347 ad
639 2312 695 2346 se
720 2295 904 2347 venire
935 2293 1081 2356 fecit,
1105 2301 1156 2347 et
1185 2302 1408 2348 cunctas
1439 2312 1567 2347 suas
1593 2312 1676 2348 res
1708 2312 1842 2365 quas

233 2381 392 2434 illein
428 2381 734 2434 ministerio
768 2383 998 2434 habebat
1042 2382 1092 2434 in
1117 2383 1459 2451 praesentiam
1504 2383 1586 2434 sui
1626 2390 1840 2452 portare

233 2469 506 2540 praecepit,
541 2476 594 2523 et
627 2486 831 2539 ponere
863 2478 988 2522 ante
1037 2471 1229 2532 altare,
1266 2470 1368 2522 nisi
1405 2487 1565 2523 unam
1609 2480 1840 2541 paratu-

231 2575 340 2612 ram
384 2559 580 2611 domus
632 2566 685 2612 et
741 2575 1075 2623 mensarum,
1138 2568 1190 2611 et
1232 2576 1400 2612 unum
1434 2561 1839 2629 coopertorium

230 2648 568 2701 mardrinum
619 2648 684 2700 ad
743 2648 1022 2700 servitium
1083 2649 1166 2700 sui
1213 2649 1550 2701 successoris
1610 2649 1838 2704 dimisit.

232 2740 358 2793 Cum
389 2756 517 2793 vero
549 2746 673 2792 ante
707 2757 832 2793 eum
878 2739 1056 2809 posita
1109 2740 1361 2804 fuissent,
1396 2748 1446 2792 et
1489 2740 1579 2794 ille
1613 2759 1676 2795 ea
1708 2758 1844 2795 con-

225 2830 517 2899 spexisset,
543 2827 897 2891 dixitzuLiuid
932 2829 1061 2880 mihi
1090 2829 1200 2881 hzec
1226 2829 1411 2882 omnia
1444 2845 1590 2882 nunc
1623 2831 1840 2884 debue-

227 2921 394 2976 runt?
416 2943 438 2969 n
457 2921 710 2984 Quamvis
727 2937 855 2974 vero
881 2921 955 2973 illi
983 2921 1074 2990 plu
1086 2922 1219 2974 rima
1237 2922 1844 2986 viderentur,numerus

223 3031 414 3069 eorum
449 3014 624 3080 major
653 3029 760 3066 non
812 3013 912 3067 fuit
971 3014 1073 3066 nisi
1126 3031 1297 3084 pauca
1337 3015 1636 3081 camisalia,
1670 3025 1842 3070 etsc-

223 3114 370 3176 ptem
395 3105 477 3159 vel
506 3114 630 3159 octo
673 3106 960 3168 mensalia,
1024 3114 1075 3158 et
1129 3106 1236 3159 duo
1268 3106 1506 3172 sarcilia,
1541 3115 1594 3160 et
1622 3125 1650 3160 χ
1681 3109 1841 3162 solidi
1872 3141 1920 3210 Ο

219 3198 456 3272 argenti,
492 3212 630 3268 quos
664 3197 718 3250 in
779 3213 995 3250 manum
1053 3198 1312 3250 Gerhardi
1363 3200 1641 3268 prmpositi
1673 3217 1830 3254 com-

219 3287 499 3340 mendavit
528 3286 706 3340 statim
741 3287 806 3339 ad
866 3288 1204 3359 erogandum
1240 3288 1592 3357 pauperibus.
1631 3290 1831 3344 Cretera

216 3394 348 3432 vero
381 3378 566 3431 omnia
597 3377 869 3447 disposuit
899 3378 1069 3431 dividi
1121 3380 1264 3432 inter
1319 3379 1552 3433 clericos
1584 3382 1830 3448 ejusdem

216 3471 346 3525 loci.
380 3472 452 3524 De
480 3470 826 3523 vestimentis
881 3471 994 3524 suis
1053 3471 1197 3524 misit
1249 3473 1484 3526 Antonio
1538 3475 1641 3540 {63)
1674 3490 1841 3527 vene-

209 3560 384 3613 rando
416 3560 553 3623 viro,
587 3576 748 3630 quem
817 3559 907 3613 ille
963 3568 1124 3613 antea
1168 3561 1232 3613 ad
1278 3560 1615 3615 Utenburam
1660 3563 1713 3615 in
1742 3563 1837 3616 Dei

213 3648 442 3703 nomine
473 3647 714 3700 inclusit.
751 3647 975 3701 Cuidam
1024 3649 1184 3701 etiam
1221 3648 1486 3715 liuozoni,
1530 3650 1835 3706 mobilitate

215 3737 590 3791 membrorum
625 3736 854 3800 carenti,
926 3737 1027 3791 nisi
1083 3737 1152 3789 de
1194 3738 1432 3791 brachiis
1466 3756 1704 3805 sursum,
1749 3741 1835 3795 cui

217 3829 560 3883 domicilium
587 3828 639 3880 in
670 3829 988 3883 cmmeterio
1020 3829 1475 3898 Campidoncnsis
1514 3833 1834 3887 monasterii

218 3936 374 3973 more
406 3917 588 3971 lectuli
621 3934 652 3970 a
683 3924 822 3970 terra
853 3917 1196 3971 sublevatum
1244 3918 1572 3973 aedificatum
1607 3931 1743 3987 erat,
1779 3931 1838 3976 ut

221 4029 285 4065 ea
314 4027 436 4082 quae.
478 4011 546 4064 ab
576 4026 641 4064 eo
674 4011 882 4082 digesta
927 4011 1142 4064 fuerant
1173 4019 1313 4065 terra
1357 4021 1518 4066 tenus
1537 4015 1786 4071 cadendo
1809 4034 1840 4072 a

219 4102 504 4157 domicilio
526 4110 934 4172 separarentur,
977 4103 1298 4156 vestimenta
1341 4106 1643 4160 transmisit
1671 4127 1683 4170 ;
1710 4110 1840 4180 quia

219 4203 403 4259 antea,
437 4209 559 4246 cum
596 4192 892 4263 epiSCOpus
925 4194 978 4246 in
1005 4194 1200 4247 eodem
1232 4197 1567 4251 monasterio
1596 4215 1842 4255 morare-

219 4294 328 4351 tur,
354 4286 673 4356 prredictum
700 4302 995 4356 pauperem
1013 4302 1108 4355 per
1129 4303 1188 4340 se
1213 4288 1393 4358 ipsum
1408 4307 1557 4361 stepe
1577 4293 1836 4361 visitavit,

219 4388 273 4436 et
301 4383 423 4448 ejus
455 4381 749 4434 locutionis
791 4381 1139 4435 dulcedinem
1175 4381 1414 4436 libenter
1444 4385 1675 4453 audivit,
1710 4387 1838 4457 quia

218 4477 365 4530 idem
395 4477 510 4545 ipse
546 4477 837 4546 praedictus
860 4494 1067 4547 panper
1121 4477 1311 4533 clauso
1362 4479 1559 4533 ostiolo
1618 4498 1840 4552 semper

215 4571 270 4624 in
305 4572 396 4625 Dei
428 4571 686 4625 laudibus
709 4580 761 4625 et
789 4571 1134 4626 orationibus
1180 4574 1268 4627 die
1291 4591 1351 4627 ac
1384 4582 1542 4629 nocte
1585 4577 1837 4631 moraba-

218 4671 325 4718 tur.
356 4665 394 4717 Ο
419 4681 540 4734 quae
571 4664 758 4737 lingua
790 4665 963 4718 virum
1009 4673 1168 4719 tanta?
1197 4667 1552 4739 benignitatis
1581 4655 1836 4724 enarrare

220 4762 424 4823 potest,
476 4754 589 4824 qui.
649 4755 701 4806 in
761 4754 967 4807 ultimis
1021 4757 1249 4824 positus,
1286 4764 1433 4810 tanto
1465 4757 1642 4826 spatio
1670 4759 1837 4811 inter-

221 4845 426 4914 posito,
471 4843 735 4896 Christum
797 4845 997 4898 vestire
1049 4862 1156 4900 non
1211 4846 1440 4899 omisit!
1481 4862 1576 4915 pro
1605 4862 1668 4899 eo
1693 4855 1840 4901 certe

219 4936 351 5006 quia
392 4935 440 4988 ei
465 4952 687 5005 semper
724 4936 912 4990 aderat
939 4939 1031 5007 qui
1058 4938 1124 4990 ab
1155 4954 1220 4992 eo
1253 4955 1350 4992 sua
1380 4939 1619 4992 membra
1654 4940 1837 4993 vestiri

222 5028 464 5082 volebat.
525 5027 613 5081 llis
671 5045 796 5082 vero
859 5030 1135 5098 pranlictis
1193 5031 1544 5102 dispensatis,
1581 5033 1841 5102 praecepit

220 5117 576 5171 vieedomino
618 5119 939 5189 caeterisque
970 5120 1170 5189 quibus
1230 5121 1397 5174 voluit
1439 5122 1554 5174 suis
1588 5119 1846 5175 fidelibus

224 5223 290 5259 ac
321 5207 604 5268 ministris,
640 5217 695 5260 ut
719 5207 772 5260 in
833 5209 1044 5262 cunctis
1091 5209 1224 5263 locis
1271 5211 1336 5263 ad
1370 5227 1527 5263 suum
1558 5210 1842 5264 servitium

229 5296 660 5364 pertinentibus,
694 5304 889 5350 cuncta
931 5313 1053 5368 qua:
1099 5297 1153 5351 in
1205 5316 1287 5352 eis
1322 5298 1544 5352 inventa
1591 5299 1844 5365 fuissent,

304 5416 410 5492 (fit?)
445 5416 762 5492 Vincentius
821 5420 976 5492 Dorg.
1012 5420 1079 5472 de
1135 5421 1269 5474 eccl.
1315 5421 1550 5476 Florent.
1585 5423 1847 5476 observa-

229 5486 307 5538 vit
340 5487 717 5542 vicedominos
748 5499 874 5543 ante
909 5486 996 5543 an.
1036 5492 1172 5545 1000
1227 5492 1337 5546 fere
1370 5511 1432 5546 ex
1474 5494 1620 5548 clero
1653 5494 1840 5559 fuisse,

234 5559 706 5634 eamdignttatem
746 5569 865 5634 post
899 5562 1167 5634 adlaicos
1197 5565 1494 5617 transiisse.
1529 5565 1722 5634 Onuph
1773 5566 1842 5618 de

234 5628 470 5705 vocibus
496 5628 883 5705 ecclesiasitieis
941 5633 1215 5699 obscuris,
1269 5636 1344 5688 ait
1391 5638 1551 5689 etiam
1611 5628 1846 5705 majores

233 5698 431 5775 domus
462 5703 792 5772 appellatos.
829 5704 1021 5758 Verum
1052 5698 1276 5759 Distinct
1329 5707 1657 5775 89,capitul.
1690 5698 1846 5761 Volu-

235 5784 353 5822 mus
383 5771 605 5844 GregOr.
651 5775 1057 5830 vicedomiuum
1116 5793 1146 5830 a
1174 5771 1601 5843 majore-domo
1649 5778 1845 5833 distin-

1951 545 2080 598 teris
2111 544 2555 614 pauperibusque
2623 543 2851 614 provida
2907 544 3324 613 dispensatione
3383 549 3566 602 statim

1954 653 2018 690 eo
2045 636 2260 693 vivente
2294 636 2665 700 donarentur;
2689 635 2903 705 quodet
2935 636 3132 690 factum
3159 645 3258 691 est.
3296 638 3397 693 Pro
3415 647 3566 695 certo

1951 728 2199 798 quamvis
2226 743 2424 797 corpus
2475 727 2620 799 gravi
2664 725 2980 781 infirmitate
3016 728 3302 782 detentum
3349 728 3564 795 fuisset,

1951 831 2144 868 sensus
2174 823 2225 868 et
2265 815 2483 868 animus
2536 822 2588 868 et
2638 814 2892 868 voluntas
2924 817 3178 886 occupati
3222 834 3331 871 non
3369 826 3566 888 potue-

1953 915 2098 973 runt,
2134 907 2235 960 nisi
2284 908 2399 978 [pro
2470 915 2525 960 ut
2579 907 2707 976 non]
2774 908 2881 978 piis
2934 908 3249 963 insisterent
3302 910 3568 966 intentio-

1954 998 2130 1051 nibus.

2024 1089 2221 1142 XXVII.
2259 1089 2350 1142 Die
2391 1089 2574 1160 itaque
2616 1099 2802 1144 sancto
2845 1091 3147 1145 nativitatis
3177 1094 3351 1148 sancti
3390 1094 3566 1149 Joan-

1955 1180 2037 1231 nis
2065 1179 2318 1248 Baptislze
2354 1180 2609 1234 horadiei
2635 1181 2827 1250 prima,
2853 1183 3008 1252 quasi
3035 1192 3262 1252 repente
3283 1184 3352 1237 de
3368 1199 3564 1240 somno

1953 1269 2146 1321 beatus
2179 1269 2462 1322 [idalricus
2491 1271 2800 1338 suscitatus,
2867 1272 3003 1326 dixit
3048 1272 3362 1326 camerariis
3391 1275 3505 1327 suis
3548 1291 3560 1327 :

1958 1381 1978 1408 ι
2014 1359 2228 1413 lnduite
2270 1376 2355 1413 me
2386 1361 2704 1416 vestimenta
2737 1379 2856 1416 mea
2885 1372 2938 1416 et
2969 1363 3360 1418 calceamenta.
3403 1384 3432 1412 »
3462 1365 3563 1428 Qui

1955 1454 2271 1506 hzesitantes
2305 1461 2527 1522 propter
2549 1470 2797 1527 magnam
2821 1455 2940 1523 ejus
2960 1455 3356 1522 inﬁrmitatem,
3387 1457 3430 1510 si
3452 1457 3568 1511 haec

1953 1542 2008 1594 in
2042 1543 2211 1594 extasi
2255 1542 2454 1595 mentis
2502 1541 2583 1596 vel
2621 1543 2978 1613 incapacitate
3041 1561 3236 1598 sensus
3264 1545 3342 1598 eis
3371 1546 3567 1616 μῖξιξοὶ-

1954 1642 2123 1703 peret,
2151 1634 2433 1703 implendo
2489 1642 2670 1687 tamen
2732 1646 3060 1705 praeceptum
3095 1638 3233 1703 ejus,
3265 1637 3568 1691 induerunt

1955 1739 2077 1776 eum
2110 1724 2436 1776 vestimenta
2470 1724 2589 1791 ejus
2619 1730 2673 1777 et
2704 1724 2938 1778 calceos.
2973 1724 3159 1778 Statim
3189 1733 3372 1779 autem
3406 1742 3569 1796 para-

1951 1823 2069 1868 tura
2102 1832 2160 1868 se
2210 1815 2487 1869 missatica
2547 1815 2700 1869 indui
2755 1815 3045 1886 przecepit;
3073 1833 3310 1888 cumque
3343 1827 3564 1888 paratus

1950 1912 2161 1976 fuisset,
2197 1913 2600 1982 perambulavit
2641 1913 2922 1968 matricem
2954 1915 3268 1979 ecclesiam,
3298 1922 3351 1968 et
3390 1915 3457 1968 ad
3474 1932 3566 1970 ec-

1948 2003 2170 2055 clesiam
2204 2003 2388 2055 Sancti
2419 2002 2648 2056 Joannis
2674 2003 2946 2072 Baptistae,
3008 2021 3175 2074 quam
3236 2005 3355 2075 ipse
3400 2015 3562 2060 antea

1945 2091 2311 2146 zedificaverat
2339 2099 2393 2146 et
2416 2093 2469 2145 in
2501 2093 2708 2147 honore
2734 2093 2854 2160 ejus
2903 2101 3339 2160 consecraverat,
3369 2111 3560 2166 perve-

1944 2185 2042 2250 nit,
2075 2186 2260 2256 ibique
2295 2186 2514 2239 missam
2549 2187 2672 2254 (Gl),
2734 2203 2898 2257 quam
2932 2187 3326 2241 anniversariis
3357 2189 3559 2243 solem-

1945 2279 2206 2332 nitatibns
2224 2296 2382 2333 mane
2411 2280 2654 2335 diluculo
2690 2288 3053 2335 consueverat
3084 2288 3326 2348 cantare,
3360 2291 3561 2352 poten-

1944 2377 2026 2423 ter
2055 2380 2107 2423 et
2139 2378 2295 2423 caute
2327 2368 2604 2439 explevit;
2635 2369 2836 2440 illaque
2857 2369 3030 2436 ﬁnita,
3067 2370 3248 2424 statim
3285 2371 3561 2440 publicam

1947 2461 2162 2514 missam
2223 2461 2365 2524 iniit,
2409 2468 2461 2513 et
2518 2461 2869 2515 devotissime
2922 2461 3285 2529 Deojuvante
3319 2463 3552 2533 peregit.

1944 2551 2140 2605 Amhas
2171 2552 2364 2605 missas
2392 2568 2538 2617 cum,
2569 2552 2765 2606 stando
2807 2553 2927 2605 sine
2989 2553 3264 2621 adjutorio
3299 2553 3558 2618 aliorum,

1944 2658 2065 2695 cum
2099 2642 2578 2695 benedictionibus
2623 2642 2886 2695 decenter
2909 2641 2976 2695 ad
3012 2641 3174 2695 linem
3203 2644 3558 2713 perduceret,

1946 2735 2299 2798 consedebat,
2335 2743 2388 2788 et
2417 2734 2722 2788 astantibus
2753 2733 2858 2787 sibi
2888 2733 3101 2788 clericis
3120 2735 3371 2789 dicebat:
3407 2737 3560 2789 ullaec

1948 2827 2212 2898 mysteria
2244 2844 2366 2899 quze
2395 2845 2542 2882 nunc
2571 2828 2680 2882 Deo
2709 2827 2948 2882 donante
2979 2828 3188 2901 peregi,
3215 2845 3281 2882 ex
3323 2829 3563 2900 possibi-

1948 2921 2098 2974 litate
2131 2920 2377 2991 corporis
2405 2921 2512 2974 mei
2542 2937 2650 2975 non
2681 2921 2978 2991 assumpsi,
3010 2921 3106 2974 sed
3147 2939 3212 2975 ex
3244 2931 3518 2992 praecepto
3545 2941 3557 2976 :

1950 3013 2114 3066 hodie
2147 3013 2294 3066 enim
2327 3029 2448 3067 cum
2487 3014 2539 3066 in
2572 3014 2714 3068 lecto
2755 3013 2910 3084 quasi
2951 3014 3168 3084 sepitus
3193 3029 3388 3067 somno
3411 3013 3563 3081 jace-

1949 3115 2084 3165 rem,
2118 3107 2391 3154 steterunt
2419 3117 2600 3154 coram
2657 3101 2858 3155 lectulo
2889 3118 3013 3157 meo
3055 3102 3166 3156 duo
3197 3101 3297 3156 viri
3325 3102 3560 3170 juvenes

1944 3187 2328 3242 formosissimi
2361 3199 2608 3259 aspectu,
2669 3208 2698 3243 e
2730 3191 2930 3262 quibus
2961 3191 3095 3245 mihi
3126 3209 3266 3245 unus
3307 3192 3523 3246 dicebat
3553 3209 3565 3246 :

1939 3300 1963 3328 ι(
1999 3280 2172 3343 Quare
2215 3296 2322 3334 non
2378 3281 2583 3353 surgis,
2619 3281 2790 3335 debes
2829 3283 2974 3336 enim
3010 3284 3173 3337 hodie
3205 3284 3271 3337 ad
3305 3283 3566 3337 Sanctum

1943 3392 1960 3418 ι
1992 3371 2260 3425 Joannem
2297 3372 2593 3442 Daptistam
2627 3374 2845 3427 missam
2898 3374 3216 3428 celebrare.
3251 3398 3274 3419 ιι
3303 3373 3396 3427 Cui
3428 3375 3568 3429 alter

1944 3460 2252 3530 respondit:
2280 3481 2308 3509 α
2323 3461 2610 3523 Quomodo
2626 3468 2802 3532 potest
2826 3463 2926 3516 hoc
2943 3461 3220 3532 fieri,quia
3236 3477 3332 3531 pro
3394 3462 3567 3532 impo-

1943 3565 1972 3594 (ι
2003 3545 2264 3600 sibilitate
2287 3549 2534 3617 corporis
2563 3549 2643 3602 Pri
2657 3567 2794 3603 mam
2810 3550 2990 3604 adhuc
3015 3566 3124 3604 non
3149 3549 3476 3620 explevit?»
3503 3553 3567 3606 At

1940 3640 2028 3693 ille
2061 3640 2151 3711 qui
2185 3650 2343 3695 antea
2372 3641 2586 3696 locutus
2607 3653 2689 3696 est
2721 3643 2787 3696 ad
2817 3660 2904 3697 me
2927 3642 3060 3696 dicit
3094 3661 3106 3696 :
3147 3663 3169 3692 «
3199 3644 3373 3716 Surge
3391 3650 3444 3698 et
3470 3660 3563 3698 se-

1946 3756 1962 3782 ι
1999 3733 2236 3786 cundum
2267 3751 2447 3788 meum
2463 3751 2777 3790 sermonem
2797 3735 2889 3789 Dei
2910 3735 3234 3804 mysterium
3254 3735 3308 3788 in
3338 3735 3561 3807 praefata

1942 3845 1967 3872 α
2002 3823 2230 3878 ecclesia
2261 3823 2491 3894 implere
2517 3823 2874 3896 festina,quia
2895 3825 3058 3878 hodie
3079 3834 3280 3895 praeter
3302 3833 3352 3880 te
3377 3825 3561 3880 nullus

1942 3936 1968 3964 «ι
2001 3917 2140 3970 alius
2167 3916 2241 3969 ibi
2267 3916 2482 3969 missam
2507 3916 2766 3970 cantabit.
2794 3941 2817 3962 υ
2853 3917 2944 3970 llis
2974 3932 3103 3972 vero
3133 3917 3298 3970 dictis
3318 3918 3387 3970 ad
3411 3916 3563 3970 cubi~

1941 4014 2122 4068 culum
2155 4029 2436 4088 regressus
2466 4021 2566 4067 est.
2596 4013 2838 4085 Cumque
2871 4015 3017 4069 diem
3041 4014 3224 4068 obitus
3249 4014 3333 4068 sui
3363 4013 3561 4068 devota

1944 4111 2127 4158 mente
2157 4112 2210 4159 et
2240 4104 2361 4157 laeto
2393 4103 2576 4158 animo
2608 4103 2984 4158 etsecundum
3018 4103 3184 4158 verba
3224 4105 3564 4177 psalmogra-

1945 4193 2035 4263 phi
2071 4193 2236 4248 David
2269 4193 2503 4247 dicentis
2533 4210 2546 4246 :
2581 4193 3039 4259 Quemadmodum
3071 4194 3344 4247 desiderat
3375 4209 3560 4247 cervus

1943 4289 2017 4342 ad
2045 4292 2218 4355 fontes
2250 4292 2621 4358 aquarum,ita
2665 4289 2938 4342 desiderat
2993 4290 3179 4342 anima
3231 4304 3349 4342 mea
3405 4290 3476 4341 ad
3505 4292 3556 4341 te

1945 4386 2079 4436 Deus
2127 4383 2271 4450 (Psal
2324 4388 2448 4446 xu),
2482 4388 2866 4453 exspectaret;
2904 4382 3155 4453 quamvis
3212 4381 3396 4436 verbis
3451 4397 3563 4436 non

1942 4477 2188 4542 dixisset,
2223 4475 2378 4531 factis
2408 4487 2590 4531 tamen
2632 4474 3006 4530 manifestavit
3035 4475 3184 4546 quod
3218 4474 3287 4530 de
3313 4476 3417 4530 hoc
3456 4490 3563 4529 saa-

1942 4568 2065 4623 culo
2097 4585 2156 4622 se
2181 4569 2539 4638 migraturum
2572 4584 2691 4622 esse
2720 4567 2774 4621 in
2805 4567 2989 4641 vigilia
3015 4566 3391 4638 apostolorum
3419 4566 3562 4621 Petri

1940 4666 1994 4711 et
2025 4659 2173 4712 Pauli
2239 4659 2468 4728 putavit.
2529 4659 2726 4713 Eadem
2786 4659 2895 4723 die,
2953 4666 3247 4728 antequam
3281 4657 3561 4729 vesperti-

1942 4751 2082 4805 nalis
2132 4752 2251 4806 laus
2309 4753 2597 4822 inciperet,
2653 4761 2858 4807 etcum
2917 4768 2946 4805 a
3005 4751 3333 4806 custodibus
3365 4768 3558 4806 omnes

1943 4843 2103 4895 simul
2124 4859 2407 4914 campanae
2439 4844 2505 4898 ad
2529 4844 2835 4898 sonandum
2868 4847 3238 4907 moverentur,
3264 4840 3556 4895 balneatus

1941 4946 1996 4990 et
2028 4944 2280 5004 paratura
2313 4955 2476 5009 quam
2510 4939 2578 4993 ad
2611 4939 2825 4994 obitum
2861 4953 3018 4991 suum
3049 4944 3428 4990 conservatam
3463 4936 3561 4989 ha-

1945 5026 2062 5079 buit
2095 5026 2338 5093 indutus,
2374 5045 2432 5082 se
2462 5029 2617 5099 quasi
2652 5029 3035 5085 defuncturum
3067 5026 3346 5098 deposuit.
3383 5025 3562 5080 Finita

1949 5126 2128 5174 autem
2163 5119 2528 5191 Vespertinali
2578 5123 2763 5188 laude,
2788 5124 2906 5177 aliis
2935 5121 3256 5191 juvantibus
3275 5135 3331 5174 se
3363 5135 3393 5171 a
3421 5125 3564 5172 terra

1950 5208 2164 5272 levavit,
2199 5216 2250 5262 et
2274 5209 2430 5278 quasi
2449 5219 2663 5265 secreto
2695 5213 2858 5267 dixit:
2885 5238 2905 5259 η
2943 5211 3184 5267 Osancte
3199 5211 3376 5275 Petre,
3412 5221 3560 5261 nunc

1951 5313 2060 5352 non
2094 5296 2268 5350 fecisti
2294 5297 2436 5350 sicut
2467 5314 2570 5371 ego
2601 5299 2900 5354 aestimavit
2931 5320 2955 5351 υ
2985 5299 3044 5354 Et
3068 5298 3224 5371 quasi
3255 5297 3440 5352 animo
3461 5294 3567 5350 ali-

1947 5421 2063 5494 guit
2088 5439 2107 5494 _;
2135 5420 2421 5494 ibiiglo‘ssa
2451 5437 2804 5494 (economum
2839 5423 3253 5494 interpretatur.

2019 5492 2124 5562 (60)
2161 5492 2275 5557 Ali,
2312 5492 2548 5555 llattoni,
2582 5493 2730 5562 quod
2764 5495 2957 5562 probat
2979 5492 3280 5550 Welserus.

2014 5565 2117 5634 (6t)
2170 5563 2480 5634 Antiquitus
2537 5571 2647 5618 tres
2689 5564 2868 5616 missae
2917 5566 3344 5620 celebrabantur
3396 5564 3452 5618 in
3484 5563 3564 5619 fe-

1947 5637 2185 5691 stivitate
2217 5638 2268 5690 S.
2297 5637 2456 5690 Joan.
2493 5634 2744 5709 Baptistae
2782 5649 2944 5709 :uuna
2999 5637 3213 5691 scilicet
3269 5639 3324 5691 in
3345 5637 3562 5709 rvigilia,

1948 5708 2176 5832 pelliqme
2206 5709 2332 5832 (ing;
2358 5709 2412 5762 in
2455 5704 2580 5763 dief
2615 5705 2734 5760 Vid.
2785 5704 3065 5771 Albinum,
3099 5714 3154 5760 et
3202 5704 3563 5776 Amalarium,

1972 5797 1984 5832 ι
2034 5821 2046 5832 .
2087 5798 2234 5832 m.c.
2265 5816 2278 5832 ι
2342 5823 2352 5832 .

1950 5780 2046 5834 lib.
2087 5798 2234 5848 111,0.
2265 5782 2352 5836 38.
