3978 6214
435 291 562 347 1051

1517 310 1569 362 S.
1612 310 1915 369 UDALRlCl
1958 315 2325 393 A‘UGUSTANI
2365 321 2678 379 EPISCOPL

3632 335 3657 389 1
3666 335 3764 390 052

430 428 699 491 quantum
714 424 784 479 de
799 426 900 480 hac
918 442 975 481 re
995 435 1181 484 mente
1201 438 1855 497 consternatusmanebat
1878 458 2038 498 eum:
2066 449 2119 518 Α
2143 463 2267 503 cum
2296 450 2510 507 audiret
2539 453 2687 524 quod
2701 453 2950 526 episcopi
2964 455 3356 513 Bauvariorum
3387 459 3457 517 de
3488 463 3757 533 praedicto

430 512 743 533 ημημη
800 522 811 533 .
1071 520 1083 533 .
1152 528 1161 533 ,
1263 523 1292 533 η
1368 526 1379 533 .
1487 528 1499 533 -
1621 530 1707 533 ,μ

430 512 692 570 Praefatus
724 522 907 571 autem
942 520 1232 590 presbyter
1258 523 1572 583 Gerhardus
1602 530 1739 587 dixit
1768 534 1837 587 ad
1867 550 1994 590 eum
2025 554 2037 590 :

434 627 452 655 ι
491 608 742 675 Domine,
777 611 888 666 noli
920 615 1249 683 contristari,
1300 618 1397 674 sed
1430 625 1719 681 recordare
1752 630 1881 699 quia
1919 631 2042 685 aliis

428 699 629 753 sanctis
650 700 929 772 episc0pis
955 704 1213 760 similiter
1238 710 1467 784 contigit
1500 731 1513 779 ;
1545 716 1637 768 uni
1670 718 1817 772 enim
1834 719 2039 776 dictum

428 796 547 843 est:
583 790 732 845 Circa
781 793 961 849 natale
1014 800 1388 867 apostolorum
1439 804 1507 859 de
1569 807 1672 863 hoc
1730 812 1930 867 saeculo
1970 815 2039 869 ad

427 880 673 952 requiem
733 900 792 937 es
850 886 1234 957 perducturus,
1300 892 1347 948 is
1399 911 1523 949 cum
1571 910 1818 968 speraret
1867 918 1925 958 se
1984 905 2041 960 in

429 977 610 1031 natale
649 979 1022 1048 apostolorum
1072 984 1303 1051 abiisse,
1364 989 1598 1046 induciae
1632 994 1681 1048 ei
1738 996 2038 1071 prolonga-

425 1060 628 1119 bantur
655 1083 830 1136 usque
864 1069 918 1122 in
964 1081 1219 1128 octavum
1253 1076 1424 1145 diem,
1484 1088 1540 1135 et
1572 1091 1701 1138 tunc
1738 1060 2041 1142 defunctus

426 1160 528 1206 est.
562 1153 745 1209 Cassio
778 1158 1063 1215 Narniensi
1092 1164 1379 1237 episc0po,
1436 1187 1536 1240 per
1582 1174 1876 1243 quemdam
1912 1194 2041 1248 pre-

432 1240 713 1311 sbyterum
769 1245 839 1299 ab
893 1249 1091 1322 angelo
1144 1251 1475 1327 ﬂagellatum
1527 1240 1731 1316 dictum
1762 1274 1844 1319 est
1878 1240 2041 1324 :INon

402 1338 607 1385 .cesset
632 1348 827 1389 manus
858 1344 969 1403 tua,
1026 1355 1136 1395 non
1189 1353 1367 1400 cesset
1403 1364 1500 1417 pes
1548 1357 1695 1421 tuus,
1747 1370 1846 1428 age
1888 1361 2039 1429 quod

429 1420 567 1493 agis,
599 1436 829 1493 Operare
861 1428 1007 1498 quod
1026 1434 1293 1500 operaris,
1322 1437 1487 1491 natali
1537 1420 2040 1511 apostolorumve-

430 1509 551 1564 nies
580 1512 645 1565 ad
674 1530 782 1569 me.
806 1537 827 1565 ι
854 1516 1156 1591 Episcopus
1170 1533 1376 1592 autem,
1400 1509 1681 1585 aestimans
1706 1532 1761 1587 in
1784 1535 2042 1591 solemni-

430 1608 540 1657 tate
560 1607 1087 1683 apostolorum,quae
1112 1622 1242 1670 tunc
1273 1620 1518 1687 proxima
1558 1626 1809 1691 erat,sibi
1829 1628 2040 1684 obitum

425 1711 583 1749 suum
618 1696 926 1767 imminere,
960 1704 1016 1758 in
1057 1707 1481 1783 quibuscunque
1519 1717 1696 1785 potuit
1720 1719 1789 1772 ad
1820 1720 2044 1791 deposi-

430 1787 638 1845 tionem
674 1796 923 1865 corporis
952 1800 1033 1852 sui
1066 1817 1376 1873 praeparare
1406 1824 1465 1861 se
1496 1811 1726 1868 studuit.
1759 1816 2038 1872 Solemni-

426 1883 536 1931 tate
564 1879 749 1951 itaque
802 1884 1153 1956 adveniente,
1187 1908 1355 1947 sanus
1414 1902 1774 1966 permanebat
1800 1912 1854 1960 et
1887 1906 2041 1963 inco-

427 1970 611 2037 lumis,
636 1980 688 2027 et
705 1975 783 2030 sic
807 1979 1028 2045 mansit,
1046 1980 1508 2043 doneccurricula
1534 2000 1747 2062 septem
1772 2013 2041 2054 annorum

429 2068 798 2136 praeterirent,
823 2080 879 2125 et
905 2078 1035 2128 tunc
1080 2075 1133 2129 in
1166 2080 1364 2135 eodem
1411 2083 1521 2149 die,
1570 2087 1713 2144 sicut
1743 2092 1793 2145 ei
1834 2094 2039 2150 dictum

435 2163 537 2223 est,
596 2160 790 2214 multis
835 2162 999 2219 bonis
1056 2171 1382 2237 praemissis,
1422 2183 1477 2230 et
1535 2193 1690 2235 sacro
1733 2184 2041 2244 ministerio

429 2245 669 2315 expleto,
686 2248 924 2306 feliciter
948 2254 1198 2330 migravit
1220 2264 1486 2321 asazculo.
1510 2286 1537 2316 υ
1563 2267 1655 2323 His
1676 2273 2044 2341 auditis,san-

427 2344 547 2391 ctus
580 2339 1013 2412 episc0pusvera
1042 2363 1162 2403 esse
1195 2354 1515 2411 recordatus
1541 2366 1643 2426 est,
1676 2369 1731 2416 et
1756 2368 2043 2435 respondit

427 2430 477 2483 ei
518 2429 709 2485 dicens
743 2451 755 2486 :
798 2436 985 2492 «Bene
1004 2440 1415 2513 dixisti,frater,
1454 2457 1548 2505 net
1569 2455 1841 2511 revelatus
1858 2468 2043 2515 mente

428 2521 576 2577 bono
607 2524 791 2579 animo
825 2530 1109 2599 manebat,
1128 2541 1326 2591 etcum
1353 2555 1419 2594 eo
1442 2546 1797 2602 manentibus
1824 2548 2041 2606 dulcem

429 2620 483 2666 et
512 2617 862 2673 commodum
895 2637 956 2675 se
973 2624 1274 2683 exhibebat
1310 2647 1320 2683 :
1348 2632 1556 2688 nullum
1576 2636 1899 2713 objurgans,
1922 2643 2045 2697 nul-

425 2704 538 2762 lum
571 2708 885 2781 increpans,
918 2716 1054 2769 nulli
1089 2718 1279 2787 iratus,
1315 2724 1448 2779 nulli
1476 2704 1919 2796 molestus:nulli
1952 2736 2045 2790 ad-

427 2814 634 2863 versus,
671 2804 880 2859 nullum
913 2808 1141 2864 verbum
1170 2812 1406 2883 alicujus
1439 2818 1847 2879 lamentationis
1876 2828 1943 2881 ab
1976 2844 2042 2885 eo

430 2888 780 2958 audiebatur,
821 2896 919 2948 sed
952 2896 1094 2952 bona
1126 2904 1313 2957 omnia
1352 2922 1474 2976 quae
1505 2917 1635 2964 tunc
1684 2914 1880 2982 potuit,
1909 2935 2044 2988 prae-

427 2978 678 3033 sentibus
707 2991 762 3035 et
813 2983 1139 3042 absentibus
1192 2989 1350 3046 fecit.
1382 2995 1599 3052 Nemini
1636 2978 2038 3078 indulgentiam

427 3069 668 3175 negavit,
692 3074 876 3175 gratia
906 3092 1020 3132 suae
1074 3079 1480 3144 benedictionis
1517 3106 1710 3149 omnes
1740 3069 2041 3175 consigna—

428 3155 524 3209 vit.
554 3156 850 3216 Praedictus
890 3180 1020 3220 vero
1071 3168 1386 3231 Richwinus
1434 3194 1641 3249 comes,
1691 3202 1866 3258 nepos
1895 3149 2037 3259 Ejus,
2063 3149 2112 3218 Ο

426 3249 609 3357 adhuc
638 3250 706 3305 de
737 3256 906 3355 regali
933 3257 1216 3320 locutione
1244 3283 1353 3323 non
1385 3249 1784 3336 revertebatur:
1817 3282 1890 3338 De
1924 3249 2039 3357 quo

428 3338 703 3430 interdum
736 3345 957 3403 dicebat
991 3367 1004 3404 τ
1041 3373 1065 3402 ι
1095 3354 1673 3429 ORichwine,utinam
1708 3385 1796 3425 me
1822 3338 2039 3430 vivebte

429 3429 649 3487 venires
676 3442 734 3487 ut
765 3441 816 3490 te
846 3438 1089 3497 viderem
1124 3443 1137 3497 l
1172 3466 1191 3497 ι
1228 3448 1301 3504 Eo
1323 3456 1803 3515 annosolemnitas
1825 3470 2042 3533 aposto-

427 3519 780 3622 lorum.Petri
811 3535 865 3582 et
888 3529 1040 3586 Pauli
1071 3535 1358 3596 Dominica
1387 3543 1479 3599 die
1502 3549 1813 3619 eveniebat,
1842 3519 1911 3609 de
1936 3519 2046 3626 qua

429 3610 657 3680 optimis
684 3618 955 3689 moribus,
986 3623 1127 3679 sicut
1170 3631 1419 3698 praedixi,
1454 3640 1832 3709 exspectabat,
1864 3610 2047 3701 donec

430 3702 550 3757 dies
580 3706 786 3776 quintae
818 3711 967 3769 feria:
998 3721 1386 3786 pertransisset
1419 3743 1433 3789 ;
1463 3726 1520 3781 in
1552 3729 1646 3785 illa
1678 3741 1858 3802 nocte,
1884 3744 2048 3793 antea

431 3808 597 3864 quam
643 3814 840 3855 aurora
868 3811 1033 3859 sextae
1062 3805 1216 3864 feriae
1247 3810 1392 3869 bene
1448 3820 1707 3892 cognosci
1749 3824 2038 3893 potuisset.

431 3896 657 3951 asperso
683 3886 868 3944 cinere
901 3890 956 3945 in
987 3894 1213 3951 modum
1239 3903 1437 3971 crucis,
1466 3886 1695 3980 et'aqua
1749 3886 2045 3970 benedicta

430 4455 583 4539 suam
612 4445 1039 4541 possibilitatem
1073 4456 1278 4528 gratias
1306 4460 1505 4535 agebat
1534 4464 1641 4521 Deo
1669 4468 2041 4541 omnipotenti

429 4530 544 4601 qui,
574 4535 879 4592 secundum
924 4524 1284 4602 dicta‘David
1332 4524 1663 4623 prophetas:
1704 4524 2120 4619 vagasita!)

429 4624 732 4683 timentium
759 4646 814 4684 se
839 4634 1025 4702 faciet,
1058 4644 1161 4694 etc.
1199 4640 1365 4712 (Psal.
1392 4649 1593 4719 cxuv.)
1633 4650 1920 4709 Richwino
1951 4671 2045 4710 au-

432 4727 542 4774 tem
570 4734 827 4793 exeunte,
863 4731 1059 4786 ’statim
1116 4734 1311 4791 eadem
1369 4739 1504 4795 hora
1553 4742 1768 4800 clericis
1798 4746 2042 4804 litaniam

437 4813 635 4870 devote
656 4821 984 4879 canentibus
1012 4827 1255 4884 animam
1302 4831 1413 4886 Deo
1443 4837 1861 4904 commendans,
1894 4857 2041 4898 anno

437 4908 833 4968 incarnationis
854 4915 1070 4971 Domini
1101 4920 1272 4975 nostri
1300 4921 1429 4978 Jesu
1460 4923 1654 4981 Christi
1698 4928 1825 4999 973,
1870 4934 2047 4988 aetatis

430 5017 652 5071 Lxxxm,
677 5006 1043 5065 ordinationis
1095 5018 1277 5068 autem
1318 5032 1366 5084 1.,
1425 5025 1619 5088 quarto
1667 5021 1758 5077 die
1809 5023 1946 5087 Julii
1994 5043 2046 5081 IV

434 5093 575 5161 Non,
596 5096 845 5165 ejusdem
866 5101 1094 5166 mensis,
1129 5103 1219 5159 die
1250 5103 1495 5173 Veneris,
1520 5106 1670 5165 felici
1701 5112 1855 5168 obitu
1888 5116 2045 5188 quasi

435 5198 631 5240 somno
652 5186 803 5241 suavi
835 5198 1146 5261 soporatus,
1172 5196 1450 5270 ergastulo
1477 5200 1724 5270 corporis
1736 5186 2045 5275 exemptus,

434 5274 690 5348 migravit
714 5279 784 5332 ad
805 5282 1073 5353 requiem.
1118 5285 1219 5342 Pro
1241 5296 1391 5344 certo
1422 5296 1667 5345 sanctum
1698 5274 2047 5364 corpusicum

434 5646 550 5692 tum
582 5638 1097 5713 praedestinatisque
1126 5649 1373 5703 vestibus
1434 5650 1705 5719 indutum,
1738 5664 1793 5709 et
1844 5654 2044 5713 feretro

440 5725 786 5794 impositum,
826 5727 883 5781 in
920 5730 1210 5787 ecclesiam
1252 5742 1577 5804 portaretur.
1611 5740 1801 5796 Clerus
1839 5757 2042 5815 nempe

2143 539 2419 611 colloquio
2453 542 2782 599 redirentad
2814 560 2969 599 suam
2984 545 3346 616 provinciam,
3372 550 3540 607 misso
3560 551 3765 628 legato,

2143 630 2436 685 voluerunt
2465 633 2941 705 archiepisc0pum
2999 635 3350 694 Fredericum
3379 641 3449 695 ad
3488 658 3767 698 commen-

2143 720 2424 775 dationem
2469 724 2607 777 sacri
2646 725 2892 795 corporis
2950 741 3186 782 vocare:
3220 728 3477 803 cumque
3503 733 3572 787 ad
3608 733 3763 789 illum

2144 812 2371 867 nuntius
2395 815 2980 879 veniret,inveniteum
3008 824 3156 874 tanta
3184 819 3503 877 infirmitate
3524 823 3763 880 febrium

2143 900 2450 969 detentum,
2484 911 2542 957 ut
2583 905 2733 961 nullo
2765 907 2930 962 modo
2968 908 3233 965 advenire
3266 912 3559 981 potuisset.
3598 913 3763 970 Misso

2144 1001 2325 1047 autem
2353 1008 2476 1048 cum
2509 995 2729 1050 tristitia
2790 996 2921 1051 inde
2978 1007 3312 1064 revertente,
3367 1002 3583 1057 audivit
3615 1005 3766 1074 quod

2143 1083 2490 1137 venerandus
2521 1085 2817 1156 episc0pus
2848 1086 3204 1164 Wolfgangus
3231 1090 3296 1144 ad
3328 1090 3509 1146 locum
3549 1092 3649 1164 qui
3673 1092 3763 1148 di-

2144 1170 2286 1225 citur
2306 1172 2663 1248 Nordilingga
2690 1174 2880 1230 venire
2899 1176 3164 1232 voluisset
3196 1196 3211 1244 ;
3236 1179 3291 1233 in
3318 1194 3612 1235 occursum
3636 1182 3765 1250 ejus

2143 1259 2436 1315 festinavit.
2472 1262 2550 1316 Ad
2591 1279 2717 1317 eum
2748 1272 2896 1319 certe
2963 1282 3086 1321 curn
3134 1268 3464 1339 perveniret,
3496 1272 3768 1327 salutatus

2142 1350 2211 1404 ab
2240 1367 2307 1406 eo
2338 1351 2545 1406 audivit
2571 1352 2720 1422 quod
2752 1354 3047 1428 Augustam
3089 1356 3366 1411 civitatem
3395 1374 3632 1433 pergere
3670 1375 3770 1416 vo-

2143 1445 2356 1513 luisset,
2385 1448 2602 1502 visitare
2656 1457 2904 1504 sanctum
2960 1450 3055 1505 Dei
3086 1467 3307 1506 servum
3352 1452 3673 1510 Udalricum
3711 1456 3767 1509 in

2144 1540 2461 1598 infirmitate
2488 1544 2789 1601 detentum.
2826 1546 2922 1601 Cui
2955 1546 3046 1601 ille
3080 1548 3400 1618 respondit;
3432 1574 3456 1596 κ
3489 1550 3763 1606 Dominus

2145 1635 2415 1690 sanctitati
2455 1643 2561 1689 tua:
2602 1638 2863 1707 praecepit
2898 1638 3123 1693 visitare
3154 1654 3304 1707 cum,
3337 1646 3391 1694 et
3422 1655 3525 1713 ego
3559 1641 3629 1695 ad
3663 1642 3770 1697 hoc

2066 1755 2118 1823 Β
2147 1729 2271 1783 veni
2300 1738 2361 1784 ut
2385 1731 2695 1785 nuntiarem
2720 1732 2815 1785 tibi
2841 1732 2973 1803 quia
2989 1731 3401 1801 defunctusest,
3432 1736 3577 1791 etde
3606 1738 3767 1793 omni

2145 1822 2575 1897 congregatione
2632 1823 2706 1876 ibi
2763 1824 2875 1879 Deo
2935 1825 3207 1881 militante
3271 1835 3324 1882 te
3376 1826 3650 1902 flagitare,
3706 1839 3773 1884 ut

2144 1911 2341 1965 festiue
2373 1911 2595 1966 venires
2627 1923 2681 1967 et
2730 1921 2982 1969 sanctum
3024 1930 3223 1985 corpus
3255 1916 3367 1972 Deo
3397 1919 3769 1973 commenda-

2145 2019 2251 2057 res.
2287 2023 2312 2053 ››
2333 2003 2447 2068 Quo
2469 2003 2679 2070 audito,
2707 2013 2929 2060 sanctus
2960 2006 3255 2077 episcOpus
3277 2023 3477 2082 magna
3502 2010 3773 2065 maestitia

2143 2102 2335 2165 septus
2366 2101 2447 2148 est
2478 2094 2570 2159 ;in
2602 2094 2795 2149 eadem
2826 2104 2987 2150 nocte
3043 2096 3287 2152 diluculo
3318 2099 3581 2165 surrexit,
3614 2107 3670 2156 et
3700 2101 3769 2155 ad

2143 2184 2436 2255 Augustam
2478 2199 2708 2258 pergere
2739 2186 2925 2255 carpit.
2987 2187 3045 2239 ln
3104 2186 3299 2241 itinere
3330 2204 3463 2243 vero
3514 2204 3643 2243 cum
3674 2205 3770 2245 co-

2143 2275 2424 2348 gnovisset
2452 2276 2600 2347 quod
2632 2276 2699 2330 ad
2730 2292 3035 2350 congruum
3063 2285 3281 2349 tempus
3312 2278 3443 2334 illuc
3469 2281 3770 2351 pervenire

2147 2384 2257 2423 non
2273 2368 2497 2433 valeret,
2528 2369 2811 2439 praemisso
2829 2370 3025 2424 eodem
3042 2369 3245 2445 legato,
3269 2371 3766 2429 nuntiavitadven-

2146 2465 2258 2511 tum
2286 2457 2421 2525 ejus.
2457 2457 2683 2512 Interim
2720 2473 2851 2513 vero
2905 2474 3107 2529 corpus
3157 2460 3212 2514 in
3269 2460 3505 2516 ecclesia
3554 2470 3769 2519 sanctae

2146 2549 2326 2605 Maria:
2349 2567 2379 2605 a
2409 2550 2941 2625 congregationedic
2977 2558 3394 2624 noctuquecum
3419 2554 3773 2611 orationibus

2148 2650 2203 2695 et
2232 2642 2523 2695 missarum
2548 2640 3034 2710 celebrationibus,
3066 2650 3226 2698 caute
3257 2650 3312 2698 et
3341 2644 3539 2701 devote
3567 2654 3765 2703 custo-

2146 2733 2399 2788 diebatur
2427 2749 2603 2804 usque
2626 2732 2681 2787 in
2712 2733 2857 2787 diem
2889 2734 3250 2797 Dominicam.
3284 2737 3381 2791 Die
3410 2752 3539 2792 vero
3573 2739 3771 2794 Domi-

2146 2824 2268 2878 nica
2284 2831 2405 2893 post
2429 2824 2655 2894 primam
2686 2822 2909 2877 missam
2935 2838 3032 2894 pro
3064 2824 3187 2893 ejus
3215 2825 3399 2881 anima
3427 2826 3770 2883 celebratam

2144 2922 2478 2990 congregato
2518 2915 2665 2970 clero
2688 2921 2743 2969 et
2788 2915 3291 2971 sanctimonialium
3323 2919 3768 2990 congregatione

2141 3004 2496 3073 adveniente,
2527 3013 2582 3059 et
2616 3020 2817 3077 magna
2845 3004 2914 3059 de
2947 3005 3245 3076 provinciis
3272 3006 3630 3063 multitudine
3665 3025 3773 3081 po-

2142 3094 2278 3166 puli,
2309 3094 2615 3165 presbyteri
2668 3094 2987 3149 levaverunt
3019 3110 3241 3165 corpus,
3275 3102 3330 3149 et
3380 3095 3450 3149 ad
3503 3096 3764 3153 Sanctam

2141 3184 2322 3238 Afram
2347 3184 2440 3239 ubi
2471 3190 2633 3238 antea
2662 3184 2977 3255 sepulcrum
3003 3185 3123 3253 ejus
3156 3193 3525 3257 praeparatum
3560 3187 3771 3258 fuerat,

2143 3282 2360 3345 portare
2408 3281 2718 3344 ceperunt.
2769 3272 3015 3345 Cumque
3048 3275 3304 3329 venirent
3335 3275 3403 3329 ad
3434 3276 3643 3332 collem
3676 3278 3771 3349 qui

2142 3363 2345 3417 dicitur
2374 3362 2659 3417 Pereleicli
2713 3362 2833 3433 [al.,
2888 3362 3180 3435 Perelich],
3231 3363 3492 3435 praefatus
3525 3367 3768 3422 nuntius

2141 3454 2309 3520 venit,
2344 3461 2399 3508 et
2445 3454 2740 3508 adventum
2800 3453 3110 3529 Wolfgangi
3171 3455 3422 3528 epiSCOpi
3472 3458 3771 3514 nuntiavit.

2147 3544 2229 3597 Illi
2258 3550 2440 3597 autem
2472 3542 2840 3613 perducentes
2869 3558 3071 3614 corpus
3124 3543 3178 3598 in
3229 3544 3526 3601 ecclesiam
3556 3554 3764 3602 sancta:

2146 3631 2308 3696 Afrae,
2347 3638 2401 3685 et
2438 3632 2570 3686 item
2593 3632 2817 3685 missam
2848 3631 3205 3687 sacrificalem
3233 3649 3358 3688 cum
3388 3635 3540 3689 omni
3583 3637 3761 3692 devo-

2148 3724 2299 3779 tione
2329 3739 2429 3795 pro
2460 3724 2651 3795 requie
2681 3724 2803 3793 ejus
2831 3724 3031 3779 animae
3062 3725 3505 3782 celebraverunt.
3541 3729 3769 3800 Episco-

2146 3830 2249 3886 pus
2274 3828 2402 3869 vero
2433 3829 2557 3868 cum
2586 3813 2766 3869 adhuc
2794 3829 2905 3868 non
2959 3814 3292 3883 veniret,_et
3347 3817 3484 3872 hora
3510 3817 3622 3873 diei
3660 3835 3771 3875 non

2146 3906 2406 3973 tardaret,
2468 3905 2575 3959 nisi
2632 3913 2851 3976 tempus
2922 3906 3318 3963 celebrationis
3394 3909 3610 3979 publici
3671 3911 3770 3966 Dei

2144 3994 2436 4050 ministerii
2467 3994 2799 4063 immineret,
2852 4002 2906 4049 et
2952 3996 3059 4051 hoc
3111 4012 3236 4051 cum
3280 3997 3432 4052 omni
3464 3998 3769 4055 devotione

2146 4108 2178 4146 a
2223 4091 2653 4165 congregatione
2736 4091 3064 4147 clericorum
3143 4091 3525 4162 perficeretur,
3609 4095 3769 4151 venit

2151 4183 2412 4255 praefatus
2436 4182 2754 4254 episcopus,
2809 4182 2904 4254 qui
2963 4199 3089 4239 cum
3138 4182 3444 4257 honoriﬁce
3469 4196 3766 4257 susceptus

2152 4276 2367 4343 luisset,
2391 4284 2446 4330 et
2472 4274 2705 4331 orationi
2758 4274 2923 4330 tinem
2952 4275 3328 4346 imposuisset,
3361 4276 3615 4332 salutatis
3639 4294 3672 4332 a
3701 4295 3763 4333 se

2152 4368 2557 4424 fratribusdixit
2586 4385 2599 4421 :
2626 4388 2650 4418 α
2676 4368 2818 4432 Quid
2834 4369 2989 4424 vobis
3012 4368 3229 4424 videtur
3257 4385 3328 4423 an
3352 4369 3520 4431 hodie
3541 4385 3765 4426 sacrum

2143 4477 2344 4532 corpus
2372 4461 2846 4528 commendamus,
2876 4461 2963 4517 vel
2992 4461 3061 4516 ad
3088 4461 3321 4517 alterum
3353 4462 3501 4517 diem
3527 4478 3762 4534 procra-

2144 4554 2453 4609 stinemus?
2476 4573 2501 4604 ι)
2539 4553 2637 4609 Cui
2668 4553 2861 4609 fratres
2890 4554 3313 4626 respondentes,
3349 4555 3650 4611 dixerunt:
3682 4556 3772 4611 «Si

2146 4658 2250 4705 tuae
2277 4648 2552 4704 sanctitati
2582 4647 2784 4720 placet,
2818 4648 2981 4705 nobis
3010 4650 3217 4703 bonum
3256 4648 3478 4704 videtur
3516 4649 3601 4704 eis
3640 4665 3769 4705 om-

2144 4737 2332 4803 nibus,
2362 4736 2454 4808 qui
2491 4752 2638 4792 nunc
2668 4736 2759 4792 hic
2788 4737 2844 4791 in
2883 4737 3181 4809 praesentia
3219 4746 3367 4804 sunt,
3406 4738 3775 4794 annuntietur

2144 4838 2203 4884 ut
2229 4844 2389 4884 mane
2446 4843 2691 4903 congrua
2731 4829 2864 4884 hora
2921 4830 3029 4884 huc
3090 4828 3160 4883 ad
3216 4828 3769 4885 commendationem

2146 4918 2284 4973 sacri
2312 4916 2562 4989 corporis
2613 4917 2967 4984 conveniant,
3033 4923 3089 4972 et
3142 4932 3173 4971 a
3204 4923 3258 4972 te
3286 4915 3546 4971 salutaris
3573 4917 3771 4973 hostias

2147 5029 2347 5069 munus
2376 5012 2541 5068 nobis
2558 5010 2995 5069 sacrificantibus
3048 5027 3146 5083 pro
3182 5012 3371 5083 requie
3417 5012 3539 5081 ejus
3559 5012 3764 5068 animae

2147 5107 2258 5162 Deo
2288 5103 2568 5172 offeratur,
2599 5104 2730 5176 quia
2767 5120 3013 5179 congrua
3077 5103 3212 5159 hora
3256 5103 3548 5174 praeterita
3577 5111 3686 5170 est,
3719 5114 3777 5160 et

2150 5210 2209 5257 tu
2235 5218 2294 5256 es
2350 5217 2548 5274 magna
2578 5200 2901 5255 lassitudine
2966 5207 3178 5270 septus.
3230 5219 3254 5249 ι
3294 5199 3504 5264 Quibus
3534 5200 3771 5269 auditis,

2148 5294 2448 5365 episcopus
2513 5292 2743 5348 consilio
2781 5308 2975 5348 eorum
3041 5289 3411 5346 libentissime
3477 5307 3772 5347 assensum

2148 5387 2430 5460 praebens,
2458 5388 2690 5442 alterum
2743 5386 2890 5442 diem
2930 5384 3260 5457 expectavit.
3326 5384 3395 5439 Ea
3426 5399 3560 5440 vero
3611 5394 3777 5442 nocte

2149 5478 2430 5551 Hiltegart,
2457 5493 2595 5533 uxor
2646 5477 2857 5549 praefati
2892 5474 3157 5531 Richwini
3215 5474 3459 5545 comitis,
3518 5476 3779 5546 quamvis

2146 5573 2338 5637 nupta,
2366 5573 2550 5622 tamen
2570 5567 2703 5621 satis
2719 5564 2998 5637 religiosa,
3033 5563 3204 5629 venit,
3240 5562 3619 5634 camisaleque
3647 5580 3777 5619 cera
3822 5570 3829 5575 ’

2145 5654 2426 5726 perfusum
2479 5655 2679 5722 attulit,
2736 5663 2792 5710 et
2846 5652 3280 5709 sublimissimos
3318 5650 3556 5708 clericos
3614 5652 3779 5723 petiit

2143 5753 2204 5800 ut
2231 5762 2386 5802 sacro
2443 5746 2660 5817 corpori
2716 5752 2874 5801 caute
2936 5751 3153 5800 secreto
3206 5742 3675 5823 circumdaretur,
3706 5758 3778 5798 ne
