3978 6214
205 354 222 405 Ι
236 351 341 406 053

1783 351 1954 406 VITA.

3414 353 3438 406 1
3449 354 3553 408 054

200 472 563 527 sacerdotalis
587 481 862 544 paratura,
895 489 1000 543 qua
1037 474 1261 528 indutus
1290 481 1426 538 erat,
1478 475 1588 528 cito
1615 490 1643 528 a
1676 481 1818 528 terra
1847 478 1899 546 Α
1924 474 2108 529 omnia
2140 489 2306 544 supra
2355 474 2578 528 modum
2607 473 2790 536 chara,
2851 479 2906 527 et
2953 471 3177 526 herbam
3212 474 3461 546 undique
3495 477 3550 530 in

199 572 697 624 consummaretnr,
759 579 863 632 qua
923 563 1038 630 ipsc.
1071 564 1250 618 adhuc
1310 565 1503 616 vivens
1559 566 1821 634 praecepit

204 668 270 705 ne
325 653 630 706 tabulatum
690 654 895 724 lignum
939 655 1153 724 corpori
1211 657 1331 722 ejus
1376 656 1820 726 supposuisscnt,

202 746 299 799 sed
358 762 508 814 purae
565 755 720 799 terrae
781 748 1150 816 imponerent,
1222 756 1274 800 et
1330 749 1513 822 ligneo
1563 729 1824 817 eperculo

200 834 558 903 cooperirent
595 853 605 886 :
641 835 732 905 qui
766 836 1072 888 secundum
1125 836 1246 902 ejus
1299 837 1620 906 petitionem
1655 835 1824 889 cami-

201 928 318 981 sale
376 928 591 998 corpori
650 945 804 982 sacro
863 929 1366 984 circumdederunt.
1431 931 1581 983 Mane
1641 938 1823 984 autem

203 1023 368 1078 facto.
430 1037 627 1092 magna
703 1022 1059 1075 multitudine
1119 1024 1306 1093 p0pnli
1369 1024 1717 1088 adveniente,
1777 1038 1830 1083 et

203 1112 429 1164 clericis
460 1112 1086 1184 δίιηςιίηιιιιιὶίιιἱιιιιςιμιει
1147 1115 1348 1168 ibidem
1401 1117 1506 1168 Ileo
1541 1116 1826 1168 militanti-

207 1203 311 1255 bus
342 1204 710 1274 congregatis.
745 1206 917 1257 sedet
951 1207 1017 1258 de
1053 1207 1347 1275 provinciis
1405 1208 1606 1269 multis,
1651 1208 1823 1260 sacris

205 1299 412 1354 ofﬁciis
469 1301 752 1354 utentibus
799 1301 1094 1368 adjunctis,
1156 1302 1408 1366 antistes,
1456 1302 1667 1355 cunctis
1729 1317 1824 1371 pro

205 1389 329 1456 ejus
357 1390 541 1443 anima
595 1391 1052 1452 sacrificantibus.
1107 1411 1300 1463 magna
1349 1394 1676 1447 contritione
1705 1410 1826 1447 cor-

207 1479 296 1532 dis
328 1485 381 1530 et
415 1478 794 1532 humiliatione
835 1481 1123 1534 salutarem
1190 1481 1390 1536 obtulit
1426 1483 1660 1536 hostiam
1691 1483 1824 1546 Deo,

211 1571 445 1640 insuper
499 1570 664 1623 etiam
731 1571 946 1640 publica
1006 1573 1169 1625 missa
1223 1575 1458 1642 expleta,
1518 1590 1712 1626 omnes
1776 1575 1830 1626 in

210 1676 506 1713 commune
558 1660 742 1713 sobrio
799 1668 850 1713 et
907 1669 1064 1714 cauto
1117 1679 1372 1715 sermone
1433 1665 1737 1728 admonuit,
1773 1674 1830 1718 ut

213 1767 315 1822 pro
379 1752 467 1804 illa
519 1765 704 1804 sancta
786 1753 965 1805 anima
1025 1753 1213 1805 intima
1272 1754 1577 1808 intentione
1640 1755 1824 1809 cordis

213 1846 414 1897 devote
473 1854 780 1907 exorarent,
879 1853 937 1898 ut
1005 1845 1152 1898 omni
1218 1846 1438 1899 vinculo
1499 1848 1822 1902 delictorum

213 1933 486 1995 absoluta,
551 1933 654 1986 beo
712 1933 973 1998 donante,
1037 1935 1262 2002 perenni
1315 1937 1516 2008 gaudio
1574 1937 1626 1990 in
1650 1954 1822 1992 aevum

212 2041 338 2078 cum
375 2024 580 2076 sanctis
612 2031 663 2077 et
694 2025 883 2077 electis
934 2025 1026 2078 Dei
1084 2027 1289 2096 perfrui
1337 2036 1656 2082 mereretur.
1695 2030 1829 2083 Ora-

211 2116 365 2169 tione.
423 2123 604 2168 autem
644 2117 947 2169 secundum
1007 2118 1230 2169 verbum
1285 2117 1404 2184 ejus
1450 2118 1516 2170 ab
1571 2119 1831 2173 omnibus

213 2214 460 2277 peracta,
524 2207 817 2276 episcopus
872 2224 1070 2278 corpus
1139 2209 1410 2278 sepelivit,
1473 2219 1525 2264 et
1593 2211 1828 2264 animam

212 2301 582 2370 omnipotenti
645 2302 753 2354 Deo
813 2302 1164 2355 devotissime
1221 2319 1340 2355 cum
1404 2304 1654 2374 lacrymis
1681 2321 1830 2358 com-

213 2390 518 2443 mendavit.
541 2389 771 2442 Minislri
795 2398 996 2456 autem,
1027 2391 1164 2443 sicut
1192 2393 1511 2462 praedictum
1538 2401 1639 2458 est,
1668 2411 1832 2464 oper-

211 2483 336 2536 culo
397 2482 578 2555 ligneo
645 2499 844 2551 corpus
908 2494 1336 2553 c00peruerunt,
1395 2496 1448 2538 et
1503 2502 1670 2555 super
1729 2487 1832 2541 hoc

212 2571 478 2646 gradibus
498 2571 692 2624 rnnrati
717 2573 954 2640 sepulcri
980 2574 1210 2626 densum
1248 2574 1492 2646 ligneum
1526 2576 1831 2629 tabulatum

213 2672 709 2735 superposuerunt,
778 2665 830 2718 in
880 2665 1168 2735 superficie
1231 2674 1411 2720 autem
1478 2677 1637 2721 terrae
1707 2685 1830 2723 cum

216 2760 495 2830 lapidibus
521 2760 830 2826 conjunctis
888 2760 1116 2814 firmiter
1149 2763 1484 2816 clauserunt.
1525 2763 1613 2816 llis
1645 2763 1716 2817 ita
1742 2781 1830 2834 pe-

219 2855 402 2918 ractis,
436 2853 727 2922 episcOpus
759 2854 824 2906 ad
853 2857 1141 2924 Augustam
1164 2872 1325 2910 causa
1349 2857 1617 2909 orationis
1646 2874 1831 2927 perre-

219 2947 312 3000 xit.
351 2945 700 3000 Orationibus
749 2946 1127 3015 multipliciter
1181 2950 1595 3012 consummatis,
1654 2966 1683 3002 a
1731 2949 1835 3004 fra-

221 3039 398 3093 tribus
428 3055 526 3107 per
575 3037 897 3092 cbaritalcm
949 3049 1188 3109 rogatus,
1243 3047 1548 3109 paraturam
1601 3041 1838 3096 missati-

221 3146 364 3195 cam,
401 3144 522 3198 quae
555 3127 652 3181 fuit
674 3130 842 3183 sancti
879 3129 1134 3190 l'dalrici,
1171 3147 1398 3200 quarum
1427 3132 1711 3201 opulentia
1742 3132 1835 3186 ille

221 3220 413 3273 vivens
438 3218 776 3282 abundabat,
810 3220 1164 3288 prepterejus
1190 3220 1537 3275 sanctitatem
1571 3221 1830 3290 suscepit:

219 3312 619 3377 ethonoritice,
653 3311 792 3364 sicut
850 3311 1055 3381 Optime
1117 3313 1316 3386 dignus
1372 3322 1506 3379 erat,
1550 3313 1832 3381 dimissus,

223 3405 334 3456 Deo
363 3401 562 3455 comite
595 3401 658 3454 ad
681 3401 902 3470 prepria
928 3418 1179 3455 reversus
1211 3410 1309 3457 est.

292 3491 517 3545 XXVIII.
578 3490 700 3543 Post
758 3491 970 3544 obitum
1044 3492 1218 3544 sancti
1278 3492 1510 3547 [Idalrici
1561 3493 1833 3564 episcopi,

226 3577 512 3632 Ileinrieus
536 3577 677 3632 filius
701 3579 996 3633 Purcliardi
1023 3582 1239 3635 comitis
1262 3598 1549 3636 successor
1572 3583 1691 3650 ejus
1713 3582 1840 3637 etl'e-

225 3675 345 3720 ctus
379 3675 478 3732 est,
515 3683 624 3721 non
659 3670 882 3738 provide
917 3670 970 3723 in
1030 3671 1174 3725 ovile
1207 3672 1389 3726 ovium
1426 3672 1704 3737 intrando,
1739 3674 1840 3727 sed

225 3758 450 3812 aliunde
481 3758 1322 3829 ascendendo,quiaPurchardo
1354 3762 1492 3815 duce
1516 3763 1845 3818 Alamanno-

229 3869 369 3916 rum,
403 3852 497 3923 qui
555 3851 716 3905 filiam
752 3860 1056 3907 matcrterae
1116 3853 1234 3920 ejus
1279 3854 1470 3909 habuit
1509 3871 1755 3921 uxorem,
1791 3864 1843 3911 et

228 3941 350 3994 aliis
378 3940 647 4010 plurimis,
681 3941 776 3993 sed
809 3949 856 3993 et
893 3941 1221 4010 quibusdam
1244 3943 1530 4009 militibus,
1560 3945 1652 4014 qui
1684 3945 1750 3998 ab
1774 3962 1840 4000 eo

229 4030 500 4085 benelicia
527 4048 626 4084 sua
656 4031 844 4101 augeri
870 4039 1042 4085 astuta
1058 4040 1171 4086 arte
1203 4035 1523 4104 cupiebant,
1547 4036 1842 4090 consilian-

230 4121 394 4183 tibus,
424 4120 608 4173 subtili
641 4120 808 4189 cmpit
861 4121 1093 4175 consilio
1121 4124 1391 4177 aestimare
1429 4125 1666 4195 qualiter
1697 4143 1842 4195 prae-

231 4211 434 4264 dictum
469 4210 646 4264 locum
695 4211 797 4263 sibi
847 4212 1116 4281 potuisset
1147 4231 1412 4284 usurpare
1455 4233 1468 4279 ;
1503 4215 1757 4286 quamvis
1790 4215 1840 4269 in

233 4299 352 4368 ejus
379 4300 662 4352 scientiam
697 4299 1002 4365 deveniret,
1062 4303 1208 4372 quod
1269 4302 1647 4356 Werinharius
1674 4303 1844 4358 abbas

234 4395 286 4449 in
319 4395 554 4466 quadam
580 4395 842 4448 invisibili
868 4395 1182 4450 carnalibus
1201 4397 1374 4451 oculis
1388 4399 1840 4473 congregatione,

233 4485 321 4538 ubi
355 4493 578 4537 sanctus
606 4484 890 4538 L’dalricus
933 4487 986 4538 in
1019 4487 1213 4540 exstasi
1272 4488 1470 4542 mentis
1523 4489 1838 4560 adjunctus,

230 4577 438 4633 audivit
468 4595 478 4629 :
511 4577 562 4629 Si
597 4578 704 4631 duo
745 4577 866 4631 aliis
889 4580 1310 4646 concordarent,
1335 4581 1403 4634 ab
1431 4581 1578 4635 omni
1604 4582 1693 4635 illa
1718 4599 1844 4636 con-

226 4667 544 4742 gregatione
577 4668 644 4720 ad
688 4668 790 4722 hoc
823 4668 1187 4721 ministerium
1233 4669 1419 4723 fuisset
1453 4670 1845 4734 destinatus,ut

229 4764 349 4831 ejus
405 4779 695 4817 successor
744 4762 1075 4827 efficeretur,
1150 4764 1312 4818 sicuti
1365 4773 1526 4819 antea
1595 4768 1840 4835 praedixi.

232 4856 457 4920 Quidam
483 4854 690 4920 clerici,
725 4854 990 4908 advocato
1023 4865 1076 4908 et
1108 4855 1229 4908 aliis
1275 4855 1602 4926 quibusdam
1651 4856 1846 4910 militi-

233 4944 335 4998 bus
363 4945 431 4996 de
463 4944 657 4997 eodem
719 4943 1040 5013 episcOpatu
1105 4961 1291 4998 secum
1333 4946 1747 5011 comitantibus,
1780 4947 1848 4999 ad

232 5043 440 5087 curtem
478 5033 828 5102 imperatoris
881 5032 1136 5086 baculum
1197 5034 1570 5104 epiSCOpalem
1615 5035 1846 5091 terendo

234 5125 340 5180 iter
383 5139 545 5196 agere
605 5131 910 5193 cosperunt.
981 5122 1222 5192 Cumque
1280 5124 1345 5176 ad
1401 5122 1844 5176 Wormacensem

233 5217 510 5271 civitatem
563 5215 630 5268 ad
666 5214 1053 5269 monasterium
1115 5213 1288 5267 sancti
1341 5213 1842 5284 Cyriacivenirent,

236 5308 569 5362 invenerunt
601 5306 674 5359 ibi
719 5307 1091 5360 Purchardum
1125 5308 1320 5361 ducem
1356 5323 1476 5360 cum
1530 5322 1695 5360 uxore
1751 5321 1848 5358 sua

230 5400 282 5453 in
362 5399 673 5454 infirmitate
727 5407 1076 5469 occupatum.
1139 5399 1382 5472 Cumque
1440 5401 1490 5453 ei
1540 5400 1855 5454 indicarent

229 5492 471 5545 studium
528 5491 743 5544 itineris
803 5491 908 5556 sui,
966 5492 1296 5562 quibusdam
1351 5490 1851 5546 machinationibus

229 5579 426 5635 callida
451 5579 661 5633 ratione
693 5579 760 5632 ab
813 5595 878 5633 eo
921 5579 1065 5634 illusi
1099 5588 1226 5633 sunt
1257 5599 1269 5645 ;
1323 5581 1451 5652 quia
1496 5579 1730 5634 dixitcis
1755 5578 1858 5632 im-

232 5673 644 5742 peratoremhis
677 5671 875 5726 diebus
909 5688 1078 5743 prOpe
1119 5673 1172 5725 in
1219 5673 1429 5726 ultimis
1465 5672 1666 5726 finibus
1698 5671 1854 5744 regni

237 5765 356 5834 ejus
388 5765 608 5828 morari,
643 5771 707 5818 et
731 5764 786 5818 in
831 5781 893 5818 ea
924 5765 1011 5818 via
1059 5780 1220 5836 quam
1256 5780 1484 5838 pergere
1519 5763 1854 5831 debuerunt,

1851 1794 1900 1862 Β

1928 566 2252 620 defensione
2303 584 2545 632 manere,
2595 577 2648 624 et
2690 569 2813 623 ideo
2871 568 3208 637 semetipsos
3265 574 3320 620 et
3355 584 3550 623 eorum

1928 656 2170 710 caballos
2188 656 2333 710 nulla
2361 659 2746 712 commoditate
2781 674 2942 728 posse
2957 656 3272 710 sustentari.
3297 656 3413 710 Non
3431 665 3554 727 post

1927 749 2126 802 multos
2155 749 2588 819 diesimpcrator
2618 760 2805 805 noster
2831 751 2943 804 vult
2976 749 3158 822 regale
3210 748 3549 818 colloquium

1927 839 2127 892 habere
2160 839 2226 891 ad
2259 839 2435 892 locum
2489 840 2582 909 qui
2631 840 2830 893 dicitur
2890 837 3188 903 Erinstein,
3227 838 3358 891 illuc
3391 837 3552 892 facile

1938 932 2164 1000 potestis
2197 931 2294 994 ire,
2325 931 2450 985 ideo
2481 932 2814 986 revertimini
2860 947 3025 996 nunc,
3055 938 3109 984 et
3141 930 3362 1000 quando
3395 947 3556 985 meus

1934 1027 2113 1073 certus
2144 1021 2369 1073 nuntius
2399 1021 2556 1074 vobis
2589 1021 2864 1090 praedictae
2897 1019 3193 1074 locutionis
3225 1020 3372 1074 diem
3407 1037 3556 1074 nun-

1937 1109 2164 1164 tiaturus
2213 1111 2515 1172 advenerit,
2571 1111 2699 1164 illuc
2759 1111 2943 1164 venire
3004 1127 3073 1164 ne
3133 1111 3438 1175 dubitetis;
3477 1110 3552 1164 ibi

1928 1199 2073 1251 enim
2100 1216 2185 1251 me
2209 1199 2499 1252 invenietis
2524 1199 2745 1252 tirmum
2773 1199 2929 1253 vobis
2949 1198 3064 1253 fore
3081 1198 3471 1266 adjutorem,et
3497 1199 3550 1252 in

1929 1288 2203 1341 electione
2236 1288 2535 1357 episc0pali
2568 1288 2684 1340 sine
2712 1287 3076 1358 ambiguitate
3123 1304 3207 1340 me
3239 1287 3425 1342 sciatis
3455 1304 3555 1342 vo-

1931 1380 2015 1433 bis
2045 1380 2390 1434 concordari.
2429 1380 2518 1432 llis
2579 1379 2764 1433 verbis
2811 1380 3037 1445 auditis,
3089 1395 3218 1434 vera
3261 1395 3383 1434 esse
3412 1381 3559 1435 aesti-

1932 1483 2165 1538 mantes,
2198 1482 2250 1527 et
2282 1474 2528 1527 consiliis
2559 1475 2678 1541 ejus
2701 1475 3136 1541 consentientes,
3166 1475 3370 1528 reversi
3407 1483 3554 1530 sunt.

1936 1568 2046 1621 Non
2080 1578 2198 1637 post
2220 1570 2452 1622 multum
2492 1585 2620 1622 vero
2648 1569 2914 1640 temporis
2945 1570 3174 1623 nuntius
3196 1570 3351 1624 ducis
3385 1571 3559 1635 venit,

1934 1667 1987 1712 et
2031 1659 2210 1729 regale.
2244 1659 2580 1730 colloquium
2617 1662 2670 1714 in
2715 1661 2983 1730 praedicto
3010 1662 3130 1715 loco
3161 1677 3384 1715 manere
3417 1661 3563 1714 indi-

1934 1751 2092 1816 cavit,
2127 1768 2332 1822 eosque
2370 1753 2499 1807 illuc
2527 1754 2716 1807 venire
2749 1754 3057 1809 admonuit.
3093 1755 3192 1818 Qui
3223 1756 3408 1809 statim
3435 1757 3560 1811 aliis

1928 1840 2188 1894 fratribus
2246 1858 2433 1894 secum
2490 1843 2748 1912 sumptis,
2792 1843 2858 1896 ad
2912 1843 3195 1913 praefatum
3229 1842 3405 1896 locum
3436 1857 3561 1910 per‘

1928 1949 2059 2006 gere
2111 1932 2528 1988 festinaverunt.
2580 1934 2822 2006 Cumque
2879 1935 3425 2005 apprOpinquassent
3479 1933 3555 1986 ad

1933 2024 2110 2077 locum
2136 2024 2228 2095 qui
2251 2025 2317 2077 ad
2339 2025 2568 2080 Balneos
2591 2027 2925 2090 nominatur,
2976 2025 3199 2096 quidam
3233 2024 3461 2078 nuntius
3478 2023 3559 2078 eis

1934 2116 2130 2170 obvius
2151 2117 2311 2170 dixit:
2333 2138 2361 2166 (ι
2395 2117 2680 2171 IIeinricus
2708 2117 2850 2171 lilius
2869 2117 3166 2177 Purchardi
3188 2131 3350 2186 quem
3375 2114 3556 2185 impe-

1934 2213 2079 2259 rator
2119 2223 2242 2259 cum
2311 2207 2425 2260 suis
2473 2207 2750 2272 fidelibus,
2812 2216 2867 2262 et
2921 2208 3030 2262 dux
3097 2207 3446 2261 Purchardus
3486 2206 3554 2259 ad

1933 2298 2227 2370 Augustam
2262 2299 2566 2352 antistitem
2596 2316 2718 2353 esse
2741 2300 3130 2369 decreverunt,
3162 2316 3309 2354 nunc
3333 2300 3440 2353 cito
3461 2314 3560 2352 oc-

1931 2400 2111 2443 curret
2132 2389 2309 2456 vobis,
2346 2411 2368 2438 η
2409 2391 2512 2444 llac
2537 2391 2746 2445 ratione
2777 2392 2987 2456 audita,
3011 2391 3317 2446 contristati
3343 2390 3550 2444 fratres

1934 2498 1998 2536 eo
2030 2483 2173 2553 quod
2203 2482 2270 2536 de
2306 2483 2564 2552 praedicta
2622 2484 2893 2538 electione
2943 2484 3187 2555 episc0pi
3221 2484 3425 2554 privari
3457 2485 3558 2538 de-

1935 2574 2189 2638 buerunt,
2218 2575 2357 2629 ultra
2389 2592 2496 2629 non
2568 2585 2694 2630 sunt
2750 2577 3052 2649 progressi,
3084 2577 3180 2631 sed
3215 2584 3555 2632 revertentes

1937 2667 1990 2720 in
2021 2668 2139 2721 loco
2180 2674 2493 2737 Opportune
2524 2675 3003 2737 exspectaverunt,
3038 2685 3212 2740 usque
3254 2669 3386 2723 dum
3416 2685 3559 2739 prae-

1935 2754 2103 2811 fatum
2137 2757 2449 2811 lleinricum
2485 2757 2611 2811 inde
2642 2760 3059 2813 comitarentur.
3093 2759 3189 2826 :Eo
3221 2758 3405 2812 statim
3444 2757 3556 2825 die,

1935 2863 2056 2899 cum
2105 2847 2171 2900 ad
2221 2855 2394 2901 castra
2436 2848 2687 2902 venirent
2741 2848 2944 2902 milites
2995 2849 3086 2919 qui
3124 2848 3192 2901 de
3247 2848 3389 2902 duce
3419 2847 3557 2902 Pur-

1941 2941 2145 2995 cliardo
2177 2959 2297 2995 cum
2329 2942 2584 2997 IIeinrico
2622 2951 2912 3007 venerunt,
2939 2942 3228 3009 adjunctos
3257 2942 3364 2996 sibi
3399 2942 3561 2997 cleri-

1940 3049 2035 3087 cos
2089 3050 2281 3106 rogare
2331 3042 2638 3104 curperunt,
2697 3041 2754 3088 ut
2812 3035 3124 3090 lleinricum
3184 3035 3239 3090 in
3263 3050 3559 3090 commune

1938 3123 2262 3192 episcopum
2295 3140 2416 3177 esse
2447 3125 2874 3194 comprobarent
2897 3125 2951 3179 in
2970 3125 3168 3180 eodem
3196 3125 3337 3180 loco.
3366 3125 3464 3190 Qui
3490 3124 3569 3178 in-

1939 3211 2130 3264 ducias
2161 3212 2462 3281 petierunt,
2497 3230 2672 3284 usque
2708 3214 2761 3266 in
2793 3215 3075 3269 communi
3101 3216 3366 3286 capitulo,
3413 3215 3564 3270 domi

1937 3303 2118 3356 cuncti
2151 3301 2342 3355 fratres
2384 3303 2439 3354 in
2474 3319 2642 3356 unum
2671 3320 2729 3356 se
2764 3305 3161 3360 coadunarent.
3195 3305 3439 3376 Cumque
3462 3306 3571 3360 mi-

1938 3391 2061 3445 lites
2086 3392 2188 3444 hoc
2216 3389 2541 3454 refutarent,
2575 3400 2629 3444 et
2661 3391 2824 3462 longa
2857 3391 3000 3446 inter
3039 3408 3095 3446 se
3128 3393 3405 3448 locutione
3437 3409 3569 3449 con-

1939 3483 2255 3544 tenderent,
2285 3483 2490 3536 reversi
2511 3482 2579 3535 ad
2597 3481 2932 3549 IIeinricum,
2951 3499 3075 3536 eum
3110 3483 3444 3553 quibusdam
3462 3485 3570 3540 cle-

1941 3573 2070 3627 ricis
2097 3573 2384 3645 elegerunt
2403 3587 2525 3624 eum
2553 3586 2721 3640 super
2745 3587 2803 3624 se
2818 3587 2939 3625 esse
2965 3571 3288 3641 episc0pum
3307 3589 3320 3636 ;
3342 3573 3569 3643 quidam

1944 3678 2070 3717 vero
2102 3678 2226 3716 eum
2260 3677 2368 3715 non
2403 3660 2696 3734 eligentes,
2756 3660 2824 3712 ad
2859 3661 3153 3732 Augustam
3189 3670 3570 3730 pervenerunt

1945 3752 2012 3806 ad
2036 3762 2264 3806 caeteros
2295 3749 2505 3804 fratres.
2569 3749 2810 3820 Cumque
2841 3748 2910 3802 ad
2953 3751 3250 3822 Augustam
3299 3749 3560 3819 perveni-

1946 3854 2065 3899 rent
2090 3843 2575 3915 sicsequestratiin
2593 3841 3188 3910 e_lectioneejus,venit
3217 3841 3442 3912 quidam
3469 3857 3567 3898 co-

1945 3953 2080 4001 mes,
2114 3935 2471 3990 Wolveradus
2485 3933 2856 3999 nomine,cum
2874 3933 2995 3986 aliis
3021 3932 3356 4003 quibusdam
3385 3934 3558 3989 homi-

1943 4027 2108 4081 nibus
2137 4026 2290 4098 quasi
2319 4025 2654 4098 legationem
2704 4024 2772 4076 ab
2813 4025 3145 4094 imperatore
3197 4026 3424 4080 terendo
3480 4026 3550 4080 ad

1943 4115 2449 4190 congregationem,
2482 4115 2673 4168 dicens
2699 4131 2710 4166 :
2733 4134 2755 4162 ‹‹
2775 4114 3079 4184 Imperator
3105 4115 3563 4170 demandavitvo-

1948 4208 2033 4262 bis
2053 4210 2346 4283 gratiamet
2366 4207 2796 4262 misericordiam
2821 4209 3078 4262 etomnia
3098 4210 3262 4276 bona,
3297 4217 3349 4262 et
3374 4218 3568 4279 postu-

1946 4301 2076 4355 lavit
2102 4309 2159 4356 ut
2190 4301 2350 4355 istum
2405 4299 2690 4354 dominum
2741 4298 3074 4366 IIeinricum,
3112 4315 3273 4371 quem
3310 4298 3401 4354 ille
3433 4314 3558 4353 cum

1946 4391 2060 4446 suis
2092 4391 2345 4445 iidelibus
2375 4389 2615 4443 decrevit
2647 4389 2699 4442 in
2732 4389 2832 4443 isto
2861 4389 2980 4442 loco
3004 4405 3127 4444 esse
3166 4395 3466 4459 pastorem,
3500 4394 3558 4441 ut

1947 4491 2001 4537 et
2027 4499 2123 4538 vos
2153 4481 2222 4536 ob
2249 4497 2490 4535 amorem
2522 4480 2606 4533 sui
2637 4479 2934 4532 antistitem
2963 4478 3124 4533 vobis
3159 4479 3365 4550 eligere
3408 4494 3553 4533 una-

1949 4574 2172 4628 nimiter
2190 4590 2298 4627 non
2317 4571 2575 4626 renuatis.
2593 4596 2615 4616 η
2644 4571 2866 4643 Legatio
2884 4577 3065 4624 autem
3101 4573 3218 4626 haec
3236 4569 3573 4626 fraudulenti

1947 4665 2178 4719 consilio
2211 4663 2516 4734 composita
2547 4671 2682 4716 erat.
2729 4661 2820 4716 Cui
2853 4662 3258 4731 respondentes
3288 4663 3567 4717 dixerunt:

1949 4784 1972 4805 ‹‹
2008 4759 2200 4813 Veniat
2228 4759 2316 4811 ille
2343 4775 2464 4812 cum
2485 4757 2640 4812 vobis
2673 4757 2738 4810 ad
2763 4757 3063 4827 capitulum
3095 4766 3345 4812 nostrum
3384 4759 3451 4813 ad
3479 4776 3573 4814 au-

1951 4850 2220 4904 diendum
2260 4866 2528 4920 responsa
2559 4856 2759 4904 nostra.
2792 4870 2812 4898 ι
2840 4847 3082 4919 Cumque
3104 4849 3191 4902 vix
3209 4850 3583 4906 obtinuissent

1952 4948 2009 4993 ut
2043 4927 2106 4992 in.
2145 4939 2444 5009 capitulum
2500 4938 3050 5013 intrarent,legebant
3099 4939 3364 4996 lectiones
3408 4958 3581 4998 cano-

1951 5029 2104 5082 nicas
2127 5029 2196 5082 de
2213 5029 2483 5083 electione
2497 5029 2819 5084 antistitum.
2850 5030 3109 5084 Praefatus
3125 5031 3568 5098 Heinricus,cum

1950 5125 2196 5178 audisset
2227 5124 2295 5178 de
2331 5126 2664 5180 lectionibus
2694 5126 2748 5180 in
2811 5127 3106 5198 praesentia
3158 5127 3397 5182 recitatis
3427 5129 3577 5199 quod

1951 5216 2006 5268 in
2051 5223 2323 5285 potestate
2384 5227 2540 5272 esset
2605 5217 2998 5274 canonicorum
3057 5231 3181 5270 eum
3238 5216 3444 5288 eligere
3493 5217 3580 5272 vel

1953 5308 2212 5374 refutare,
2257 5325 2380 5363 cum
2439 5311 2600 5364 venia
2650 5311 2933 5366 humiliter
2976 5309 3273 5380 postulavit
3324 5316 3383 5364 ut
3447 5325 3575 5364 eum

1952 5399 2276 5470 epiSCOpum
2339 5400 2548 5471 eligere
2577 5418 2691 5457 non
2743 5404 3197 5476 dedignarentur,
3251 5401 3582 5472 promittens

1958 5487 2058 5550 eis,
2093 5488 2138 5540 si
2174 5489 2294 5554 ejus
2352 5489 2709 5557 postulationi
2743 5492 3149 5553 consentirent,
3186 5490 3242 5544 in
3295 5497 3576 5562 posterum

1958 5578 2271 5652 omnigenae
2289 5580 2698 5634 commoditatis
2730 5582 3158 5653 impensionem.
3196 5582 3293 5648 Qui
3319 5582 3438 5653 ejus
3464 5597 3587 5652 pro-

1960 5669 2314 5725 missionibus
2343 5667 2654 5734 credentes,
2688 5671 2913 5738 quidam
2941 5688 3074 5727 vero
3104 5681 3327 5743 sponte,
3358 5671 3578 5744 quidam

1960 5778 2085 5818 vero
2118 5758 2752 5828 dissensionesvitando,
2783 5775 2981 5817 omnes
3011 5764 3269 5820 tamenin
3287 5778 3583 5822 commune
