3978 6214
416 354 559 409 1055

1494 359 1547 411 S.
1594 358 1901 413 UDALRICI
1940 358 2313 415 AUGUSTANI
2355 359 2668 416 EPISCOPI.

3629 368 3773 425 1056

416 483 926 540 decreverunteum
957 501 1081 540 esse
1126 488 1469 559 episcopum.
1529 488 1649 544 Haec
1669 506 1799 545 vero
1832 490 2032 546 electio
2060 495 2111 563 Α
2138 491 2376 547 tatemin
2406 492 2757 549 obsidionem
2784 493 2924 563 ejus.
2972 493 3220 569 Cumque
3255 496 3555 553 obsidione
3610 497 3771 558 ﬁnita

418 574 610 628 eumin
629 574 860 628 ecclesia
890 576 1158 632 militibus
1182 577 1467 634 etfamiliae
1515 589 1643 636 nota
1661 580 1802 635 facta
1816 580 2031 647 fuisset,

414 664 743 719 sonantibus
802 668 1085 737 campanis
1138 670 1206 723 ab
1275 671 1534 726 omnibus
1578 671 2029 727 confirmabatur.

414 754 563 809 Tunc
591 756 811 811 demum
845 757 1103 829 przefatus
1131 761 1437 830 Heinricus,
1472 764 1771 834 assumptis
1808 765 2035 835 quibus-

416 844 540 898 dam
608 846 908 913 canonicis,
966 850 1206 917 perrexit
1286 852 1353 906 ad
1411 853 1821 924 imperatorem,
1872 863 1926 909 et
1972 855 2029 909 in

416 936 708 1004 praesentia
760 937 881 1005 ejus
934 939 1168 995 aliorum
1221 943 1539 999 testimonio
1609 946 1903 1001 roboratus
1961 946 2030 1002 de

415 1026 687 1082 electione
718 1029 838 1097 ejus
869 1030 1155 1099 nuntiavit,
1193 1034 1474 1090 humiliter
1502 1035 1755 1110 ﬂagitans
1780 1046 1838 1092 ut
1864 1055 1894 1093 a
1914 1039 2028 1093 cel-

414 1121 654 1176 situdine
686 1124 807 1191 ejus
839 1124 1146 1195 imperialis
1178 1130 1468 1197 potestatis
1509 1131 1854 1201 pontificium
1898 1149 2033 1204 prae-

415 1210 755 1264 nominatum
784 1212 835 1265 ei
876 1215 1295 1270 concederetur.
1361 1218 1663 1288 Imperator
1700 1230 1881 1276 autem
1915 1222 2036 1290 ejus

416 1301 667 1370 petitioni
691 1319 801 1357 non
814 1306 1166 1371 contradixit,
1192 1324 1373 1381 neque
1387 1312 1647 1367 continuo
1674 1313 1741 1366 ad
1756 1314 2024 1384 implevit,

417 1392 781 1463 sedpromisit
809 1404 866 1450 ut
932 1406 1053 1467 post
1108 1399 1352 1471 quinque
1393 1402 1513 1456 dies
1570 1404 1624 1457 in
1679 1405 2026 1460 solemnitate

412 1479 584 1533 sancti
638 1481 867 1535 Mauritii
922 1484 1040 1553 ejus
1080 1485 1335 1555 petitioni
1396 1504 1680 1545 assensum
1736 1494 2024 1563 praeberet,

414 1566 555 1621 sicut
586 1578 639 1623 et
672 1568 816 1624 fecit.
852 1570 1046 1626 Postea
1084 1589 1213 1629 vero
1279 1584 1480 1632 statuto
1541 1588 1788 1650 tempore
1820 1583 1891 1636 ad
1923 1583 2031 1638 Ma-

412 1661 657 1731 guniiam
690 1662 859 1726 venit,
904 1672 959 1717 et
985 1680 1015 1717 a
1041 1664 1320 1736 Rudperto
1375 1671 1797 1745 archiepiscOpo
1829 1682 1884 1729 et
1914 1676 2031 1730 suis

411 1744 773 1820 suﬂ'raganeis
800 1751 1246 1813 benedictionem
1277 1759 1649 1832 epiSCOpalem
1674 1744 1908 1837 accepit.
1938 1767 2027 1821 llis

415 1855 545 1895 vero
585 1846 925 1914 temporibus
953 1848 1073 1905 Otto
1105 1851 1250 1906 filius
1278 1852 1515 1918 Luitolfi,
1561 1856 1656 1912 filii
1688 1860 1898 1915 Ottonis
1924 1862 2027 1916 im-

416 1935 705 2001 peratoris,
736 1937 844 1997 dux
872 1938 971 1995 fuit
1001 1943 1451 2015 Alamannorum,
1475 1956 1529 2002 et
1557 1949 1860 2017 Heinricus,
1883 1952 2028 2009 tilius

417 2022 654 2081 Heinrici
696 2028 874 2084 fratris
905 2033 1151 2101 ejusdem
1185 2036 1553 2109 imperatoris,
1585 2042 1691 2096 dux
1722 2044 2024 2101 Bauvario-

417 2132 537 2171 rum
565 2130 679 2174 erat
708 2138 723 2187 ;
756 2123 871 2193 qui,
904 2128 1153 2196 quamvis
1177 2146 1241 2183 ex
1269 2131 1447 2187 vicina
1479 2134 2029 2208 propinquitatecha-

417 2208 575 2264 ritate
614 2214 891 2281 conjuncti
925 2217 1039 2273 fore
1093 2220 1435 2291 debuissent,
1502 2243 1567 2280 ex
1618 2230 2027 2288 machinatione

416 2298 558 2351 male
590 2302 873 2358 suadentis
895 2306 1108 2363 Satanae
1144 2310 1377 2367 invidias
1408 2322 1463 2368 et
1490 2316 1865 2374 dissensiones
1888 2322 2029 2377 inter

415 2405 473 2443 se
504 2406 761 2449 exercere
783 2409 1093 2468 cceperunt.
1152 2402 1437 2460 Heinricus
1492 2408 1676 2480 itaque
1729 2412 2026 2484 episcopus

418 2485 701 2555 aequivoco
732 2504 832 2542 suo
864 2491 988 2545 duci
1018 2493 1198 2563 aptior
1226 2499 1427 2551 mansit
1466 2501 1519 2554 in
1552 2504 1830 2572 omnibus,
1856 2513 1908 2560 et
1934 2508 2026 2578 ip-

418 2572 533 2627 sius
560 2576 809 2631 consiliis
864 2580 986 2649 plus
1031 2586 1386 2641 consentiens
1444 2607 1606 2661 quam
1641 2592 1820 2650 Ottoni
1877 2572 2027 2667 duci,

417 2664 665 2732 quamvis
695 2666 886 2722 civitas
916 2670 1157 2745 Augusta
1183 2674 1235 2728 in
1259 2692 1360 2731 suo
1392 2678 1591 2735 ducatu
1625 2683 1726 2737 sita
1758 2664 2025 2744 maneret.

418 2752 520 2808 Pro
550 2756 650 2811 hac
689 2775 818 2814 vero
868 2777 926 2815 re
969 2762 1089 2819 Otto
1112 2766 1219 2820 dux
1280 2776 1469 2824 contra
1506 2788 1631 2827 eum
1674 2775 1845 2831 iratus
1904 2795 2027 2835 esse

419 2848 606 2917 ccepit,
639 2857 693 2904 et
724 2867 844 2905 cum
872 2852 1129 2911 fidelibus
1150 2859 1263 2912 suis
1290 2862 1571 2916 consiliari
1621 2867 1770 2932 utei,
1824 2869 1877 2923 in
1909 2873 2032 2942 qui-

418 2934 742 3009 buscunque
809 2942 1100 3011 potuisset,
1142 2948 1531 3004 adversaretur
1571 2970 1585 3018 ;
1619 2956 1767 3026 quod
1796 2967 1850 3013 et
1882 2934 2026 3016 fecit.

417 3027 648 3097 Insuper
698 3032 996 3103 episcopus
1050 3037 1381 3108 quibusdam
1432 3043 1695 3101 militibus
1735 3052 2033 3121 nepotibus

415 3116 591 3208 sancti
619 3118 867 3191 episcopi
899 3123 1153 3188 Udalrici,
1185 3128 1508 3200 Manegoldo
1536 3141 1588 3188 et
1621 3116 1909 3208 Ilulpal-do,
1942 3159 2031 3198 vo-

418 3206 520 3262 luit
549 3208 819 3267 beneﬁcia
848 3216 1184 3285 abstrahere,
1220 3186 1445 3293 propter
1496 3186 1858 3298 quorum‘dam
1891 3186 2027 3291 con-
2054 3186 2103 3255 Ο

419 3297 562 3361 silia,
588 3300 708 3356 sine
738 3304 949 3361 illorum
993 3316 1164 3365 reatu.
1203 3313 1307 3383 lpsi
1363 3297 1568 3385 autem,
1602 3322 1732 3392 quia
1763 3324 2029 3399 episcOpo

413 3402 603 3450 sancto
635 3396 884 3455 Udalrico
919 3402 1101 3457 adhuc
1149 3405 1366 3463 vivente
1407 3410 1475 3464 ab
1508 3428 1575 3467 eo
1608 3415 1758 3470 missi
1791 3434 1938 3489 saepe
1960 3396 2027 3476 in

412 3486 613 3543 auxilio
642 3488 991 3561 imperatoris
1021 3512 1143 3551 cum
1217 3499 1371 3555 herili
1414 3503 1767 3561 multitudine
1793 3486 2023 3567 militum

410 3588 703 3647 venerunt,
736 3588 789 3636 et
810 3582 865 3637 in
896 3584 1015 3652 ejus
1038 3588 1261 3644 servitio
1290 3591 1627 3649 voluntatem
1656 3596 1776 3664 ejus
1802 3608 2026 3656 strenue

413 3669 469 3724 in
500 3674 757 3728 omnibus
777 3676 1165 3749 adimpleutes,
1194 3683 1384 3739 tandiu
1413 3698 1836 3755 permanserunt
1856 3710 2028 3766 usque

414 3774 539 3814 cum
563 3760 710 3817 illius
748 3766 922 3839 gratia
948 3771 1272 3827 muneribus
1316 3774 1567 3831 honorati
1601 3779 1781 3835 redire
1813 3760 2027 3838 dimissi

416 3859 565 3908 sunt.
590 3852 799 3929 Regina
829 3857 993 3914 etiam
1027 3862 1389 3932 proﬁtebatur
1442 3884 1632 3923 eorum
1664 3887 1724 3925 se
1753 3889 1875 3928 esse
1903 3891 2032 3946 pro-

415 3940 724 4012 pinquam;
760 3945 883 4002 ideo
926 3949 1195 4006 beneﬁcia
1241 3963 1464 4025 accepta
1516 3958 1779 4032 cpiscOpo
1810 3940 2030 4020 contra-

419 4027 675 4087 dixerunt
732 4041 785 4087 et
844 4035 899 4089 in
952 4052 1144 4092 eorum
1184 4049 1481 4111 potestate,
1538 4027 1604 4101 eo
1661 4027 1907 4118 nolente,
1948 4059 2030 4108 te-

419 4132 679 4179 nuerunt.
712 4127 1013 4200 EpiscOpus
1038 4130 1219 4205 itaque
1252 4135 1337 4190 his
1385 4144 1439 4191 et
1464 4138 1586 4194 aliis
1627 4141 1813 4196 multis
1837 4143 2034 4200 adver-

418 4212 493 4266 sis
517 4212 792 4289 fatigatus,
845 4217 1013 4274 tristis
1056 4220 1286 4281 effectus
1338 4231 1440 4280 est.
1495 4228 1747 4293 Quodam
1780 4237 2029 4301 tempore

421 4319 543 4359 cum
576 4306 877 4378 imperator
933 4312 1052 4369 Otto
1095 4322 1317 4387 gentem
1361 4318 1677 4376 Sclavorum
1717 4339 1840 4377 cum
1874 4339 2031 4380 exer-

415 4394 524 4449 citu
556 4395 820 4453 invadere
858 4401 1142 4471 voluisset,
1172 4411 1226 4459 et
1252 4406 1391 4473 Otto,
1438 4426 1532 4480 qui
1583 4417 1713 4466 tunc
1762 4412 1871 4467 dux
1911 4424 2030 4471 erat

415 4486 841 4547 Alamannorum
870 4501 925 4549 et
956 4496 1367 4569 Bauvariorum,
1394 4502 1649 4559 Heinrico
1682 4506 2031 4578 deposito,in

418 4579 752 4649 adjutorium
783 4585 901 4656 ejus
952 4588 1143 4645 venire
1208 4607 1332 4647 cum
1387 4595 1706 4652 Alamannis
1734 4606 1788 4654 et
1820 4599 2032 4656 Noricis

417 4679 642 4742 paratus
661 4678 1235 4755 esset,IIeinricusque
1265 4685 1560 4758 episcopus
1586 4687 1666 4745 ire
1700 4706 1759 4745 se
1786 4708 1909 4746 cum
1939 4692 2035 4748 illo

421 4765 787 4834 promitteret,
844 4774 1181 4842 exspectavit
1226 4791 1351 4830 cum
1386 4777 1500 4832 suis
1559 4780 1825 4837 militibus
1856 4783 2036 4839 donec

419 4859 704 4917 recederet
730 4866 1024 4933 exercitus,
1066 4877 1140 4934 et,
1172 4869 1314 4926 sicut
1362 4880 1522 4928 antea
1567 4876 1837 4931 consiliati
1883 4884 2031 4945 sunt,

419 4954 710 5023 occupavit
736 4972 860 5010 cum
888 4958 1159 5016 militibus
1188 4963 1301 5018 suis
1327 4963 1575 5021 civitates
1605 4984 1743 5039 quas
1774 4969 2034 5039 potuit,et

419 5043 619 5113 ipsein
672 5046 1048 5126 Nuwingburg
1077 5053 1316 5111 intravit.
1361 5057 1651 5115 Heinricus
1689 5069 1899 5128 autem,
1934 5064 2030 5134 qui

418 5139 578 5188 antea
609 5134 715 5190 dua
746 5135 868 5202 fuit,
920 5139 1187 5197 Pazonam
1232 5144 1509 5201 civitatem
1581 5148 1820 5218 intravit,
1849 5167 1915 5205 ea
1944 5168 2032 5206 ra-

422 5222 575 5280 tione
592 5234 652 5282 ut
683 5227 877 5285 Ottone
907 5248 1031 5288 cum
1055 5237 1299 5292 exercitu
1327 5240 1644 5309 recedente,
1687 5242 2028 5312 provinciam

419 5315 523 5407 sibi
548 5319 823 5387 adjutorio
873 5326 1091 5396 nepotis
1134 5328 1219 5382 sui
1277 5330 1522 5401 episcOpi
1552 5332 1890 5407 subjugaret.
1924 5334 2035 5392 Hoc

416 5404 603 5476 itaque
662 5410 955 5467 consilium
1005 5430 1128 5469 cum
1182 5417 1363 5474 Ottoni
1416 5418 1543 5474 duci
1600 5404 1786 5476 notum
1831 5419 2034 5477 factum

423 5497 638 5568 fuisset,
690 5517 941 5561 reversus
995 5516 1079 5562 est
1125 5526 1246 5565 cum
1301 5512 1544 5568 exercitu
1591 5513 1878 5569 ambarum
1908 5531 2037 5585 pro-

419 5594 745 5661 vinciarum,
794 5605 848 5652 et
896 5602 1114 5657 obsedit
1167 5623 1292 5662 eum
1362 5607 1416 5660 in
1505 5608 1734 5679 praefata
1817 5609 2033 5666 civitate

422 5679 648 5735 Pazova.
705 5683 1036 5757 Imperator}
1057 5697 1236 5746 autem
1283 5693 1430 5757 Otto,
1471 5712 1594 5751 cum
1621 5697 1714 5752 Dei
1738 5697 2035 5753 clementia

423 5769 683 5827 liberatus
714 5787 747 5823 a
775 5770 1001 5838 Sclavis,
1053 5782 1202 5837 venit
1231 5790 1357 5852 post
1375 5799 1501 5838 eum
1529 5788 1597 5841 ad
1616 5787 1869 5842 eamdem
1897 5786 2034 5843 civi-

2137 593 2189 640 et
2218 587 2463 642 carmula
2516 587 2787 661 mitigata,
2840 589 3143 660 imperator
3188 592 3254 646 ad
3316 592 3614 648 Saxoniam
3671 610 3770 649 re-

2136 681 2457 743 verteretur,
2504 684 2697 747 postea
2728 685 2933 734 statuto
2975 686 3224 752 tempore
3270 680 3562 738 Heinricus
3620 682 3773 738 ﬁlius

2136 766 2395 833 Heinrici,
2422 774 2475 822 et
2500 768 2818 839 aequivocus
2849 771 2971 840 ejus
3020 770 3169 825 ﬁlius
3197 772 3457 828 Perhtolfi
3488 774 3558 828 ad
3587 774 3769 831 collo-

2134 860 2325 931 quium
2376 861 2725 933 imperatoris
2771 865 2949 919 vocati
3003 873 3151 933 sunt,
3194 883 3317 922 cum
3360 869 3567 939 quibus
3595 869 3765 925 etiam

2134 951 2420 1007 Heinricus
2447 952 2745 1025 episcOpus
2774 955 2841 1009 ad
2873 956 3262 1027 imperatorem
3294 974 3353 1013 se
3384 959 3453 1013 ad
3485 975 3769 1015 excusan-

2134 1042 2263 1095 dum
2296 1042 2366 1096 de
2429 1043 2692 1112 praedicto
2748 1055 2904 1100 reatu
2962 1046 3136 1111 venit,
3169 1056 3228 1102 ut
3256 1047 3543 1104 restitutus
3574 1050 3766 1122 gratia:

2136 1128 2255 1196 ejus
2278 1128 2345 1181 ad
2390 1130 2614 1200 prepria
2674 1130 2855 1187 redire
2907 1144 3232 1190 mereretur.
3297 1138 3520 1193 Peracto
3576 1139 3767 1210 itaque

2135 1220 2433 1292 colloquio,
2468 1222 2754 1278 Heinricus
2800 1232 2855 1279 et
2923 1243 3245 1299 aequtvocus
3272 1229 3392 1300 ejus
3411 1231 3462 1284 in
3496 1231 3767 1285 exsilium

2129 1310 2278 1363 missi
2293 1319 2438 1364 sunt.
2452 1311 2737 1365 lleinricus
2752 1319 2933 1367 autem
2951 1315 3638 1386 episcopusaqurdinam
3666 1317 3765 1372 ubi

2128 1410 2352 1455 sanctus
2383 1403 2678 1472 requiescit
2735 1405 3043 1479 Luitgerus,
3094 1406 3278 1461 abbati
3326 1408 3395 1462 ad
3425 1410 3767 1464 custodien-

2128 1489 2257 1543 dum
2288 1490 2706 1545 commendatus
2730 1501 2833 1546 est.
2864 1492 3109 1565 Cumque
3132 1493 3204 1547 ibi
3229 1494 3297 1548 de
3339 1494 3548 1550 Pascha
3579 1512 3770 1569 usque

2136 1582 2607 1654 postnativitatem
2640 1587 2814 1641 sancti
2846 1586 3073 1641 Joannis
3107 1588 3359 1659 Baptista:
3400 1606 3524 1645 cum
3557 1608 3766 1667 magna

2133 1676 2343 1731 cautela
2400 1678 2791 1744 custodiretur,
2856 1676 3057 1732 factum
3110 1685 3194 1732 est
3250 1678 3538 1749 imperiale
3581 1681 3769 1738 collo-

2128 1768 2318 1837 quium
2354 1770 2407 1823 in
2431 1770 2637 1840 Oppido
2677 1771 2824 1841 quod
2866 1771 3070 1825 dicitur
3099 1772 3457 1827 Trutmauna.
3492 1773 3631 1829 Illuc
3665 1791 3769 1829 ve-

2130 1872 2328 1918 nerunt
2379 1864 2488 1917 duo
2558 1864 2861 1935 presbyteri
2921 1864 3231 1920 Gerbardus
3278 1873 3333 1921 et
3354 1867 3661 1923 Anamotus
3693 1868 3768 1924 de

2129 1960 2385 2032 Augusta.
2419 1966 2493 2025 et,
2526 1976 2649 2013 cum
2671 1960 2983 2015 interventu
3016 1961 3227 2016 Ottonis
3257 1962 3417 2017 ducis
3447 1969 3505 2017 et
3534 1964 3768 2034 episco-

2131 2062 2322 2117 porum
2348 2048 2422 2102 ibi
2455 2049 2829 2117 inventorum,
2856 2050 3311 2122 supplicaverunt
3336 2069 3446 2109 non
3476 2054 3660 2109 solum
3691 2056 3765 2111 de

2129 2137 2462 2207 semetipsis,
2493 2139 2590 2193 sed
2618 2139 2686 2193 de
2716 2140 2973 2195 omnibus
3020 2141 3239 2196 clericis
3283 2151 3339 2196 et
3368 2142 3528 2198 Iaicis
3563 2144 3619 2197 in
3647 2160 3757 2201 e0-

2130 2225 2260 2279 dem
2320 2227 2642 2297 episcOpatu
2704 2228 3105 2296 habitantibus,
3166 2246 3236 2285 ne
3298 2231 3393 2286 diu
3448 2233 3766 2305 episcopali

2129 2321 2378 2375 custodia
2432 2323 2801 2392 privarentur.
2882 2325 3196 2395 Imperator
3242 2334 3428 2382 autem
3486 2328 3753 2399 petitioni

2130 2411 2526 2486 0ttonis}ducis
2578 2422 2632 2469 et
2688 2415 2921 2470 aliorum
2953 2433 3179 2472 suorum
3221 2417 3470 2474 ﬁdelium
3505 2421 3770 2492 praefato-

2129 2520 2360 2577 rumque
2389 2506 2714 2561 clericorum
2746 2507 3113 2573 satisfaciens,
3169 2510 3492 2582 episcopum
3526 2511 3596 2565 de
3620 2511 3769 2566 exsi-

2130 2596 2205 2649 lio
2234 2594 2421 2649 reduci
2448 2594 2730 2665 pnecepit,
2754 2595 2887 2649 etin
2914 2598 3206 2665 praesentia
3238 2614 3357 2664 sua,
3391 2598 3588 2653 iterato
3622 2598 3768 2654 ﬁde-

2132 2683 2297 2738 litatis
2335 2700 2447 2737 suae
2477 2690 2844 2749 sacramento,
2892 2700 3015 2738 eum
3074 2685 3250 2756 gratia
3305 2702 3404 2740 sua
3435 2686 3503 2740 ad
3530 2687 3763 2757 episco-

2132 2779 2316 2841 patum
2374 2790 2535 2827 suum
2596 2773 2777 2827 redire
2843 2775 3135 2829 concessit.
3210 2775 3519 2831 Restitutus
3565 2785 3757 2833 autem

2136 2861 2191 2915 in
2217 2878 2375 2915 suum
2437 2863 2613 2916 locum
2669 2861 2967 2933 cpiscOpus
3018 2869 3249 2917 tractare
3309 2862 3364 2917 in
3418 2863 3611 2918 animo
3650 2879 3756 2919 suo

2134 2953 2302 3023 coepit
2347 2968 2443 3023 pro
2489 2952 2695 3024 quibus
2752 2954 2996 3008 reatibus
3026 2954 3077 3008 ei
3126 2961 3234 3008 tam
3266 2954 3487 3009 diversa
3516 2955 3755 3010 adversa

2135 3042 2214 3097 sic
2246 3041 2565 3113 frequenter
2590 3041 2942 3109 accidissent,
2986 3042 3079 3114 qui
3119 3059 3150 3097 a
3203 3042 3345 3097 duce
3373 3043 3760 3114 multipliciter

2135 3138 2256 3202 plus
2300 3147 2463 3202 quam
2493 3140 2873 3185 antecessores
2925 3131 3010 3184 sui
3068 3130 3471 3199 injuriabatur;
3523 3141 3579 3186 et
3624 3133 3762 3204 quia

2131 3228 2408 3298 principes
2436 3226 2670 3281 militum
2722 3224 2994 3281 beneﬁcia
3047 3242 3147 3281 sua
3176 3232 3368 3281 contra
3416 3227 3760 3282 voluntatem

2131 3320 2249 3387 ejus
2282 3319 2487 3373 habere
2517 3320 2942 3390 priesumebant,
2986 3327 3040 3373 et
3071 3318 3393 3374 electissimi
3433 3320 3503 3374 de
3523 3330 3763 3391 paterna

2129 3427 2227 3465 sua
2254 3409 2461 3464 familia
2491 3410 2893 3465 ministratores
2922 3409 3140 3465 diverso
3208 3410 3370 3465 modo
3404 3420 3633 3481 repente
3668 3412 3762 3466 in-

2130 3502 2419 3567 terierunt,
2451 3507 2665 3555 secreto
2692 3499 3097 3555 afamiliaribus
3118 3501 3338 3556 clericis
3368 3501 3758 3577 interrogavit,

2130 3590 2176 3645 si
2204 3597 2428 3645 sanctus
2459 3590 2745 3645 Udalricus
2773 3591 2842 3645 de
2874 3590 3235 3646 Werenhario
3268 3590 3468 3646 abbate
3506 3591 3754 3664 diceret,

2130 3688 2188 3736 ut
2226 3696 2510 3735 successor
2524 3680 2645 3748 ejus
2675 3680 2794 3736 fieri
2825 3680 3317 3747 deberet,sicutiei
3347 3688 3509 3735 antea
3536 3681 3755 3737 dictum

2130 3776 2229 3824 est.
2266 3769 2580 3841 Cumquein
2604 3769 2830 3824 veritate
2861 3785 3049 3824 verum
3069 3784 3193 3823 esse
3214 3769 3750 3842 cognovisset,quod

2129 3868 2291 3916 antea
2320 3862 2549 3916 credere
2582 3861 2776 3927 noluit,
2811 3860 3030 3932 expavit
3056 3876 3115 3914 se
3146 3861 3633 3924 vehementer,sed
3653 3879 3760 3932 pu-

2128 3952 2269 4007 blice
2294 3968 2403 4007 non
2430 3951 2844 4015 manifestavit;
2891 3965 2989 4021 pro
3041 3965 3107 4003 eo
3149 3951 3274 4021 plus
3328 3949 3571 4022 expavit,
3612 3951 3757 4021 quia

2129 4050 2259 4099 tunc
2287 4043 2608 4116 frequenter
2632 4043 2789 4115 signa
2852 4058 3050 4117 magna
3076 4048 3129 4096 et
3170 4041 3447 4096 mirabilia
3463 4041 3530 4095 ad
3560 4042 3763 4112 sepul-

2131 4152 2283 4191 crum
2312 4134 3134 4205 sanctiUdalriciepiscOpi,Deo
3148 4131 3762 4200 concedente,ﬁebant.

2129 4225 2281 4280 Tunc
2305 4226 2527 4281 demum
2557 4225 2612 4278 in
2643 4224 2872 4279 meliora
2902 4221 3282 4294 multipliciter
3330 4231 3594 4289 mutatus,
3620 4238 3753 4277 cum

2133 4314 2240 4372 Deo
2271 4332 2331 4371 se
2361 4313 2649 4386 paciﬁcare
2675 4324 2903 4370 conatus
2922 4322 3023 4377 est,
3048 4320 3101 4367 et
3134 4313 3415 4367 matricem
3448 4312 3749 4368 ecclesiam

2132 4423 2273 4465 novo
2302 4413 2447 4463 tecto
2479 4406 2766 4478 coeperire
2794 4406 3075 4478 praecepit,
3118 4412 3173 4460 et
3212 4419 3381 4475 super
3419 4403 3607 4459 Licum
3641 4402 3761 4459 flu-

2133 4503 2277 4557 vium
2319 4503 2388 4557 ad
2415 4501 2670 4556 Sanctam
2715 4499 2896 4555 Afram
2948 4508 3172 4571 pontem
3211 4498 3550 4569 composuit.
3584 4498 3670 4563 Et,
3695 4506 3764 4554 ut

2134 4594 2320 4648 nullus
2349 4609 2415 4648 ex
2445 4591 2653 4648 familia
2678 4592 2747 4647 de
2774 4600 2943 4663 ponte
2975 4591 3258 4648 teloneum
3285 4599 3379 4645 aut
3412 4590 3581 4644 ullam
3614 4590 3756 4645 red-

2135 4687 2468 4742 hibitionem
2498 4686 2796 4756 acciperet,
2831 4685 3114 4756 praecepit,
3139 4684 3236 4740 sed
3260 4682 3315 4737 in
3343 4682 3762 4753 eleemosynam

2132 4778 2252 4847 ejus
2279 4777 2602 4850 quicunque
2626 4777 2934 4832 voluissent
2964 4777 3084 4831 sine
3112 4774 3554 4832 contradictione
3585 4781 3642 4828 et
3661 4791 3762 4830 oc-

2133 4871 2431 4942 cupatione
2461 4879 2771 4943 pergerent.
2795 4869 2992 4924 Postea
3017 4877 3199 4924 autem
3232 4868 3459 4923 Romam
3487 4874 3542 4921 et
3561 4866 3764 4923 limina

2132 4973 2447 5019 sanctorum
2483 4961 2857 5034 apostolorum
2886 4960 3030 5017 Petri
3048 4969 3103 5015 et
3124 4959 3276 5014 Pauli
3300 4974 3397 5030 pro
3427 4957 3765 5015 remissione

2132 5057 2458 5112 delictorum
2516 5071 2741 5110 suorum
2791 5054 3029 5110 visitavit
3102 5053 3162 5109 Et
3218 5059 3381 5107 antea
3426 5067 3590 5122 quam
3626 5051 3765 5108 illuc

2134 5162 2365 5221 pergere
2407 5145 2690 5216 coepisset,
2751 5143 3146 5215 proprietatem
3196 5157 3363 5213 quam
3423 5146 3578 5210 pater
3620 5156 3762 5197 suus

2134 5241 2481 5297 Purchardus
2502 5239 2557 5294 in
2590 5239 2950 5294 Geisinhausa
2980 5236 3187 5292 habere
3203 5236 3355 5292 visus
3368 5242 3472 5299 est,
3502 5241 3558 5289 et
3588 5251 3761 5306 quam

2135 5332 2385 5389 Etichoni
2417 5330 2567 5386 ﬁdeli
2599 5347 2698 5388 suo
2728 5330 2831 5385 sub
2860 5328 3178 5385 testimonio
3209 5325 3566 5392 contradidit,
3586 5341 3656 5381 ea
3676 5328 3763 5382 vi-

2136 5428 2337 5484 delicet
2360 5428 2576 5483 ratione
2610 5434 2669 5482 ut
2698 5442 2824 5482 eam
2856 5426 2987 5480 illuc
3031 5423 3264 5478 firmiter
3319 5420 3763 5489 transfunderet,

2136 5517 2230 5573 ubi
2260 5534 2384 5575 eum
2407 5515 2554 5571 ﬁlius
2570 5516 2690 5585 ejus
2724 5514 3011 5570 Heinricus
3031 5512 3332 5583 episcopus
3356 5517 3601 5582 rogaret,
3633 5516 3769 5566 tunc

2136 5623 2236 5677 pro
2258 5617 2407 5662 certo
2440 5605 2630 5661 Ethich
2684 5604 2997 5676 postulante
3057 5601 3321 5672 episcOpo
3376 5597 3607 5653 tradidit
3636 5614 3765 5655 cum

2135 5716 2302 5755 manu
2318 5699 2438 5768 ejus
2450 5697 2730 5769 praefatam
2748 5696 3138 5767 proprietatem
3170 5690 3764 5765 legitime,secundum

2134 5789 2312 5863 legem
2340 5787 2683 5854 Noricorum,
2723 5792 2925 5841 sancta
2958 5783 3136 5838 Mariae
3167 5796 3335 5850 super
3359 5778 3530 5834 altare
3559 5780 3687 5849 ejus
3708 5783 3765 5839 in
