3978 6214
194 320 218 372 1
231 321 336 376 057

1782 301 1946 355 νιτΑ.

3395 297 3537 355 1058

188 455 434 525 Augusta
463 448 685 504 civitate
716 446 902 512 situm,
944 452 999 499 et
1035 459 1203 514 super
1238 457 1457 511 capsam
1491 439 1810 493 deauratam
1835 434 1892 503 Α
1915 431 2010 496 ita,
2042 431 2182 485 sicut
2214 429 2460 499 praedixi,
2502 429 2753 500 expletis,
2784 430 3012 484 Romam
3047 432 3286 501 perrexit
3309 440 3363 487 et
3392 433 3535 487 votis

189 539 585 610 lapidibusque
611 535 838 589 inclusis
858 533 1194 598 decoratam,
1218 548 1339 585 cum
1381 529 1618 584 ecclesia
1647 534 1699 582 et
1731 535 1814 582 t0-

195 633 268 687 tis
296 630 573 688 aediliciis.
607 645 729 683 cum
763 628 929 701 agris,
965 625 1153 696 pratis.
1188 624 1425 695 pascuis,
1459 621 1812 684 molendinis,

193 728 361 798 aquis
382 740 760 796 aquarumque
794 722 1139 781 decursibus,
1167 721 1269 774 viis
1292 728 1344 773 et
1373 719 1553 778 inviis,
1588 715 1818 771 civitati-

197 816 324 878 bus,
353 814 541 883 sylvis,
576 813 750 867 tonsis
775 820 829 865 et
866 811 1118 872 intonsis,
1153 809 1398 880 quaesitis
1428 815 1480 861 et
1521 808 1701 861 adhuc
1734 805 1817 859 in-

196 902 514 976 quirendis,
546 908 601 954 et
630 917 752 954 cum
795 898 1001 953 familia
1034 909 1088 952 et
1118 915 1240 952 cum
1275 897 1530 950 omnibus
1561 897 1626 949 ad
1670 911 1821 949 eam-

198 995 328 1048 dem
359 992 750 1062 preprietatem
784 989 908 1056 jure
939 987 1366 1057 pertinentibus,
1410 985 1513 1038 nisi
1547 1003 1613 1038 xx
1649 983 1823 1037 hubas

201 1093 357 1141 extra
407 1085 759 1139 traditionem
805 1081 1040 1145 dimisit;
1083 1088 1136 1134 et
1191 1096 1284 1134 eas
1344 1080 1591 1134 servituti
1650 1079 1821 1132 sancti

199 1177 386 1250 Magni
421 1177 488 1229 ad
518 1175 723 1229 Fauces
770 1172 1044 1230 decrevit:
1091 1170 1481 1240 canonicisqne
1523 1168 1819 1240 placitavit,

203 1275 264 1322 ut
299 1274 625 1338 potestatem
650 1265 936 1329 haberent,
969 1263 1012 1316 si
1047 1263 1272 1325 vellent,
1306 1262 1529 1315 easdem
1564 1260 1739 1314 hubas
1759 1276 1824 1313 xx

205 1377 336 1414 cum
370 1377 402 1412 x
436 1360 489 1412 in
515 1359 614 1411 ista
633 1357 916 1428 provincia
949 1356 1000 1409 in
1031 1355 1180 1408 bono
1208 1355 1328 1409 loco
1356 1355 1476 1407 sitis
1506 1352 1668 1406 hubis
1691 1368 1826 1406 con-

203 1449 482 1513 cambirc,
506 1448 558 1501 in
574 1462 791 1500 manum
812 1444 1143 1498 Werinharii
1167 1443 1437 1506 advocati,
1463 1451 1514 1496 et
1538 1443 1590 1496 in
1614 1458 1833 1496 manum

209 1539 483 1595 Gerhardi
518 1538 818 1609 pra-positi,
847 1553 944 1608 pro
987 1536 1231 1591 remedio
1276 1535 1475 1589 animae
1508 1552 1638 1599 suat,
1669 1541 1720 1588 et
1751 1550 1843 1603 pa-

212 1633 318 1687 uis
352 1631 652 1700 matrisque
707 1646 820 1682 sua}
851 1637 904 1683 et
961 1635 1268 1682 materterte
1314 1643 1427 1681 suae
1481 1636 1840 1681 cwterorum-

214 1737 328 1792 que
385 1718 817 1789 propinquorum
861 1725 913 1770 et
971 1724 1255 1786 parentum
1316 1731 1562 1781 suorum,
1611 1716 1663 1768 in
1719 1731 1837 1768 eam

217 1807 654 1880 placitationem,
708 1813 764 1859 ut
799 1806 850 1859 in
877 1807 1002 1873 jure
1049 1813 1098 1859 et
1142 1811 1411 1874 potestate
1445 1805 1838 1859 canonicorum

216 1896 619 1968 perpetualiter
642 1895 694 1948 in
727 1895 1009 1948 oblatione
1041 1899 1377 1963 permaneat,
1410 1893 1560 1947 salvo
1585 1893 1639 1946 in
1663 1893 1844 1948 omni-

217 1991 327 2044 bus
361 2006 551 2044 eorum
585 1988 908 2060 quotidiano
939 1986 1219 2056 stipendio
1246 2003 1259 2048 ;
1295 1993 1347 2038 et
1377 1994 1435 2040 ut
1467 1985 1592 2056 ipsi,
1625 2001 1724 2056 pro
1754 2002 1844 2039 re-

216 2083 352 2153 quie
385 2083 504 2150 ejus
537 2081 756 2145 animae,
789 2079 949 2133 annis
981 2077 1212 2149 singulis
1243 2085 1368 2132 ante
1402 2077 1841 2131 anniversarium

216 2175 372 2229 diem
393 2175 461 2228 ad
487 2175 674 2228 horam
701 2171 1066 2242 vespertinam
1096 2169 1343 2238 vigiliam
1375 2170 1593 2238 plenam
1615 2169 1682 2222 de
1714 2185 1848 2223 voce

215 2267 528 2331 celebrent,
571 2273 622 2319 et
682 2265 735 2318 in
792 2264 1172 2318 anniversario
1222 2263 1311 2316 die
1369 2263 1562 2316 iterum
1606 2261 1847 2333 vigiliam

214 2361 501 2430 expleant,
537 2364 588 2412 et
618 2357 888 2412 celebrata
932 2356 1098 2409 missa
1132 2356 1336 2414 altaris.
1387 2354 1582 2408 hostiae
1619 2355 1850 2409 oblatio-

219 2467 355 2504 nem
407 2465 598 2504 omnes
627 2449 681 2502 in
724 2463 1017 2502 commune
1077 2449 1185 2501 Deo
1243 2445 1498 2507 offerant,
1536 2452 1588 2499 et
1623 2445 1854 2514 insuper

220 2552 448 2596 centum
485 2556 754 2611 pauperes
801 2538 1096 2593 sufficienti
1138 2538 1413 2608 stipendio
1445 2537 1646 2590 edendi
1683 2544 1735 2591 et
1770 2537 1856 2591 bi-

227 2634 404 2688 bendi
437 2640 750 2704 procurent,
783 2641 837 2686 et
860 2649 922 2686 ex
952 2632 1034 2685 eis
1064 2631 1352 2686 duodecim
1379 2631 1631 2693 vestiant,
1667 2630 1720 2683 in
1745 2646 1854 2685 uno

227 2738 382 2778 anno
414 2723 588 2777 laneis
618 2720 981 2785 vestimentis,
1015 2727 1068 2773 et
1110 2721 1161 2773 in
1193 2719 1365 2773 altero
1391 2735 1535 2773 anno
1565 2719 1742 2772 laneis
1769 2719 1861 2772 in—

233 2813 428 2877 duant,
465 2820 518 2866 et
543 2811 748 2883 caligas
770 2809 1255 2878 calceamentaquc
1280 2807 1579 2876 praebeant.
1606 2808 1856 2861 Siautem

235 2902 441 2972 aliquis
471 2915 758 2954 successor
793 2899 906 2968 [ιιι.
934 2913 1111 2962 meus,
1145 2902 1195 2951 et
1223 2899 1300 2950 sic
1324 2897 1526 2966 postea}
1562 2897 1681 2964 ejus
1711 2897 1857 2951 anti-

231 2997 353 3045 stes
383 2991 524 3044 hanc
549 2988 956 3059 placitationem
977 2986 1281 3056 irrumpere
1305 2986 1619 3043 tentaverit.
1640 2997 1692 3039 et
1713 3003 1857 3056 prte-

232 3083 437 3137 dictam
507 3081 892 3152 proprietatem
955 3078 1238 3132 canoaicis
1265 3077 1566 3132 auferendo
1614 3077 1668 3131 in
1700 3095 1852 3132 suam

1915 523 2028 578 suis
2066 521 2302 593 peractis
2341 537 2508 574 sanus
2539 521 2605 574 ad
2649 521 2871 592 prepria
2919 523 3087 577 venit.
3125 524 3317 579 Adhuc
3349 533 3531 580 autem

1919 614 2065 668 intus
2093 629 2292 685 magna
2321 613 2572 684 angustia
2601 613 2802 666 mentis
2849 614 3103 685 angebat,
3140 631 3237 684 pro
3269 631 3335 669 eo
3385 617 3533 686 quod

1918 720 1948 756 a
1980 702 2118 756 duce
2162 702 2380 766 Ottone,
2413 718 2662 772 quamv’ts
2725 703 2964 756 exterius
2998 701 3266 773 pacificati
3325 712 3530 771 essent,

1921 793 2044 864 plus
2074 795 2373 867 cogebatur
2402 808 2565 863 quam
2615 799 2990 847 antecessores
3021 793 3106 847 sui
3149 793 3198 847 ei
3249 794 3533 850 servitium

1923 887 2101 943 facere
2133 888 2198 942 de
2235 887 2403 942 rebus
2431 889 2642 942 Sanctae
2677 888 2882 950 Mariae;
2919 897 2971 943 et
3003 905 3101 959 pro
3132 905 3197 943 eo
3231 891 3377 961 quod
3410 893 3538 963 qui-

1925 978 2046 1031 dam
2080 977 2280 1031 milites
2311 976 2583 1031 beneficia
2616 978 2989 1032 ecclesiastica
3019 979 3084 1032 ad
3119 979 3265 1034 illius
3297 986 3540 1051 potesta-

1927 1073 2032 1120 tem
2055 1065 2178 1133 jure
2208 1066 2540 1136 pertinentia
2562 1075 2752 1120 contra
2781 1066 2900 1134 ejus
2923 1068 3255 1122 voluntatem
3287 1070 3540 1140 posside-

1927 1154 2074 1208 bant.
2113 1155 2246 1218 Quia
2279 1155 2368 1209 ille
2401 1171 2465 1208 ex
2496 1155 2778 1210 nobilibus
2812 1157 3131 1226 parentibus
3172 1167 3323 1213 ortus
3353 1169 3456 1227 est,
3491 1168 3543 1215 et

1926 1247 2296 1319 grammatica:
2361 1249 2493 1303 artis
2563 1248 2909 1319 aliorumque
2969 1249 3232 1304 librorum
3291 1269 3543 1327 magnam

1927 1337 2211 1392 scientiam
2237 1337 2493 1402 habebat,
2507 1336 2770 1406 suavique
2788 1336 3067 1407 colloquio
3081 1345 3132 1391 et
3157 1339 3299 1394 bene
3315 1351 3545 1398 sonante

1939 1429 2163 1501 loquela
2193 1430 2348 1484 valde
2365 1445 2607 1503 congrue
2639 1427 2998 1495 exuberabat,
3029 1430 3083 1483 in
3112 1433 3315 1486 sanctis
3341 1434 3550 1489 solem-

1948 1524 2232 1590 nitatibus,
2267 1525 2320 1578 in
2348 1524 2441 1578 Dei
2477 1524 2699 1578 servitio
2723 1523 2774 1594 el
2806 1523 2857 1577 in
2885 1525 3243 1594 praedictione
3275 1529 3553 1585 studiosus

1950 1615 2066 1670 fuit.
2101 1615 2503 1670 Heriliservitio
2521 1614 2587 1668 ad
2619 1630 2863 1668 mensam
2890 1615 3042 1668 suam
3057 1617 3329 1686 utebatur,
3355 1629 3551 1675 etcum

1944 1720 2010 1759 eo
2035 1705 2383 1759 manentibus
2400 1705 2614 1775 cepiam
2639 1704 3007 1758 manducandi
3027 1715 3194 1777 atque
3222 1707 3452 1762 bibendi
3479 1711 3558 1764 hi-

1946 1795 2044 1850 lari
2073 1796 2222 1850 vultu
2254 1803 2307 1850 et
2338 1796 2553 1867 placida
2583 1803 2768 1850 mente
2807 1797 3064 1866 porrexit.
3100 1797 3339 1852 Familize
3371 1807 3552 1855 autem

1944 1895 2067 1966 plus
2091 1895 2242 1963 justo
2288 1894 2483 1948 sasvior
2507 1893 2732 1960 exstitit,
2764 1909 2952 1949 eorum
2979 1895 3070 1962 jus
3101 1895 3342 1951 tollendo
3370 1937 3382 1963 ,
3417 1904 3472 1951 et
3502 1897 3557 1949 in

1945 1987 2278 2058 quibusdam
2310 1986 2443 2040 locis
2483 2001 2680 2040 novum
2731 2001 2953 2039 censum
2983 1987 3241 2040 creando.
3275 1986 3424 2041 Tnnc
3463 1987 3560 2042 de-

1953 2097 2097 2134 mum
2131 2079 2502 2154 cognoscebat
2530 2079 2676 2150 quod
2719 2078 3002 2150 praelibata
3033 2079 3278 2146 adversa,
3314 2079 3420 2134 nisi
3453 2080 3561 2135 Deo

1952 2169 2246 2238 adjuvante
2295 2177 2348 2222 et
2396 2167 2698 2239 imperialis
2739 2167 3082 2222 celsitudinis
3138 2168 3312 2240 gratia
3358 2169 3562 2223 machi-

1954 2274 2140 2332 nante,
2171 2282 2434 2336 superare
2467 2281 2574 2320 non
2600 2265 2799 2335 potuit,
2833 2271 2887 2318 et
2915 2272 3026 2320 toto
3059 2265 3182 2318 nisu
3213 2265 3436 2319 servitio
3470 2265 3568 2318 im-

1953 2358 2220 2426 peratoris
2257 2373 2317 2411 se
2358 2356 2640 2412 innectere
2678 2355 2902 2420 studuit,
2955 2363 3012 2410 ut
3051 2357 3418 2428 acquisitione
3448 2357 3569 2425 ejus

1953 2449 2140 2524 gratiae
2179 2463 2373 2503 omnes
2419 2448 2837 2504 contrarietates
2867 2448 2916 2502 ei
2943 2448 3010 2502 ab
3038 2447 3158 2502 aliis
3189 2449 3436 2519 undique
3456 2448 3567 2501 im-

1954 2542 2248 2609 minentes,
2278 2558 2400 2596 cum
2426 2543 2547 2610 ejus
2579 2541 2874 2610 przesentia
2906 2549 3096 2595 etcum
3123 2541 3243 2608 ejus
3276 2541 3572 2610 praeceptis

1957 2630 2357 2704 mitigarentnr.
2403 2630 2532 2684 ldeo
2573 2628 2744 2700 igitur
2772 2629 2972 2698 saapius
3010 2645 3139 2683 cum
3192 2627 3572 2698 imperialibus

1971 2724 2292 2779 muneribus
2319 2739 2444 2777 eum
2466 2721 2721 2788 visitavit,
2754 2727 2808 2774 et
2838 2721 3042 2775 drudes
3085 2721 3201 2791 [al,,
3229 2728 3431 2793 gratos,
3474 2721 3529 2774 al
3560 2761 3573 2786 ,

1969 2812 2330 2882 consiliarios]
2349 2827 2479 2866 suos
2500 2810 2662 2866 donis
2691 2809 2950 2884 congruis
2975 2809 3082 2862 sibi
3109 2809 3450 2881 complacare
3474 2816 3581 2863 sat-

1960 2907 2176 2976 agebat,
2212 2913 2264 2960 et
2303 2905 2535 2975 insuper
2566 2903 2782 2958 hostilia
2814 2902 3008 2956 itinera
3039 2917 3160 2956 cum
3194 2917 3262 2957 eo
3287 2900 3576 2975 pergebat,

1961 2999 2144 3052 taliter
2170 2999 2312 3052 sicut
2353 2997 2403 3050 ei
2432 2996 2640 3066 Optime
2671 2994 2977 3049 aestimabat
3004 2993 3242 3064 placere.
3287 2994 3439 3048 Anno
3479 2993 3577 3047 ita-

1959 3103 2066 3158 que
2107 3085 2324 3141 Domini
2357 3085 2528 3139 nostri
2557 3085 2688 3139 Jesu
2731 3083 2925 3138 Christi
2965 3083 3091 3147 983,
3125 3083 3426 3154 imperator
3455 3097 3578 3136 cum

233 3175 530 3230 utilitatem
559 3173 744 3244 aliquo
790 3172 953 3226 modo
999 3171 1250 3244 redigere
1301 3178 1530 3225 conatus
1583 3171 1768 3236 fuerit,
1800 3178 1854 3225 et
1878 3149 1928 3217 (ἶ
1956 3149 2204 3232 exercitu
2238 3177 2539 3231 Calabriam
2558 3176 2904 3245 provinciam
2924 3174 3098 3240 adiit;
3127 3149 3257 3230 illuc
3287 3175 3455 3230 etiam
3477 3174 3590 3244 epi-

237 3269 316 3322 ita
339 3266 548 3321 ratione
576 3266 626 3320 ei
655 3271 937 3335 comperta
967 3263 1150 3317 statim
1185 3277 1293 3317 non
1324 3262 1643 3321 restituerit,
1677 3263 1854 3316 hazre-

238 3359 343 3413 des
395 3358 514 3425 ejus
552 3355 780 3429 legitimi
828 3354 1060 3407 liberam
1101 3353 1342 3406 habeant
1390 3359 1713 3421 potestatem
1750 3359 1860 3406 tres

239 3468 453 3532 ponere
481 3468 651 3521 super
681 3450 848 3504 altare
883 3447 1158 3511 denarios,
1183 3454 1236 3502 et
1260 3447 1516 3501 eamdem
1552 3447 1858 3517 proprieta-

242 3558 355 3605 tem
389 3547 518 3602 inde
544 3545 816 3600 redimere
845 3550 897 3596 et
921 3541 974 3594 in
1001 3541 1090 3611 jus
1122 3539 1403 3610 preprium
1427 3540 1716 3609 possidere
1735 3555 1862 3595 om-

246 3639 418 3695 nibus
446 3637 496 3690 in
531 3636 770 3690 futurum
801 3629 1274 3706 generationibus.

322 3730 508 3782 Actum
544 3727 803 3796 Augusta,
849 3721 902 3775 in
934 3719 1166 3774 ecclesia
1205 3725 1409 3772 sanctae
1448 3718 1541 3772 Dei
1584 3717 1875 3772 Genitricis

252 3817 437 3874 Mariae
465 3823 591 3870 ante
609 3814 800 3875 altare,
832 3810 1092 3880 episc0po
1129 3807 1380 3862 Heinrico
1414 3815 1787 3876 perpetrante,
1819 3808 1872 3862 in

253 3905 548 3981 praesentia
601 3900 1016 3963 canonicorum,
1073 3913 1254 3952 coram
1313 3895 1622 3968 frequentia
1681 3898 1871 3968 pepuli

256 4005 311 4053 et
341 4013 525 4052 coram
557 3992 789 4048 testibus
817 3986 1149 4043 subnotatis.

335 4089 562 4163 Signum
612 4084 728 4138 Etih
758 4083 849 4153 qui
896 4083 1035 4135 hanc
1075 4077 1423 4133 traditionem
1461 4075 1606 4130 fecit.
1651 4076 1879 4152 Signum

267 4182 557 4238 Adalbcro.
593 4177 820 4248 Signum
851 4170 1040 4226 Jacob.
1088 4170 1142 4222 S.
1178 4169 1539 4224 Marahuurat.
1576 4168 1632 4223 S.
1685 4169 1880 4224 Wille-

269 4272 435 4326 halm.
487 4271 540 4324 S.
591 4265 856 4322 Hunurid.
889 4264 921 4317 S
988 4261 1279 4336 Engilmar.
1316 4261 1369 4315 S.
1401 4259 1602 4313 Wezzi.
1636 4259 1690 4314 S.
1718 4259 1884 4334 Pilgi-

273 4363 394 4416 rim.
426 4361 480 4415 8.
511 4357 856 4413 Gundachar.
890 4354 944 4409 S.
968 4353 1180 4408 Cadolt.
1215 4352 1308 4406 Isti
1332 4351 1401 4405 de
1435 4350 1717 4421 provincia
1739 4350 1888 4406 Nori-

275 4468 464 4508 corum
489 4451 616 4518 (62).

1956 3283 2158 3337 scepus
2189 3265 2473 3320 Heinricus
2503 3281 2626 3319 cum
2661 3281 2727 3319 eo
2774 3265 3056 3334 pervenit:
3116 3281 3356 3334 cumque
3389 3264 3463 3317 ibi
3489 3280 3594 3333 pu-

1959 3373 2066 3429 gna
2105 3371 2228 3410 cum
2279 3353 2599 3407 Sarracenis
2632 3358 2908 3426 ageretur.
2947 3351 3202 3420 plurimis
3234 3351 3308 3405 ibi
3341 3368 3409 3406 ex
3431 3359 3586 3405 utra-

1961 3468 2069 3522 que
2094 3457 2244 3521 parte
2276 3449 2493 3514 occisis,
2521 3448 2631 3501 heu
2658 3445 2845 3502 dolor!
2878 3446 2994 3500 sive
3035 3453 3246 3516 captus,
3280 3446 3394 3499 sive
3427 3445 3583 3500 occi-

1975 3555 2086 3605 sus,
2135 3537 2299 3592 etiam
2332 3536 2404 3590 ibi
2439 3535 2742 3589 remansiit.
2789 3534 2963 3604 Supra
3009 3533 3234 3588 modum
3279 3542 3363 3588 cst
3391 3533 3602 3588 lamen-

1977 3629 2201 3686 tandum
2238 3626 2474 3698 perditio
2505 3626 2647 3696 ejus,
2676 3625 2808 3697 quia
2835 3625 2986 3679 locus
3012 3625 3133 3693 ejus
3156 3641 3187 3678 a
3213 3624 3432 3679 clericis
3457 3624 3596 3691 suis,

1977 3729 2030 3776 et
2052 3717 2378 3792 prepinquis
2399 3718 2720 3790 etcognatis
2737 3726 2789 3771 et
2811 3716 3007 3770 amicis
3040 3715 3272 3770 inveniri
3301 3723 3356 3770 et
3385 3715 3594 3771 visitari

1977 3833 2085 3871 non
2116 3822 2311 3887 potest.
2347 3813 2719 3868 Periculosum
2742 3822 2827 3868 est
2856 3812 3013 3868 valde
3054 3813 3339 3868 decretum
3369 3812 3464 3867 Dei
3495 3829 3596 3883 per

1974 3924 2103 3964 suos
2144 3915 2362 3963 sanctos
2419 3905 2717 3960 revelatum
2776 3905 3103 3976 supergredi
3161 3915 3216 3959 et
3265 3905 3596 3976 prophetias

1975 4017 2265 4072 Spernere,
2291 3999 2510 4053 dicente
2542 3997 2814 4068 scriptura
2840 4015 2852 4050 :
2893 3998 3165 4067 Spiritum
3191 3998 3357 4052 nolite
3386 3999 3600 4051 exstin-

1986 4113 2163 4166 guere,
2183 4097 2495 4166 prophetias
2522 4095 2680 4149 nolite
2700 4110 2952 4165 spernere
2979 4096 3019 4162 (1
3046 4095 3228 4148 Thess.
3252 4093 3346 4162 v.).
3367 4092 3605 4147 Weren-

1987 4190 2169 4244 harius
2199 4195 2377 4242 autem
2411 4196 2600 4258 postea
2631 4186 2699 4240 ab
2745 4186 3078 4257 imperatore
3138 4186 3511 4258 interrogatus
3552 4185 3599 4238 si

1984 4282 2361 4351 episcopatum
2394 4279 2643 4349 accipere
2675 4277 2857 4341 vellet,
2888 4278 3028 4331 sicut
3060 4287 3283 4332 sanctus
3318 4277 3604 4331 Udalricus

1985 4377 2147 4424 antea
2169 4369 2430 4434 decrevit,
2466 4368 2558 4439 qui
2592 4383 2716 4421 cum
2746 4365 2923 4420 adhuc
2955 4375 3102 4420 esset
3123 4382 3290 4420 sanus
3308 4373 3363 4420 et
3394 4365 3606 4420 incolu-

1991 4463 2116 4526 mis,
2142 4462 2429 4532 respondit
2458 4477 2516 4516 se
2542 4460 2683 4514 ultra
2713 4461 2859 4515 hunc
2897 4458 3275 4529 episcopatum
3319 4474 3428 4514 non
3468 4459 3611 4513 velle

345 4547 435 4601 13ῐὶ
479 4552 657 4600 autem
697 4541 765 4596 de
814 4537 1097 4610 υτονίηοίε
1152 4535 1598 4589 Alamannorum“
1655 4533 1958 4618 SignumD
1985 4557 2256 4625 accipere.
2293 4555 2416 4608 Post
2462 4551 2954 4607 contradictionem
2988 4558 3172 4605 autem
3231 4550 3606 4621 episcopatus,

273 4643 614 4699 Werenhere
662 4639 960 4693 advocatus
1011 4633 1104 4705 qui
1164 4632 1306 4686 hanc
1361 4630 1711 4685 traditionem
1763 4647 1885 4684 cum

278 4752 443 4792 manu
476 4729 737 4787 Gerhardi
793 4723 1070 4796 praepositi
1114 4720 1344 4790 accepit.
1380 4719 1434 4772 S.
1492 4717 1778 4788 Histipold.
1833 4719 1886 4772 S.

281 4825 568 4884 Gotebold.
633 4823 686 4876 8.
742 4818 1032 4890 Reginhar.
1093 4814 1148 4867 S.
1205 4811 1459 4882 Suidger.
1517 4809 1571 4862 S.
1619 4809 1781 4862 Aribo
1831 4809 1887 4864 S.

282 4916 445 4972 Vrolf.
480 4914 635 4967 Anno
658 4903 1056 4964 incarnationis
1086 4901 1302 4956 Domini
1356 4899 1524 4954 nostri
1555 4899 1686 4953 Jcsu
1748 4898 1896 4952 Chri-

282 5011 348 5066 sti
379 4981 802 5078 nongentcsimo
829 4995 1188 5071 octogesimo,
1221 4992 1528 5046 lndictione
1555 5007 1669 5055 vni,
1703 5007 1751 5044 iv
1780 4991 1894 5044 No-

286 5121 384 5159 nas
414 5099 630 5164 Octob.,
662 5103 715 5150 et
742 5111 808 5149 xx
849 5092 952 5163 (63')
987 5089 1076 5144 die
1107 5088 1275 5143 Jovis.
1330 5087 1438 5160 Ego
1469 5084 1638 5159 igitur
1669 5084 1900 5138 Gerhar-

288 5194 390 5247 dus
420 5189 682 5262 indignus
711 5184 996 5257 presbyter
1043 5177 1226 5235 notavi
1259 5177 1405 5231 diem
1448 5180 1501 5229 et
1546 5189 1750 5228 annum
1808 5171 1900 5226 His

365 5388 472 5453 (62)
519 5381 676 5437 Aliud
722 5379 1009 5453 exemplar
1041 5377 1157 5430 haec
1184 5373 1436 5453 nomina
1467 5371 1680 5453 h_abet_:_
1724 5371 1900 5453 Eticli,

294 5442 584 5522 Adulbero,
615 5454 796 5513 Jucob,
830 5442 1213 5509 Manilium-rt,
1253 5445 1583 5522 l‘filichalm,
1634 5442 1901 5522 Hunfritl,

291 5514 599 5597 Engilmar,
651 5525 901 5597 Werzzi,“
927 5521 1204 5597 P1_71._e_grt'_m,
1230 5590 1241 5597 _
1271 5518 1647 5597 Gundecltqr,“
1692 5514 1902 5597 Clitio“,

301 5587 600 5665 Wight/tere,
631 5594 921 5654 Gerha-rdi,
971 5590 1262 5657 Hittebold,
1305 5589 1575 5653 Gotebold,
1607 5587 1903 5654 Reginhar,

1991 4652 2099 4698 uta
2128 4641 2398 4696 ministris
2424 4641 2544 4708 ejus
2567 4640 2830 4710 comperi.
2862 4639 3049 4709 paucis
3067 4638 3219 4694 horis
3244 4639 3608 4710 interpositis,

1992 4734 2258 4791 infirmari
2289 4734 2455 4804 C(Bpit
2483 4741 2537 4788 et
2564 4734 2632 4787 ad
2661 4733 2898 4807 Luggam
2922 4731 3084 4786 vitam
3108 4730 3310 4800 ﬁnivit,
3342 4738 3616 4802 etcorpus

1993 4833 2115 4899 ejus
2137 4836 2408 4900 portatum
2423 4836 2506 4882 est
2520 4844 2692 4899 usque
2707 4827 2775 4882 ad
2790 4834 3036 4882 sanctum
3051 4826 3339 4880 Dominum
3351 4867 3364 4892 ,
3380 4825 3620 4881 ethonoo

1999 4919 2150 4973 rificc
2178 4924 2259 4972 est
2281 4917 2578 4988 sepultum.
2613 4917 2734 4972 Otto
2751 4925 2935 4971 autem
2960 4916 3067 4970 dux
3091 4915 3253 4970 etiam
3274 4915 3343 4968 ad
3374 4914 3618 4988 Luggam

1999 5010 2292 5065 defunctus
2321 5019 2427 5072 est,
2459 5016 2513 5063 et
2543 5026 2573 5063 a
2615 5008 2730 5062 suis
2762 5024 2932 5079 super
2964 5016 3223 5062 montana
3255 5013 3524 5078 portatus,
3556 5015 3616 5060 ut

1999 5115 2173 5170 usque
2187 5099 2254 5151 ad
2268 5096 2703 5170 Aschaﬂ'enburg
2717 5098 3031 5169 perductus,
3044 5113 3166 5152 cum
3186 5111 3384 5168 magno
3406 5097 3616 5151 honore

1999 5199 2054 5245 et
2081 5188 2659 5244 nimialamentatione
2693 5187 2770 5241 ibi
2799 5196 2954 5244 terra:
2975 5187 3391 5272 commendatus
3407 5194 3507 5241 est.

2005 5369 2254 5436 Suidger.
2287 5367 2487 5430 Arebo,
2526 5367 2700 5432 Vrolf.
2743 5367 2870 5420 Dies
2909 5376 2963 5423 et
2994 5385 3173 5424 annus
3210 5385 3321 5425 non
3352 5375 3434 5423 est
3464 5366 3625 5422 ascri-

2007 5449 2146 5510 ptus.
2204 5439 2308 5492 Sed
2343 5444 2396 5510 et
2425 5438 2506 5490 has
2554 5436 2958 5510 appellationes
2998 5441 3231 5496 inversas
3261 5449 3409 5506 sunt,
3437 5440 3523 5495 isti
3555 5439 3624 5492 de

2008 5506 2287 5582 provincia
2312 5509 2756 5582 Alamannorum,
2789 5506 2877 5582 isti
2901 5519 3084 5564 autem
3109 5512 3178 5565 de
3211 5513 3555 5569 Noricorum.

2079 5583 2186 5655 (63)
2214 5586 2282 5638 Et
2312 5597 2379 5636 xx
2409 5579 2624 5637 videtur
2653 5576 2951 5630 delendum
