3978 6214
393 350 416 404 1
426 349 534 404 059

1468 336 1522 391 S.
1565 327 1871 388 UDALRlCl
1911 326 2278 385 AUGUSTANI
2322 330 2634 389 EPISCOPI.

3590 349 3723 406 1060

1106 544 1891 650 MIBACULA
2000 541 2101 639 S.
2199 545 2955 653 UDALRICI.

457 796 493 849 1.
539 794 666 849 Post
695 793 1236 848 commendationem
1298 790 1523 862 pretiosi
1578 787 1825 843 thesauri
1856 785 1995 839 sacri
2023 784 2075 851 Α
2102 786 2298 841 collem
2332 789 2425 859 qui
2453 790 2656 845 dicitur
2682 792 2952 848 Perilcich
3008 797 3241 862 veniret,
3274 814 3305 853 a
3350 799 3507 855 febre
3532 804 3733 858 acriter

383 885 631 955 corporis
651 883 909 948 Udalrici,
944 883 1206 953 tapetium
1240 880 1493 950 sepulcro
1524 878 2000 949 super-ponebatur

385 981 439 1028 et
470 974 751 1027 assiduum
785 972 971 1025 lumen
998 971 1311 1041 appositum
1340 970 1459 1023 sine
1484 968 1888 1022 intermissione
1916 982 2006 1019 ar-

390 1061 575 1115 debat.
634 1060 863 1125 Quidam
896 1068 1078 1113 autcm
1126 1058 1416 1113 custodum
1450 1058 1736 1111 ardentem
1782 1071 2003 1110 cereum

386 1156 609 1209 incaute
624 1154 966 1225 posuitjuxta
977 1153 1319 1223 sepulcrum;
1347 1168 1457 1224 quo
1477 1153 1793 1215 recedente,
1816 1166 2006 1205 cereus

385 1252 588 1308 cecidit
624 1252 680 1305 in
719 1262 1090 1307 transversum
1139 1267 1307 1321 super
1352 1250 1618 1319 tapetium
1651 1248 1912 1319 sepulcri,
1955 1254 2009 1302 et

386 1347 588 1401 ardens
612 1346 1111 1417 permansitdonec
1144 1346 1233 1400 illa
1264 1362 1389 1416 pars
1417 1346 1561 1399 cerei
1583 1361 1707 1415 quze
1739 1360 1909 1414 super
1929 1351 2010 1397 ta-

389 1441 837 1511 petiumjacebat
877 1440 945 1494 ab
980 1440 1107 1514 igne
1150 1440 1617 1501 consumebatur;
1657 1445 1711 1493 et
1752 1454 1875 1492 cum
1910 1456 2008 1491 an-

388 1531 579 1586 teriori
613 1538 768 1601 parte
802 1530 990 1600 tapetii
1025 1547 1145 1600 qua:
1177 1530 1431 1600 sepulcro
1465 1529 1747 1584 eminebat
1777 1529 2011 1595 conjun-

388 1629 507 1677 ctus
526 1622 766 1683 arderet,
799 1630 853 1676 et
877 1622 1149 1675 flammam
1178 1638 1392 1675 sursum
1423 1638 1521 1691 per
1550 1621 1813 1690 tapetium
1847 1620 2008 1674 emit-

388 1722 551 1780 teret,
606 1723 790 1769 custos
847 1714 1091 1780 advenit,
1148 1722 1202 1768 et
1260 1714 1364 1767 hoc
1418 1714 1613 1767 videns
1658 1713 2011 1767 tremefactus

387 1804 690 1873 obstupuit,
724 1812 779 1858 et
806 1804 952 1875 quod
977 1804 1157 1858 adhuc
1180 1805 1500 1858 remanebat
1531 1804 1600 1858 de
1625 1820 1786 1858 cereo
1812 1804 2013 1858 timens

387 1892 630 1957 abstulit,
692 1894 1073 1964 tapetiumque
1129 1894 1363 1948 sollicite
1418 1893 1655 1963 inspexit
1698 1892 1744 1945 si
1777 1894 1844 1946 ab
1886 1892 2011 1965 igne

391 1987 604 2060 aliquid
635 1987 951 2051 laederetur,
976 1987 1267 2059 vestigium
1297 1988 1442 2057 ignis
1474 1987 1541 2041 de
1570 1988 1815 2040 minimis
1850 1986 2011 2041 micis

395 2077 572 2131 cereis
602 2076 833 2139 invenit,
866 2093 1033 2130 unum
1074 2092 1203 2131 vero
1260 2077 1433 2146 pilum
1466 2076 1519 2130 in
1551 2075 1842 2145 superficie
1873 2083 1926 2130 et
1955 2076 2010 2129 in
2044 2110 2095 2178 Β

391 2170 563 2224 latere
591 2168 828 2239 sepulcri
870 2168 923 2222 in
954 2168 1160 2238 tapetio
1189 2174 1443 2222 exustum
1485 2167 1733 2222 invenire
1763 2182 1872 2220 non
1908 2183 2014 2236 po-

393 2264 514 2319 tuit.
565 2264 675 2319 Hoc
705 2263 1025 2318 miraculum
1057 2280 1180 2318 cum
1223 2262 1486 2333 magistro
1527 2277 1627 2317 suo
1655 2268 1709 2316 et
1749 2261 2013 2315 fratribus

395 2352 693 2416 nuntiaret,
740 2358 795 2406 et
820 2351 1110 2422 vestigium
1155 2351 1300 2405 cerei
1348 2357 1695 2414 monstraret,
1746 2357 1797 2404 et
1830 2359 2011 2403 tamen

392 2441 659 2511 tapetium
690 2440 920 2495 illaesum
947 2440 1287 2503 ostenderet,
1330 2438 1698 2494 admiratione
1729 2445 1782 2493 et
1807 2439 2011 2513 gaudio

393 2529 590 2600 repleti
620 2530 788 2584 Deum
814 2528 1470 2601 omnesglorificavcrunt
1497 2536 1550 2583 et
1578 2536 1825 2583 sanctum
1856 2527 2018 2583 Udal-

394 2623 592 2677 ricum.

467 2711 532 2765 ll.
565 2710 820 2777 Quamvis
850 2710 1029 2765 adhuc
1061 2710 1270 2765 nullum
1302 2710 1439 2764 inibi
1476 2718 1665 2781 aperte
1699 2710 1817 2765 fieri
1847 2710 2018 2765 mira-

394 2801 576 2858 culum
608 2801 1027 2872 comperiretur,
1056 2801 1345 2872 utriusque
1378 2818 1541 2856 sexus
1577 2801 1801 2856 familize
1833 2801 2021 2855 multi-

392 2890 528 2946 tudo
574 2889 783 2963 jugiter
842 2888 1157 2959 pavimento
1198 2898 1488 2957 prostrata,
1542 2890 1801 2959 positioni
1842 2889 2017 2944 sancti

391 2983 641 3052 corporis
679 2982 959 3047 adjuncta,
993 2982 1344 3037 necessitatis
1374 3000 1487 3037 suae
1532 2983 1790 3056 suffragia
1821 3000 2011 3055 preca-

392 3072 573 3133 batur,
598 3069 1135 3140 deprebendensque
1152 3069 1202 3123 ei
1228 3070 1400 3126 multa
1431 3072 1744 3144 omnigenm
1766 3087 2016 3127 commo-

391 3159 581 3214 ditatis
627 3157 834 3212 auxilia
867 3157 995 3211 inde
1049 3158 1297 3224 evenire,
1353 3160 1700 3231 frequentius
1755 3163 2014 3217 eumdem

391 3247 561 3318 coepit
585 3246 809 3301 visitare
830 3246 1029 3302 locum.
1063 3246 1251 3319 Itaque
1281 3264 1404 3303 cum
1435 3248 1503 3302 ab
1536 3250 1854 3305 assiduitate
1882 3250 2016 3305 visi-

389 3339 645 3405 tantium,
674 3337 903 3393 Domino
941 3338 1304 3405 concedente,
1338 3339 1590 3410 plurimis
1618 3341 1711 3396 ille
1741 3357 2018 3398 commen-

390 3434 611 3488 daretur
632 3430 985 3497 locus,venit
1015 3431 1240 3502 quidam
1282 3432 1448 3488 homo
1488 3434 1557 3487 de
1591 3434 1873 3503 provincia
1905 3435 2012 3490 No-

394 3526 653 3590 ricorum,
696 3525 920 3579 nomine
974 3524 1383 3599 Reginwalech,
1428 3527 1522 3598 qni
1590 3527 1806 3602 integro
1865 3544 2013 3583 anno

393 3614 547 3672 febre
587 3616 844 3690 fatigatus
874 3616 940 3669 ad
966 3615 1191 3670 nimiam
1222 3615 1599 3671 infirmitatem
1622 3618 1912 3684 deductus,
1942 3620 2010 3674 ad

392 3708 729 3764 Wicfredum
764 3708 1121 3779 praepositum
1153 3708 1402 3777 ejusdem
1434 3708 1540 3764 loci
1572 3710 1742 3776 venit,
1774 3710 2013 3767 interro-

394 3815 532 3873 gans
555 3814 680 3852 eum
703 3797 748 3851 si
779 3798 1001 3868 aliquod
1031 3797 1375 3853 liberationis
1406 3816 1519 3853 suae
1542 3800 2009 3855 medicamentum

394 3886 445 3941 ei
485 3885 729 3940 indicare
751 3885 1035 3956 potuisset.
1069 3886 1170 3949 Qui
1203 3886 1568 3957 respondens,
1597 3887 1767 3942 dixit:
1802 3913 1827 3935 ιι
1864 3888 2009 3943 Vade

395 3988 450 4034 et
475 3977 700 4051 acquire
731 3978 828 4032 tibi
868 3977 1147 4043 baculum,
1178 3985 1231 4033 et
1262 3988 1418 4048 porta
1449 3996 1576 4035 eum
1602 3981 1670 4035 ad
1695 3982 2011 4053 sepulcrum

394 4072 605 4127 domini
634 4072 742 4128 mei
773 4072 947 4126 sancti
982 4070 1219 4127 Udalrici
1252 4087 1350 4142 pro
1389 4073 1654 4143 sospitate
1684 4080 1794 4129 tua.
1843 4096 1863 4125 ι
1910 4076 2011 4140 Qui

393 4163 682 4218 ambulans
720 4160 849 4215 inde
878 4160 1119 4215 concidit
1174 4160 1278 4215 sibi
1328 4161 1586 4216 baculum
1631 4162 1701 4216 de
1734 4163 1881 4235 ligno
1922 4163 2012 4218 bi-

392 4252 671 4317 dullaneo,
702 4258 757 4305 et
777 4250 1008 4321 portavit
1034 4264 1162 4305 eum
1194 4250 1264 4304 ad
1296 4249 1586 4320 praefatum
1622 4253 2006 4323 praepositum.

393 4348 491 4413 Qui
517 4347 805 4401 ambulans
834 4361 956 4400 cum
997 4360 1063 4401 eo
1095 4344 1249 4399 duxit
1280 4360 1407 4399 eum
1440 4345 1508 4399 ad
1539 4354 1788 4401 sanctum
1818 4348 2010 4418 sepul-

391 4455 567 4507 crum,
590 4445 645 4493 et
674 4437 997 4493 monstravit
1034 4437 1083 4491 ei
1124 4435 1378 4491 baculum
1412 4452 1623 4507 ponere
1656 4453 1824 4510 super
1849 4438 2008 4493 illud.

392 4528 651 4585 Oratione
683 4528 847 4582 etiam
879 4520 1202 4581 cleric'orum
1234 4525 1429 4591 fretus,
1460 4532 1514 4580 et
1542 4527 1791 4582 doctrina
1818 4543 2008 4583 eorum

390 4620 447 4673 in
488 4618 597 4674 fide
646 4617 1005 4682 confortatus,
1059 4618 1254 4672 eadem
1314 4618 1446 4673 hora
1477 4634 1508 4672 a
1546 4617 1698 4674 febre
1743 4618 2010 4677 liberatus

390 4712 614 4767 sanitati
645 4709 936 4766 manifeste
960 4709 1210 4765 redditus
1241 4719 1343 4765 est.
1698 4724 1701 4727 ‘

463 4803 669 4859 Eodem
696 4818 827 4858 vero
878 4808 1127 4872 tempore
1176 4802 1232 4855 in
1287 4799 1405 4855 istis
1437 4800 1759 4874 regionibus
1816 4804 2007 4861 incre-

392 4896 577 4951 dibilis
634 4894 929 4951 multitudo
962 4894 1293 4965 populorum
1347 4893 1598 4950 febribus
1654 4895 2006 4972 fatigabatur.

391 4988 649 5054 Quicum
702 4987 957 5042 audirent
987 4984 1272 5057 praefatum
1316 4987 1598 5042 hominem
1639 4989 1707 5043 ad
1759 4998 2009 5047 sanctum

388 5082 722 5153 sepulcrum,
769 5083 914 5137 sicut
939 5080 1187 5152 praedixi,
1231 5080 1398 5135 fuisse
1440 5080 1756 5149 liberatum,
1786 5083 2010 5155 quidam

390 5186 516 5226 cum
548 5171 778 5238 baculis,
809 5171 1036 5245 quidam
1066 5171 1230 5226 etiam
1256 5170 1458 5226 additis
1486 5171 1609 5226 aliis
1638 5173 2012 5229 oblationibus

387 5259 790 5316 festinaverunt
832 5278 930 5333 pro
962 5261 1195 5317 sanitate
1241 5276 1340 5314 sua
1387 5269 1635 5316 sanctum
1669 5262 1890 5317 visitare
1920 5280 2013 5318 se-

388 5350 664 5421 pulcrum.
691 5351 793 5415 Qui
814 5367 1028 5419 omnes,
1057 5350 1430 5421 undecunque
1461 5351 1735 5419 venirent,
1764 5351 2017 5407 celeriter

386 5439 608 5496 sanitati
639 5428 1094 5497 restituebantur.

458 5537 548 5592 lll.
585 5536 817 5602 Quidam
847 5539 915 5593 de
972 5534 1183 5592 familia
1232 5542 1435 5590 sanctae
1464 5536 1663 5601 Marize,
1716 5536 2007 5591 llisenbart

389 5632 510 5704 [al.,
542 5632 814 5702 lsenhart]
847 5634 1094 5699 nomine,
1135 5644 1309 5683 unum
1338 5630 1406 5686 de
1449 5633 1659 5688 baculis
1689 5634 1783 5705 qui
1815 5633 1883 5686 ad
1913 5648 2006 5687 se-

386 5721 635 5789 pulcrum
679 5720 750 5774 de
780 5719 1013 5777 infirmis
1052 5716 1440 5791 portabantur,
1489 5722 1636 5789 tulit,
1677 5730 1729 5777 et
1783 5736 1911 5776 eum
1950 5721 2006 5775 in

390 5823 556 5863 manu
586 5806 884 5879 portando,
935 5809 1063 5863 inde
1098 5800 1385 5858 ambulare
1412 5809 1611 5877 coepit:
1657 5823 1895 5878 cumque
1937 5810 2005 5862 ad

2041 3482 2171 3571 Cdi

2023 4849 2082 4918 D

2108 873 2319 947 fatigari
2352 879 2537 947 cu-pit.
2566 878 2719 935 Tune
2752 883 3103 951 persentiens
3133 902 3231 956 pro
3256 903 3367 958 quo
3394 896 3550 945 reatu
3586 890 3734 945 infir-

2110 963 2282 1019 mitati
2317 969 2738 1036 concederetur,
2770 989 3056 1044 regressus
3086 975 3152 1029 ad
3186 977 3525 1046 sepulcrum,
3561 980 3734 1033 bacu-

2111 1050 2222 1104 lum
2259 1054 2497 1109 restituit
2525 1057 2576 1109 in
2604 1057 2784 1113 locum
2816 1060 2913 1115 ubi
2942 1078 3068 1117 eum
3097 1063 3242 1125 tulit,
3269 1072 3577 1138 votumque
3612 1067 3739 1123 fecit

2111 1152 2169 1195 ut
2224 1144 2363 1197 ultra
2398 1146 2604 1199 nullum
2649 1148 2777 1202 inde
2825 1150 3044 1206 auferre
3075 1162 3459 1222 prmsumeret,
3494 1165 3739 1229 votoque

2112 1246 2334 1304 peracto
2367 1255 2396 1290 a
2426 1239 2581 1294 febre
2608 1241 2873 1296 dimissus
2906 1252 3010 1300 est.

2184 1325 2265 1379 ιν.
2304 1327 2375 1378 De
2408 1332 2835 1400 congregatione
2859 1333 3071 1389 Sanctze
3097 1337 3234 1391 Afrae
3255 1340 3546 1411 presbyter
3570 1357 3743 1409 unus,

2112 1417 2347 1490 Adelger
2378 1421 2709 1487 nominatus,
2747 1425 2866 1479 tulit
2904 1426 2971 1480 de
3003 1428 3262 1498 sepulcro
3303 1431 3444 1486 duos
3493 1433 3747 1489 bacellos

2112 1515 2393 1581 speriosos
2411 1517 2477 1569 ad
2492 1516 2814 1585 videndum,
2830 1528 2881 1575 et
2897 1531 3055 1592 aptos
3070 1524 3125 1577 in
3150 1526 3409 1582 manibus
3427 1528 3494 1581 ad
3519 1537 3749 1599 portan-

2113 1605 2265 1669 dum,
2299 1608 2799 1666 etsuiobliviscens
2827 1615 3064 1681 portavit
3089 1631 3185 1670 eos
3214 1617 3267 1670 in
3300 1618 3523 1672 domum
3557 1636 3744 1674 suam.

2116 1692 2302 1764 ibique
2336 1713 2456 1749 cum
2489 1699 2746 1764 sedisset,
2781 1701 2979 1755 invasit
3008 1719 3133 1756 eum
3163 1706 3417 1761 oscitatio
3449 1708 3648 1761 crebra
3692 1715 3749 1763 et

2113 1781 2430 1853 obripilatio
2471 1788 2612 1840 cutis
2673 1789 2931 1857 maxima,
2963 1798 3018 1845 et
3056 1793 3243 1847 omnia
3297 1797 3545 1851 membra
3574 1798 3748 1852 taedio

2114 1886 2378 1948 occupata
2411 1892 2559 1946 sunt,
2596 1883 2667 1937 ita
2698 1892 2755 1938 ut
2786 1886 3042 1942 virtutem
3098 1890 3352 1957 sedendi,
3399 1908 3581 1965 neque
3622 1911 3751 1948 am—

2116 1969 2362 2037 bulandi,
2397 1988 2498 2027 nec
2528 1976 2720 2029 saltem
2746 1978 2967 2044 jacendi
3009 1987 3134 2050 apte
3189 1997 3298 2037 non
3337 1985 3610 2042 potuisset
3637 1987 3751 2041 ha-

2124 2059 2273 2116 bere.
2319 2064 2417 2128 Qui
2452 2065 2595 2121 inter
2622 2070 2984 2140 semetipsum
3016 2072 3289 2128 aestimare
3311 2076 3479 2147 ccepit
3503 2094 3601 2148 pro
3633 2095 3748 2150 qua

2124 2165 2181 2202 re
2214 2159 2321 2204 tam
2354 2152 2535 2207 subita
2565 2155 2841 2211 solutione
2894 2160 3266 2216 membrorum
3308 2174 3651 2237 gravaretur,
3690 2175 3747 2222 et

2114 2254 2347 2312 surgens
2376 2243 2525 2296 venit
2553 2244 2621 2297 ad
2656 2244 2988 2301 Wicfredum
3018 2251 3397 2319 praepositum,
3426 2260 3481 2307 et
3512 2254 3747 2309 nuntia-

2114 2332 2189 2385 vit
2221 2332 2298 2385 illi
2326 2342 2583 2389 eventum
2616 2338 2711 2391 rei.
2743 2338 2840 2394 Cui
2872 2341 2962 2396 ille
2994 2343 3166 2398 dixit:
3202 2365 3226 2394 α
3260 2345 3336 2399 Tu
3368 2361 3437 2399 ne
3471 2346 3609 2401 istos
3637 2346 3748 2401 ba-

2115 2422 2566 2480 cellosdesancto
2583 2428 2837 2496 sepulcro
2853 2432 3104 2485 tulisti?»
3132 2434 3409 2498 Quidixit:
3440 2457 3457 2483 ι
3492 2436 3691 2492 ltafeci
3722 2460 3747 2488 ι)

2126 2538 2148 2559 ι-
2187 2515 2424 2581 Festina,
2449 2518 2623 2589 inquit
2652 2519 2766 2586 ille,
2800 2538 3069 2593 reponere
3089 2541 3186 2580 eos
3215 2526 3269 2579 in
3305 2526 3483 2582 locum
3505 2544 3693 2584 suum.
3722 2551 3746 2580 ο

2125 2606 2231 2662 Hoc
2251 2624 2375 2663 cum
2403 2610 2600 2665 factum
2636 2612 2849 2679 fuisset,
2881 2616 3034 2670 omni
3063 2617 3512 2675 incommoditate
3540 2636 3759 2692 corpo-

2122 2701 2195 2755 ris
2225 2702 2428 2775 fugata,
2465 2707 2750 2778 presbyter
2778 2709 3089 2778 confestim,
3118 2713 3339 2769 sanitati
3368 2715 3616 2783 pristinae
3661 2733 3754 2772 ie-

2121 2794 2340 2848 stitutus
2370 2805 2473 2851 est.
3784 2792 3790 2798 ε

2193 2885 2252 2939 ν.
2287 2886 2613 2961 Quicunque
2643 2891 2804 2946 etiam
2837 2893 2907 2948 de
2943 2895 3300 2951 multitudine
3330 2896 3482 2971 vulgi
3534 2898 3605 2953 de
3644 2916 3747 2970 ap-

2121 2982 2353 3048 portatis
2385 2982 2598 3038 baculis
2628 2986 2682 3039 in
2723 3003 2921 3043 manus
2951 3005 3079 3044 suas
3110 2998 3461 3061 acceperunt,
3503 3002 3564 3048 ut
3596 2994 3753 3050 inter

2116 3086 2269 3127 sacra
2303 3077 2561 3131 mvsteria
2599 3094 2659 3133 se
2699 3095 2867 3149 super
2904 3097 3001 3137 eos
3044 3082 3397 3151 inclinarent,
3431 3091 3485 3140 et
3525 3085 3751 3142 facilius

2118 3160 2285 3217 finem
2311 3165 2558 3235 mysterii
2587 3176 2989 3238 exspectarent,
3028 3174 3319 3243 repentina
3350 3175 3636 3231 invasione
3658 3176 3749 3232 fe-

2118 3251 2230 3305 bris
2270 3254 2510 3323 quassati
2537 3265 2684 3323 sunt,
2718 3268 3112 3332 compertaque
3152 3278 3319 3318 causa
3365 3272 3614 3332 eventus,
3649 3282 3751 3321 re-

2113 3340 2274 3410 jectis
2300 3342 2511 3398 baculis
2542 3346 2737 3400 eadem
2769 3348 2904 3403 hora
2926 3350 3141 3407 liberati
3172 3359 3321 3407 sunt.

2190 3429 2275 3486 Vl.
2311 3431 2401 3485 His
2450 3434 2672 3489 casibus
2723 3436 3019 3512 divulgatis
3053 3480 3068 3501 ,
3125 3448 3179 3495 et
3230 3442 3286 3495 in
3338 3442 3589 3497 notitiam
3636 3459 3751 3498 un—

2177 3533 2285 3589 que
2339 3521 2584 3575 omnium
2644 3523 2917 3591 deductis,
2973 3528 3157 3583 nullus
3222 3531 3596 3599 pmsumebat
3653 3534 3747 3587 vel

2117 3612 2405 3667 minimum
2457 3614 2729 3670 bacellum
2774 3618 2892 3673 sine
2932 3619 3155 3675 licentia
3201 3621 3330 3676 inde
3365 3622 3627 3686 auferre;
3683 3633 3744 3680 et

2118 3702 2244 3759 ideo
2292 3711 2442 3760 tanta
2493 3707 2785 3764 multitudo
2834 3710 3152 3766 baculorum
3216 3714 3474 3781 excrevit,
3532 3722 3592 3769 ut
3658 3714 3747 3769 fa-

2115 3796 2219 3849 cile
2274 3796 2609 3853 dinumerari
2667 3816 2777 3855 non
2836 3803 3122 3872 potuisset.
3171 3820 3275 3859 nec
3323 3806 3445 3861 sine
3494 3806 3746 3877 impedi-

2116 3891 2301 3940 mento
2338 3886 2392 3939 in
2449 3888 2665 3959 angulis
2708 3890 2956 3945 ecclesiae
2990 3892 3267 3949 collocari.
3324 3894 3479 3949 Unde
3531 3894 3740 3950 factum

2114 3984 2285 4030 estut
2343 3994 2509 4048 super
2552 3979 2736 4035 trabes
2768 3981 3015 4051 ejusdem
3074 3984 3346 4052 ecclesiae,
3396 3986 3493 4040 ubi
3546 3987 3744 4056 sepul-

2113 4083 2265 4123 crum
2322 4070 2490 4125 situm
2536 4081 2640 4139 est,
2696 4085 3052 4143 ponerentur.
3116 4077 3471 4133 Mansionarii
3529 4079 3742 4150 itaque,

2114 4160 2473 4232 praecipiente
2508 4179 2700 4219 eorum
2731 4166 3015 4241 magistro,
3063 4167 3382 4239 frequenter
3415 4185 3513 4224 eos
3551 4170 3621 4223 ad
3653 4170 3743 4227 fo-

2112 4263 2237 4303 cum
2294 4258 2533 4320 portant,
2595 4262 2651 4309 et
2706 4255 2788 4309 eis
2842 4255 3165 4311 ardentibus
3216 4273 3398 4312 ceram
3459 4259 3529 4312 ad
3586 4259 3739 4314 mol-

2110 4341 2284 4400 litiem
2366 4344 2623 4416 redigunt
2676 4345 2743 4400 ad
2831 4348 3090 4403 candelas
3146 4350 3594 4420 multiplicandas
3663 4353 3740 4405 ad

2111 4438 2393 4492 servitium
2451 4439 2564 4494 Dei.
2623 4439 2801 4510 Super
2845 4440 3029 4495 trabes
3077 4448 3262 4496 tamen
3315 4443 3536 4513 plurimi
3591 4459 3743 4499 sem-

2112 4548 2213 4603 per
2264 4533 2647 4600 remanebunt,
2704 4540 2761 4589 et
2818 4535 2872 4588 hi
2925 4535 3018 4606 qui
3053 4550 3149 4590 eos
3202 4536 3573 4606 conspiciunt,
3620 4553 3739 4593 non

2112 4630 2307 4693 putant
2355 4639 2646 4677 numerum
2687 4639 2876 4679 eorum
2920 4624 2976 4677 in
3038 4624 3223 4696 aliquo
3255 4626 3541 4681 minorari.
3591 4626 3739 4682 Sus-

2121 4714 2395 4769 tentacula
2445 4730 2638 4770 eorum
2692 4715 2810 4787 qui,
2863 4716 3040 4789 gratia
3088 4717 3181 4771 Dei
3222 4718 3585 4785 concedente,
3638 4735 3743 4789 per

2111 4802 2307 4857 merita
2342 4803 2517 4857 sancti
2565 4803 2800 4858 Udalrici
2860 4820 2892 4858 a
2935 4805 3166 4859 diversis
3210 4804 3625 4861 infirmitatibus
3656 4809 3742 4863 ibi

2112 4904 2241 4952 sunt
2269 4896 2507 4962 liberati,
2542 4896 2778 4967 plurima
2810 4897 3076 4967 pendent,
3112 4906 3166 4953 et
3204 4899 3435 4953 aliorum
3464 4900 3740 4972 analogiae

2111 4986 2415 5041 secundum
2468 4985 2716 5040 membra
2771 4986 2989 5040 diversa
3040 4984 3434 5041 infirmantium
3484 4986 3739 5062 figuratae

2113 5078 2274 5133 etiam
2326 5078 2577 5148 plurimae
2633 5078 2707 5132 ibi
2743 5077 2917 5132 videri
2958 5083 3206 5147 possunt.
3249 5077 3511 5133 Vehicula
3565 5079 3739 5135 etiam

2111 5182 2303 5224 eorum
2355 5168 2449 5240 qui
2507 5169 2674 5223 carris
2702 5167 3037 5240 superpositi
3080 5167 3404 5223 multimoda
3447 5167 3741 5225 debilitate

2117 5264 2495 5319 membrorum
2543 5264 2722 5318 manci
2763 5263 2893 5317 illuc
2922 5262 3239 5328 veniebant,
3279 5270 3334 5317 et
3382 5262 3435 5315 in
3475 5263 3742 5319 omnibus

2118 5357 2385 5412 membris
2414 5357 2657 5429 perfecta
2704 5356 2936 5410 sanitate
2994 5353 3362 5419 donabantur,
3418 5355 3627 5409 relictis
3661 5355 3740 5411 ibi

2115 5446 2286 5501 carris
2315 5463 2439 5501 cum
2486 5446 2736 5520 tuguriis,
2774 5442 3019 5514 pedestri
3056 5442 3255 5496 itinere
3289 5441 3396 5497 laeti
3424 5441 3736 5512 redierunt,

2115 5540 2241 5590 ante
2270 5534 2416 5588 fores
2448 5532 2693 5587 ecclesiae
2725 5530 2973 5600 conspici
3016 5538 3264 5600 possunt.
3596 5578 3609 5589 ,

2178 5624 2285 5678 VII.
2322 5622 2612 5692 Cujusdam
2645 5636 2776 5677 vero
2802 5620 3052 5675 mulieris
3076 5619 3195 5673 ﬁlia
3217 5619 3271 5672 in
3303 5618 3531 5674 brachio
3558 5618 3616 5673 in
3650 5628 3740 5677 t0-

2107 5724 2221 5771 tum
2263 5712 2468 5769 debilis
2494 5713 2634 5767 facta
2665 5712 2721 5766 in
2772 5726 2914 5784 pago
2958 5710 3321 5777 Geltenstein,
3353 5711 3442 5766 cui
3494 5712 3739 5782 quadam

2108 5815 2271 5863 nocte
2295 5805 2351 5858 in
2379 5804 2589 5858 somnis
2623 5803 2832 5863 dictum
2863 5809 2985 5857 est:
3021 5802 3197 5868 Quare
3228 5800 3396 5857 filiam
3429 5810 3581 5858 tuam
3609 5819 3738 5861 cum
