3978 6214
196 353 336 407 {Mi

1696 342 2050 398 MIRACULA.

3396 357 3534 414 1062

196 491 430 535 tucerna
453 491 564 532 non
587 474 846 546 producis
885 473 952 527 ad
1003 472 1318 543 sepulcrum
1358 471 1535 526 sancti
1576 469 1811 526 Udalrici
1840 469 2251 542 Avulneratam
2303 469 2591 526 lamentari
2641 473 2830 544 cmpit,
2890 475 3065 545 pistor
3123 487 3306 534 autem
3339 482 3395 536 in
3427 481 3536 539 ﬁde

197 590 298 645 pro
329 573 566 627 sanitate
592 587 690 624 sua
719 570 748 622 Ῥ
776 590 805 619 n
823 569 950 634 Quae
975 566 1356 639 expergefacta
1377 565 1652 621 somnium
1680 580 1818 618 nun-

196 666 354 720 tiavit
385 663 509 717 ﬁliae
541 679 674 726 suai,
710 668 762 715 et
801 668 860 714 ut
918 659 1152 713 celerius
1183 657 1362 728 potuit
1392 674 1512 711 eam
1545 656 1674 711 illuc
1695 671 1817 710 cum

199 760 436 814 candela
472 758 750 828 perduxit,
801 765 853 810 et
902 754 1140 824 perfecta
1171 753 1404 807 sanitate
1437 759 1677 822 recepta,
1700 768 1819 805 eam

199 850 336 903 inde
371 849 548 903 laetam
582 847 649 901 ad
685 845 962 916 prOpriam
993 845 1396 914 possessionem
1419 843 1641 898 revexit.

278 943 414 996 Vlll.
448 943 520 995 De
577 941 773 995 eodem
824 955 952 994 vero
1000 954 1140 1011 pago
1201 939 1267 992 de
1317 938 1583 1009 Oppidulo
1611 937 1822 993 Tonin-

200 1051 363 1106 gewe
395 1043 608 1098 vocato,
646 1033 869 1104 quidam
913 1032 1076 1085 homo
1132 1031 1218 1085 cui
1269 1047 1427 1084 aures
1466 1030 1666 1085 clausa:
1697 1039 1827 1084 sunt

204 1136 268 1182 ut
300 1127 438 1181 nihil
468 1127 657 1181 audire
687 1125 976 1196 potuisset,
1003 1134 1056 1178 et
1079 1125 1265 1198 lingua
1296 1124 1481 1198 ligata,
1505 1124 1578 1179 ita
1610 1133 1668 1180 ut
1693 1141 1827 1180 nun-

211 1237 380 1292 quam
413 1219 583 1273 ullum
617 1217 845 1272 verbum
896 1217 1145 1288 proferre
1192 1216 1482 1288 potuisset,
1533 1217 1601 1270 ad
1642 1217 1830 1286 sepul-

201 1329 358 1368 crum
391 1311 562 1365 sancti
591 1311 824 1365 Udalrici
848 1327 877 1364 a
911 1310 1171 1365 fratribus
1195 1311 1310 1366 suis
1341 1310 1611 1365 deductus
1631 1317 1732 1376 est,
1776 1319 1830 1365 et

203 1401 285 1455 ibi
321 1407 627 1471 prostratus
650 1399 744 1453 diu
781 1398 1244 1469 jacuitlacrymas
1291 1397 1574 1452 fundendo
1608 1417 1621 1463 ;
1656 1400 1833 1454 eleva-

205 1502 300 1547 tus
327 1499 508 1546 autem
541 1507 571 1545 a
604 1489 864 1544 fratribus
885 1505 983 1560 per
1014 1489 1204 1543 altaria
1237 1489 1510 1544 deductus
1537 1497 1638 1544 est.
1673 1489 1835 1543 Cum-

210 1597 322 1651 que
355 1580 637 1633 ambulare
694 1579 976 1648 cu-pisset.
1033 1585 1087 1631 et
1144 1577 1455 1648 perveniret
1509 1587 1636 1631 ante
1666 1578 1833 1632 altare

206 1671 388 1725 sancti
421 1670 631 1731 Donati,
665 1669 812 1741 quod
844 1676 926 1722 est
956 1669 1119 1722 situm
1169 1669 1238 1722 ad
1273 1669 1674 1722 occidentalem
1708 1685 1832 1739 par-

209 1775 324 1820 tem
357 1764 622 1829 ecclesia),
656 1763 862 1817 audivit
916 1763 1158 1817 sonitum
1218 1764 1535 1818 canentium
1577 1763 1632 1817 in
1665 1765 1832 1818 choro

210 1851 568 1919 clericorum,
623 1861 676 1905 et
720 1851 934 1905 inﬁrma
975 1852 1154 1906 adhuc
1206 1868 1342 1907 voce
1397 1852 1534 1906 dixit
1573 1852 1832 1906 fratribus
1857 1818 1903 1884 Β

210 1944 332 1997 suis
367 1961 378 1996 :
415 1943 590 1998 «Ecce
607 1943 770 1997 audio
795 1943 1009 2014 etloqui
1040 1959 1284 2014 possum.
1309 1965 1328 1994 1
1354 1944 1593 2009 Quicum
1611 1951 1832 2014 peracto

209 2035 310 2089 Dei
342 2034 648 2089 ministerio
673 2035 786 2089 haec
807 2033 1023 2090 clericis
1053 2036 1471 2100 annuntiarent,
1506 2044 1558 2090 et
1591 2036 1694 2107 ipsi
1737 2053 1834 2090 ve-

213 2127 414 2182 raciter
439 2127 556 2181 haec
596 2127 668 2181 ita
699 2143 818 2181 esse
859 2135 1280 2200 cognoscerent,
1307 2144 1604 2198 campanas
1635 2144 1832 2184 sonare

211 2215 484 2279 fecerunt,
515 2221 567 2268 et
597 2215 699 2285 ipsi
733 2215 787 2269 in
821 2231 1114 2269 commune
1157 2217 1324 2268 Deum
1382 2215 1606 2269 laudare
1639 2232 1831 2286 cmpe-

217 2317 367 2374 runt,
401 2308 830 2380 laudationeque
891 2309 1042 2364 ﬁnita
1074 2326 1197 2364 cum
1241 2310 1483 2380 perfecta
1543 2311 1760 2382 loquela
1782 2318 1836 2366 ct

221 2403 436 2475 integro
468 2401 655 2456 auditu
683 2402 918 2457 donatus
947 2401 1205 2472 praefatus
1239 2401 1487 2456 inﬁrmus
1515 2402 1669 2458 abire
1703 2419 1834 2475 pro-

217 2491 438 2545 meruit.

294 2579 380 2632 1X.
411 2579 480 2632 Ex
509 2578 716 2633 familia
736 2578 986 2649 cpisc0pi
1011 2577 1562 2634 Heinricisimilarius
1588 2580 1834 2651 quidam,

218 2671 508 2726 Luitnotus
549 2671 884 2735 nominatus,
919 2676 1069 2724 reatu
1113 2672 1336 2741 preprio
1365 2673 1598 2745 gratiam
1627 2672 1837 2726 domini

215 2764 302 2818 sui
331 2763 709 2834 perdidit,pro
740 2778 806 2818 eo
828 2763 975 2833 quod
1019 2762 1158 2816 farra
1176 2779 1274 2833 per
1298 2763 1416 2818 loca
1447 2764 1693 2835 epiSCOpi
1729 2765 1835 2818 sibi

217 2854 605 2910 commendata
639 2870 835 2926 magna
895 2855 1168 2909 incautela
1208 2854 1514 2924 dissipavit.
1568 2855 1667 2919 Qui
1712 2872 1834 2910 cum

216 2962 248 3000 a
281 2943 549 2997 ministris
579 2943 827 3014 episcOpi
874 2944 1228 2997 vehementer
1287 2944 1504 2998 territus
1543 2946 1840 2999 maximum

217 3033 474 3086 timorem
526 3031 817 3096 incideret,
875 3031 944 3084 ad
995 3030 1308 3100 sepulcrum
1370 3031 1542 3085 sancti
1603 3032 1839 3086 Udalrici

224 3143 327 3198 pro
356 3125 684 3180 liberatione
717 3126 1060 3179 imminentis
1087 3126 1353 3199 angustize
1405 3126 1572 3180 nudis
1605 3127 1843 3196 pedibus

1921 562 2259 618 confortatus
2297 580 2463 619 sanus
2495 567 2740 621 recessit.

1992 656 2079 712 Xl.
2111 658 2262 712 Alius
2290 666 2468 714 autem
2503 677 2566 714 ex
2640 661 2868 730 familia,
2916 666 3141 720 nomine
3194 667 3539 725 Adelhardus

1927 749 2042 819 [al..
2076 749 2458 822 Adalhardus],
2481 769 2603 807 cum
2629 753 2698 809 de
2729 756 2971 826 Augusta
3000 758 3218 813 civitate
3281 761 3348 814 ad
3378 778 3533 816 suam

1926 839 2269 894 mansionem
2297 857 2420 911 qua:
2438 849 2522 896 est
2536 842 2923 916 sitainoppido
2959 847 3208 922 Eitingen
3233 849 3538 916 nominato,

1929 947 2158 1006 pergere
2180 933 2609 1001 voluisset,ante
2641 945 2850 1007 portam
2867 940 3103 994 civitatis
3118 941 3340 1012 quidam
3374 944 3538 998 homo

1930 1036 2055 1072 eum
2086 1037 2206 1074 cum
2242 1021 2362 1076 aliis
2389 1022 2581 1078 bibere
2615 1025 2843 1099 rogavit.
2868 1026 3109 1098 Cumque
3130 1029 3322 1084 bibere
3342 1032 3543 1102 cuspis-

1929 1121 2073 1179 sent,
2105 1114 2327 1186 quidam
2369 1115 2445 1169 ibi
2488 1119 2823 1174 manentium
2895 1137 2991 1190 pro
3047 1123 3313 1178 charitate
3366 1127 3542 1181 sancti

1933 1202 2169 1256 Udalrici
2191 1205 2485 1274 postulavit
2516 1222 2612 1261 eos
2643 1216 2830 1277 potum
2865 1209 3136 1280 accipere.
3165 1211 3424 1269 Praefatus
3443 1231 3545 1269 au-

1935 1305 2044 1349 tem
2076 1297 2421 1351 Adelhardus
2445 1299 2724 1353 sordidum
2743 1301 2970 1356 verbum
2999 1318 3064 1357 ex
3092 1319 3187 1360 ore
3217 1322 3316 1361 suo
3342 1308 3548 1374 emisit,

1936 1393 1990 1441 et
2011 1387 2269 1456 poculum
2290 1397 2494 1463 rogatae
2514 1391 2795 1446 charitatis
2811 1394 3062 1464 accipere
3096 1397 3549 1470 renuit.Cumque

1937 1479 2218 1548 paululum
2254 1480 2382 1536 inde
2404 1482 2711 1552 recederet,
2746 1484 2803 1537 in
2818 1485 3158 1556 planitievize
3184 1505 3328 1560 equo
3347 1506 3447 1545 suo
3467 1507 3552 1546 ca-

1937 1567 2103 1623 dente
2128 1585 2254 1625 crus
2287 1572 2408 1640 ejus
2447 1573 2677 1630 fractum
2712 1585 2813 1639 est,
2846 1585 2900 1632 et
2928 1578 3000 1632 ita
3039 1580 3107 1633 ad
3141 1597 3294 1634 suam
3323 1582 3546 1637 domum

1935 1679 2056 1716 cum
2080 1663 2267 1720 labore
2283 1665 2553 1722 deductus
2569 1669 2735 1743 longo
2753 1679 3000 1743 tempore
3018 1673 3548 1746 debilispermansit.

1937 1753 2127 1809 Postea
2156 1772 2288 1811 vero
2307 1767 2490 1813 votum
2513 1761 2580 1814 ad
2593 1762 2910 1832 sepulcrum
2936 1767 3109 1820 sancti
3129 1767 3362 1822 Udalrici
3382 1770 3549 1836 vovit,

1935 1858 2008 1914 et,
2034 1849 2143 1904 Deo
2165 1850 2430 1919 donante,
2456 1854 2681 1908 sanitati
2699 1863 2781 1910 est
2799 1858 3162 1925 restitutus,et
3193 1861 3396 1915 deinde
3420 1864 3552 1918 cha-e

1935 1935 2147 1990 ritatem
2169 1955 2333 2010 quam
2365 1949 2528 1996 antea
2575 1944 2785 2014 sprevit
2839 1946 2977 2002 alios
3007 1946 3329 2019 frequenter
3360 1949 3554 2007 bibere
3642 1981 3646 1987 -

1935 2031 2251 2101 postulavit.

2007 2123 2118 2178 Xll.
2175 2125 2233 2178 ln
2288 2125 2515 2196 praefata
2555 2129 2684 2183 villa
2742 2130 2955 2204 Eitinga
3013 2132 3251 2205 quadam
3311 2135 3400 2190 die
3428 2153 3551 2191 cum

1935 2212 2090 2266 multi
2119 2230 2183 2267 ex
2211 2213 2418 2268 familia
2459 2216 2622 2270 simul
2654 2217 2722 2271 ad
2754 2218 3061 2274 bibendum
3111 2221 3167 2274 in
3203 2239 3374 2277 unum
3406 2241 3546 2279 con-

1933 2302 2144 2373 gregati
2177 2300 2426 2368 fuissent,
2458 2303 2557 2358 fuit
2590 2305 2734 2360 inter
2760 2323 2855 2362 eos
2878 2324 3040 2372 unus,
3078 2311 3303 2365 nomine
3341 2312 3550 2368 Walte-

1936 2389 2074 2454 ricli,
2105 2391 2412 2462 discipulus
2443 2393 2724 2463 Wicfredi,
2768 2399 3048 2468 przepositi
3080 2400 3149 2454 de
3182 2401 3380 2456 Sancta
3428 2403 3552 2457 Afra

1937 2482 2052 2552 qui,
2083 2498 2205 2537 cum
2236 2485 2452 2540 audiret
2475 2485 2551 2540 ibi
2586 2489 2864 2557 postulare
2898 2491 3072 2545 sancti
3103 2491 3356 2563 episcopi
3393 2494 3556 2548 Udal-

1938 2576 2392 2647 ricicharitatem,
2435 2580 2666 2651 profano
2731 2598 2827 2638 ore
2877 2585 3034 2655 quasi
3066 2584 3400 2642 insaniendo
3418 2588 3557 2642 stul-

1939 2667 2150 2723 tissime
2181 2669 2393 2726 locutus
2431 2680 2515 2728 est
2547 2690 2561 2726 :
2597 2698 2622 2721 α
2655 2674 2795 2739 Quid
2854 2676 2989 2730 mihi
3045 2678 3270 2746 prodest
3317 2680 3555 2735 charitas

1939 2754 2088 2810 illius
2115 2757 2382 2828 episcopi,
2442 2760 2572 2830 quia
2638 2760 2728 2815 ille
2767 2762 2926 2834 signa
2988 2763 3167 2820 facere
3228 2783 3338 2822 non
3371 2775 3551 2838 potest

1942 2848 2235 2920 plusquam
2268 2867 2412 2905 unus
2435 2853 2589 2907 canis
2620 2851 2648 2896 9
2685 2877 2706 2899 ι·
2740 2854 2836 2910 1110
2867 2857 3036 2911 verbo
3060 2858 3285 2926 emisso,
3334 2860 3555 2916 diabolo

1942 2954 2242 2996 concessus
2281 2943 2556 3015 loquelam
2616 2945 2859 3000 hominis
2891 2949 3092 3012 amisit,
3141 2957 3196 3004 et
3228 2966 3379 3005 more
3407 2954 3560 3006 canis

1944 3033 2180 3091 furendo
2211 3054 2412 3093 sonare
2443 3041 2632 3111 cmpit,
2666 3043 3060 3116 etganniendo
3099 3053 3263 3116 atque
3296 3047 3563 3111 latrando,

1944 3141 2111 3194 parvo
2167 3134 2418 3198 tempore
2479 3132 2721 3197 evoluto,
2777 3135 2884 3189 heu
2921 3134 2934 3188 ι
2978 3135 3370 3192 miserabiliter
3402 3139 3564 3194 vitam

220 3219 478 3283 accessit,
527 3225 581 3272 et
626 3217 702 3270 ibi
753 3217 846 3271 diu
905 3233 1029 3271 cum
1080 3218 1334 3287 lacrymis
1360 3217 1690 3286 adjutorium
1721 3178 1914 3287 ejusC
1945 3219 2138 3276 ﬁnivit.

225 3310 546 3382 postulavit.
582 3310 710 3364 [nde
742 3316 924 3364 autem
945 3325 1066 3364 cum
1095 3316 1476 3377 reverteretur,
1513 3311 1701 3380 paucis
1730 3311 1843 3365 die-

225 3398 712 3468 businterpositis,
785 3396 1000 3451 facilius
1055 3414 1217 3468 quam
1277 3398 1506 3452 credere
1549 3399 1838 3468 potuisset,

225 3493 460 3568 gratiam
495 3493 577 3546 sui
611 3491 819 3547 domini
853 3492 1080 3562 recepit.
1116 3491 1322 3546 Deinde
1354 3491 1408 3544 in
1437 3492 1698 3546 auxilium
1722 3493 1841 3560 ejus

225 3586 464 3640 ﬁrmiter
512 3585 718 3655 ubique
775 3582 1083 3648 conﬁdens,
1145 3582 1200 3636 in
1255 3585 1592 3638 recreationc
1615 3600 1712 3638 sua
1745 3600 1841 3654 pro

225 3691 414 3730 amore
439 3674 892 3745 cjusfrequenter
908 3672 1158 3738 bibebat,
1185 3680 1239 3726 et
1267 3671 1406 3726 alios
1434 3672 1629 3727 bibere
1661 3681 1844 3743 postu-

227 3766 346 3820 lare
376 3763 682 3818 consuevit.

302 3855 361 3908 X.
409 3855 557 3908 ldem
591 3853 876 3907 Luitnotus
914 3851 1156 3924 quadam
1198 3851 1289 3904 die
1321 3850 1386 3903 ad
1415 3850 1636 3904 domum
1673 3851 1847 3904 llazo-

223 3948 312 4002 nis
347 3948 462 4018 [αι.,
505 3945 776 4015 Rasonis],
813 3945 903 4015 qui
939 3952 1069 3999 tunc
1097 3950 1294 4012 potens
1316 3941 1572 3995 minister
1597 3941 1846 4012 episc0pi

223 4043 347 4108 fuit,
383 4043 437 4096 in
480 4040 684 4111 oppido
717 4039 1000 4114 Pobingga
1043 4039 1216 4103 venit,
1248 4047 1302 4092 et
1335 4037 1549 4092 ibicum
1574 4053 1640 4092 eo
1682 4054 1849 4108 pran-

231 4135 384 4190 dium
426 4134 682 4204 sumpsit.
726 4134 822 4197 Qui
856 4149 980 4187 cum
1037 4138 1310 4186 saturatus
1341 4130 1498 4184 abire
1559 4131 1847 4197 voluisset,

233 4225 495 4297 praefatus
529 4223 670 4276 Razo
691 4221 1059 4294 cogebateum
1095 4220 1216 4290 plus
1246 4220 1314 4273 ad
1347 4219 1851 4288 bibendumCujus

232 4315 489 4389 petitioni
519 4315 610 4368 ille
633 4313 1010 4369 contradicere
1034 4327 1143 4366 non
1162 4311 1420 4368 audebat.
1457 4311 1554 4365 sed
1589 4327 1683 4365 vas
1702 4311 1850 4382 quod

229 4409 310 4464 illi
356 4406 740 4480 porrigebatur
769 4403 1004 4474 accepit,
1038 4403 1276 4457 dicendo
1309 4421 1321 4456 :
1361 4424 1384 4454 ς(
1421 4404 1582 4456 Istam
1615 4403 1849 4456 siceram

232 4503 427 4558 bibere
449 4516 547 4571 pro
587 4498 852 4553 charitate
881 4496 1053 4550 sancti
1088 4494 1345 4558 Udalrici,
1376 4511 1473 4564 per
1504 4493 1662 4564 cujus
1695 4494 1851 4563 adju-

237 4600 438 4655 torium
472 4597 540 4651 de
592 4593 843 4648 maximis
874 4592 1141 4666 angustiis
1171 4591 1432 4644 liberatus
1464 4606 1607 4654 sum,
1641 4590 1766 4644 volo
1823 4612 1848 4638 η

237 4691 486 4762 Cumque
517 4687 772 4760 poculum
803 4684 1098 4746 hausisset,
1129 4691 1182 4737 et
1212 4698 1306 4736 vas
1337 4697 1460 4736 cum
1495 4697 1660 4734 manu
1695 4681 1853 4735 deor-

237 4801 359 4839 sum
389 4787 650 4846 verteret,
701 4778 878 4832 dixit:
906 4798 936 4828 ιι
979 4776 1106 4830 Cum
1141 4774 1242 4829 ista
1273 4773 1539 4828 charitate
1579 4771 1850 4846 signatus,

238 4880 421 4928 certus
461 4885 581 4924 sum
614 4867 743 4940 quia
803 4865 1008 4919 nullius
1059 4863 1402 4918 adversitatis
1448 4860 1686 4932 pravitas
1717 4861 1851 4914 mihi

240 4966 406 5022 hodie
471 4963 672 5034 poterit
729 4977 953 5025 nocere,
1020 4959 1117 5013 sed
1167 4974 1349 5030 neque
1389 4955 1606 5030 gladius
1645 4970 1852 5025 corpus

240 5073 424 5112 meum
450 5054 753 5111 vulnerare.
789 5050 928 5104 vCui
954 5048 1272 5103 Razodixit:
1306 5070 1331 5094 α
1367 5047 1440 5100 Da
1472 5044 1851 5117 mihidigitum

236 5160 416 5217 tuum,
446 5159 505 5205 ut
537 5149 753 5205 videam
777 5147 822 5201 si
854 5145 1111 5200 cultellus
1139 5158 1294 5197 meus
1333 5148 1486 5196 tuum
1516 5138 1703 5212 ‘possit
1731 5139 1856 5194 vul-

243 5257 437 5299 nerare
461 5239 784 5294 membrum.
817 5260 842 5283 »
886 5235 982 5300 Qui
1008 5234 1188 5288 statim
1217 5246 1418 5305 magna
1464 5227 1572 5282 ﬁde
1622 5226 1853 5299 digitum

239 5348 400 5388 suum
437 5330 486 5384 ei
507 5327 841 5400 porrigebat.
879 5326 1000 5395 lpse
1023 5330 1203 5377 autem
1237 5319 1584 5390 apprehenso
1615 5315 1734 5384 ejus
1766 5316 1854 5368 di-

240 5423 378 5496 gito,
411 5420 515 5476 alia
550 5434 712 5471 manu
737 5415 1014 5471 cultellum
1051 5413 1120 5466 de
1152 5411 1348 5485 vagina
1377 5410 1661 5464 extrahere
1695 5423 1861 5462 cona-

243 5512 426 5577 batur,
453 5509 521 5564 ad
545 5505 942 5562 vulnerandum
989 5503 1219 5576 digitum
1256 5498 1643 5572 przenominati
1687 5498 1862 5568 pisto-

240 5602 338 5669 ris,
370 5599 718 5672 proprizeque
776 5610 888 5650 sua:
943 5592 1128 5646 manui
1190 5606 1315 5644 cum
1385 5589 1580 5644 eodem
1635 5587 1859 5642 cultello

241 5694 450 5766 grande
508 5692 706 5745 vulnus
763 5687 972 5751 infecit,
1050 5685 1398 5758 digitumque
1449 5681 1858 5751 apprehensum

241 5785 408 5841 simul
429 5791 482 5840 et
520 5783 799 5840 cultellum
829 5779 1026 5837 festiue
1051 5774 1437 5846 dereliquit,et
1459 5789 1610 5829 suam
1634 5787 1856 5827 manum

2010 3311 2145 3365 Xlll.
2193 3314 2248 3366 ln
2281 3313 2499 3368 civitate
2555 3317 2796 3388 Augusta
2851 3319 3075 3388 quidam
3133 3321 3288 3375 faber
3320 3323 3567 3378 Hrevuns

1941 3409 2188 3467 vocatus,
2246 3403 2410 3477 longo
2460 3414 2707 3476 tempore
2765 3423 2964 3482 magna
3025 3410 3343 3467 inﬁrmitate
3395 3414 3566 3469 totius

1941 3495 2186 3564 corporis
2209 3494 2486 3560 detentus,
2523 3498 2597 3552 ita
2652 3506 2710 3552 ut
2762 3499 3048 3555 ambulare
3079 3519 3190 3558 non
3224 3513 3412 3573 posset
3443 3507 3549 3560 nisi

1942 3583 2062 3637 aliis
2082 3584 2492 3652 adjuvantibus,
2515 3594 2569 3640 et
2590 3587 2864 3641 interdum
2889 3605 3012 3644 cum
3044 3590 3264 3647 duobus
3285 3601 3561 3649 sustenta-

1944 3676 2080 3730 culis
2109 3683 2464 3740 sustentatus,
2507 3694 2675 3749 pr0pe
2733 3685 3046 3735 terratenus
3079 3681 3344 3738 inclinato
3377 3686 3564 3756 capite

1948 3767 2012 3820 ad
2047 3768 2354 3822 necessaria
2370 3769 2621 3840 corporis
2648 3770 2734 3823 vix
2754 3772 3031 3840 pervenit.
3054 3773 3154 3836 Qui
3177 3791 3300 3829 cum
3318 3776 3570 3832 audisset

1949 3860 2150 3915 multos
2179 3860 2422 3916 inﬁrmos
2461 3861 2530 3916 ad
2561 3862 2876 3932 sepulcrum
2903 3872 3150 3919 sanctum
3181 3883 3330 3936 saepe
3360 3870 3566 3934 sanari,

1949 3952 2115 4023 cmpit
2145 3952 2272 4007 illuc
2310 3951 2449 4006 ultra
2490 3953 2634 4007 vires
2685 3969 2902 4023 repere,
2943 3962 2998 4009 et
3029 3971 3192 4010 mane
3219 3957 3461 4013 diluculo
3495 3960 3568 4016 de

1951 4042 2240 4096 mansione
2263 4057 2361 4096 sua
2393 4042 2561 4106 exire,
2595 4050 2650 4095 et
2673 4041 2804 4096 illuc
2832 4050 2960 4097 ante
3006 4044 3195 4099 horam
3215 4045 3324 4099 diei
3347 4047 3564 4102 tertiam

1951 4133 2038 4188 vix
2071 4134 2376 4204 pervenire.
2409 4134 2649 4204 Cumque
2681 4134 2782 4188 hoc
2812 4133 3132 4205 frequenter
3170 4135 3568 4209 fecisset,quo-

1953 4223 2076 4278 dam
2107 4231 2352 4294 tempore
2403 4222 2455 4276 in
2495 4223 2939 4295 Quadragesima,
2997 4225 3086 4279 die
3142 4226 3392 4292 Veneris,
3435 4243 3560 4282 cum

1955 4311 2022 4366 ad
2054 4318 2287 4382 portam,
2319 4311 2405 4366 cui
2436 4311 2646 4382 capella
2674 4311 2847 4366 sancti
2869 4311 3153 4367 Michaelis
3182 4321 3264 4369 est
3293 4331 3568 4385 superpo-

1953 4403 2076 4470 sita,
2103 4404 2332 4466 veniret,
2360 4404 2499 4457 ultra
2539 4404 2757 4458 modum
2788 4404 2960 4458 lassus
2989 4405 3337 4460 etuniversis
3357 4407 3566 4462 viribus

1955 4495 2244 4552 destitutus
2274 4496 2545 4563 subsistit,
2606 4496 2798 4551 dicens
2831 4515 2843 4550 :
2877 4521 2902 4544 «
2939 4497 3169 4552 Domine
3211 4498 3381 4564 Deus,
3410 4499 3572 4554 Pater

1956 4590 2332 4660 omnipotens,
2365 4605 2702 4662 cognoscere
2746 4588 2975 4663 dignare
3014 4598 3219 4660 quanta
3252 4590 3573 4647 inﬁrmitate

1957 4698 2105 4736 nunc
2132 4682 2295 4736 istum
2326 4681 2434 4735 adii
2477 4681 2678 4745 locum,
2710 4687 2762 4734 et
2792 4697 2890 4751 per
2914 4680 3113 4734 merita
3142 4681 3318 4735 sancti
3351 4680 3573 4736 confes-

1955 4771 2095 4824 soris
2111 4771 2189 4825 tui
2205 4769 2442 4825 Udalrici
2473 4769 2734 4825 miserere
2755 4769 2884 4834 mei,
2904 4793 2927 4815 ιι
2944 4776 2996 4823 et
3014 4768 3413 4839 aliquantulum
3433 4785 3574 4838 pau-

1955 4865 2106 4913 satus
2128 4859 2300 4929 repsit
2324 4875 2498 4930 usque
2527 4859 2594 4914 ad
2630 4859 2962 4930 sepulcrum.
2994 4856 3167 4911 Finita
3199 4857 3270 4911 ibi
3294 4849 3570 4924 oratione,

1957 4949 2088 5002 dum
2116 4949 2358 5018 acceptis
2386 4947 2778 5004 sustentaculis
2795 4948 3086 5016 adjuvante
3121 4946 3320 5002 comite
3335 4961 3436 5000 suo
3455 4961 3575 4999 sur-

1956 5055 2089 5111 gere
2127 5037 2415 5104 voluisset,
2448 5055 2618 5092 unum
2633 5036 3137 5092 sustentaculumin
3169 5033 3576 5106 pavimentola-

1956 5148 2115 5201 psum
2145 5138 2247 5195 est,
2277 5135 2329 5184 et
2359 5129 2477 5200 ipse
2509 5130 2575 5184 ad
2600 5131 3009 5184 terramiterum
3038 5129 3285 5197 dejectus
3303 5134 3406 5194 est,
3425 5132 3479 5180 et
3504 5125 3561 5179 in

1955 5219 2265 5290 dejectione
2299 5234 2482 5292 genua
2511 5219 2632 5286 ejus
2664 5226 2809 5274 retro
2869 5220 2922 5273 in
2956 5218 3326 5273 contractione
3358 5230 3566 5271 nervo-

1956 5330 2076 5369 rum
2098 5328 2254 5367 more
2305 5310 2599 5365 fractorum
2657 5311 2979 5365 malleorum
3027 5312 3264 5367 sonitum
3296 5309 3568 5377 fecerunt,

1963 5414 2017 5462 et
2045 5405 2201 5460 crura
2221 5419 2320 5475 per
2350 5402 2719 5473 pavimentum
2735 5410 2961 5457 extensa
2993 5412 3138 5458 sunt.
3178 5402 3366 5459 Comes
3387 5410 3572 5456 autem

1961 5498 2110 5552 illius
2137 5511 2260 5550 cum
2302 5493 2466 5548 solito
2506 5508 2658 5546 more
2722 5507 2847 5545 eum
2902 5493 3084 5547 levare
3123 5493 3406 5558 voluisset,
3436 5491 3575 5546 dixit

1963 5587 2040 5642 illi
2072 5606 2087 5652 ;
2121 5611 2144 5634 α
2181 5583 2738 5656 Exspectapaulisper
2771 5581 3336 5648 ;utmihividetur,cx
3353 5581 3578 5652 meipso

1961 5692 2190 5750 surgere
2207 5690 2430 5747 possum
2461 5678 2517 5728 et
2546 5669 2899 5726 ambulare.»
2935 5669 3026 5722 His
3041 5669 3225 5737 dictis,
3260 5670 3580 5725 dimissisin

1962 5769 2281 5842 pavimento
2319 5764 2726 5834 sustentaculis,
2765 5759 2974 5817 surexit
3012 5767 3067 5816 et
3104 5759 3429 5816 ambulavit.
3477 5761 3580 5826 Qui
3635 5783 3638 5786 ·
