3978 6214
410 318 549 376 1063

1484 305 1534 357 S.
1583 299 1887 357 UDALRICI
1930 297 2298 353 AUGUSTANI
2342 298 2651 354 EPISCOPI.

3605 304 3742 360 1064

406 452 587 507 statim
617 448 691 502 ibi
724 451 946 513 accepta
977 456 1159 505 cruce,
1188 436 1427 492 clericis‘
1454 433 1776 503 car-terisque
1810 430 2017 485 civibus
2045 428 2099 496 Α
2121 428 2305 483 studio
2365 428 2613 483 discendi
2663 444 2809 498 smpe
2870 427 3016 481 inter
3075 429 3356 484 scholares
3403 429 3744 493 morabatur,

408 560 529 597 cum
560 556 625 595 eo
658 534 1074 592 comitantibus.
1104 531 1225 584 sine
1256 528 1454 582 baculo
1493 532 1744 597 patenter
1782 523 1850 577 ad
1882 522 2018 576 San-

405 643 541 689 ctam
594 630 812 685 Mariam
865 628 917 680 in
951 627 1242 698 Augustam
1280 620 1552 675 civitatem
1596 616 2017 689 perambulavit,

406 721 593 790 ibique
639 716 733 769 Dei
784 714 1039 768 laudibus
1094 713 1147 765 in
1180 726 1473 764 commune
1526 706 1781 777 peractis,
1828 703 2020 757 eadem

406 810 542 863 hora
572 806 639 861 ad
672 807 924 859 Sanctam
959 801 1137 856 Afram
1176 816 1395 855 crucem
1438 797 1707 870 portando
1732 810 2020 870 regressus

409 908 509 956 est.

478 992 588 1047 XIV
628 986 1082 1060 Nativusquidam
1101 983 1389 1055 pauperde
1409 981 1615 1052 oppido
1650 979 1795 1051 quod
1822 977 2020 1033 dicitur

404 1083 694 1153 Mcsslinga
729 1081 848 1152 [al.,
879 1073 1530 1148 Messinga],lliltihaldus
1580 1069 1824 1133 nomine,
1861 1067 2020 1121 eieci-

408 1182 516 1229 tate
552 1170 836 1242 perculsus
882 1176 985 1227 est.
1034 1173 1088 1219 et
1139 1165 1192 1217 in
1250 1162 1341 1216 illa
1390 1162 1630 1216 crccitate
1677 1160 1817 1213 duos
1846 1173 2022 1211 annos

407 1260 757 1334 perduravit:
804 1257 965 1311 tertio
992 1264 1176 1308 autem
1219 1267 1389 1315 anno,
1423 1251 1642 1321 quidam
1679 1249 1931 1303 homines
1955 1248 2022 1300 (le

408 1354 605 1409 eodem
639 1365 778 1423 pago
810 1362 1042 1418 pergere
1071 1344 1434 1397 decreverunt
1463 1340 1530 1393 ad
1563 1342 1855 1411 Augustam
1890 1337 2025 1391 civi-

410 1456 576 1503 tatem
610 1461 773 1499 causa
800 1441 1094 1497 orationis:
1120 1439 1212 1511 qui
1233 1439 1559 1491 invenerunt
1592 1451 1714 1487 eum
1743 1434 1796 1486 in
1828 1433 2021 1486 eodem

413 1537 747 1591 itinerecum
773 1532 912 1585 duce
944 1546 1043 1583 suo
1076 1537 1278 1582 victum
1300 1542 1396 1598 per
1426 1525 1631 1595 Oppida
1659 1530 2020 1594 quaerentem,

411 1635 463 1683 et
494 1627 752 1679 dixerunt
775 1622 824 1675 ei
862 1639 874 1674 :
906 1620 1107 1694 nPerge
1150 1618 1434 1671 nobiscum
1459 1616 1524 1669 ad
1560 1617 1854 1687 Augustam
1886 1611 2023 1666 civi-

411 1727 575 1774 tatem
609 1722 663 1769 et
688 1714 754 1768 ad
787 1712 1100 1783 sepulcrum
1133 1711 1305 1764 sancti
1378 1709 1634 1771 L'dalrici,
1690 1706 1918 1761 forsitan
1952 1704 2023 1759 ibi

2121 536 2244 575 cum
2275 519 2341 573 ad
2393 519 2735 591 pr0pinquos
2790 535 2919 574 suos
2959 528 3343 587 reverteretur,
3387 530 3577 575 mutus
3609 519 3748 576 effe-

2123 624 2240 670 ctus
2263 623 2344 670 est
2374 633 2386 668 :
2420 632 2652 687 eumque
2686 615 2752 667 ab
2785 614 2865 667 eis
2913 616 2981 668 ad
3014 615 3329 684 sepulcrum
3360 625 3612 670 sanctum
3648 615 3747 668 de-

2124 707 2322 761 ductus
2380 708 2589 771 fuisset,
2638 706 2857 759 emissis
2929 706 2997 760 de
3056 722 3153 761 ore
3204 721 3305 760 suo
3367 706 3587 761 duobus
3642 706 3744 759 de-

2123 798 2291 852 nariis
2320 815 2486 867 super
2514 798 2849 867 sepulcrum,
2879 798 3151 868 loquelam
3202 813 3366 868 quam
3400 797 3611 864 amisit,
3650 812 3740 852 re-

2124 890 2289 959 cepit.

2192 982 2346 1035 XVII.
2402 981 2586 1035 Caecus
2606 981 2830 1052 quidam
2885 997 3008 1036 cum
3062 981 3223 1036 valde
3267 980 3491 1052 parvulo
3516 981 3747 1035 ductore

2121 1070 2186 1124 ad
2220 1081 2467 1124 sanctum
2502 1070 2682 1124 locum
2721 1070 2939 1123 hiemali
2969 1076 3215 1140 tempore
3243 1070 3453 1124 studuit
3472 1085 3747 1141 pergere:

2126 1164 2218 1233 qui
2252 1179 2373 1216 cum
2418 1162 2749 1216 Smutturam
2794 1161 3011 1216 ﬂuviam
3057 1162 3559 1237 transgrederetur,
3592 1169 3651 1216 et
3681 1161 3749 1215 ad

2126 1254 2346 1326 longum
2370 1255 2599 1308 rivulum
2619 1254 2685 1307 de
2703 1253 2980 1309 fonticulis
3007 1262 3399 1328 congregatum
3414 1270 3585 1324 super
3604 1254 3749 1308 viam

2126 1349 2507 1404 decurrentem
2538 1350 2770 1413 veniret,
2824 1349 3019 1404 ductor
3065 1350 3183 1417 ejus
3212 1350 3263 1404 ei
3302 1349 3569 1403 auxilium
3600 1363 3755 1417 pree-

2128 1438 2259 1492 bere
2285 1455 2393 1492 non
2451 1439 2645 1508 potuit,
2701 1438 2798 1492 sed
2839 1439 2909 1493 de
2967 1438 3167 1513 frigore
3201 1446 3255 1493 et
3285 1437 3612 1493 lassitudine
3656 1436 3756 1489 de-

2128 1531 2285 1585 fectis
2315 1531 2520 1584 viribus
2568 1532 2788 1586 cecidit.
2848 1530 3035 1585 Caecus
3098 1538 3302 1596 autem,
3363 1531 3595 1585 ductore
3657 1544 3755 1583 ca-

2126 1620 2311 1683 dente,
2357 1635 2553 1691 magna
2578 1635 2708 1673 cura
2753 1626 2808 1673 et
2866 1620 3083 1673 tristitia
3123 1636 3221 1689 per
3251 1620 3544 1673 decursum
3587 1616 3752 1670 rivuli

2126 1725 2247 1762 cum
2282 1708 2478 1762 baculo
2508 1709 2753 1780 undique
2782 1709 3056 1779 palpando
3088 1709 3404 1775 ambulavit,
3442 1715 3496 1761 et
3520 1710 3757 1778 imagna

410 1805 842 1864 misericordiam
878 1779 2257 1873 consequipoteris-Quibusillerespon-Bvoce
2297 1801 2584 1855 clamando
2665 1801 2728 1854 ad
2789 1810 3031 1856 sanctam
3106 1800 3329 1855 Mariam
3384 1804 3437 1853 et
3497 1804 3755 1852 sanctam

409 1898 489 1954 dit
523 1916 536 1953 :
571 1924 591 1945 ι
629 1893 1065 1967 Stipendiamihi
1098 1890 1381 1945 etductori
1404 1888 1936 1955 meo,etoblationes
1957 1885 2024 1939 ad

410 1990 502 2043 illa
540 1994 731 2043 sancta
761 1986 881 2040 loca
914 1984 1274 2037 deferendum
1333 1998 1440 2036 uon
1497 1980 1694 2033 habeo.
1733 2000 1760 2028 »
1796 1978 1894 2043 Qui
1936 1994 2026 2031 re-

411 2078 772 2149 spondentes,
796 2075 1051 2129 dixerunt
1086 2090 1097 2126 :
1132 2094 1154 2122 α
1186 2072 1240 2125 Si
1271 2070 1556 2125 nobiscum
1581 2069 1730 2134 ieris,
1761 2072 2024 2138 quantum

412 2182 706 2239 possumus
722 2164 1071 2219 auxiliatores
1102 2162 1179 2216 tui
1220 2177 1429 2215 sumus.
1459 2180 1484 2210 υ
1520 2162 1757 2223 Quorum
1790 2173 2028 2211 consen-

411 2259 555 2313 tiens
586 2254 941 2311 suasionibus
963 2270 1087 2309 cum
1119 2254 1199 2307 eis
1230 2250 1470 2323 perrexit
1528 2251 1593 2304 ad
1623 2253 1941 2323 Augustam,
1975 2254 2030 2300 et

410 2348 604 2402 eadem
628 2345 956 2413 noctejuxta
974 2353 1222 2398 sanctum
1248 2342 1561 2413 sepulcrum
1582 2338 1717 2393 foris
1738 2336 2027 2391 ecclesiam

412 2440 558 2494 diem
594 2437 925 2507 exspectavit
951 2436 1214 2490 futurum.
1269 2432 1425 2487 Mane
1482 2440 1666 2486 autem
1695 2430 1856 2495 facto,
1890 2428 2029 2482 infra

409 2534 699 2589 ecclesiam
730 2534 797 2585 ad
828 2532 1142 2601 sepulcrum
1196 2529 1466 2583 deductus
1516 2529 1711 2582 devote
1744 2526 1940 2589 oravit,
1975 2532 2029 2579 et

414 2633 574 2681 antea
598 2624 859 2679 amissum
883 2625 1067 2677 lumen
1100 2624 1408 2685 oculorum,
1433 2622 1606 2691 gratia
1628 2620 1721 2674 Dei
1760 2619 2024 2683 donante,

417 2714 651 2783 recepit,
682 2713 967 2783 levataquc
997 2726 1177 2775 cruce,
1218 2710 1517 2765 comitante
1576 2725 1698 2763 cum
1729 2723 1794 2761 eo
1828 2722 2026 2780 magna

414 2805 769 2860 multitudine
819 2803 1033 2873 populi,
1084 2802 1151 2856 ad
1206 2803 1459 2857 Sanctam
1494 2800 1716 2855 Mariam
1750 2798 2027 2870 pervenit,

413 2903 468 2951 et
497 2894 733 2965 qualiter
758 2893 827 2946 sit
891 2892 1247 2959 illuminatus,
1280 2891 1492 2944 civibus
1532 2889 1648 2944 suis
1698 2890 1746 2943 ei
1778 2888 2027 2945 testimo-

416 2986 567 3041 nium
601 2984 862 3038 dantibus
891 2982 1158 3037 recitavit.

488 3077 591 3131 XV.
621 3075 864 3140 Quodam
898 3075 1008 3140 (64)
1036 3080 1287 3143 tempore
1326 3088 1448 3128 cum
1482 3083 1705 3128 sanctus
1733 3073 2029 3144 episc0pus

416 3167 483 3223 ad
513 3127 784 3237 synodum
811 3127 1022 3219 Ottonils
1051 3127 1398 3235 imperatoris
1430 3164 1483 3218 in
1515 3127 1861 3237 Inglunheim
1894 3127 2031 3218 con-
2058 3127 2107 3195 Ο

414 3270 692 3335 gregatam
715 3266 987 3331 pergeret,
1025 3259 1250 3330 quidam
1284 3275 1496 3330 pauper
1523 3260 1591 3313 (le
1631 3260 1839 3330 Oppido
1867 3257 2030 3313 Aﬂ'el-

417 3352 665 3417 terbach,
700 3351 944 3421 Rudpret
971 3350 1087 3421 [al.,
1120 3350 1431 3421 Rutpertus]
1467 3351 1865 3419 vocatus,juxta
1887 3351 2028 3405 viam

418 3441 468 3495 ei
499 3441 829 3509 conjunctus
860 3447 962 3504 est,
993 3439 1085 3493 ilia
1099 3455 1198 3493 sua
1219 3440 1287 3493 de
1314 3449 1507 3494 ventre
1540 3440 1794 3510 prolapsa
1825 3439 1879 3493 in
1909 3439 2030 3495 loco

419 3529 667 3584 umbilici
718 3535 941 3599 portans
989 3528 1043 3581 in
1096 3529 1220 3583 sinu
1266 3544 1400 3583 suo:
1434 3545 1671 3600 cumque
1725 3546 1789 3583 ea
1844 3537 2034 3599 aperto

416 3618 541 3673 sinu
596 3618 859 3688 episcopo
912 3617 1251 3683 ostenderet,
1315 3618 1575 3687 prazcepit
1642 3617 1691 3670 ei
1742 3618 2032 3672 denarium

417 3707 534 3762 dari
564 3715 620 3761 et
648 3706 787 3760 dixit
812 3705 889 3759 illi
920 3723 932 3758 :
969 3725 989 3755 ι
1015 3705 1074 3759 In
1106 3720 1241 3776 pace
1259 3705 1352 3759 Dei
1372 3704 1705 3778 perge-Qui
1728 3721 1837 3760 non
1861 3707 2032 3762 multo

418 3804 540 3865 post
572 3802 840 3865 tempore,
899 3792 1175 3847 meliorari
1222 3793 1292 3847 de
1340 3792 1431 3847 die
1483 3794 1538 3846 in
1570 3792 1716 3847 diem
1757 3791 1947 3863 cuzpit,
1980 3798 2034 3846 et

420 3895 612 3944 sanato
639 3897 829 3943 ventre
860 3888 928 3942 de
962 3887 1222 3958 praedicta
1262 3885 1580 3941 inﬁrmitate
1634 3887 1896 3942 liberatus
1927 3896 2031 3941 est.

422 3981 617 4036 Postea
637 3990 821 4036 autem
857 3980 1003 4033 idem
1065 3980 1183 4051 ipse
1250 3979 1479 4035 claudus
1532 3979 1705 4035 factus
1744 3986 1845 4047 est,
1880 3979 1953 4034 ita
1976 3990 2035 4035 ut

416 4074 521 4129 nisi
550 4074 827 4129 scamellis
869 4079 1205 4128 sustentatus
1262 4073 1544 4128 ambulare
1576 4072 1863 4144 potuisset,
1884 4072 2034 4127 utili-

416 4170 523 4218 tate
554 4163 717 4218 etiam
747 4163 955 4217 dextra)
996 4180 1193 4218 manus
1253 4163 1308 4217 in
1365 4163 1715 4218 lineamentis
1746 4169 1891 4217 totus
1919 4162 2031 4232 pri-

411 4264 567 4309 vatus
594 4260 700 4308 est.
755 4253 862 4307 Hac
914 4252 1233 4307 infirmitate
1291 4268 1415 4308 cum
1474 4259 1710 4324 quatuor
1741 4252 1903 4305 annis
1932 4252 2029 4307 de-

412 4352 595 4399 tentus
616 4344 930 4409 mansisset,
987 4342 1321 4397 desideravit
1365 4343 1555 4397 venire
1586 4343 1652 4397 ad
1718 4343 2030 4414 sepulcrum

411 4440 583 4494 sancti
607 4438 864 4503 Udalrici,
924 4445 978 4493 et
1027 4438 1369 4508 comparavit
1424 4454 1606 4493 ceram
1648 4455 1811 4510 quam
1845 4455 2031 4493 secum

412 4529 479 4583 ad
512 4528 825 4599 sepulcrum
857 4528 1097 4582 deferret
1122 4533 1472 4597 ;comparata
1501 4536 1685 4582 autem
1712 4543 1837 4582 cera
1863 4528 2032 4582 virtus

412 4618 463 4673 ei
504 4619 558 4672 in
618 4618 1011 4673 sustentaculis
1066 4617 1414 4684 baculorum,
1470 4616 1713 4671 dimissis
1752 4617 2031 4671 scamellis

414 4712 736 4767 ambulandi
790 4726 1054 4766 concessa
1103 4719 1205 4767 est.
1266 4710 1400 4765 Illuc
1448 4717 1631 4765 autem
1685 4710 1864 4765 taliter
1904 4728 2028 4765 cum

412 4804 751 4876 perveniret,
802 4819 996 4859 manus
1052 4803 1173 4873 ejus
1213 4810 1266 4857 et
1316 4818 1499 4876 genua
1535 4802 1753 4857 sanitati
1778 4804 2026 4857 restituta

412 4899 601 4955 munia
623 4916 721 4955 sua
753 4906 1105 4971 receperunt,
1159 4899 1234 4953 ita
1286 4905 1345 4953 ut
1391 4898 1538 4952 idem
1571 4898 1735 4953 homo
1765 4898 1884 4952 sine
1915 4915 2032 4952 sus-

411 4992 708 5049 tentaculis
734 4999 952 5047 erectus
980 4991 1242 5065 gradiens
1273 4991 1631 5063 tripudiando
1659 4990 1888 5045 rediret.

481 5085 615 5141 XVI.
650 5086 723 5140 De
754 5100 924 5158 regno
971 5086 1135 5141 etiam
1191 5083 1427 5140 Lotharii
1489 5083 1712 5155 quidam
1748 5083 2031 5138 Lutericus

413 5178 529 5252 [al.,
557 5180 887 5251 Luitharius]
923 5181 1016 5252 qui
1048 5180 1222 5235 multo
1269 5189 1517 5250 tempore
1576 5179 1699 5234 luce
1740 5178 2027 5234 oculorum

409 5270 607 5337 caruit,
640 5269 706 5323 ad
748 5276 994 5323 sanctum
1042 5269 1354 5340 sepulcrum
1404 5267 1574 5333 venit,
1600 5275 1654 5323 et
1685 5267 2032 5323 orationibus

410 5357 649 5429 peractis
678 5355 857 5411 visum
890 5358 1095 5412 clarum
1121 5359 1346 5430 recepit.

477 5450 636 5505 XVII.
699 5446 936 5504 Clericus
974 5449 1224 5519 quidam,
1284 5449 1377 5521 qui
1437 5446 1493 5502 in
1542 5449 1783 5522 Augusta
1813 5448 2031 5504 civitate

476 5602 591 5671 (64)
620 5599 1110 5675 Hqumiraculum
1170 5602 1225 5675 i_n
1258 5615 1371 5675 uno
1405 5602 1704 5675 exemplari
1726 5603 1893 5675 etiam
1931 5602 2035 5656 sub

401 5669 578 5726 ﬁnem
599 5669 807 5733 capitis
858 5671 927 5725 23
976 5669 1109 5722 Vitae
1168 5673 1224 5725 S.
1285 5669 1521 5725 Udalrici
1568 5669 1827 5728 relatum.
1867 5672 2037 5729 Porro

401 5731 701 5794 minimum
729 5731 943 5794 duabus
969 5738 1399 5806 Ingelheimens.
1423 5743 1716 5809 synodisS.
1750 5743 1784 5791 l‘
1808 5742 2037 5797 .lalricus

2127 1890 2327 1957 Afram,
2364 1899 2417 1945 et
2470 1891 2536 1945 ad
2598 1898 2843 1946 sanctum
2900 1908 3115 1946 servum
3160 1892 3253 1946 Dei
3286 1890 3622 1955 L'dalricum,
3654 1889 3760 1942 ad-

2121 1981 2389 2048 jutorium
2420 1990 2473 2037 et
2529 1983 2959 2038 misericordiam
2991 1984 3095 2038 sibi
3147 1983 3263 2037 dari
3307 1983 3518 2036 intenta
3562 1987 3759 2033 mente

2131 2074 2414 2147 flagitavit.
2448 2075 2693 2146 Cumque
2739 2075 2819 2130 sic
2885 2076 3161 2147 palpando
3188 2083 3243 2130 et
3285 2072 3575 2129 clamando
3604 2086 3758 2141 pene

2128 2184 2303 2239 usque
2328 2168 2393 2222 ad
2428 2166 2590 2222 finem
2643 2169 2800 2223 rivuli
2859 2168 3191 2239 perveniret,
3251 2166 3347 2220 Dei
3379 2166 3623 2219 donante
3646 2162 3761 2217 cle-

2130 2257 2354 2319 mentia,
2378 2256 2559 2311 subito
2601 2257 2808 2328 apertis
2862 2257 3039 2311 oculis
3094 2256 3283 2309 lumen
3312 2252 3543 2323 aspexit,
3577 2258 3635 2306 et
3664 2265 3759 2304 re-

2129 2349 2389 2421 grediens
2441 2349 2724 2404 ductorem
2766 2365 2926 2404 suum
2985 2348 3202 2413 levavit,
3235 2354 3291 2403 et
3331 2361 3509 2418 usque
3530 2343 3762 2411 adjsan-

2130 2448 2273 2495 ctum
2287 2441 2627 2509 sepulcrum,
2649 2440 3086 2511 omnipotentem
3104 2440 3273 2493 Deum
3288 2447 3342 2493 et
3373 2443 3591 2492 sanctos
3616 2447 3756 2487 suos

2132 2527 2427 2599 laudando,
2462 2529 2909 2599 portavit,ihique
2936 2528 3227 2582 manifeste
3247 2525 3468 2581 clericis
3499 2531 3551 2577 et
3574 2519 3763 2577 omni—

2129 2619 2232 2673 bus
2263 2619 2629 2689 pra'sentibus
2668 2638 2788 2691 quze
2837 2621 2887 2674 ei
2923 2620 2978 2674 in
3017 2620 3104 2674 via
3136 2618 3452 2675 acciderant
3483 2616 3757 2672 recitavit.

2200 2707 2330 2761 XIX.
2392 2708 2783 2779 Fuitqua-dam
2818 2717 3070 2765 matrona
3128 2710 3182 2763 in
3238 2709 3572 2763 Francorum
3628 2722 3763 2777 pro-

2131 2800 2312 2854 vincia
2345 2800 2617 2871 pratdivcs
2658 2808 2711 2855 et
2768 2802 2994 2867 nobilis,
3047 2818 3172 2873 quae
3206 2808 3421 2870 arrepta
3460 2816 3490 2853 a
3530 2798 3762 2853 diabolo

2131 2887 2301 2942 nimie
2332 2887 2656 2954 laborabat;
2686 2889 2753 2943 ad
2783 2890 2938 2958 cujus
2971 2889 3310 2960 ereptionem
3345 2887 3595 2959 quinque
3634 2886 3762 2957 epi-

2129 2977 2281 3047 scopi
2310 2993 2436 3032 cum
2466 2977 2587 3030 aliis
2619 2977 2871 3047 plurimis
2903 2985 3301 3033 convenerunt.
3336 2976 3437 3041 Qui
3469 2992 3593 3031 cum
3629 2975 3761 3029 dia-

2130 3069 2315 3124 bolum
2356 3070 2698 3124 orationibus
2762 3077 2816 3124 et
2868 3070 3347 3141 conjurationibus
3385 3074 3663 3124 arctarent
3695 3074 3757 3121 ut

2130 3163 2415 3219 obsessum
2461 3180 2663 3235 corpus
2712 3164 3035 3230 dimitteret,
3095 3164 3340 3219 clamans
3397 3173 3453 3217 et
3505 3162 3755 3231 eiulans,

2132 3256 2266 3311 dixit
2300 3274 2313 3309 :
2347 3282 2360 3303 -
2410 3257 2519 3311 Nisi
2561 3256 2770 3327 aliquid
2803 3257 2872 3310 de
2904 3256 3069 3311 rebus
3099 3255 3347 3327 episcopi
3380 3253 3618 3308 Udalrici
3639 3253 3755 3308 huc

2131 3348 2582 3419 veneritprOpter
2602 3356 2844 3404 vestrum
2904 3356 3242 3420 praeceptum
3299 3363 3616 3420 possessum
3657 3362 3761 3400 vas

2133 3456 2242 3495 non
2270 3441 2505 3495 dimitto.
2542 3461 2567 3489 »
2604 3439 2846 3511 Cumque
2905 3439 3102 3495 iterum
3136 3449 3301 3512 atque
3333 3440 3529 3494 iterum
3560 3438 3765 3493 eadem

2137 3547 2399 3601 responsa
2423 3532 2666 3598 iteraret,
2698 3532 2970 3587 aestimare
3020 3538 3310 3603 cmperunt
3356 3538 3415 3586 ut
3445 3531 3659 3605 legatos
3690 3530 3765 3585 ad

2135 3623 2428 3697 Augustam
2471 3623 2778 3690 mitterent,
2842 3631 2903 3679 ut
2941 3624 3149 3695 aliquid
3179 3624 3532 3695 acquirerent
3561 3622 3633 3677 de
3673 3638 3768 3676 re-

2134 3712 2237 3766 bus
2261 3714 2530 3784 episcOpi.
2565 3714 2787 3767 Interim
2850 3730 2979 3769 vero
3010 3729 3132 3768 cum
3173 3714 3291 3768 haec
3340 3713 3484 3767 inter
3512 3728 3571 3767 se
3598 3711 3763 3766 arbi-

2135 3811 2427 3869 trarentur,
2461 3806 2718 3861 clamavit
2751 3805 3007 3860 diabolus
3037 3822 3136 3877 per
3173 3821 3235 3861 os
3267 3812 3528 3860 matronae
3564 3821 3577 3857 :
3610 3823 3639 3854 ιο
3668 3804 3765 3858 Va!

2138 3895 2271 3949 mihi
2297 3895 2309 3948 I
2342 3913 2420 3951 vze
2451 3897 2586 3950 mihi
2617 3896 2628 3950 ι
2662 3896 2752 3951 hic
2781 3896 2836 3950 in
2870 3896 3153 3953 vicinitate
3175 3906 3259 3952 est
3290 3896 3579 3968 presbyter
3608 3912 3761 3951 unus

2136 3990 2231 4062 qui
2262 3991 2431 4046 habet
2477 3992 2761 4047 humerale
2815 3990 2963 4064 quod
3006 3992 3109 4047 fuit
3153 3991 3364 4063 praefati
3392 3991 3644 4061 episcOpi
3682 4008 3697 4056 ;
3729 4011 3752 4042 ο

2135 4081 2386 4151 quamvis
2444 4096 2553 4136 non
2608 4087 2826 4153 sponte,
2884 4081 2982 4135 sed
3016 4081 3125 4136 Deo
3160 4081 3414 4150 jubente,
3448 4078 3763 4135 nominavit

2135 4168 2515 4240 presbyterum
2550 4178 2604 4224 et
2641 4170 2824 4225 locum
2879 4170 2973 4225 ubi
3023 4169 3303 4225 habitavit.
3365 4169 3610 4239 Cumque
3670 4183 3762 4222 ac-

2133 4258 2365 4312 cersitus
2396 4259 2683 4330 presbyter
2710 4275 2832 4314 cum
2875 4259 3140 4313 humerali
3170 4258 3403 4325 veniret,
3455 4265 3759 4329 antequam

2134 4348 2359 4404 domum
2382 4350 3015 4417 intraret,daemondixit
3037 4368 3050 4403 :
3073 4352 3203 4405 «Vae
3238 4349 3251 4403 l
3280 4367 3360 4405 vae
3395 4349 3408 4403 l
3442 4350 3763 4405 nuncvenit

2135 4444 2416 4499 humerale
2448 4446 2719 4516 episcopi.
2753 4471 2774 4491 -
2806 4447 2896 4500 llis
2927 4446 3091 4501 dictis
3120 4446 3410 4501 clamando
3427 4453 3483 4501 et
3511 4446 3762 4501 dolendo

2133 4550 2331 4604 corpus
2378 4542 2646 4591 matronae
2680 4535 2837 4589 valde
2894 4535 3178 4608 fatigatum
3232 4536 3478 4608 reliquit.
3514 4536 3762 4591 Interro-

2133 4635 2289 4698 gatus
2320 4635 2503 4682 autem
2554 4628 2845 4699 presbyter
2892 4628 3037 4682 unde
3070 4630 3120 4683 ei
3179 4628 3460 4683 humerale
3514 4628 3760 4695 veniret,

2134 4720 2479 4789 respondens
2500 4719 2676 4773 dixrt:
2720 4745 2731 4765 ο
2772 4718 3076 4789 Episc0pus
3130 4717 3426 4789 aliquando
3468 4718 3537 4772 ad
3572 4718 3763 4791 regale
3844 4738 3859 4745 ·

2133 4807 2472 4878 colloquium
2506 4805 2809 4879 pergendo,
2861 4806 2929 4860 ad
2988 4813 3231 4862 nostram
3260 4807 3552 4862 ecclesiam
3581 4807 3764 4876 venit,

2133 4911 2188 4957 et
2214 4918 2315 4956 nos
2363 4902 2468 4956 sibi
2527 4902 2751 4955 missam
2809 4909 3027 4955 cantare
3085 4901 3315 4975 rogavit,
3348 4917 3586 4974 cumque
3630 4901 3761 4957 alba

2133 5010 2236 5049 uos
2268 4993 2421 5048 indui
2443 4994 2563 5048 sine
2597 4992 2862 5047 humerali
2907 4993 3048 5047 velle
3081 4993 3315 5056 videret,
3349 4991 3487 5045 dixit
3537 5008 3550 5045 :
3602 5014 3627 5038 σι
3656 4989 3765 5044 Ubi

2139 5107 2159 5135 ι
2195 5094 2278 5140 est
2298 5095 2539 5141 vestrum
2582 5084 2863 5139 humerale
2884 5084 2912 5138 ?
2952 5107 2969 5133 ι
3002 5084 3093 5138 Cui
3122 5100 3226 5159 ego
3256 5083 3518 5155 respondi
3547 5100 3560 5138 :
3590 5108 3608 5129 -
3640 5083 3767 5139 Non

2130 5173 2311 5229 habeo
2353 5174 2654 5229 humerale.
2715 5172 2864 5227 Tunc
2932 5172 3025 5227 ille
3077 5172 3225 5227 istud
3267 5171 3555 5227 humerale
3592 5172 3769 5240 jussit

2134 5266 2267 5320 mihi
2298 5265 2514 5322 donari.
2550 5289 2576 5312 ω
2611 5264 2855 5319 Matrona
2903 5270 3087 5318 autem
3137 5281 3168 5319 a
3199 5264 3473 5320 daemonio
3507 5264 3768 5333 liberata,

2133 5363 2187 5412 et
2217 5357 2404 5411 sensui
2438 5356 2771 5426 sanitatique
2826 5356 3096 5421 restituta,
3138 5362 3252 5412 tota
3280 5355 3611 5411 vestimenta
3643 5373 3770 5426 sua,

2134 5448 2340 5521 quibus
2383 5465 2450 5504 eo
2493 5448 2585 5503 die
2645 5447 3000 5514 induebatur,
3060 5463 3185 5503 cum
3230 5448 3424 5523 caligis
3452 5456 3508 5505 et
3537 5448 3770 5505 calcea-

2139 5601 2430 5668 interfuit;
2465 5600 2808 5672 posterioris,
2853 5616 2974 5673 quae
3014 5607 3135 5673 acta
3187 5600 3687 5673 an.{972,'mentio
3713 5590 3777 5658 ﬁt

2139 5673 2198 5727 in
2227 5674 2347 5727 Vita
2376 5689 2498 5743 cap.
2521 5674 2614 5729 23.
2650 5672 2851 5727 Prioris
2872 5672 3145 5729 ’meminit
3166 5689 3256 5728 an.
3286 5672 3413 5740 948,
3441 5689 3513 5728 vu
3547 5674 3605 5729 ld
3636 5675 3771 5731 Jun-

2138 5743 2405 5801 Flodoard
2414 5760 2476 5797 us
2506 5744 2560 5798 in
2593 5743 2795 5799 Chron.
