3978 6214
150 355 271 414 1065

1621 324 1974 381 MIRACULA.

3333 320 3472 380 1066

150 481 334 540 mentis
389 479 455 532 ad
485 474 797 546 sepulcrum
855 467 1027 522 sancti
1084 462 1317 519 Udalrici
1373 475 1466 530 per
1523 451 2079 546 nuntiosAetfecit.
2115 449 2358 521 Cumque
2412 449 2882 546 apprqpinquaret
2940 449 3198 546 Augustae
3240 447 3473 546 civitati,

152 573 319 636 misit;
353 567 556 640 quibus
581 563 742 618 etiam
780 557 1039 630 praecepit
1071 563 1127 607 ut
1157 552 1228 604 ibi
1263 549 1579 604 nuntiarent
1608 560 1748 615 qua-

155 668 282 732 liter,
327 638 558 717 Domino
588 653 951 716 concedente,
984 666 1080 720 per
1109 648 1228 716 ejus
1268 642 1464 698 merita
1493 648 1573 694 est
1605 638 1749 691 libe-

156 729 277 811 rata.
306 750 616 806 Wicl‘redus
643 745 892 816 ejusdem
919 741 1023 796 loci
1065 736 1412 809 praepositus,
1446 731 1539 803 qui
1587 729 1748 783 etiam

156 857 204 904 et
226 855 405 903 custos
430 840 679 896 ecclesiae
707 853 772 891 eo
803 844 1051 904 tempore
1085 828 1306 892 mansit,
1340 826 1408 878 de
1442 822 1593 876 froco
1621 820 1764 889 ejus-

156 943 269 995 dem
328 945 593 990 matronae
635 928 981 985 dalmaticam
1042 923 1157 978 fieri
1200 920 1347 985 fecit,
1398 925 1451 971 et
1490 915 1595 968 alia
1645 911 1765 980 ejus

158 1030 498 1091 vestimenta,
557 1023 697 1077 sicut
739 1033 1041 1092 congruum
1074 1013 1193 1076 fuit,
1246 1011 1311 1066 ad
1353 1007 1443 1062 Dei
1479 1004 1762 1059 servitium

158 1118 480 1190 composuit,
533 1123 590 1168 ut
639 1114 745 1166 hoc
799 1109 1017 1181 signum
1066 1099 1456 1158 misericordia:
1517 1094 1609 1149 Dei
1655 1092 1764 1146 fre-

159 1208 408 1282 quentius
439 1203 672 1276 posteris
705 1202 758 1254 in
790 1195 1171 1252 recordatione
1205 1195 1470 1245 maneret.

229 1298 331 1352 XX.
381 1272 452 1348 In
471 1292 696 1364 regione
727 1288 1066 1350 Sclavorum,
1119 1281 1264 1334 lilius
1291 1273 1601 1364 Wolezlatvi
1647 1272 1720 1344 [al
1749 1311 1763 1336 ,

164 1383 425 1453 Woleslai]
466 1363 622 1435 ducis
667 1378 721 1432 in
764 1374 1136 1430 valetudinem
1187 1367 1414 1430 incedit,
1450 1372 1505 1419 et
1560 1363 1615 1416 in
1649 1368 1770 1416 tan-

163 1488 265 1534 tam
293 1474 662 1530 inlirmitatem
692 1469 963 1524 deductus
978 1473 1082 1530 est,
1114 1469 1172 1516 ut
1203 1467 1357 1531 pater
1376 1458 1496 1528 ejus
1521 1464 1575 1510 et
1598 1460 1771 1507 mater

165 1565 452 1635 caeterique
496 1567 798 1632 praesentes
839 1555 999 1610 amici
1053 1556 1378 1622 praesentem
1422 1546 1588 1600 vitam
1647 1556 1774 1596 eum

167 1656 392 1714 ulterius
443 1652 644 1706 habere
702 1663 864 1718 posse
898 1645 1275 1713 desperarent.
1335 1637 1577 1706 Cumque
1627 1642 1781 1704 pater

171 1752 224 1805 in
255 1749 338 1803 his
375 1743 645 1817 angustiis
675 1745 1001 1802 versaretur,
1043 1732 1358 1789 admonitus
1398 1735 1480 1784 est
1509 1727 1577 1780 de
1610 1731 1782 1779 matre

175 1840 323 1914 pueri
352 1846 404 1892 et
431 1816 498 1890 die
525 1835 646 1888 aliis
663 1833 864 1904 quibus
895 1839 1084 1884 notum
1116 1826 1216 1880 fuit
1248 1839 1410 1896 quam
1451 1816 1780 1914 multiplici-

178 1907 257 1989 ter
311 1928 467 1984 multi
507 1943 602 1997 per
657 1923 853 1978 merita
906 1919 1080 1975 sancti
1142 1915 1380 1971 Udalrici
1438 1912 1506 1965 de
1553 1907 1785 1997 diversis

177 2018 444 2094 angustiis
473 1995 688 2069 liberati
747 2016 961 2074 essent;
1000 2007 1265 2062 continuo
1307 2010 1491 2058 votum
1523 1998 1692 2063 vovit,
1739 1995 1783 2050 si

181 2087 322 2167 filius
352 2110 473 2179 ejus
509 2107 576 2161 ad
605 2106 769 2160 vitam
815 2102 1040 2167 rediret,
1085 2106 1142 2154 ut
1175 2097 1354 2151 missis
1381 2092 1575 2166 legatis
1607 2087 1786 2159 sepul-

180 2223 326 2262 crum
378 2202 552 2258 sancti
604 2197 837 2254 Udalrici
884 2212 1008 2250 cum
1065 2189 1439 2248 oblationibus
1485 2186 1786 2242 visitarent.

187 2298 388 2353 Eodem
430 2309 562 2349 vero
611 2291 700 2346 die
753 2289 896 2342 lilius
935 2287 1094 2340 ducis
1133 2298 1431 2339 conversus
1483 2279 1550 2332 ad
1603 2275 1791 2337 vitam,

186 2388 620 2445 consolationem
675 2382 813 2454 patri
883 2396 993 2435 non
1053 2377 1336 2431 minimam
1407 2369 1624 2426 obtulit.
1695 2365 1794 2431 Qui

184 2494 523 2554 cognoscens
548 2472 980 2530 misericordiam
1023 2469 1116 2523 Dei
1159 2469 1213 2521 in
1257 2466 1390 2530 lilio,
1430 2462 1658 2518 nuntios
1685 2467 1801 2513 sta-

188 2552 278 2630 tim
311 2573 528 2625 mittere
557 2575 608 2622 et
652 2575 836 2620 votum
880 2563 999 2631 ejus
1035 2560 1267 2630 implere
1299 2556 1528 2612 studuit.
1563 2552 1664 2617 Qui
1697 2569 1799 2606 ve-

187 2666 404 2721 nientes
439 2661 506 2715 ad
536 2659 849 2729 sepulcrum
883 2653 1202 2710 obtulerunt
1234 2668 1261 2703 v
1304 2649 1474 2703 libras
1513 2647 1722 2719 argenti
1748 2652 1806 2700 et

195 2771 395 2812 aureos
443 2767 604 2823 quam
636 2749 923 2819 plurimos,
979 2751 1034 2799 et
1089 2744 1156 2797 de
1196 2757 1320 2797 cera
1349 2748 1612 2812 quantum
1665 2752 1810 2790 unus

193 2849 350 2905 fortis
379 2841 684 2899 saumarius
725 2847 939 2908 portare
992 2835 1197 2906 potuit;
1232 2840 1404 2886 mater
1436 2831 1599 2886 etiam
1651 2825 1806 2898 pueri

194 2951 443 2994 seorsum
477 2944 770 2985 aureorum
815 2925 1166 2980 denariorum
1209 2923 1408 2978 bonam
1455 2926 1664 2990 partem
1715 2931 1813 2988 pro

201 3029 316 3086 ﬁlio
349 3025 512 3081 misit.
569 3022 753 3093 Legati
803 3019 969 3074 etiam
1011 3017 1180 3072 altare
1213 3016 1424 3069 Sanctae
1477 3010 1654 3066 Maria:
1695 3025 1818 3064 cum

201 3135 338 3175 auro
370 3124 423 3172 et
453 3114 575 3169 aliis
603 3109 998 3173 oblationibus,
1039 3108 1180 3162 sicut
1210 3107 1291 3160 eis
1331 3111 1665 3174 praeceptum
1717 3106 1819 3162 est,

203 3210 405 3265 devote
435 3204 807 3262 visitaverunt,
841 3198 1099 3253 similiter
1129 3204 1182 3251 et
1213 3196 1380 3250 altare
1412 3192 1622 3246 Sanctae
1661 3187 1819 3253 Afrw,

205 3306 266 3353 et
317 3297 674 3350 narraverunt
706 3305 802 3360 pro
845 3305 954 3360 qua
985 3305 1040 3341 re
1071 3287 1219 3340 missi
1251 3291 1396 3348 sunt,
1440 3283 1687 3336 dicentes
1719 3293 1820 3330 an-

207 3399 434 3457 tequam
465 3381 571 3453 ipsi
602 3381 815 3435 exirent
841 3379 908 3432 de
951 3393 1050 3432 sua
1082 3374 1382 3446 provincia,
1425 3379 1482 3426 ut
1513 3369 1683 3424 lilium
1718 3367 1821 3421 do-

211 3478 348 3534 mini
381 3473 854 3531 suiambulantem
884 3476 938 3524 et
955 3485 1148 3523 sanum
1181 3466 1540 3520 dimitterent.

287 3570 421 3624 XXI.
481 3566 597 3621 Alio
644 3579 862 3636 quoque
921 3567 1168 3630 tempore
1225 3557 1447 3630 quidam
1504 3555 1612 3608 dux
1676 3552 1827 3607 Van-

211 3662 468 3718 dalorum
511 3657 656 3726 (65)
702 3653 925 3708 Misicho
961 3667 1084 3706 cum
1117 3651 1314 3724 sagitta
1344 3647 1579 3703 toxicata
1609 3643 1665 3697 in
1706 3643 1830 3696 bra-

215 3751 348 3807 chio
376 3745 692 3803 vulneratus
750 3748 846 3796 est.
879 3739 978 3804 Qui
1024 3755 1146 3793 eum
1179 3738 1408 3792 sentiret
1456 3750 1580 3790 sese
1621 3746 1836 3787 veneno

219 3841 422 3897 nocivo
479 3853 601 3891 esse
656 3849 999 3906 percussum,
1033 3841 1087 3885 et
1142 3831 1245 3884 sibi
1304 3828 1592 3882 imminere
1650 3822 1842 3878 mortis

220 3929 511 3985 interitum
557 3924 749 3979 eadem
799 3923 934 3977 hora
979 3927 1214 3992 putaret,
1247 3935 1368 3972 cum
1405 3931 1602 3990 magna
1643 3913 1750 3967 lide
1790 3919 1845 3966 et

223 4021 536 4078 constantia
600 4025 783 4073 votum
844 4016 1014 4080 vovit,
1068 4023 1125 4068 ut
1176 4012 1470 4066 brachium
1523 4020 1843 4084 argenteum

225 4132 354 4171 cum
377 4129 562 4176 manu,
586 4109 914 4182 quantocius
936 4107 1229 4178 potuisset,
1261 4105 1330 4160 ad
1353 4110 1605 4158 sanctum
1631 4100 1843 4157 Udalri-

228 4220 357 4259 cum
409 4202 624 4254 mittere
668 4214 778 4253 non
822 4195 1085 4250 differret.
1141 4195 1238 4260 Qui
1281 4194 1463 4249 statim
1505 4200 1625 4264 post
1660 4197 1843 4246 votum

231 4292 559 4348 relevatusa
591 4287 837 4358 periculo
876 4285 943 4339 ad
977 4285 1200 4339 domum
1231 4301 1388 4338 suam
1420 4283 1602 4348 rediit,
1635 4290 1688 4337 et
1728 4282 1851 4335 bra-

234 4383 424 4438 chium
458 4379 762 4434 secundum
806 4393 964 4431 suum
993 4385 1178 4431 votum
1211 4390 1543 4446 componere
1576 4372 1854 4444 praecepit.

236 4471 488 4541 Cumque
541 4467 679 4522 fabri
755 4465 1037 4520 brachium
1089 4464 1353 4518 fabricare
1429 4462 1745 4532 coepissent,
1801 4467 1855 4514 et

238 4575 468 4615 manum
501 4557 554 4611 in
583 4573 649 4611 eo
676 4554 968 4629 ﬁngerent,
1003 4555 1108 4607 dux
1149 4554 1412 4609 continuo
1444 4552 1512 4606 de
1546 4549 1854 4605 imminenti

242 4650 491 4724 periculo
523 4650 784 4703 liberatus
814 4647 1070 4713 surrexit,
1126 4647 1296 4700 Deum
1332 4645 1559 4699 laudans
1590 4645 1685 4714 qui
1731 4659 1857 4697 eum

245 4758 350 4813 per
378 4739 574 4793 merita
625 4737 711 4791 sui
751 4736 922 4790 sancti
978 4735 1223 4806 episcopi
1269 4735 1338 4789 de
1393 4733 1584 4787 mortis
1616 4731 1860 4803 periculo

247 4831 527 4900 liberavit,
587 4835 771 4884 votum
843 4843 1002 4882 suum
1048 4825 1360 4897 periiciens,
1416 4824 1685 4879 mittendo
1739 4823 1868 4877 bra-

251 4925 438 4978 chium
465 4938 586 4976 cum
617 4937 780 4974 manu
815 4919 882 4974 ad
913 4919 1013 4973 viri
1041 4919 1214 4974 sancti
1246 4918 1580 4988 sepulcrum.

327 5013 484 5069 XXII.
522 5013 778 5076 Quaedam
821 5009 1018 5064 mulier
1061 5009 1129 5062 de
1160 5007 1406 5063 Curiensi
1456 5006 1630 5072 Retia,
1679 5004 1871 5059 relicto

257 5105 484 5178 proprio
511 5104 728 5165 marito,
761 5102 978 5156 cuidam
1010 5101 1127 5157 viro
1156 5100 1225 5154 de
1257 5115 1397 5174 pago
1423 5098 1738 5173 Albegewe,
1772 5098 1874 5151 Du-

261 5199 382 5252 rinc
411 5204 624 5262 vocato,
670 5195 725 5248 in
784 5194 1195 5249 matrimonium
1249 5192 1434 5263 juncta
1481 5198 1582 5246 est.
1633 5191 1875 5261 Cumque

264 5305 387 5345 cum
430 5290 523 5344 illo
555 5288 955 5359 aliquantulum
991 5287 1256 5358 temporis
1287 5294 1555 5352 maneret,
1597 5301 1628 5338 a
1680 5283 1881 5340 daemo-

269 5383 361 5438 nio
391 5383 619 5437 obsessa
639 5389 742 5448 est,
776 5388 830 5436 et
861 5380 927 5434 ab
956 5395 1022 5435 eo
1055 5378 1223 5433 nimie
1255 5377 1571 5436 vexabatur.
1597 5377 1726 5442 Quae
1755 5393 1878 5432 eum

273 5471 328 5525 in
362 5473 547 5526 multis
575 5471 778 5525 sanctis
826 5471 961 5526 locis
1008 5469 1354 5524 liberationis
1399 5484 1513 5522 suae
1547 5467 1880 5538 adjutorium

273 5572 547 5635 quaereret
575 5572 629 5618 et
660 5579 771 5618 non
811 5563 1106 5628 inveniret,
1138 5561 1429 5616 consilium
1485 5559 1698 5630 accepit
1739 5566 1795 5613 ut
1820 5558 1888 5612 ad

273 5651 592 5720 sepulcrum
641 5651 813 5704 sancti
882 5648 1132 5720 episcopi
1183 5647 1420 5703 Udalrici
1465 5647 1712 5714 veniret;
1741 5646 1888 5718 quod

344 5750 456 5820 (65)
496 5749 742 5806 Polonos
766 5747 1039 5825 signiﬁcat

577 5879 810 5940 PATRO
829 5895 892 5938 L.
946 5875 1280 5940 CXXXV.

1849 549 1902 596 et
1945 541 2234 595 ecclesiam
2292 547 2493 594 sanctae
2527 537 2662 591 Afrae
2697 537 2840 591 bene
2893 537 3140 608 aspicere
3187 536 3475 608 potuisset,

1862 636 2106 690 clamans
2138 643 2192 690 et
2237 633 2477 689 fremens
2523 632 2721 687 cecidit
2751 632 2806 686 in
2851 641 3072 699 terram,
3125 642 3180 688 ot
3227 631 3365 686 facta
3395 637 3480 685 est

1854 725 2008 796 quasi
2055 733 2287 778 mortua.
2342 722 2604 776 Praefatus
2646 729 2828 775 autem
2887 721 3086 776 Durinc
3117 737 3241 776 cum
3302 717 3480 775 comi-

1864 815 2108 869 tantibus
2136 815 2241 869 sibi
2274 814 2485 868 studuit
2516 814 2696 867 levare
2724 828 2873 876 eam;
2907 811 3086 867 levata
3117 821 3322 878 autem,
3356 811 3479 866 red-

1866 911 1980 966 dito
2006 926 2192 975 sensu,
2222 927 2251 963 a
2281 909 2556 964 daemonio
2589 918 2674 963 est
2705 909 2954 962 liberata.

1937 1003 2120 1057 XXIII.
2176 1001 2617 1072 Eleemosynaria
2693 999 2943 1071 quaedam
2991 999 3284 1052 Abrahami
3363 999 3484 1052 Fri-

1869 1095 2149 1167 singensis
2206 1094 2454 1165 episc0pi
2505 1093 2760 1153 civitatis,
2820 1092 2888 1146 de
2936 1091 3064 1145 villa
3119 1108 3240 1162 quae
3289 1091 3490 1146 dicitur

1868 1190 2111 1255 Camera,
2160 1188 2246 1243 cui
2276 1188 2495 1242 maxilla
2539 1187 2746 1257 pectori
2782 1185 2883 1240 fuit
2928 1186 3156 1251 inserta,
3190 1192 3244 1239 et
3272 1185 3493 1256 loquela

1870 1283 1924 1337 iu
1957 1290 2070 1338 toto
2102 1290 2323 1357 negata,
2365 1281 2453 1337 cui
2484 1281 2646 1336 etiam
2693 1295 2889 1334 manus
2936 1279 3178 1334 brachiis
3217 1279 3495 1349 replicata:

1871 1386 1926 1433 et
1981 1377 2372 1450 conglutinatae
2424 1385 2627 1442 erant,
2680 1384 2739 1430 ut
2797 1374 2984 1447 ﬁgurae
3053 1374 3354 1447 digitorum
3410 1373 3497 1427 vix

1874 1465 2134 1539 cognosci
2167 1465 2496 1535 potuissent,
2529 1481 2652 1518 cum
2685 1463 2897 1518 veniret
2925 1463 2994 1517 ad
3023 1470 3271 1518 sanctum
3310 1461 3499 1532 sepul-

1879 1572 2050 1622 crum,
2085 1564 2142 1610 et
2185 1556 2315 1610 inde
2349 1555 2680 1611 revertendo
2710 1571 2878 1625 super
2907 1561 3136 1625 pontem
3168 1553 3274 1606 Liri
3308 1552 3498 1607 ﬂumi-

1883 1647 1968 1700 nis
2025 1645 2356 1712 ambularet,
2404 1645 2627 1718 quidam
2676 1646 2842 1700 homo
2897 1644 2946 1698 ei
2995 1644 3191 1698 obvius
3239 1643 3389 1698 venit
3448 1650 3503 1697 et

1887 1739 2248 1811 interrogavit
2274 1755 2394 1792 eam
2427 1738 2575 1792 unde
2599 1744 2884 1811 pergeret;
2919 1735 3006 1790 cui
3039 1735 3134 1790 illa
3168 1734 3504 1805 respondere

1886 1849 1994 1889 non
2029 1833 2226 1904 potuit,
2258 1833 2356 1887 scd
2390 1833 2640 1888 vertebat
2670 1849 2729 1887 sc
2761 1830 3077 1886 inclinando
3115 1830 3184 1884 ad
3213 1829 3504 1884 ecclesiam

1886 1929 2090 1976 sanctae
2127 1921 2286 1986 Afrae,
2320 1928 2379 1975 ut
2414 1920 2464 1972 ei
2494 1925 2823 1974 monstraret
2860 1919 3009 1974 unde
3041 1926 3298 1994 pergeret
3329 1937 3340 1972 :
3383 1934 3508 1972 cum

1888 2019 2070 2066 autem
2101 2027 2160 2066 se
2188 2011 2256 2066 ad
2297 2011 2445 2065 illam
2477 2018 2736 2077 verteret,
2767 2010 2985 2065 maxilla
3016 2010 3085 2065 de
3132 2018 3357 2080 pectore
3389 2009 3508 2064 sol-

1888 2100 2133 2169 vebatur,
2164 2107 2219 2155 et
2257 2099 2479 2172 loquela
2543 2100 2593 2154 ei
2633 2100 2701 2154 ad
2751 2100 3201 2172 respondendum
3249 2115 3514 2155 concessa

1894 2203 1998 2252 est.

1968 2291 2143 2347 XXIV.
2168 2291 2396 2356 Quidam
2423 2307 2600 2347 caecus
2630 2308 2753 2346 cum
2780 2291 3094 2361 perveniret
3124 2307 3248 2346 cum
3281 2289 3517 2345 ductore

1900 2400 1998 2440 suo
2029 2385 2098 2438 ad
2129 2384 2354 2439 ﬂuvium
2383 2384 2477 2456 qui
2513 2384 2715 2438 dicitur
2755 2384 2962 2438 Vindex
3005 2383 3362 2454 interrogavit
3390 2397 3516 2436 eum

1901 2477 1946 2530 si
1978 2475 2158 2530 adhuc
2186 2476 2372 2530 videre
2407 2476 2677 2546 potuisset
2711 2475 2985 2530 civitatem
3019 2483 3074 2529 et
3101 2473 3516 2529 monasterium.

1905 2565 2149 2636 Cumque
2182 2564 2398 2618 audiret
2440 2564 2496 2617 in
2555 2563 2804 2633 proximo
2836 2562 3004 2618 fuisse
3034 2570 3284 2618 sanctum
3317 2562 3520 2626 locum,

1907 2659 2228 2712 abstrahere
2254 2657 2358 2711 sibi
2391 2656 2518 2712 fecit
2547 2657 2751 2731 caligas
2773 2663 2827 2711 et
2855 2657 3250 2722 calceamenta,
3282 2662 3341 2710 ut
3363 2655 3528 2709 nudis

1910 2747 2040 2800 illuc
2072 2747 2383 2817 perveniret
2425 2745 2662 2815 pedibus
2691 2763 2705 2810 ;
2751 2745 2946 2800 ductor
2975 2755 3158 2800 autem
3181 2745 3320 2816 ejus,
3354 2743 3528 2815 raptis

1912 2839 2300 2894 calceamentis
2329 2847 2383 2894 et
2436 2839 2560 2894 aliis
2593 2840 2758 2894 rebus
2787 2841 2926 2910 ejus,
2979 2839 3175 2896 furtive
3207 2839 3431 2896 recessit
3460 2838 3528 2893 ab

1919 2946 2005 2992 eo,
2041 2931 2132 3001 qui
2164 2930 2443 2986 aestimans
2494 2937 2551 2984 ut
2585 2946 2686 3001 pro
2739 2931 2920 3002 aliqua
2970 2930 3315 2986 necessitatis
3369 2945 3535 2984 causa

1924 3021 2192 3092 oppidum
2229 3021 2379 3091 juxta
2407 3021 2572 3076 situm
2610 3022 2853 3088 intraret,
2887 3029 2942 3077 et
2984 3024 3167 3078 statim
3222 3022 3324 3077 sibi
3354 3022 3411 3076 in
3441 3021 3541 3076 ad-

1873 3150 1894 3169 .
1920 3109 2178 3180 jutorium
2241 3109 2465 3164 rediret.
2500 3110 2747 3182 Cumque
2803 3111 2896 3166 diu
2943 3119 3313 3184 exspectaret,
3343 3110 3547 3168 vocife-

1874 3191 1897 3215 ³
1925 3200 2095 3254 rando
2128 3217 2252 3254 eum
2277 3201 2564 3255 nominare
2590 3203 2832 3271 ccepitut
2861 3203 3091 3258 veniret.
3127 3204 3354 3258 Interim
3375 3203 3543 3258 etiam

1923 3294 2174 3366 quaesivit
2217 3294 2480 3348 zabernas
2523 3302 2576 3348 et
2606 3296 2999 3360 calceamenta,
3052 3303 3107 3350 et
3137 3311 3248 3351 non
3307 3296 3544 3350 invenit.

1924 3382 2074 3437 Tunc
2126 3381 2398 3453 persensit
2428 3399 2458 3436 a
2514 3382 2741 3436 ductore
2786 3397 2885 3437 suo
2913 3399 2974 3437 se
3005 3397 3127 3436 esse
3175 3383 3544 3452 despoliatum

1928 3475 2113 3531 ﬂendo
2154 3481 2206 3529 et
2231 3473 2440 3530 orando
2472 3475 2706 3529 clamare
2732 3475 2899 3544 ccepit
2952 3475 3019 3528 ad
3051 3480 3293 3529 sanctam
3325 3475 3544 3530 Mariam

1931 3570 2157 3617 matrem
2218 3561 2458 3626 Domini,
2491 3569 2545 3616 et
2590 3562 2656 3616 ad
2701 3570 2945 3617 sanctam
2978 3561 3178 3629 Afram,
3215 3569 3269 3618 et
3325 3563 3393 3618 ad
3421 3579 3550 3618 san-

1935 3665 2080 3710 ctum
2114 3653 2448 3718 Udalricum,
2496 3661 2555 3708 ut
2594 3654 2701 3708 sibi
2734 3653 2959 3724 aliquod
2991 3653 3387 3709 consolationis
3418 3671 3554 3725 sup-

1937 3747 2275 3817 plementum
2305 3743 2572 3798 eveniret.
2605 3745 2664 3798 In
2697 3744 2796 3798 hac
2825 3760 2951 3798 cum
2985 3743 3209 3814 prolixae
3237 3743 3555 3800 aiflictionis

1941 3832 2292 3888 tribulatione
2347 3830 2666 3898 laboraret,
2719 3831 2901 3886 subito
2963 3831 3211 3904 ignotum
3267 3833 3557 3903 conspexit

1943 3924 2117 3980 oculis
2147 3924 2354 3988 lumen,
2389 3931 2444 3977 et
2475 3923 2657 3977 statim
2689 3921 2966 3977 crucicula
2994 3922 3063 3976 de
3086 3922 3385 3977 viminibus
3416 3921 3558 3978 facta

1945 4015 2198 4071 eumdem
2258 4013 2538 4069 denotavit
2578 4013 2784 4080 locum,
2844 4021 2897 4068 et
2928 4021 3058 4068 tunc
3089 4013 3248 4068 laetus
3289 4013 3560 4068 destinata

1947 4103 2344 4170 visitavitloca,
2375 4102 2578 4176 gratias
2601 4102 2970 4172 omnipotenti
2994 4103 3105 4157 Deo
3136 4111 3191 4157 et
3215 4102 3416 4157 sanctis
3444 4102 3564 4170 ejus

1950 4216 2121 4274 agens
2152 4213 2251 4269 pro
2284 4197 2636 4268 perceptione
2671 4196 2923 4260 luminis;
2967 4195 3116 4250 cives
3146 4202 3330 4250 autem
3363 4195 3432 4250 de
3467 4195 3568 4249 IIo-

1952 4287 2220 4342 varchusa
2247 4286 2301 4339 in
2341 4285 2537 4340 eodem
2567 4286 2686 4341 loco
2714 4284 2808 4339 ubi
2845 4285 3177 4339 crucieulam
3211 4290 3566 4340 monstratam

1956 4380 2304 4440 invenerunt,
2337 4377 2598 4447 majorem
2649 4392 2865 4432 crucem
2917 4392 3014 4448 pro
3043 4377 3203 4449 signo
3245 4385 3566 4447 posuerunt.

2025 4469 2174 4524 XXV.
2225 4471 2468 4534 Quodam
2527 4476 2773 4540 tempore
2847 4485 2972 4523 cum
3033 4469 3273 4540 pOpulus
3329 4476 3576 4525 curreret

1959 4563 2205 4634 undique
2234 4563 2302 4617 ad
2346 4565 2639 4636 Augustam
2691 4562 2745 4615 in
2789 4562 2975 4632 vigilia
3028 4562 3330 4617 nativitatis
3373 4571 3576 4616 sanctae

1961 4652 2161 4715 Mariae,
2196 4660 2256 4706 ut
2284 4658 2532 4705 sanctum
2559 4650 2704 4704 diem
2747 4649 2821 4703 ibi
2849 4650 3169 4705 solemniter
3211 4651 3579 4714 celebrarent,

1964 4744 2216 4815 quaedam
2235 4743 2436 4797 mulier
2465 4742 2610 4796 inter
2638 4741 2775 4796 alios
2796 4758 2919 4795 cum
2961 4741 3192 4812 puerulo
3219 4759 3320 4798 suo
3352 4741 3581 4814 parvulo

1969 4832 2179 4888 studuit
2205 4839 2258 4887 et
2296 4831 2426 4886 illuc
2453 4831 2666 4897 venire,
2695 4838 2754 4884 ut
2784 4829 2935 4884 illum
2967 4831 3034 4884 ad
3058 4830 3374 4900 sepulcrum
3405 4831 3579 4884 sancti

1972 4924 2208 4979 Udalrici
2238 4941 2360 4979 cum
2389 4921 2762 4978 oblationibus
2790 4922 2866 4976 ibi
2890 4922 3336 4994 praeponderaret
3366 4938 3464 4993 pro
3484 4938 3584 4976 sua

1972 5013 2258 5083 sospitate.
2309 5012 2553 5084 Cumque
2584 5028 2750 5082 super
2780 5019 3001 5083 pontem
3034 5012 3277 5066 Vindicis
3320 5017 3586 5082 carpento

1972 5104 2385 5174 superpositum
2418 5103 2710 5174 puerulum
2749 5118 2873 5157 cum
2901 5102 3021 5156 aliis
3058 5101 3224 5156 rebus
3252 5102 3462 5157 ducere
3490 5117 3592 5158 vo-

1975 5194 2186 5262 luisset,
2243 5211 2341 5264 pro
2373 5194 2753 5266 inaequalitate
2789 5195 2974 5264 pontis
3012 5200 3271 5264 carpento
3307 5194 3592 5261 inclinato,

1977 5286 2240 5359 puerulus
2298 5286 2501 5340 cecidit
2549 5286 2603 5340 in
2653 5302 2895 5353 amnem,
2937 5286 3031 5358 qui
3064 5300 3159 5356 pro
3209 5285 3379 5340 nimia
3409 5284 3599 5342 illuvie

1979 5375 2337 5430 vehementer
2360 5375 2625 5440 elevatus,
2650 5375 2927 5429 universis
2946 5391 3114 5445 super
3135 5390 3260 5431 eum
3287 5373 3600 5429 meantibus

1987 5466 2212 5522 exitium
2264 5465 2554 5520 minitavit.
2615 5465 2860 5537 Cumque
2941 5475 3114 5522 mater
3165 5468 3472 5523 tristissima
3548 5467 3602 5521 in‘

1993 5555 2293 5626 perniciem
2329 5553 2413 5608 sui
2441 5553 2496 5606 in
2528 5568 2744 5606 amnem
2771 5561 2893 5622 post
2925 5571 3154 5624 puerum
3178 5558 3378 5613 cadere
3403 5557 3611 5612 voluis-

1991 5653 2095 5715 set,
2126 5653 2182 5701 et
2219 5644 2307 5702 vix
2336 5660 2367 5699 a
2394 5641 2879 5698 circumstantibus
2931 5648 3341 5716 comprehensa
3393 5655 3613 5705 tenere-

3236 5877 3321 5941 34
