3978 6214
430 406 569 465 1067

1498 389 1553 443 S.
1597 382 1905 441 UDALRIIZI
1945 377 2316 433 AUGUSTANI
2359 376 2673 431 EPISCOPI.

3617 380 3753 437 1068

432 550 535 607 tur,
570 535 761 609 populi
788 534 844 588 in
860 538 1092 602 utraque
1120 532 1275 598 parte
1300 520 1547 578 ﬂuminis
1578 518 1634 572 in
1662 516 1781 586 ripa
1809 512 2039 568 festina-
2064 512 2116 582 Α
2140 514 2350 609 gustam
2382 506 2655 564 civitatem
2687 523 2850 563 causa
2863 509 3130 565 orationis
3153 512 3470 583 ,quemdam
3496 510 3754 567 claudum

431 636 627 686 verunt
675 629 729 681 in
759 622 1092 695 adjutorium
1134 615 1377 673 infantis.
1431 611 1531 678 Qni
1580 625 1702 663 cum
1754 623 1783 660 a
1814 602 2039 659 nemine

432 737 621 777 eorum
672 716 915 789 adjuvari
978 713 1267 785 potuisset,
1322 705 1551 761 ﬂumine
1603 700 1925 755 submersus
1973 692 2040 747 ab

431 811 609 867 oculis
639 786 882 863 omnium
916 801 1313 858 occultabatur.
1360 794 1533 849 Mater
1560 798 1742 845 autem
1771 786 1839 841 ab
1878 798 2041 838 amne

429 908 482 964 vi
514 907 767 967 abducta,
806 909 859 956 et
908 908 1175 972 quantum
1210 892 1470 966 possibile
1528 887 1630 941 fuit
1660 880 2037 939 consolatione

430 1008 672 1072 recepta,
701 997 885 1052 ﬂendo
917 971 970 1050 et
1009 988 1360 1047 lamentando
1391 980 1720 1054 adjutorium
1754 971 2041 1072 sanctissi-

432 1062 676 1145 mae-Dei
736 1082 1018 1158 genitricis
1080 1078 1257 1133 Maria:
1324 1072 1597 1144 imprimis
1665 1062 1937 1139 quaesivit,
1986 1066 2042 1114 et

434 1189 624 1254 postea
654 1179 722 1234 ad
737 1151 1067 1248 sepulcrum
1102 1169 1275 1226 sancti
1311 1164 1544 1222 Udalrici
1577 1177 1701 1217 cum
1746 1151 2042 1213 oblationi—

432 1246 538 1329 bus
564 1289 700 1346 quas
725 1246 885 1325 antea
943 1282 1041 1338 pro
1083 1262 1347 1333 sospitate
1390 1258 1486 1311 filii
1532 1254 1614 1309 sui
1669 1253 1797 1306 illuc
1828 1246 2042 1301 deferre

435 1341 701 1429 decrevit,
747 1370 801 1417 et
857 1376 951 1415 cas
1011 1373 1111 1429 pro
1166 1352 1358 1425 requie
1402 1350 1597 1404 anima:
1657 1341 1869 1415 pueruli
1921 1354 2043 1393 cum

434 1459 581 1514 bona
610 1455 719 1510 fide
773 1451 1016 1508 donavit.
1057 1444 1318 1517 Sequenti
1366 1456 1496 1496 vero
1526 1445 1685 1493 nocte
1739 1450 1860 1489 cum
1892 1431 2044 1486 triste

437 1564 637 1619 corpus
667 1543 916 1600 mulieris
946 1555 1112 1609 50por
1142 1540 1459 1606 occuparet,
1496 1529 1717 1601 quidam
1763 1524 1918 1579 valde
1962 1538 2048 1577 ve-

436 1615 705 1696 nerabilis
724 1651 911 1699 senex,
931 1634 984 1686 in
1014 1630 1213 1685 vestitu
1241 1622 1564 1697 episc0pali,
1589 1616 1844 1690 apparuit
1860 1618 1932 1681 ei,
1952 1615 2044 1669 di-

436 1745 601 1785 cens:
622 1749 645 1777 ‹‹
663 1724 900 1780 Paenitet
915 1737 983 1776 ne
1003 1728 1077 1783 te,
1094 1716 1312 1779 mulier,
1326 1712 1485 1767 valde
1504 1708 1808 1765 infantulus
1827 1712 1949 1759 tuus
1964 1703 1992 1756 ?
2014 1722 2038 1752 ι

438 1821 567 1885 Quae
591 1814 909 1888 respondit:
949 1833 972 1863 α
1006 1809 1202 1873 Etiam,
1224 1805 1468 1860 domine.
1507 1826 1530 1850 ν
1565 1799 1797 1853 Cuiille:
1831 1818 1857 1846 ι
1891 1795 2045 1849 Mane

438 1884 700 1970 dilicnlo,
722 1901 925 1972 inquit,
955 1899 1092 1953 vade
1123 1896 1190 1952 ad
1230 1894 1481 1954 ﬂuvium,
1511 1899 1565 1990 et
1588 1888 1681 1994 ubi
1713 1887 1915 1985 ultima.
1929 1884 2045 1939 vice
2071 1924 2123 1994 Β

438 1998 496 2052 in
523 2010 683 2051 amne
711 1992 1011 2055 videretur,
1040 2000 1225 2059 qurere
1246 2000 1372 2039 eum
1403 1982 1458 2035 in
1485 1980 1603 2049 ripa
1628 1975 1874 2031 ﬂuminis
1905 1975 2049 2027 inter

438 2085 681 2141 frutices.
715 2102 739 2132 ι
778 2083 906 2144 Quae
936 2074 1318 2149 expergefacta
1351 2079 1642 2124 venturum
1677 2081 1795 2120 cras
1834 2063 1920 2119 vix
1948 2078 2047 2117 ex-

437 2187 698 2252 spectans
727 2192 850 2232 cum
874 2170 1260 2243 adjuvantibus
1284 2165 1390 2220 sibi
1420 2164 1592 2235 ripam
1627 2160 1871 2215 ﬂuminis
1892 2157 2047 2221 adiit,

440 2280 495 2328 et
544 2270 848 2326 secundum
907 2265 1131 2320 verbum
1194 2259 1367 2314 sancti
1418 2256 1517 2311 viri
1567 2256 1829 2309 infantem
1889 2268 2049 2306 suum

439 2378 632 2420 sanum
688 2366 742 2414 et
817 2354 1148 2411 incolumem
1208 2346 1438 2403 invenit.
1499 2346 1648 2400 Tunc
1701 2342 1822 2397 laeta
1881 2342 2049 2395 Deum

440 2455 673 2511 laudans
701 2449 887 2516 rediit,
936 2453 993 2502 et
1025 2461 1140 2499 rem
1171 2448 1379 2518 gestam
1411 2439 1467 2493 in
1516 2437 1734 2493 civitate
1766 2442 1821 2489 et
1847 2434 2051 2505 ubique

440 2542 707 2601 recitavit.

510 2655 687 2711 XXVI.
720 2651 951 2717 Quidam
980 2663 1110 2703 vero
1156 2646 1321 2700 homo
1360 2643 1510 2713 juxta
1537 2638 1870 2703 Danubium,
1925 2652 2050 2691 cum

438 2756 668 2805 cunctus
700 2743 937 2816 populus
965 2757 1064 2795 sua
1093 2744 1289 2809 sponte
1329 2734 1639 2790 natalitium
1668 2730 1841 2786 sancti
1889 2729 2053 2784 Udal-

435 2840 534 2897 rici
562 2837 892 2894 solemniter
922 2832 1246 2895 celebraret,
1271 2828 1456 2883 fenum
1493 2841 1614 2881 cum
1643 2822 1877 2877 rastellis
1904 2837 2047 2877 con-

435 2928 682 3002 gregavit
710 2927 765 2980 in
797 2922 1068 2985 cumulos,
1102 2920 1245 2973 diem
1299 2923 1547 2971 sanctum
1579 2911 1913 2984 spernendo.
1950 2909 2047 2975 Qui

436 3001 559 3076 cum
607 3019 778 3073 altera
802 3016 895 3069 die
925 3028 1047 3067 cum
1085 3008 1344 3081 plaustris
1368 3005 1597 3067 veniret,
1640 3012 1699 3058 ut
1738 3003 1843 3057 hoc
1873 3002 1929 3055 in
1961 3001 2045 3055 fe-

434 3109 648 3165 narium
678 3121 837 3159 suum
882 3103 1129 3159 duceret,
1180 3096 1419 3151 exterius
1464 3094 1760 3149 formosum
1799 3090 2045 3155 invenit;

434 3217 559 3257 cum
587 3204 769 3254 autem
797 3194 1009 3249 bibenti
1035 3193 1185 3263 ligno
1226 3189 1457 3245 interius
1488 3192 1758 3259 tangeret,
1789 3192 1960 3240 totum
1995 3183 2049 3238 in

436 3293 647 3349 favillas
697 3289 1038 3344 immutatum
1072 3283 1305 3346 invenit,
1336 3290 1391 3337 et
1419 3282 1566 3337 diem
1613 3286 1862 3335 sanctum
1890 3294 2051 3350 quem

436 3390 598 3438 antea
655 3379 932 3434 celebrare
979 3375 1176 3441 noluit,
1233 3379 1423 3444 postea
1500 3387 1609 3442 prae
1680 3369 1876 3424 timore
1932 3383 2059 3423 con-

440 3484 686 3530 temnere
718 3486 833 3525 non
867 3468 1125 3524 audebat.

510 3588 713 3644 XXVII.
770 3586 975 3641 Eodem
1030 3599 1161 3640 vero
1219 3590 1466 3652 tempore
1526 3580 1724 3636 ancilla
1771 3577 2059 3650 cujusdam

441 3686 730 3740 matronae,
764 3675 986 3730 Gerbirc
1032 3673 1147 3745 [al.,
1182 3670 1461 3741 Gerbirch]
1507 3674 1858 3740 nuncupatas.
1891 3666 2058 3721 telum

441 3786 624 3834 suum,
652 3767 782 3821 dum
815 3767 871 3820 in
903 3763 1137 3820 texendo
1178 3760 1476 3825 laboraret,
1517 3757 1734 3812 subitus
1764 3755 1923 3810 dolor
1954 3769 2063 3809 cne-

441 3861 522 3933 pit
568 3859 889 3915 contrahere
935 3870 1131 3910 manus
1162 3852 1314 3922 ejus;
1364 3848 1512 3923 quod
1544 3865 1667 3904 cum
1709 3844 2061 3902 lamentando

443 3957 567 4013 aliis
578 3956 807 4020 diceret,
826 3952 1230 4025 responderunt
1249 3949 1299 4003 ei
1321 3965 1333 4001 :
1370 3968 1387 3995 ι
1415 3949 1639 4016 Depone
1654 3942 1820 3998 texile
1836 3942 2059 4007 ferrum,

446 4050 575 4123 quia
601 4064 700 4120 pro
722 4054 874 4101 reatu
894 4043 1146 4100 hodierni
1163 4041 1345 4113 Operis
1368 4040 1457 4093 hic
1478 4038 1633 4092 labor
1650 4036 1748 4090 tibi
1765 4034 2008 4099 accedit;
2032 4057 2057 4081 ιι

449 4158 573 4215 quze
601 4141 691 4197 vix
717 4138 973 4194 manibus
1012 4136 1082 4191 de
1114 4134 1257 4190 ferro
1288 4131 1554 4188 absolutis
1582 4131 1785 4185 lectum
1818 4126 2059 4182 intravit.

450 4231 694 4303 Cumque
753 4228 828 4283 ibi
890 4226 1135 4299 requiem
1195 4239 1305 4278 non
1361 4221 1619 4285 haberet,
1682 4234 1791 4290 prae
1844 4223 2059 4272 contra-

445 4322 626 4377 ctione
676 4333 960 4380 manuum,
992 4330 1272 4371 conserva
1317 4312 1438 4383 ejus
1466 4310 1858 4366 nuntiaverunt
1883 4308 2065 4363 domi-

448 4425 534 4465 nae
562 4424 709 4463 suae:
744 4406 837 4459 illa
863 4421 990 4459 vero
1024 4401 1287 4475 praecepit
1332 4407 1390 4455 ut
1416 4416 1578 4454 mane
1608 4398 1851 4453 diluculo
1901 4398 2064 4452 duce-

447 4508 598 4553 retur
623 4510 723 4566 pro
755 4492 1080 4548 liberatione
1110 4507 1209 4545 sua
1239 4490 1304 4544 ad
1338 4488 1652 4559 sepulcrum
1687 4486 1863 4541 sancti
1888 4486 2058 4539 Udal-

448 4587 569 4642 rici.
607 4586 850 4656 Cumque
883 4584 937 4637 in
970 4582 1168 4638 itinere
1207 4581 1365 4635 lassae
1418 4580 1561 4634 circa
1599 4580 1787 4633 horam
1856 4592 2057 4633 nonam

452 4678 509 4733 in
541 4675 771 4747 planitie
801 4671 1135 4729 Lechfeldiei
1178 4669 1355 4740 campi
1389 4669 1457 4723 ad
1489 4666 1789 4723 reﬁcienda
1834 4683 2066 4738 corpora

451 4770 858 4835 consedissent,
888 4767 1045 4823 dolor
1087 4765 1255 4836 coepit
1293 4763 1468 4817 minui
1500 4764 1555 4817 in
1611 4761 1870 4816 manibus
1900 4762 2063 4817 labo-

451 4860 646 4927 rantis,
675 4858 749 4913 ita
777 4865 838 4912 ut
863 4864 1158 4926 antequam
1190 4853 1258 4908 de
1290 4852 1410 4922 ipso
1441 4851 1560 4907 loco
1592 4858 1901 4923 surgerent,
1940 4849 2065 4905 usui

452 4952 655 5026 prioris
684 4948 1027 5007 rectitudinis
1045 4947 1426 5001 redderentur.
1455 4944 1583 5009 Quae
1614 4950 1744 4998 tunc
1775 4944 1910 4997 laetae
1938 4960 2067 5014 per-

446 5049 720 5098 venerunt
771 5040 837 5095 ad
872 5037 1319 5109 prmdestinatum
1350 5035 1555 5101 locum,
1586 5041 1642 5089 et
1681 5033 1808 5088 inde
1837 5033 1893 5087 in
1931 5034 2065 5088 civi-

451 5141 617 5190 tatem
646 5132 714 5187 ad
745 5130 1035 5187 ecclesiam
1067 5136 1269 5185 sanctae
1290 5127 1471 5183 Mariae
1497 5126 1782 5200 genitricis
1797 5125 1914 5181 Dei.
1940 5126 2069 5182 Post

450 5241 740 5297 vesperam
782 5222 1090 5290 venientes,
1123 5222 1261 5288 haec,
1306 5217 1468 5274 sicuti
1516 5223 1670 5292 gesta
1715 5223 1862 5283 sunt,
1904 5216 2069 5273 nobis

453 5318 939 5382 annuntiaverunt,
970 5324 1026 5373 et
1057 5317 1196 5372 laetae
1218 5315 1287 5371 ad
1323 5313 1546 5386 pr0pria
1577 5312 1881 5368 redierunt.

528 5443 753 5498 XXVIII.
784 5443 996 5499 Nobilis
1037 5443 1289 5514 quaedam
1329 5449 1579 5498 matrona
1608 5442 1677 5497 de
1711 5442 2065 5516 Burgundio-

459 5552 589 5594 num
635 5537 942 5607 provincia,
1001 5539 1130 5593 dum
1180 5537 1515 5595 decrevisset
1563 5552 1800 5612 pergere
1838 5536 1906 5592 ad
1953 5537 2067 5593 Au-

2141 598 2637 670 eleemosynarium
2671 601 2934 672 praecepit
2959 602 3208 657 comitari
3234 618 3457 669 secum;
3490 603 3650 674 cujus
3665 619 3756 657 ca-

2142 689 2347 743 ballum
2379 690 2595 745 duobus
2618 692 2882 746 ministris
2912 694 3026 748 suis
3055 696 3485 760 commendavit,
3503 702 3564 749 ut
3586 694 3758 766 pedes

2142 780 2281 849 ejus,
2323 781 2481 835 sicuti
2541 798 2657 836 mos
2715 791 2769 837 et
2825 784 3206 857 pergentibus,
3260 784 3404 841 ferro
3450 785 3756 840 munirent.

2144 873 2242 937 Qui
2278 873 2653 928 fraudulenter
2691 874 2863 943 pedes
2908 875 3104 930 caballi
3137 892 3260 931 cum
3294 876 3463 931 clavis
3498 876 3762 932 vulnera-

2139 972 2358 1026 verunt,
2393 979 2459 1016 ne
2491 964 2703 1018 delator
2729 979 2920 1018 eorum
2952 964 3005 1017 in
3036 965 3233 1021 itinere
3272 973 3495 1021 actuum
3528 982 3761 1021 suorum

2145 1071 2242 1126 pro
2272 1055 2535 1110 fidelitate
2568 1056 2808 1110 domina:
2838 1072 2970 1124 sure,
2994 1058 3136 1114 sicut
3168 1059 3360 1114 solitus
3384 1066 3525 1123 erat,
3557 1075 3760 1113 mane-

2145 1156 2244 1201 ret.
2281 1147 2651 1219 Dixernntque
2683 1149 2909 1204 claudo:
2958 1171 2978 1200 ι
3016 1150 3266 1206 Caballus
3296 1161 3422 1206 tuus
3460 1151 3759 1219 claudicat,

2145 1239 2445 1300 ctjideohic
2475 1246 2525 1293 te
2550 1255 2773 1294 necesse
2803 1248 2886 1295 est
2906 1257 3210 1298 remanere.
3246 1264 3270 1293 ιο
3300 1242 3508 1309 Quibus
3528 1242 3765 1298 claudus

2145 1328 2487 1397 respondens
2511 1330 2680 1383 dixit:
2712 1331 2968 1396 Quamvis
2990 1332 3235 1388 caballus
3255 1334 3552 1402 claudicet,
3576 1341 3766 1388 tamen

2147 1434 2256 1475 non
2290 1422 2578 1477 consentio
2620 1421 2707 1476 hic
2738 1439 2824 1477 me
2869 1440 3179 1492 remanere;
3238 1426 3331 1497 qui
3364 1426 3552 1481 omnia
3584 1433 3771 1496 potest

2150 1511 2289 1565 Deus
2308 1512 2684 1583 omnipotens,
2709 1515 2872 1569 etiam
2896 1531 2981 1570 me
3001 1516 3164 1584 valet,
3185 1516 3327 1571 sicut
3342 1516 3449 1571 sibi
3474 1517 3767 1587 placet,ad

2148 1606 2263 1661 loca
2287 1607 2589 1677 perducere
2621 1607 2913 1665 destinata.
2946 1610 3189 1681 Cumque
3219 1627 3343 1665 cum
3374 1610 3500 1665 aliis
3524 1627 3766 1684 pergere

2149 1698 2428 1768 erupisset,
2452 1714 2587 1753 sano
2605 1707 2661 1753 et
2690 1707 2816 1770 apto
2834 1700 3047 1755 caballo
3069 1701 3137 1755 ad
3166 1703 3459 1774 Augustam
3484 1700 3767 1772 pervenit.

2149 1783 2387 1856 Cumque
2430 1786 2504 1840 ibi
2537 1787 2605 1840 ad
2645 1788 2955 1858 sepulcrum
3009 1789 3183 1845 sancti
3225 1790 3459 1845 Udalrici
3501 1790 3767 1845 devotam

2150 1881 2456 1936 orationem
2516 1882 2887 1955 prolongaret,
2921 1892 2977 1940 et
3022 1884 3178 1941 ﬁrma
3208 1885 3315 1941 fide
3350 1902 3447 1957 pro
3491 1887 3768 1957 sospitate

2150 1986 2249 2025 sua
2291 1971 2635 2026 clementiam
2678 1974 2771 2028 Dei
2828 1974 3166 2045 imploraret,
3200 1976 3253 2029 in
3287 1975 3583 2047 praesentia
3624 1975 3775 2029 mul-

2153 2072 2329 2118 torum
2380 2063 2600 2119 sanitati
2654 2066 2904 2121 redditus
2949 2076 3053 2123 est.
3113 2068 3221 2125 Hoc
3264 2070 3518 2126 videntes
3548 2070 3771 2141 praefati

2152 2154 2405 2209 homines
2431 2155 2525 2226 qui
2549 2156 2817 2227 impedire
2850 2159 2953 2213 iter
2978 2160 3099 2228 ejus
3118 2160 3175 2215 in
3206 2160 3421 2218 caballo
3446 2162 3772 2229 voluerunt,

2151 2242 2469 2297 ceciderunt
2527 2250 2860 2313 terratenus,
2919 2248 3248 2306 confitentes
3320 2251 3539 2307 clericis
3601 2258 3776 2308 cate-

2154 2335 2338 2406 risque
2370 2335 2463 2407 qui
2499 2337 2554 2390 in
2588 2339 2881 2408 praesentia
2909 2339 3136 2397 aderant
3168 2340 3370 2399 delicta
3400 2359 3521 2410 sua,
3547 2343 3773 2400 veniam

2156 2422 2518 2493 postulantes,
2560 2425 2708 2497 quod
2737 2443 2861 2482 eum
2890 2429 3146 2485 claudum
3180 2430 3449 2502 impedire
3474 2431 3779 2488 voluerunt

2154 2529 2223 2569 ne
2266 2515 2585 2585 perveniret
2626 2518 2695 2572 ad
2745 2518 2947 2586 locum,
2988 2521 3082 2577 ubi
3129 2521 3395 2577 Dominus
3432 2539 3531 2593 per
3574 2523 3780 2578 merita

2151 2608 2324 2663 sancti
2367 2609 2607 2665 Udelrici
2639 2628 2763 2667 eum
2798 2630 2991 2669 sanare
3019 2615 3279 2689 dignatus
3308 2623 3394 2671 est
3451 2617 3512 2671 Et
3541 2626 3777 2689 accepta

2154 2702 2479 2772 pcenitentia
2523 2706 2697 2760 secuti
2758 2714 2887 2762 sunt
2941 2708 3196 2764 claudum
3257 2716 3505 2765 sanatum
3544 2726 3774 2766 crucem

2152 2800 2482 2863 portantem,
2514 2801 2743 2868 uterque
2774 2814 2960 2853 saxum
2992 2806 3157 2855 tantm
3200 2798 3605 2873 magnitudinis
3638 2816 3777 2872 por-

2151 2896 2272 2942 tans
2295 2896 2559 2959 quantum
2593 2892 2772 2947 levare
2799 2895 2993 2963 potuit,
3027 2912 3204 2968 usque
3236 2894 3290 2950 in
3318 2895 3619 2952 ecclesiam
3640 2912 3779 2951 san-

2150 2985 2249 3033 ctae
2290 2980 2383 3034 Dei
2416 2982 2706 3039 Genitricis
2750 2985 2950 3051 Mariae,
2992 3004 3116 3059 quas
3147 2995 3230 3044 est
3266 2988 3371 3043 sita
3403 2988 3458 3043 in
3513 2988 3777 3055 civitate;

2151 3067 2338 3140 ibique
2372 3079 2598 3141 peccata
2626 3089 2725 3129 sua
2777 3075 3220 3131 lamentabantur
3249 3077 3482 3133 multum
3522 3093 3650 3133 cum
3702 3078 3781 3132 la-

2152 3160 2354 3229 crymis
2376 3178 2591 3218 veniam
2643 3166 3001 3235 postulantes.
3038 3166 3280 3239 Cumque
3310 3170 3417 3225 hoc
3455 3170 3677 3243 signum
3720 3171 3780 3226 in

2149 3251 2443 3318 praesentia
2470 3253 2716 3307 omnium
2738 3255 3022 3309 recitatum
3048 3253 3265 3322 fuisset,
3291 3255 3477 3311 clerici
3507 3258 3576 3310 Te
3607 3259 3780 3311 Deum

2159 3340 2447 3395 laudamus
2486 3348 2541 3396 et
2570 3343 2759 3412 populi
2803 3346 2969 3413 Hyrie
2996 3346 3194 3400 eleison
3232 3350 3540 3414 cantantes,
3568 3347 3783 3418 gratias

2160 3435 2215 3483 et
2242 3428 2434 3484 laudes
2467 3430 2575 3486 Deo
2617 3431 2951 3489 referebant.

2230 3518 2405 3573 XXIX.
2441 3519 2670 3583 Quidam
2700 3520 2863 3576 homo
2902 3520 3145 3590 juvenis,
3179 3521 3465 3592 cujusdam
3497 3520 3648 3579 ﬁlius
3682 3540 3785 3582 co—

2163 3610 2328 3677 mitis,
2354 3617 2505 3665 tanta
2532 3610 2847 3667 infirmitate
2879 3620 2965 3668 est
2995 3613 3276 3681 detentus,
3310 3622 3369 3669 ut
3400 3631 3506 3671 nec
3534 3616 3589 3670 in
3632 3617 3781 3673 lecto

2164 3702 2267 3757 nisi
2299 3702 2368 3757 ab
2400 3703 2521 3758 aliis
2572 3703 3002 3760 adminiculatus
3032 3705 3087 3760 in
3125 3705 3276 3762 aliud
3305 3723 3364 3762 se
3402 3716 3621 3764 vertere
3675 3726 3785 3780 po-

2162 3797 2356 3852 tuisset
2385 3797 2547 3861 latus,
2582 3813 2684 3854 nec
2703 3798 2887 3853 cibum
2918 3799 3093 3855 multo
3123 3806 3371 3872 tempore
3400 3801 3612 3857 valeret
3640 3803 3789 3860 acci-

2163 3903 2316 3959 pere,
2366 3887 2472 3942 nisi
2505 3888 2694 3958 paucis
2745 3887 2949 3943 oblatis
2992 3888 3410 3945 refocillaretnr.
3470 3890 3601 3945 Cum
3648 3908 3785 3950 vero

2164 3980 2388 4034 immani
2420 3980 2605 4035 labore
2637 3979 2976 4056 fatigaretur,
3023 3998 3054 4036 a
3098 3980 3362 4039 ﬁdelibus
3400 3982 3517 4039 suis
3547 3985 3606 4038 in
3641 3984 3789 4041 lecto

2162 4069 2230 4123 ad
2261 4068 2577 4140 sepulcrum
2603 4070 2776 4126 sancti
2819 4070 3054 4126 Udalrici
3091 4071 3363 4128 deductus
3401 4081 3504 4140 est,
3539 4073 3787 4130 oblatio-

2164 4164 2330 4219 nibus
2367 4163 2568 4219 oblatis
2614 4163 3042 4235 laerymabiliter
3079 4165 3155 4220 ibi
3202 4166 3639 4222 misericordiam
3683 4168 3786 4223 de-

2164 4263 2416 4327 precatus
2441 4269 2543 4311 est.
2579 4255 2821 4328 Cumque
2850 4273 2974 4311 eum
3008 4256 3064 4311 in
3097 4258 3237 4314 lecto
3268 4258 3335 4313 ad
3366 4259 3620 4323 Sanctam
3668 4260 3787 4315 Ma-

2162 4349 2298 4403 riam
2332 4355 2572 4419 portare,
2603 4347 2923 4418 conspissent,
2948 4349 3003 4403 in
3036 4350 3331 4405 medietate
3360 4351 3463 4407 via:
3486 4351 3658 4422 cepit
3692 4367 3788 4409 ro-

2164 4455 2295 4513 gare
2324 4444 2606 4508 portantes
2635 4445 2692 4491 ut
2722 4438 3095 4508 deponeretur
3124 4439 3192 4494 ad
3225 4438 3651 4495 ambulandum.
3682 4440 3787 4506 Qui

2086 4556 2139 4623 Ι)
2165 4545 2272 4584 non
2304 4529 2594 4584 credentes
2635 4544 2759 4583 eum
2798 4545 2960 4599 posse
3003 4529 3310 4597 ambulare,
3340 4532 3645 4588 noluerunt
3673 4533 3783 4588 de-

2166 4639 2393 4711 ponere.
2436 4622 2514 4676 Ad
2548 4631 2757 4693 portam
2786 4638 2915 4678 vero
2943 4622 3178 4678 civitatis
3227 4623 3425 4678 iterum
3481 4625 3700 4699 rogavit
3728 4633 3792 4682 ut

2166 4717 2557 4786 deponeretur,
2592 4712 2783 4769 dicens
2811 4730 2872 4769 se
2906 4730 3065 4785 posse
3094 4714 3396 4771 ambulare.
3451 4716 3554 4781 Qui
3585 4717 3788 4774 iterum

2166 4805 2217 4860 ei
2248 4821 2359 4860 non
2401 4811 2823 4859 consenserunt.
2859 4803 2937 4857 Ad
2967 4803 3169 4875 gradus
3206 4820 3337 4860 vero
3375 4804 3499 4859 atrii
3530 4807 3790 4863 ecclesiae

2166 4911 2289 4951 cum
2323 4893 2653 4965 perveniret,
2675 4892 2733 4946 in
2755 4892 2980 4948 nomine
3007 4892 3104 4947 Dei
3132 4893 3556 4963 omnipotentis,
3587 4910 3797 4951 omnes

2166 4985 2224 5039 in
2253 4998 2547 5039 commune
2573 4981 2834 5057 ﬂagitavit
2858 4990 2938 5049 ut,
2961 4980 3216 5052 deposito
3245 4982 3411 5048 lecto,
3436 4999 3563 5038 eum
3586 4984 3794 5040 ambu-

2165 5078 2276 5132 lare
2312 5074 2673 5130 dimitterent.
2707 5073 2815 5144 Ipsi
2848 5079 3032 5128 autem
3076 5072 3134 5127 in
3164 5072 3273 5129 fide
3298 5074 3617 5130 haesitantes
3648 5077 3795 5147 peti-

2167 5165 2305 5221 tioni
2337 5164 2458 5234 ejus
2481 5160 2770 5219 assensum
2800 5177 2913 5217 non
2942 5161 3236 5217 dederunt.
3265 5161 3363 5217 Ille
3395 5170 3579 5219 autem
3609 5173 3671 5220 ut
3697 5181 3796 5221 co-

2168 5257 2358 5333 gnovit
2386 5256 2760 5311 infirmitatem
2786 5253 2855 5309 ab
2885 5268 2952 5309 eo
2982 5269 3103 5309 esse
3151 5262 3485 5324 separatam,
3518 5263 3575 5311 et
3617 5256 3793 5313 virtu-

2168 5361 2276 5409 tem
2306 5361 2443 5408 nutu
2468 5351 2562 5406 Dei
2590 5364 2935 5414 concessam,
2968 5348 3208 5404 exsilivit
3228 5348 3299 5403 de
3318 5347 3547 5417 lectulo,
3575 5356 3632 5406 et
3662 5352 3797 5408 inde

2167 5452 2392 5499 strenuo
2429 5458 2621 5517 gressu
2651 5439 2720 5496 ad
2751 5436 3044 5495 ecclesiam
3074 5435 3350 5508 pervenit,
3386 5446 3443 5493 et
3479 5453 3682 5510 sospes
3723 5440 3794 5497 ad

2167 5536 2392 5609 propria
2422 5534 2601 5591 rediit.
