3978 6214
362 374 492 431 1071

1422 358 1477 413 S.
1521 353 1833 411 UDALRICI
1872 349 2244 407 AlIGUSTANl
2284 347 2602 405 EPISCOPI.

3550 340 3694 399 1072

357 503 486 565 tavi,
507 508 567 557 ut
602 500 862 555 latentem
883 508 1207 565 sermonem
1228 486 1488 565 omnibus
1517 482 1887 565 pastoralibus
1917 480 2160 560 synodis_
2199 478 2547 533 celebrandis
2589 474 2965 538 utilissimum,
2997 479 3053 529 et
3096 471 3343 527 tenebris
3373 478 3595 526 erutum
3620 472 3684 527 in

359 542 486 565 ια...
511 542 567 557 ι..
602 542 1193 555 mw"..._-.----__--_-
1236 542 1250 545 -
1292 542 1313 543 η

359 577 535 629 lucem
565 572 889 625 emitterem.
926 564 1078 629 Quod
1097 560 1484 617 ecclesiastica:
1512 542 1820 629 disciplinae
1850 542 2085 629 faustum
2118 551 2188 629 sit
2214 568 2227 629 ξ
2260 552 2563 629 eritque_ut
2590 562 2775 629 Spero,
2806 546 2861 626 _si
2895 545 2988 616 qui
3015 545 3069 598 in
3104 552 3307 599 souem
3340 558 3405 597 ac
3436 542 3689 597 ministe-

360 647 500 700 rium
534 642 747 699 Domini
780 614 1185 708 coopt'atisunt,
1226 634 1342 686 haec
1373 640 1481 684 tam
1514 614 1774 708 salutaria
1806 624 2015 677 monita
2046 621 2100 675 in
2128 622 2349 676 intimas
2380 614 2648 675 medullas
2673 614 2983 682 demittant,
3015 624 3074 669 ut
3103 614 3172 669 ad
3196 630 3385 668 eorum
3434 614 3688 683 praescri-

1892 702 1900 708 .
1971 695 1979 708 ι
2102 702 2110 708 .
2171 694 2199 708 n
2334 694 2343 702 ο
2492 700 2501 708 .
2570 707 2593 708 η
2664 690 2724 708 κε.
2776 697 2929 708 ---Λιᾼ
2970 702 3109 708 -..ᾌΑ
3148 685 3211 708 -L
3244 684 3493 708 l‘lJ..l_:..-
3527 684 3651 708 L-L:

361 728 535 788 ptum,
567 716 753 788 vitam,
784 684 1066 788 manasset.
1081 706 1328 788 actiones
1346 718 1479 788 suas
1500 695 2135 788 conl‘ormarestudeant.
2168 694 2298 746 Cum
2323 694 2601 788 incertum
2660 690 2729 743 sit
2768 697 2936 759 quoto
2967 702 3114 741 anno
3145 685 3215 740 ab
3244 684 3497 740 Udalrico
3526 684 3688 738 babi-

362 762 450 843 {us
474 762 660 853 fuerit,
693 762 1153 855 praefixuminitio
1192 775 1382 845 scripti
1408 771 1535 826 libri
1566 786 1769 823 annum
1792 764 2143 822 retinendum
2175 780 2295 818 esse
2316 762 2579 832 judicavi.

431 987 641 1043 Fratres
672 980 982 1056 presbyteri
1041 985 1096 1033 et
1140 973 1457 1031 sacerdotes
1495 967 1730 1057 Domini,
1762 979 1970 1057 coope-
2000 966 2049 1033 Α
2074 963 2291 1037 signum
2320 964 2359 1031 εί-
2379 969 2526 1017 recte
2547 960 2727 1016 facere
2748 957 2963 1014 studete
2993 972 3007 1010 :
3039 970 3150 1013 non
3177 954 3326 1011 enim
3354 954 3515 1011 aliter
3533 955 3695 1027 quid-

361 1087 570 1134 ratores
594 1074 767 1132 nostri
815 1071 1026 1129 ordinis
1080 1069 1231 1125 estis.
1290 1066 1398 1121 Nos
1436 1044 1685 1136 quidem,
1719 1056 1968 1130 quamvis
2068 1072 2229 1131 quam
2265 1052 2496 1127 potestis
2523 1050 2875 1107 benedicere.
2936 1044 3189 1102 lnﬁrmos
3226 1045 3466 1113 vlsitate,
3504 1052 3559 1101 et
3594 1062 3694 1103 eos

362 1172 597 1245 indigni,
634 1168 812 1224 locum
862 1165 1039 1219 Aaron
1086 1170 1360 1222 tenemus,
1393 1171 1491 1211 vos
1512 1156 1695 1209 locum
1731 1148 1969 1204 Eleazari

361 1276 417 1324 et
448 1264 754 1323 lthamaris.
790 1262 896 1316 Nos
917 1259 1036 1314 vice
1067 1255 1360 1311 duodecim
1376 1250 1752 1322 apostolorum
1784 1244 1972 1318 fungi-

362 1374 508 1423 mur,
528 1371 627 1411 vos
655 1354 723 1408 ad
748 1352 975 1407 lormam
1006 1346 1355 1419 septuaginta
1385 1339 1784 1410 discipulorum
1814 1334 1968 1389 estis.

363 1449 473 1504 Nos
505 1454 750 1518 pastores
780 1443 946 1499 vestri
995 1455 1205 1503 sumus,
1255 1451 1355 1490 vos
1388 1442 1634 1505 pastores
1666 1429 1972 1483 animarum

361 1540 521 1597 vobis
559 1536 995 1593 commissarum.
1032 1531 1139 1585 Nos
1169 1530 1237 1582 de
1266 1526 1425 1582 vobis
1454 1524 1723 1578 rationem
1780 1517 1974 1572 reddi-

364 1627 467 1684 turi
486 1642 677 1682 sumus
701 1637 923 1677 summo
946 1618 1151 1691 pastori
1174 1615 1406 1671 Domino
1431 1613 1563 1667 Jesu
1598 1609 1830 1671 Christo,
1878 1621 1976 1660 vos

365 1723 435 1777 de
467 1720 724 1792 plebibus
752 1716 909 1771 vobis
964 1710 1298 1768 commissis.
1356 1707 1416 1762 Et
1462 1706 1610 1769 ideo,
1644 1699 1973 1765 charissimi,

364 1812 543 1868 videte
575 1808 880 1882 periculum
904 1811 1165 1860 vestrum.
1227 1800 1599 1855 Admonemus
1620 1801 1674 1849 et
1708 1792 1976 1847 obsecra-

365 1926 489 1965 mus
514 1906 911 1963 fraternitatem
964 1907 1224 1965 vestram,
1282 1903 1341 1952 ut
1386 1896 1455 1950 de
1490 1889 1768 1949 communi
1801 1888 1978 1943 salute

366 2011 547 2056 vestra
572 1998 877 2072 cogitantes
932 1991 1215 2055 attentius,
1268 1986 1505 2043 audiatis
1543 1980 1978 2038 admonitionem

370 2100 613 2149 nostram
648 2108 663 2155 ;
698 2095 752 2143 et
781 2102 902 2159 qua!
932 2085 1089 2140 vobis
1118 2079 1488 2156 suggerimus,
1517 2072 1801 2129 memoriae
1829 2086 1981 2125 com-

370 2183 665 2246 mendetis,
684 2189 738 2235 et
766 2193 936 2249 opere
964 2189 1222 2229 exercere
1260 2167 1551 2224 studentis.

444 2273 708 2345 Inprimis
738 2270 1103 2325 admonemus
1128 2269 1189 2318 ut
1207 2261 1318 2316 vita
1344 2266 1397 2314 et
1423 2254 1768 2313 conversatio
1804 2257 1985 2306 vestra

372 2344 879 2436 irreprehensibilis
905 2357 996 2422 sit,
1028 2354 1241 2410 scilicet
1272 2356 1331 2405 ut
1347 2348 1488 2403 cella
1533 2355 1714 2401 vestra
1738 2344 1808 2397 sit
1834 2344 1986 2411 juxta

372 2458 679 2523 ecclesiam,
722 2460 777 2509 et
843 2452 898 2506 in
926 2466 990 2505 ea
1047 2446 1284 2502 feminas
1340 2458 1450 2497 non
1508 2438 1775 2494 habeatis.
1830 2436 1986 2489 Omni

373 2559 533 2609 nocte
565 2551 633 2605 ad
667 2554 937 2604 nocturna
992 2541 1220 2613 surgite.
1282 2537 1507 2592 Cursum
1547 2541 1790 2588 vestrum
1822 2528 1990 2584 certis

374 2648 524 2705 horis
576 2634 885 2701 decantate.
940 2638 1225 2693 Missarum
1282 2629 1687 2687 celebrationes
1726 2624 1983 2698 religiose

375 2738 640 2813 peragite.
673 2736 885 2804 Corpus
910 2736 965 2784 et
991 2725 1318 2800 sanguinem
1360 2737 1485 2776 cum
1526 2720 1719 2774 timore
1751 2725 1806 2770 et
1828 2730 1986 2768 reve-

374 2804 547 2886 rentia
564 2825 787 2882 sumite.
826 2821 975 2875 Vasa
1017 2824 1207 2873 sancta
1224 2812 1461 2887 propriis
1490 2808 1751 2864 manibus
1779 2804 1984 2860 abluite

373 2928 427 2975 et
474 2915 791 2989 abstergite.
850 2909 1042 2965 Nullus
1093 2911 1277 2961 cantet
1306 2902 1555 2963 missam,
1603 2896 1707 2951 nisi
1735 2895 1983 2965 jejunus,

375 3008 566 3064 Nullus
603 2986 808 3069 cantet,
857 2999 951 3070 qui
984 3013 1094 3051 non
1150 2990 1541 3049 communicet.
1574 2986 1764 3040 Nullus
1805 2986 1989 3038 cantet

376 3100 499 3154 sine
523 3096 747 3161 amictu,
811 3090 954 3150 alba.
1004 3087 1164 3153 stola,
1221 3083 1443 3148 fanone,
1502 3078 1739 3149 planeta.
1780 3074 1843 3129 Et
1874 3074 1989 3127 haec

377 3194 709 3250 vestimenta
748 3185 925 3243 nitida
966 3184 1096 3250 sint,
1126 3189 1180 3236 et
1221 3180 1290 3234 ad
1330 3177 1511 3233 nullos
1535 3175 1671 3229 alios
1698 3187 1829 3226 usus
1854 3168 1985 3223 sint.

378 3283 568 3338 Nullus
594 3295 719 3336 cum
737 3277 883 3343 alba,
925 3291 1035 3346 qua
1066 3273 1122 3327 in
1150 3286 1281 3326 suos
1299 3284 1431 3322 usus
1456 3264 1647 3330 utitur,
1691 3264 1991 3333 praesumat

378 3378 604 3433 missam
631 3379 871 3430 cantare.
900 3367 1056 3424 Nulla
1086 3366 1295 3421 femina
1340 3362 1407 3417 ad
1448 3360 1617 3414 altare
1650 3354 1866 3411 Domini
1894 3368 1990 3408 ac-

378 3471 559 3537 cedat,
601 3482 703 3522 nec
742 3464 969 3520 calicem
991 3458 1207 3516 Domini
1268 3460 1471 3528 tangat.
1498 3447 1791 3521 Corporale
1821 3460 1989 3500 mun-

381 3534 669 3617 dissimum
700 3555 790 3621 sit,
830 3552 1001 3608 altare
1058 3555 1383 3619 c00pertum
1425 3542 1495 3596 de
1525 3538 1748 3594 mundis
1787 3534 1993 3590 linteis.

382 3654 562 3723 Super
584 3649 749 3704 altare
777 3644 916 3700 nihil
953 3650 1209 3713 ponatur,

382 3722 475 3800 aut
505 3742 643 3797 forte
672 3745 907 3810 quatuor
936 3730 1251 3803 Evangelia,
1289 3734 1342 3782 et
1371 3722 1573 3779 buxida
1609 3737 1731 3775 cum
1765 3731 1997 3787 corpore

384 3831 603 3888 Domini
632 3830 702 3884 ad
746 3824 1040 3888 infirmos;
1074 3826 1271 3876 caetera
1326 3816 1385 3869 in
1440 3810 1616 3867 nitido
1639 3810 1760 3865 loco
1798 3820 1996 3861 recon-

387 3923 605 3976 dantur.

458 4008 675 4069 Missale
706 4003 1036 4079 plenarium,
1095 3994 1494 4053 Lectionarium
1542 3997 1601 4045 et
1646 3988 1994 4060 Antiphona-

395 4105 535 4162 rium
568 4110 915 4169 unaquaeque
944 4089 1179 4147 ecclesia
1199 4086 1420 4142 habeat.
1442 4082 1616 4137 Locus
1675 4079 1732 4133 in
1769 4076 2008 4134 sacrario

393 4198 659 4266 autjuxta
689 4191 861 4245 altare
916 4186 987 4240 sit
1042 4185 1406 4255 praeparatus,
1461 4174 1556 4230 ubi
1610 4189 1751 4245 aqua
1799 4169 2007 4226 eﬁ‘undi

393 4287 564 4361 possit
593 4280 814 4356 quando
842 4292 998 4333 sacra
1035 4288 1163 4329 vasa
1201 4269 1520 4333 abluuntur,
1562 4273 1617 4319 et
1668 4262 1743 4317 ibi
1765 4278 1860 4317 vas
1880 4260 2009 4315 niti-

392 4382 524 4436 dum
553 4354 683 4434 cum
736 4387 879 4444 aqua
917 4365 1252 4438 dependeat,
1298 4360 1485 4430 ibique
1516 4354 1774 4411 sacerdos
1811 4366 2010 4407 manus

390 4467 536 4522 lavet
564 4471 694 4535 post
735 4456 1210 4517 communionem.
1261 4446 1521 4503 Ecclesiae
1576 4444 1685 4498 sint
1733 4447 2009 4511 c00perta3

394 4562 539 4615 bene
567 4532 624 4614 et
647 4561 957 4620 cameratas,
986 4547 1250 4605 etatrium
1281 4544 1352 4598 sit
1379 4555 1526 4611 saepe
1557 4536 1849 4593 munitum.
1885 4532 2011 4588 Nul-

396 4650 483 4705 lus
508 4655 661 4703 extra
692 4642 982 4701 ecclesiam
1015 4654 1113 4711 per
1150 4636 1345 4691 domos
1371 4638 1465 4686 aut
1508 4628 1565 4683 in
1605 4626 1744 4681 locis
1774 4638 1884 4679 non
1914 4638 2010 4677 ca-

398 4744 621 4802 meratis
666 4742 892 4797 missam
938 4740 1140 4791 cantet.
1189 4729 1379 4787 Omnis
1413 4724 1700 4798 presbyter
1744 4719 2009 4775 clericum

399 4837 600 4894 habeat
620 4842 713 4890 aut
737 4831 1066 4893 scholarem,
1125 4824 1220 4896 qui
1278 4818 1568 4892 epistolam
1596 4814 1682 4870 vel
1712 4811 2009 4867 lectionem

397 4931 567 5005 legat,
599 4934 654 4982 et
679 4926 748 4981 ad
776 4925 1001 4979 missam
1016 4914 1364 4987 respondeat,
1385 4918 1439 4966 et
1468 4924 1594 4966 cum
1626 4920 1735 4978 quo
1771 4902 2011 4976 psalmos

398 5032 601 5084 cantet.
632 5020 824 5077 Nullus
843 5018 997 5073 solus
1024 5012 1248 5068 missam
1275 5012 1471 5064 cantet.

470 5113 663 5170 Nullus
692 5125 815 5164 cum
876 5102 1148 5167 calcariis,
1203 5113 1345 5171 quos
1382 5105 1655 5166 sporones
1693 5087 1893 5144 rustice
1921 5099 2020 5140 vo-

401 5220 611 5271 camus,
642 5211 697 5258 et
722 5198 956 5257 cultellis
1013 5193 1354 5251 extrinsecus
1383 5180 1852 5257 dependentibus,
1883 5176 2019 5231 mis-

401 5316 518 5356 sam
547 5268 753 5360 cantet,
798 5292 931 5366 quia
973 5287 1243 5346 indecens
1293 5287 1380 5337 est
1422 5287 1478 5335 et
1529 5281 1722 5332 contra
1772 5268 2019 5345 regulam

404 5383 835 5443 ecclesiasticam
857 5386 960 5436 est.

477 5479 715 5539 Calicem
746 5484 801 5530 et
837 5474 1074 5530 oblatam
1132 5473 1283 5523 recta
1324 5478 1485 5520 cruce
1541 5459 1775 5532 signate,
1833 5453 1889 5509 id
1936 5459 2021 5508 est

406 5587 519 5627 non
550 5571 607 5625 in
637 5566 843 5622 circulo
892 5574 948 5621 et
998 5559 1305 5618 variatione
1350 5556 1667 5629 digitorum,
1707 5557 1770 5606 ut
1799 5546 2022 5621 plurimi

403 5661 573 5718 vestri
604 5658 833 5721 iaciunt,
875 5656 975 5711 sed
1017 5650 1224 5706 strictis
1256 5647 1476 5702 duobus
1506 5642 1697 5718 digitis
1735 5648 1790 5696 et
1819 5638 2020 5711 pollice

408 5748 558 5804 intus
611 5741 848 5807 recluso,
914 5755 1018 5811 per
1062 5751 1203 5805 quos
1250 5733 1485 5790 Trinitas
1542 5729 1812 5792 innuitur,
1871 5726 2021 5782 istud

2071 1147 2449 1212 reconciliate,
2477 1144 2695 1213 etjuxta
2723 1139 3033 1212 apostolum
3068 1140 3200 1209 (Jac.
3230 1140 3310 1205 ν.)
3342 1137 3468 1193 oleo
3496 1146 3692 1194 sancto

2072 1240 2344 1313 inungite,
2368 1244 2420 1292 et
2452 1235 2676 1308 prepria
2727 1248 2891 1287 manu
2950 1228 3377 1287 communicate.
3414 1230 3475 1285 Et
3507 1231 3696 1285 nullus

2075 1335 2371 1403 praesumat
2402 1327 2618 1383 tradere
2666 1321 3114 1379 communionem
3172 1321 3314 1377 laico
3341 1329 3437 1377 aut
3468 1320 3695 1377 femina

2074 1420 2142 1475 ad
2171 1415 2526 1473 deferendam
2561 1412 2800 1469 infirmo.

2148 1510 2337 1565 Nullus
2376 1516 2614 1563 vestrum
2670 1520 2771 1577 pro
2838 1501 3184 1574 baptizandis
3240 1498 3567 1566 infantibus,
3601 1505 3699 1554 aut

2078 1598 2310 1654 inﬁrmis
2375 1593 2823 1658 reconciliandis,
2887 1597 2979 1646 aut
3034 1591 3267 1647 mortuis
3322 1588 3692 1661 sepeliendis,

2080 1690 2364 1763 praemium
2395 1688 2481 1743 vel
2509 1702 2710 1741 munus
2743 1685 2944 1758 exigat.
2964 1684 3156 1739 Videte
3187 1699 3255 1737 ne
3276 1699 3375 1754 per
3406 1682 3704 1755 negligen-

2079 1785 2210 1839 tiam
2238 1788 2472 1836 vestram
2503 1779 2649 1833 ullus
2687 1776 2869 1831 infans
2925 1776 3045 1831 sine
3101 1774 3377 1845 baptismo
3408 1773 3699 1829 moriatur.

2081 1876 2269 1931 Nullus
2292 1879 2534 1928 vestrum
2581 1871 2654 1925 sit
2706 1869 2961 1924 ebriosus
2998 1875 3054 1923 et
3092 1866 3385 1940 litigiosus,
3417 1865 3549 1937 quia
3577 1881 3703 1920 ser-

2080 1983 2206 2023 vum
2235 1965 2449 2021 Domini
2511 1978 2623 2018 non
2677 1966 2895 2031 Oportet
2941 1959 3174 2032 litigare.
3210 1957 3399 2012 Nullus
3453 1962 3700 2011 vestrum

2082 2073 2231 2112 arma
2277 2055 2415 2109 ferat
2457 2053 2513 2107 in
2565 2051 2859 2115 seditione,
2919 2048 3048 2120 quia
3098 2062 3249 2102 arma
3277 2054 3459 2101 vestra
3490 2045 3706 2101 debent

2083 2163 2207 2202 esse
2232 2142 2558 2216 spiritualia.
2593 2140 2785 2195 Nullus
2806 2153 3003 2194 canum
3034 2144 3129 2193 aut
3152 2136 3335 2192 avium
3356 2135 3500 2206 jocis
3523 2135 3707 2190 inser-

2088 2237 2218 2292 viat.

2162 2329 2352 2385 Nullus
2391 2327 2447 2382 in
2478 2324 2728 2381 tabernis
2784 2323 2956 2377 bibat.
3019 2321 3409 2393 Unusquisque
3437 2326 3710 2385 vestrum,

2090 2426 2355 2492 quantum
2386 2416 2549 2487 sapit,
2573 2413 2720 2485 plebi
2746 2428 2863 2468 suis
2879 2412 2948 2466 de
2978 2409 3272 2485 Evangelia
3295 2409 3381 2465 vel
3414 2407 3706 2480 Apostolo,

2091 2513 2180 2566 die
2212 2509 2520 2576 Dominico,
2543 2506 2628 2561 vel
2663 2505 2818 2561 festis
2843 2502 3065 2571 diebus,
3114 2502 3425 2557 annuntiet.
3470 2500 3710 2555 Verbum

2092 2597 2308 2655 Domini
2336 2597 2551 2653 debetis
2599 2594 2924 2667 praedicare.
2957 2591 3149 2647 Curam
3183 2604 3512 2662 pauperum,
3544 2604 3715 2658 pere-

2086 2691 2368 2766 grinorum
2401 2695 2457 2743 et
2486 2685 2859 2756 orphanorum
2919 2680 3139 2747 habete,
3171 2695 3269 2735 eos
3314 2678 3382 2734 ad
3416 2676 3710 2749 prandiola

2086 2792 2264 2841 vestra
2313 2781 2561 2838 invitate.
2625 2780 2810 2834 Bstote
2870 2773 3194 2847 hospitales,
3251 2781 3310 2830 ut
3361 2772 3455 2828 alii
3486 2788 3518 2827 a
3546 2771 3714 2828 vobis

2087 2873 2399 2944 exemplum
2434 2871 2641 2926 bonum
2681 2872 2922 2923 sumant.

2158 2965 2316 3022 Omni
2345 2965 2435 3019 die
2466 2961 2749 3017 Dominica
2793 2965 2920 3013 ante
2970 2956 3192 3012 missam
3234 2970 3440 3028 aquam
3469 2954 3711 3010 benedi-

2089 3068 2229 3116 ctam
2271 3059 2452 3125 facite,
2486 3056 2633 3112 unde
2677 3053 2914 3126 p0pulns
2967 3057 3337 3126 aspergatur:
3387 3056 3444 3105 et
3494 3048 3563 3104 ad
3596 3049 3709 3105 hoc

2089 3154 2266 3209 solum
2306 3166 2400 3206 vas
2429 3149 2650 3231 habete.
2684 3148 2848 3202 Sacra
2887 3160 3038 3209 vasa,
3066 3150 3123 3199 et
3166 3143 3498 3199 vestimenta
3522 3157 3714 3197 sacer-

2090 3244 2314 3310 dotalia,
2333 3242 2502 3298 nolite
2534 3241 2587 3294 in
2621 3239 2852 3312 pignore
2882 3237 3015 3291 dare
3046 3233 3379 3309 negotiatori
3397 3240 3491 3288 aut
3522 3232 3715 3288 taber-

2093 3337 2268 3392 nario.
2300 3335 2491 3390 Nullus
2530 3338 2773 3387 vestrum
2807 3344 3000 3384 usuras
3046 3327 3250 3401 exigat,
3304 3335 3360 3380 et
3410 3324 3725 3381 conductor

2092 3428 2177 3483 sui
2206 3425 2411 3481 fenoris
2440 3423 2653 3479 existat.
2679 3420 2785 3475 Res
2827 3427 2881 3474 et
2901 3416 3206 3480 facultates,
3240 3431 3377 3487 quas
3406 3420 3532 3485 post
3560 3413 3714 3469 diem

2093 3516 2463 3576 ordinationis
2502 3521 2695 3570 vestra:
2721 3510 3026 3584 acquiritis,
3083 3508 3271 3564 sciatis
3296 3507 3366 3563 ad
3420 3506 3719 3562 ecclesiam

1270 3634 1375 3690 nisi
1433 3647 1611 3703 capsae
1639 3636 1694 3684 ει
1727 3626 1992 3697 reliqum},
2019 3597 2068 3665 C
2097 3610 2391 3684 pertinere.
2429 3607 2617 3663 Nullus
2665 3605 2785 3659 sine
2828 3601 3061 3658 scientia
3116 3606 3171 3656 et
3218 3614 3497 3656 consensu
3526 3603 3720 3652 nostro

2098 3703 2387 3759 ecclesiam
2441 3698 2710 3770 acquirat.
2760 3695 2953 3750 Nullus
2997 3709 3097 3765 per
3135 3698 3457 3765 potestatem
3492 3689 3726 3745 saecula-

2097 3797 2238 3877 l.ium
2266 3792 2556 3850 ecclesiam
2586 3788 2855 3845 obtineat.
2913 3784 3107 3840 Nullus
3132 3782 3428 3839 ecclesiam
3456 3781 3524 3836 ad
3547 3794 3719 3853 quam

2098 3873 2352 3962 iitulatus
2377 3888 2460 3938 est
2513 3879 2810 3950 relinquat,
2858 3882 2915 3931 et
2970 3873 3039 3929 ad
3069 3873 3235 3929 aliam
3272 3879 3517 3944 quaestus
3558 3885 3730 3925 causa

2100 3960 2313 4052 migret.
2349 3973 2543 4030 Nullus
2562 3971 2752 4042 plures
2768 3964 3031 4023 ecclesias
3072 3970 3261 4019 teneat
3289 3963 3410 4018 sine
3441 3960 3724 4032 adjutorio

2108 4073 2341 4128 aliorum
2371 4067 2839 4140 presbyterorum.
2883 4060 3205 4116 Nullatenus
3232 4074 3342 4114 una
3375 4056 3612 4113 ecclesia
3640 4057 3731 4112 in-

2110 4170 2194 4219 ter
2226 4161 2414 4233 plures
2442 4156 2742 4214 dividatur.
2801 4152 2993 4208 Nullus
3023 4148 3251 4206 alterius
3304 4147 3729 4221 parochianum,

2110 4254 2215 4309 nisi
2261 4253 2315 4308 in
2361 4251 2583 4315 itinere,
2616 4253 2670 4302 et
2720 4261 2845 4301 cum
2891 4244 3153 4315 placitum
3174 4242 3360 4310 fuerit,
3410 4241 3479 4297 ad
3499 4240 3728 4296 missam

2110 4342 2360 4415 recipiat.
2393 4338 2583 4395 Nullus
2606 4337 2662 4391 in
2712 4335 2938 4391 alterius
2986 4332 3247 4406 parocbia
3268 4332 3492 4387 missam
3516 4336 3726 4386 cantet.

2110 4434 2300 4488 Nullus
2342 4429 2722 4501 ‘poenitentem
2758 4425 2953 4480 invitet
2993 4438 3217 4479 carnem
3274 4420 3631 4487 manducare,
3673 4428 3735 4476 et

2110 4523 2301 4577 bibere
2331 4521 2544 4584 vinum,
2578 4516 2684 4571 nisi
2716 4530 2814 4587 pro
2841 4515 2908 4571 eo
2939 4512 3005 4567 ad
3034 4526 3279 4583 praesens
3308 4509 3731 4580 eleemosynam

2114 4614 2303 4669 fecerit
2351 4610 2544 4665 Nullus
2583 4614 2879 4680 praesumat
2920 4602 3229 4674 baptizare,
3279 4600 3387 4657 nisi
3433 4600 3490 4654 in
3536 4598 3736 4675 vigilia

2111 4703 2332 4758 Pascha:
2362 4708 2417 4755 et
2440 4701 2812 4761 Pentecostes,
2831 4694 2938 4749 nisi
2978 4698 3203 4764 propter
3240 4689 3549 4762 periculum
3572 4703 3737 4744 mor-

2113 4799 2202 4855 tis.
2236 4795 2623 4868 Unusquisque
2644 4792 2826 4848 fontes
2844 4789 3064 4855 habeat,
3104 4794 3159 4843 et
3178 4786 3226 4842 si
3257 4801 3370 4841 non
3390 4789 3569 4856 potest
3590 4783 3736 4855 lapi-

2113 4892 2269 4958 deos,
2303 4890 2501 4945 habeat
2528 4886 2680 4942 aliud
2724 4900 2820 4941 vas
2850 4883 2919 4938 ad
2954 4882 3063 4938 hoc
3116 4885 3504 4952 praeparatum,
3537 4876 3594 4932 in
3620 4891 3737 4948 quo

2029 4966 2088 5036 Ι)
2116 4983 2254 5039 nihil
2281 4981 2430 5038 aliud
2443 4980 2559 5036 ﬁat.
2588 4978 2781 5034 Videte
2812 4973 3150 5032 utomnibus
3162 4968 3513 5042 parochianis
3535 4967 3745 5023 vestris

2119 5076 2436 5153 Symbolum
2482 5079 2539 5128 et
2579 5068 2893 5125 Orationem
2915 5060 3255 5118 Dominicam
3306 5057 3613 5113 insinuetis.
3647 5057 3744 5112 Je-

2114 5148 2333 5244 junium
2365 5167 2605 5232 Quatuor
2630 5159 2983 5231 Temporum,
3015 5163 3071 5210 et
3100 5151 3558 5225 Rogationum,et
3588 5148 3742 5204 Lita-

2121 5267 2228 5323 niae
2256 5260 2504 5332 majoris,
2535 5254 2798 5329 plebibus
2834 5248 3031 5308 vestris
3067 5242 3404 5303 omnimodis
3431 5240 3745 5297 observan-

2119 5358 2250 5413 dum
2273 5328 2548 5408 insinuate
2572 5363 2586 5401 :
2610 5342 2750 5400 feria
2760 5346 2953 5414 quarta
2975 5342 3104 5392 ante
3122 5329 3611 5405 Quadragesimam
3624 5328 3748 5400 ple-

2119 5448 2247 5503 bem
2274 5445 2341 5501 ad
2370 5438 2780 5499 confessionem
2800 5430 3118 5493 invitate,et
3145 5424 3218 5489 ei,
3243 5423 3399 5494 juxta
3419 5419 3744 5492 qualitatem

2122 5537 2336 5603 delicti,
2365 5528 2751 5606 pcsnitentiarn
2775 5521 3199 5595 injungite,non
3229 5531 3295 5570 ex
3333 5512 3503 5569 corde
3531 5516 3743 5578 vestro,

2122 5631 2221 5689 sed
2250 5602 2393 5685 sicut
2440 5625 2497 5680 in
2546 5613 2917 5677 Poenitentiali
2972 5609 3238 5680 scriptum
3296 5610 3398 5660 est.
3452 5603 3653 5668 Quater
3682 5602 3742 5657 in

2124 5734 2295 5791 anno,
2313 5716 2371 5772 id
2395 5720 2500 5782 est,
2522 5708 2712 5767 Natale
2738 5701 3051 5771 Domini,et
3072 5697 3239 5754 Coena
3259 5690 3745 5762 Domini,Pascha,
