3978 6214
279 368 424 426 1073

1821 368 2096 424 CHARTA.

3473 361 3610 420 1074

280 505 335 553 et
365 497 710 562 Pentecoste,
737 510 931 551 omnes
961 493 1156 550 fideles
1193 495 1262 549 ad
1300 496 1747 553 communionem
1778 513 1895 552 cor-
1920 504 1969 570 Α
1997 500 2261 569 p0putum
2309 495 2414 550 sibi
2456 493 2810 550 commissum
2853 491 3048 547 sedulo
3081 491 3340 558 instruat;
3400 493 3445 548 si
3475 508 3608 561 non,

281 590 433 662 poris
451 598 505 644 et
531 589 818 661 sanguinis
841 587 1057 643 Domini
1087 587 1354 642 accedere
1381 589 1693 644 admonete.
1721 590 1892 644 Certis

281 682 629 754 temporibus
657 682 981 755 conjugatos
1007 679 1076 735 ab
1109 681 1368 736 uxoribus
1389 683 1664 736 abstinere
1696 683 1894 737 exhor-

278 775 490 831 tamini.
524 775 778 844 Eulogias
823 781 946 844 post
975 773 1198 827 missam
1232 773 1287 828 in
1325 773 1524 828 diebus
1554 774 1708 828 festis
1741 773 1890 845 plebi

279 870 525 924 tribuite.
559 869 1025 924 Nullusinduatur
1057 867 1400 922 vestimentis
1422 868 1728 923 laicalibus.
1759 868 1891 922 Nul-

279 959 363 1013 lus
394 974 530 1024 rem,
553 965 647 1012 aut
679 957 1106 1028 possessionem,
1139 965 1231 1012 aut
1256 958 1591 1028 mancipium
1621 958 1889 1022 ecclesiae,

277 1052 544 1126 vendere,
599 1059 690 1106 aut
721 1059 1086 1119 commutare,
1145 1061 1236 1106 aut
1279 1067 1611 1125 quocunque
1670 1052 1892 1126 ingenio

279 1124 523 1177 alienare
560 1132 871 1194 praesumat.

347 1216 499 1270 Diem
544 1215 919 1281 dominicum,
975 1222 1028 1269 et
1069 1214 1205 1269 alias
1261 1213 1592 1270 festivitates
1623 1256 1638 1282 ,
1683 1215 1895 1286 absque

279 1320 449 1374 opere
481 1305 661 1360 servili
691 1321 720 1358 a
751 1319 980 1375 vespera
1011 1320 1185 1374 usque
1217 1303 1283 1357 ad
1311 1320 1597 1374 vesperam
1629 1304 1893 1358 celebrari

279 1396 500 1452 docete.
533 1396 734 1451 Cantus
764 1402 818 1450 et
841 1397 1038 1450 choros
1068 1395 1361 1450 mulierum
1394 1395 1448 1449 in
1479 1397 1615 1450 atrio
1648 1396 1895 1451 ecclesias

281 1487 592 1556 prohibete.
641 1487 891 1541 Carmina
939 1486 1234 1552 diabolica,
1275 1503 1398 1557 quae
1458 1500 1624 1556 super
1655 1496 1899 1541 mortuos

283 1578 570 1632 nocturnis
632 1578 784 1632 horis
826 1576 1025 1651 vulgus
1065 1577 1244 1631 facere
1296 1577 1453 1641 solet,
1512 1584 1566 1630 et
1600 1577 1901 1632 cachinnos

281 1683 423 1738 quos
474 1675 751 1729 exercent,
782 1667 883 1720 sub
933 1668 1328 1722 contestatione
1382 1666 1476 1720 Dei
1507 1667 1904 1736 omnipotentis

283 1768 486 1814 vetate.
523 1759 653 1814 Cum
705 1760 1194 1814 excommunicatis
1246 1759 1414 1814 nolite
1472 1759 1898 1814 communicare.

283 1853 470 1907 Nullus
511 1853 618 1907 illis
659 1859 959 1924 praesumat
988 1853 1210 1907 missam
1242 1860 1485 1918 cantare,
1509 1851 1606 1907 sed
1647 1859 1701 1906 et
1730 1851 1904 1923 plebi-

286 1941 390 1996 bus
423 1942 578 1997 vobis
599 1944 703 1997 hoc
731 1943 1076 1998 annuntiate.
1108 1943 1184 1996 Ad
1215 1942 1431 2013 nuptias
1456 1943 1638 1996 nullus
1662 1948 1901 1996 vestrum

286 2041 392 2088 eat.
433 2033 698 2088 Omnibus
724 2034 1047 2089 annuntiate
1079 2041 1136 2088 ut
1171 2034 1354 2088 nullus
1389 2049 1612 2088 uxorem
1645 2033 1901 2103 accip.at,

287 2122 393 2177 nisi
437 2125 653 2194 publice
685 2124 974 2178 celebratis
1015 2123 1239 2194 nuptiis.
1291 2124 1518 2194 Raptum
1571 2123 1904 2177 omnimodis

290 2213 597 2285 prohibete,
640 2218 693 2266 et
723 2222 784 2266 ut
814 2212 996 2265 nullus
1045 2211 1112 2265 ad
1146 2212 1448 2282 proximam
1501 2213 1790 2286 sanguinis
1820 2210 1904 2265 sui

287 2304 534 2369 accedat,
589 2310 641 2357 et
672 2311 734 2357 ut
768 2303 996 2358 alterius
1027 2318 1283 2373 sponsam
1344 2305 1527 2358 nullus
1555 2305 1738 2358 ducat.
1773 2303 1907 2357 Por-

290 2397 468 2451 carios
501 2402 554 2449 et
585 2395 722 2450 alios
752 2403 998 2466 pastores
1028 2395 1110 2448 vel
1141 2396 1424 2450 Dominica
1455 2397 1522 2450 ad
1555 2396 1774 2450 missam
1805 2411 1904 2448 ve-

291 2490 406 2543 nire
441 2489 620 2543 facite.
665 2487 864 2542 Patrini
907 2487 1090 2542 ﬁliolis
1121 2489 1234 2543 suis
1260 2487 1576 2558 Symbolum
1606 2496 1660 2541 et
1699 2487 1907 2541 Oratio-

293 2596 416 2633 nem
461 2564 797 2634 Dominicam
855 2579 1152 2645 insinuent,
1201 2587 1295 2633 aut
1352 2579 1620 2633 insinuari
1679 2577 1896 2632 faciant.

292 2669 535 2723 Chrisma
567 2684 788 2738 semper
817 2669 919 2722 sub
952 2684 1075 2722 cera
1113 2668 1184 2722 sit
1229 2668 1409 2742 sigillo
1446 2668 1603 2738 [forte
1650 2667 1752 2720 sub
1784 2683 1906 2721 sera

291 2760 382 2824 sit,
413 2767 467 2812 et
496 2757 723 2830 sigillo],
766 2765 991 2828 propter
1025 2758 1295 2829 quosdam
1327 2756 1600 2811 infideles.
1637 2757 1709 2811 De
1743 2756 1908 2810 mini-

290 2847 458 2902 sterio
489 2847 650 2900 etiam
683 2845 840 2901 vobis
861 2847 1153 2901 commisso
1179 2863 1274 2901 vos
1299 2846 1602 2901 admonere
1629 2861 1904 2910 curamus,

294 2947 350 2994 ut
383 2937 764 3010 unusquisque
795 2946 1059 3003 vestrum,
1113 2938 1159 2992 si
1194 2937 1310 2992 ﬁeri
1369 2945 1566 3008 potest,
1614 2936 1907 3007 expositio-

294 3047 419 3086 nem
452 3029 694 3101 Symboli
725 3039 779 3084 ct
809 3030 1082 3084 Orationis
1113 3030 1433 3095 Dominicze,
1459 3030 1615 3096 juxta
1653 3027 1908 3082 traditio-

1931 1803 1978 1872 Β

1993 588 2184 642 saltem
2212 592 2415 651 teneat,
2447 584 2534 638 vel
2569 582 2772 637 credat.
2819 580 3103 635 Orationes
3131 596 3356 652 quoque
3419 581 3610 636 missa-

1997 693 2113 732 rum
2155 683 2207 730 et
2236 675 2512 730 Canonem
2546 672 2690 726 bene
2741 670 3029 741 intelligat,
3073 675 3128 723 et
3165 669 3210 722 si
3242 684 3376 735 non,
3415 669 3608 724 saltem

1995 765 2316 819 memoriter
2345 779 2408 818 ac
2426 762 2682 817 distincte
2713 760 2891 815 valeat
2926 757 3195 830 proferre.
3230 757 3529 828 Epistolam
3557 767 3612 814 et

1996 857 2354 930 Evangelium
2415 855 2554 907 bene
2586 853 2773 926 legere
2801 851 2996 922 possit,
3031 859 3083 905 et
3115 850 3322 904 utinam
3357 850 3424 904 ad
3456 850 3609 906 litte-

1995 962 2108 999 ram
2158 946 2277 1015 ejus
2335 959 2559 998 sensum
2621 948 2807 1013 posset
2850 940 3221 994 manifestare.
3270 939 3607 994 Psalmorum

1996 1037 2165 1091 verba
2188 1045 2243 1090 et
2264 1035 2650 1089 distinctiones
2677 1032 3002 1104 regulariter
3033 1048 3096 1085 ex
3131 1032 3299 1086 corde
3326 1047 3446 1086 cum
3478 1049 3611 1086 cau-

1999 1126 2119 1180 ticis
2158 1123 2660 1179 consuetudinariis
2692 1122 3052 1193 pronuntiare
3076 1122 3232 1175 sciat.
3267 1122 3609 1187 Sermonem,

1998 1221 2057 1268 ut
2082 1229 2248 1284 supra
2270 1213 2530 1277 diximus,
2563 1211 2842 1265 Athanasii
2881 1210 3129 1281 episcopi
3160 1211 3248 1277 ,de
3297 1210 3405 1264 fide
3434 1210 3614 1265 Trini-

2000 1307 2141 1373 tatis,
2185 1306 2343 1374 cujus
2373 1305 2590 1359 initium
2633 1311 2742 1370 est,
2773 1305 3102 1373 Quicumque
3130 1304 3264 1367 vult,
3302 1303 3616 1358 memoriter

2002 1405 2208 1453 teneat.
2247 1398 2593 1452 Exoreismos
2623 1404 2678 1450 et
2726 1395 3004 1451 orationes
3058 1395 3127 1449 ad
3159 1395 3613 1450 catechumcnum

2001 1490 2337 1555 faciendum,
2389 1489 2456 1544 ad
2514 1488 2717 1544 fontem
2774 1503 2995 1559 quoque
3045 1488 3504 1553 consecrandum,
3564 1499 3618 1543 et

2003 1582 2244 1653 reliquas
2285 1597 2476 1651 preces
2505 1596 2672 1651 super
2698 1580 2998 1634 masculum
3031 1587 3088 1634 et
3114 1579 3397 1646 feminam,
3431 1579 3616 1650 plura-

2006 1671 2131 1725 liter
2161 1670 2495 1741 baptizandi,
2529 1671 2595 1722 ad
2627 1669 3054 1724 succurrendum
3087 1667 3338 1733 infirmis,
3365 1668 3615 1722 ordinem

2011 1776 2233 1832 quoque
2266 1759 2681 1824 reconciliandi,
2717 1760 2868 1827 juxta
2915 1758 3137 1813 modum
3182 1758 3287 1812 sibi
3353 1758 3617 1812 canonice

2007 1858 2300 1914 servatum,
2335 1858 2498 1921 atque
2530 1851 2774 1925 ungendi
2797 1848 3064 1916 infirmos,
3092 1849 3369 1904 orationes
3394 1864 3617 1920 quoque

2006 1942 2187 1996 eidem
2221 1941 2541 1996 necessitati
2574 1949 2956 2011 competentes
2983 1941 3122 1994 bene
3155 1940 3345 1994 saltem
3380 1940 3516 1994 sciat
3543 1940 3617 1994 le-

2005 2050 2156 2106 gere.
2188 2033 2448 2088 Similiter
2478 2033 2728 2088 ordinem
2759 2042 2812 2087 et
2836 2049 3028 2104 preces
3050 2033 3106 2085 in
3129 2032 3406 2106 exsequiis
3436 2049 3614 2107 agen-

2005 2125 2094 2178 dis
2147 2124 2555 2179 defunctorum.
2606 2124 2864 2178 Similiter
2919 2125 3253 2178 exorcismos
3292 2134 3346 2178 et
3384 2123 3620 2178 benedi-

2006 2217 2217 2272 ctiones
2273 2215 2405 2270 salis
2445 2223 2499 2270 et
2556 2232 2712 2286 aqua:
2752 2217 3071 2270 memoriter
3131 2223 3334 2272 teneat.
3390 2215 3615 2270 Cautum

2007 2315 2333 2361 nocturnum
2367 2311 2530 2376 atque
2563 2305 2819 2359 diurnum
2855 2306 3090 2360 noverit.

2079 2398 2404 2469 Computum
2433 2398 2726 2464 minorem,
2760 2398 2812 2452 id
2836 2407 2920 2452 est
2940 2407 3181 2470 epactas,
3222 2406 3618 2455 concurrentes

2012 2490 2314 2562 regulares,
2357 2490 2645 2545 terminum
2678 2491 3011 2561 paschalem,
3061 2502 3114 2546 et
3146 2492 3389 2564 reliquos
3417 2493 3616 2564 sapiat,

2005 2583 2049 2636 si
2082 2591 2164 2636 est
2203 2583 2486 2652 possibile.
2522 2583 2961 2658 Martyrologium
3000 2593 3054 2640 et
3089 2586 3474 2640 Peenitentiale
3519 2587 3619 2641 ha-

2007 2670 2154 2736 beat,
2177 2680 2232 2725 et
2267 2682 2482 2726 caetera.
2517 2673 2779 2728 Volumus
2810 2682 3016 2740 autem,
3050 2673 3245 2729 fratres
3287 2674 3616 2742 charissimi,

2007 2771 2278 2833 quatenus
2334 2781 2456 2834 quae
2485 2771 2669 2818 nostra
2694 2765 3024 2836 percepistis
3082 2765 3397 2833 traditione,
3442 2783 3620 2838 quan-

2008 2858 2122 2906 tum
2150 2852 2386 2906 humana
2415 2853 2614 2922 patitur
2647 2852 2959 2919 infirmitas,
2993 2855 3157 2910 bonis
3184 2855 3450 2910 studeatis
3480 2872 3619 2927 ope-

2009 2943 2163 2997 ribus
2215 2943 2540 3014 adimplere,
2602 2951 2896 3013 praestante
2959 2946 3186 3000 Domino
3244 2953 3433 3001 nostro
3488 2947 3619 3001 Jesu

2010 3030 2246 3095 Christo,
2306 3032 2401 3102 qui
2456 3048 2577 3086 cum
2621 3031 2776 3087 Patre
2829 3039 2883 3087 et
2913 3034 3117 3103 Spiritu
3171 3042 3357 3090 sancto
3395 3035 3529 3089 vivit
3569 3040 3624 3091 et

296 3137 419 3176 nem
451 3120 875 3175 orthodoxorum
905 3137 1076 3191 penes
1101 3137 1160 3174 se
1190 3120 1422 3190 scriptas
1454 3121 1678 3183 habeat,
1714 3129 1768 3173 et
1787 3135 1904 3173 eam
1936 3139 1984 3204 ϐ
2012 3132 2205 3195 regnat
2229 3123 2376 3178 Deus
2398 3140 2498 3196 per
2528 3124 2713 3179 omnia
2733 3125 2934 3180 saecula
2962 3128 3308 3182 saeculorum.
3335 3127 3526 3182 Amen.

295 3215 532 3286 pleniter
585 3214 882 3286 intelligat:
935 3222 990 3270 et
1040 3214 1189 3280 inde,
1222 3214 1265 3267 si
1327 3213 1500 3279 novit,
1553 3211 1908 3286 praedicando

1286 3539 1865 3672 'CHARTA
1975 3569 2636 3668 UDALRICI

1600 3770 1895 3827 EPISCOPI
1943 3767 2314 3824 AUGUSTANI

837 3921 964 3990 Qua
999 3918 1461 3997 Campidonensi
1488 3919 1848 3979 monasterio
1879 3914 2139 3992 eligendi
2171 3915 2398 3974 abbatis
2439 3915 2773 3974 libertatem
2801 3913 3086 3972 restituit.

385 4275 651 4329 Omnibus
708 4289 862 4344 spem
923 4272 1049 4326 vitae
1116 4271 1483 4344 gerentibus,
1539 4280 1593 4325 et
1640 4269 1820 4325 adhuc
1874 4269 1927 4323 in

312 4374 590 4436 posterum
624 4364 978 4420 nascentibus
1010 4372 1198 4418 notum
1224 4364 1294 4417 sit
1333 4363 1482 4435 quod
1525 4364 1701 4434 primo
1733 4363 1928 4422 Ottonc

2029 4267 2392 4323 exterioribus
2422 4267 2587 4322 rebus
2621 4266 2922 4338 prudenter
2959 4267 3326 4332 conversanti,
3367 4274 3420 4321 et
3451 4267 3634 4339 dignis

2029 4361 2240 4415 meritis
2283 4359 2396 4413 suis
2442 4359 2643 4414 bonam
2680 4359 2876 4413 famam
2911 4359 2966 4413 in
3003 4359 3278 4434 contiguis
3305 4359 3550 4430 partibus
3579 4367 3637 4413 et

311 4459 679 4529 principatum
706 4458 862 4532 regni
887 4464 1237 4527 procurante,
1259 4456 1620 4511 sanctissimae
1643 4455 1924 4510 memoriae
1944 4490 1995 4556 Ο
2030 4458 2084 4511 in
2106 4457 2252 4531 regis
2278 4456 2484 4511 foribus
2511 4457 2867 4527 promerenti,
2887 4457 3090 4526 placuit
3117 4465 3175 4511 ut
3204 4457 3429 4527 aliquod
3453 4473 3634 4510 reme-

312 4549 616 4612 Udalricus,
665 4549 1028 4622 Augustensis
1079 4547 1312 4602 civitatis
1342 4547 1658 4617 episcopus,
1720 4547 1928 4617 Campi-

315 4637 581 4693 donensis
615 4637 936 4692 monasterii
971 4636 1113 4691 ovile
1154 4636 1222 4690 de
1254 4651 1417 4689 manu
1453 4635 1696 4705 praedicti
1731 4635 1927 4706 princi-

317 4730 402 4801 pis
441 4728 704 4798 suscepit,
735 4734 789 4781 et
815 4728 881 4780 ad
917 4727 1117 4796 ipsum,
1150 4740 1258 4780 non
1301 4725 1545 4780 avaritia:
1574 4725 1659 4779 vel
1693 4726 1928 4780 austeri-

315 4821 442 4876 tatis
481 4835 663 4883 causa,
693 4819 788 4874 sed
818 4834 915 4890 pro
943 4817 1197 4890 augendo
1238 4824 1440 4871 sanctae
1471 4816 1649 4871 Mariae
1680 4817 1925 4883 servitio,

316 4921 543 4982 paterna
565 4911 880 4982 provisione
907 4909 1238 4981 procuravit.
1263 4909 1365 4963 Per
1383 4908 1436 4962 id
1452 4914 1689 4979 tempus,
1710 4908 1929 4962 duobus

317 5005 508 5059 electis
548 5003 804 5057 fratribus
853 5002 910 5056 in
954 5001 1150 5056 codem
1200 5001 1536 5055 monasterio
1568 5000 1935 5055 militantibus

316 5101 400 5154 vir
448 5097 781 5152 venerabilis
839 5097 923 5151 sui
977 5095 1182 5151 laboris
1245 5095 1463 5166 pondus
1511 5095 1928 5160 commendans,

319 5192 540 5264 Moysen
573 5189 862 5263 legiferum
892 5195 1068 5244 vatem
1101 5187 1343 5242 imitatus
1369 5194 1473 5253 est,
1506 5185 1933 5257 quifrequentia

320 5279 511 5352 populi
538 5278 816 5350 fatigatus,
847 5277 1023 5332 Aaron
1058 5282 1116 5330 et
1147 5276 1254 5330 Hur
1287 5274 1558 5343 adjutorio
1591 5273 1929 5328 sublevatus.

321 5373 380 5426 In
409 5371 601 5426 eadem
630 5371 749 5424 vice
781 5376 1004 5424 sanctus
1035 5368 1318 5424 Udalricus
1340 5368 1560 5438 mnum,
1602 5381 1803 5421 nomen
1838 5367 1934 5420 ha-

320 5463 542 5518 bentem
576 5461 873 5528 Liuterich,
905 5461 1045 5515 infra
1066 5461 1358 5516 claustrum
1392 5458 1649 5514 fratribus
1675 5458 1784 5512 Deo
1802 5474 1925 5512 ser—

319 5551 601 5606 vientibus
629 5552 898 5606 decanum
939 5557 992 5604 et
1045 5550 1368 5624 magistrum
1425 5548 1539 5602 ﬁeri
1572 5547 1925 5601 destinabat:

321 5647 554 5700 alterum
584 5643 876 5698 lrminbart
904 5648 1155 5698 vocatum
1185 5642 1238 5695 in
1263 5641 1626 5712 praepositum
1651 5639 1930 5693 szecularis

325 5734 531 5809 negotii
573 5733 846 5789 desudare
892 5731 1264 5803 praecipiebat.
1327 5730 1458 5784 Huic
1506 5728 1846 5784 lrminhardo
1876 5729 1931 5784 in

2027 4550 2178 4604 dium
2210 4566 2320 4604 sua:
2370 4549 2564 4602 animae
2615 4555 2966 4619 praipararet,
3006 4555 3059 4602 et
3095 4555 3155 4602 ut
3203 4548 3259 4602 in
3303 4549 3509 4604 honore
3543 4546 3636 4601 Dei

2029 4641 2307 4696 basilicam
2347 4640 2683 4695 fundotenus
2739 4647 3102 4704 construeret,
3149 4656 3311 4710 quam
3356 4649 3412 4694 ut
3456 4645 3640 4693 mente

2030 4728 2320 4798 disposuit,
2372 4728 2464 4781 Dei
2497 4727 2769 4798 adjutorio
2799 4736 2855 4780 et
2899 4728 3090 4798 Optimi
3128 4727 3375 4798 episcopi
3407 4725 3640 4782 consilio

2031 4821 2218 4890 operis
2245 4820 2560 4891 cxpletione
2590 4820 2943 4892 perpetravit,
2991 4829 3045 4874 et
3075 4820 3216 4874 hanc
3251 4820 3422 4890 ipsam
3453 4817 3640 4873 eccle—

2030 4909 2166 4964 siam
2208 4909 2262 4962 in
2317 4909 2584 4980 pomoerio
2638 4908 2862 4962 fratrum
2918 4907 3219 4963 honorifice
3273 4915 3640 4963 constructam

2034 5005 2144 5058 Deo
2177 5005 2376 5077 dignus
2403 5003 2690 5077 Vodalricg
2736 5003 3031 5072 episc0pus
3080 5002 3135 5056 in
3188 5002 3396 5056 honore
3443 5008 3643 5056 sanctae

2035 5095 2236 5160 (trucis,
2291 5105 2345 5150 et
2373 5095 2543 5150 sancti
2578 5087 2819 5150 lleras'mi
2859 5100 2912 5147 et
2959 5093 3131 5148 sancti
3172 5092 3382 5148 Nieolai
3422 5091 3646 5147 confes-

2034 5187 2175 5241 soris
2208 5204 2302 5240 vni
2334 5187 2434 5240 dus
2463 5187 2584 5240 Maii
2620 5186 2915 5251 dedicavit,
2957 5194 3014 5240 et
3051 5200 3233 5240 eoram
3290 5183 3648 5239 multitudine

2036 5276 2167 5330 cleri
2189 5282 2242 5330 et
2274 5275 2464 5346 p0puli
2497 5274 2799 5346 episc0pali
2831 5272 3104 5329 sententia
3131 5272 3392 5338 decrevit,
3420 5280 3479 5326 ut
3508 5288 3652 5327 unus

2037 5381 2100 5419 ex
2131 5363 2412 5430 fratribus,
2438 5365 2532 5435 qui
2566 5365 2620 5418 in
2649 5363 2886 5437 regulari
2917 5362 3047 5429 vita,
3076 5377 3291 5416 morum
3319 5360 3652 5416 excellentia

2039 5456 2238 5528 dignus
2268 5455 2483 5521 fuisset,
2517 5455 2766 5509 eamdem
2800 5454 3085 5509 ecclesiam
3127 5452 3448 5524 quotidiano
3489 5451 3655 5507 obse-

2030 5548 2162 5619 quio
2194 5547 2531 5617 provideret,
2591 5554 2644 5601 et
2677 5547 2927 5617 quotidie
2975 5545 3057 5600 sui
3092 5544 3348 5599 videlicet
3404 5543 3652 5614 episcopi

2032 5651 2307 5690 annonam
2334 5635 2401 5688 de
2428 5633 2651 5688 cellario
2682 5633 2909 5687 fratrum
2946 5633 3180 5704 pleniter
3209 5633 3522 5704 acciperet;
3558 5633 3659 5687 de-

2037 5727 2329 5797 dicatoque
2380 5723 2537 5779 altari
2603 5724 2683 5778 vir
2752 5730 2997 5791 sanctus,
3055 5724 3207 5779 omni
3284 5723 3489 5798 pietate
3542 5721 3655 5778 cir-
