3978 6214
336 368 477 422 1075
1208 360 1293 414 ΑΙ)
1333 361 1386 414 S.
1434 357 1814 414 L'DALRICUM
1853 354 1985 412 AUG

2122 395 2132 408 .
2180 354 2380 410 EPISC.
2423 354 2772 411 APPENDIX.
3533 358 3677 416 1076

339 489 679 554 cumseptus,
712 483 767 536 in
822 480 1108 555 legitinam
1140 479 1325 534 dotem
1381 494 1549 532 unum
1589 494 1839 533 mansum
1895 476 1950 530 in
1976 482 2028 549 Α
2057 475 2113 530 in
2144 477 2250 533 hoc
2274 478 2445 533 altare
2477 479 2831 535 contradidit.
2873 480 3084 537 Dehinc
3138 482 3473 539 sacerdotali
3518 492 3677 543 veste

336 575 689 640 Ivoningewe,
730 579 787 625 et
833 569 1121 624 dimidium
1163 568 1217 622 in
1254 568 1601 634 Lietenbere,
1654 573 1707 621 et
1738 567 1951 625 tertiam
2056 565 2282 622 indutus
2311 583 2495 623 coram
2522 570 2730 639 papula
2761 569 2983 641 publice
3007 571 3177 626 dixit:
3206 571 3263 626 Si
3291 588 3401 645 qua
3430 588 3676 645 persona

337 674 545 738 partem
579 666 632 720 in
664 667 1057 732 Heimirtingen
1081 664 1299 719 donans
1326 671 1379 718 et
1396 663 1575 718 adhuc
1603 679 1667 717 ex
1696 663 1787 717 tali
1818 680 1956 734 pau-
2055 657 2184 712 huic
2206 658 2454 713 800198133
2478 659 2738 715 V8181lal'i
2762 661 2973 733 aliquid
2991 662 3210 730 horum.
3241 678 3366 734 quae
3386 663 3672 728 deditum.

340 765 549 828 pertate
582 755 870 811 ecclesiam
902 770 1012 810 non
1070 770 1234 824 posse
1294 753 1573 823 procurari
1614 753 1950 820 existimans,
2054 747 2355 814 abstrahat,
2426 749 2552 804 huic
2582 757 2802 805 aeternae
2842 750 2969 806 vitae
3022 752 3247 821 januam
3297 754 3503 812 intrans
3556 774 3671 815 non

337 865 508 904 unum
569 847 905 917 mancipium
936 888 950 914 ,
999 846 1147 917 quod
1208 845 1529 911 vocabatur,
1582 846 1949 915 Madelbreth,
2056 844 2236 910 liceat,
2272 851 2325 899 et
2356 843 2424 898 ab
2456 845 2559 900 hac
2606 845 2730 902 luce
2777 854 3176 918 sequestretur,
3218 863 3382 920 quam
3422 850 3480 905 in
3535 867 3678 909 con-

339 954 464 993 cum
495 937 673 993 novali
716 936 864 1008 quod
899 935 1110 1007 primus
1167 952 1233 989 ex
1285 935 1445 991 viridi
1477 934 1612 990 silva
1658 935 1713 989 in
1766 942 1950 990 monte
2052 939 2244 1004 spectu
2276 932 2371 988 Dei
2409 933 2590 989 omnis
2614 934 3047 1005 justusfcliciter
3074 944 3369 994 contuetur
3395 940 3505 1012 (66)
3569 961 3602 993 ι

341 1032 602 1091 Chnieboz
631 1030 799 1102 cepit,
831 1030 1090 1099 adjuncta
1121 1045 1285 1085 manu
1337 1027 1661 1083 Salechonis
1698 1026 1947 1082 advocati

1250 1197 1502 1253 NOMINA
1543 1195 2003 1252 EPISCOPORUM
2044 1194 2368 1251 AUGUSTIE
2406 1194 2741 1252 CIVITATIS.

344 1373 387 1429 I.
417 1370 688 1427 Zozimus.
724 1370 935 1440 Aliquis
988 1370 1272 1424 recentiori
1322 1383 1487 1423 manu
1528 1368 1846 1438 praposuit,
1900 1366 1954 1421 S.
2061 1366 2259 1421 XXVII.
2296 1365 2586 1421 Heinricus

416 1461 711 1532 Dionysius
740 1466 962 1531 martyr.
2062 1458 2288 1513 XXVIII.
2323 1458 2593 1512 Embrico.
2630 1457 2723 1512 Hic
2754 1458 2933 1528 primo
2963 1459 3330 1517 ordinationis
3355 1479 3472 1519 suae
3505 1481 3679 1534 anno,

347 1555 413 1609 II.
443 1550 725 1607 Perewelf.
2132 1551 2224 1622 qui
2255 1557 2338 1605 est
2392 1549 2461 1603 ab
2508 1548 2897 1604 Incarnatione
2950 1551 3168 1608 Domini
3212 1554 3372 1618 1064.
3410 1556 3557 1611 datis
3604 1557 3679 1612 ab

347 1649 439 1704 III.
474 1647 831 1721 Tagepertus,
2132 1651 2481 1696 antecessore
2523 1642 2643 1710 ejus
2696 1644 2765 1699 50
2833 1638 3072 1708 talentis,
3126 1645 3417 1701 ecclesiam
3471 1655 3683 1704 sancte

347 1741 430 1797 IV.
456 1741 655 1796 Manno
2133 1734 2271 1789 Afrae
2334 1750 2364 1787 ι
2396 1732 2769 1793 fundamentis
2824 1737 3126 1793 destruxit:
3168 1746 3225 1791 et
3279 1746 3556 1808 repertum
3595 1749 3686 1795 est

346 1832 410 1886 ν,
441 1831 633 1887 Wicho
2133 1839 2333 1893 corpus
2371 1832 2572 1879 sanctae
2628 1826 2902 1898 Eutrapim
2935 1826 2990 1880 in
3034 1826 3297 1896 plumbeo
3336 1829 3685 1903 sarcophago

347 1921 435 1975 γι,
469 1921 687 1977 primo.
2135 1911 2279 1983 prid.
2348 1911 2463 1966 Kal.
2516 1913 2668 1979 Maii;
2738 1931 2940 1987 corpus
2991 1930 3122 1971 vero
3172 1922 3372 1972 sanctae
3428 1917 3568 1972 Afrae
3623 1918 3685 1973 in

347 2008 458 2062 νη.
484 2007 672 2064 Zeiuo
2139 2000 2357 2072 lapideo
2384 2003 2725 2076 sarCOphago
2758 2004 2910 2058 mirae
2952 2004 3346 2075 magnitudinis
3380 2004 3683 2080 integrum,

349 2096 484 2152 VIII.
527 2096 841 2152 Marchman
1988 2154 2032 2165 _‘
2133 2102 2189 2147 et
2238 2090 2475 2163 quodam
2506 2102 2777 2149 caemento
2820 2094 3119 2150 obductum
3164 2102 3440 2165 repertum
3498 2106 3587 2152 est
3631 2114 3683 2152 Iv

352 2186 438 2240 IX.
470 2186 821 2258 Wichterpus
1988 2154 2038 2221 Β
2138 2154 2321 2238 Nonas
2351 2184 2601 2253 ejusdem
2632 2186 2860 2241 mensis.

352 2275 411 2330 X.
444 2275 617 2330 Tozzo
2135 2278 2407 2330 Hactenus
2456 2279 2639 2345 prima
2675 2294 2905 2333 manus:
2938 2293 3057 2348 qua
3095 2285 3412 2349 sequuntur,
3445 2282 3688 2337 secunda

356 2364 442 2419 XI.
466 2365 660 2436 Sintpe
671 2374 788 2420 rtus
2067 2386 2230 2425 manu
2260 2369 2475 2437 adjecta
2513 2375 2660 2425 sunt.

352 2454 466 2509 XII.
504 2455 677 2510 lianto
2069 2460 2242 2514 XXIX.
2277 2458 2580 2532 Sigefridus

356 2544 493 2599 XIII.
517 2544 720 2617 Nidger
2070 2552 2219 2607 XXX.
2254 2551 2599 2605 Hermannus

357 2632 486 2690 XIV.
520 2632 802 2688 Odalman.
2069 2640 2245 2694 XXXI.
2269 2639 2579 2693 Waltherus

357 2724 463 2779 XV.
495 2724 720 2799 \Vigger
2070 2727 2270 2782 XXXII.
2305 2727 2628 2782 Kondradus

357 2814 487 2868 XVI.
518 2813 689 2869 Lanto
2070 2818 2301 2873 XXXIII.
2328 2818 2631 2874 Hartwicus

360 2903 515 2958 XVII.
548 2903 822 2973 Adalpero
2071 2907 2290 2962 XXXIV.
2335 2906 2760 2962 Oudalschalcus

359 2996 539 3051 XVIII.
565 2995 770 3050 Hiltine
2074 2998 2269 3053 XXXV.
2306 2997 2627 3053 Heirtwicus

360 3081 492 3136 XIX.
519 3082 573 3136 S.
608 3082 930 3138 Oudalricus
2074 3092 2296 3147 XXXVI.
2316 3092 2552 3147 Sifridus

364 3171 470 3227 XX.
507 3170 795 3226 Heinricus
2076 3181 2323 3235 XXXVII.
2367 3180 2572 3250 Syboto

362 3263 474 3318 XXI
506 3263 729 3318 Euticus
1246 3278 1255 3287 '
2079 3275 2350 3329 XXXVIII.
2390 3274 2717 3330 Hartmanus

362 3356 519 3410 XXII.
555 3355 794 3412 Ltutolth

2116 3366 2302 3420 LXXIX.
2328 3363 2565 3419 Sifridus

360 3444 543 3501 XXIII.
572 3443 848 3502 Gebehart
2082 3458 2185 3512 XL.
2217 3456 2529 3512 Wolfardus

364 3540 520 3593 XXIV
550 3540 857 3612 Sigel'ridus
2081 3550 2208 3605 XLI.
2233 3550 2629 3625 Degenhardus
2678 3524 2689 3536 ’

366 3634 514 3688 XXV.
552 3634 734 3691 Pruno
2080 3638 2227 3694 XLII.
2265 3638 2571 3695 Fridericus

366 3721 541 3777 XXVI.
572 3722 913 3779 Eberhardus

1643 4026 2428 4126 APPENDIX.

1364 4339 1784 4411 OFFICIUM
1863 4342 2174 4415 SANCTI
2249 4338 2699 4411 UDALRlC-l.

1092 4490 1272 4559 (Dom.
1311 4490 1582 4557 Genesar,
1625 4490 1927 4561 Scriptores
1966 4490 2315 4545 ecclesiastici
2351 4488 2417 4544 de
2452 4488 2682 4553 musica,
2725 4485 2792 4554 II,
2835 4484 2985 4556 117.)

443 4774 599 4843 (Ant.
656 4772 731 4827 ad
786 4771 1046 4841 Magnif)
1102 4768 1412 4825 Venerandi
1472 4768 1643 4841 patris
1693 4767 2061 4841 WodalriciD
2158 4766 2600 4836 (lnvitatorium.)
2638 4765 2945 4821 Adoremus
2978 4780 3161 4838 regem
3217 4763 3493 4820 Christum
3520 4766 3714 4825 Domi-

373 4865 645 4924 solemnia
688 4881 902 4939 magna:
930 4864 1294 4934 jucunditatis
1323 4872 1722 4936 repraesentant
1749 4864 1984 4936 gaudia;
2089 4876 2242 4927 num,
2288 4860 2382 4931 qui
2423 4858 2589 4914 hodie
2645 4865 2892 4913 sanctum
2934 4856 3303 4913 Wodalricum
3351 4857 3611 4928 perduxit
3637 4863 3711 4917 ad

375 4976 498 5032 quas
524 4958 723 5014 merito
761 4957 893 5013 cleri
934 4974 997 5012 ac
1031 4956 1219 5028 papuli
1251 4955 1628 5026 suscipiuntur
1655 4960 1802 5020 voto,
1836 4954 1987 5010 cele-
2089 4966 2257 5024 regna
2279 4949 2562 5006 caelorum.

374 5052 610 5108 brantur
634 5049 1697 5122 tripudio.‘_L:eteturtellustaliscompta
1728 5046 1985 5118 praesule.

375 5141 621 5198 Exsultet
662 5140 825 5212 polus
855 5146 1005 5195 tanto
1037 5139 1242 5194 ditatus
1270 5153 1546 5211 compare.
1583 5136 1743 5193 Solus
1772 5136 1989 5191 daemon

375 5232 642 5309 ingemat,
676 5231 767 5303 qui
796 5231 863 5286 ad
892 5232 1013 5303 ejus
1043 5228 1359 5302 sepulcrum
1391 5245 1548 5284 suum
1567 5227 1787 5283 assidue
1810 5228 1993 5299 perdit

379 5323 708 5380 dominium.
740 5322 872 5391 Ave,
904 5338 1053 5378 nunc
1074 5337 1278 5378 corona
1320 5326 1637 5391 martyrum.
1670 5319 1849 5386 Salve,
1875 5319 1996 5394 glo-

380 5417 461 5472 ria
508 5416 907 5474 confessorum.
942 5416 1228 5490 Simulque
1278 5424 1593 5473 sanctorum
1650 5416 1825 5471 decus
1866 5428 1994 5469 om-

382 5508 558 5579 nium,
590 5524 693 5566 nos
722 5510 932 5568 Christo
963 5510 1361 5567 commendain
1393 5514 1741 5582 perpetuum.
2168 5509 2221 5565 2.
2257 5508 2408 5565 Hunc
2461 5505 2707 5580 religiosi
2762 5509 3024 5578 parentes
3077 5501 3611 5560 commendaverunt
3658 5500 3717 5557 in

2161 5100 2511 5169 (Antipan
2546 5094 2968 5165 nocturnorum.)
3019 5096 3070 5149 ‘I.
3108 5095 3307 5149 Beatus
3358 5094 3713 5153 Wodalricus

2092 5208 2157 5247 ex
2199 5192 2480 5247 nobilibus
2510 5198 2565 5246 et
2596 5188 2872 5264 religiosis
2908 5186 3232 5259 parentibus
3276 5187 3387 5242 Deo
3416 5188 3714 5259 praedesti-

2095 5291 2259 5340 nante
2299 5284 2355 5339 in
2400 5284 2632 5340 salutem
2693 5280 3055 5353 plurimorum
3113 5278 3290 5334 extitit
3341 5284 3511 5333 ortus.
3564 5276 3713 5337 Bea-

2098 5385 2184 5433 tus
2208 5377 2311 5432 vir.

457 5665 569 5733 (66)
608 5668 805 5735 Confer
836 5682 900 5721 ea
940 5681 1057 5735 qua
1090 5665 1155 5719 de
1183 5666 1444 5735 episcopi:
1473 5664 1812 5732 Augustanis
1842 5663 1991 5719 dicta
2092 5666 2515 5735 Augustensium
2541 5662 2808 5735 expungit
2832 5660 3093 5735 _Velserus
3122 5660 3183 5714 in
3212 5657 3367 5716 Notis
3387 5656 3463 5712 ad
3492 5672 3722 5715 conver-

385 5732 655 5801 WntJum
682 5732 741 5792 in
768 5732 1232 5793 obseruationibus
1251 5732 1479 5806 prwuiisr
1499 5751 1648 5790 num.
1680 5735 1736 5794 7,
1779 5739 1890 5788 tum
1917 5736 1992 5789 ad
2089 5732 2291 5791 sionem
2330 5734 2538 5789 Sancte
2576 5733 2732 5800 Afrae
2759 5732 2858 5786 sub
2882 5734 3059 5801 finem.

396 5806 553 5870 Vita,
600 5808 721 5877 cap.
772 5808 824 5863 1.
869 5808 1191 5873 Dionysium
1233 5805 1302 5862 ea:
1339 5805 1583 5873 catalogo
1622 5806 1991 5874 episcoporum
