3978 6214
219 325 357 380 1077
1503 336 1810 395 OFI-‘lClUM
1851 344 1906 399 S.
1951 345 2276 404 UDALRICI.

212 451 386 506 sancti
441 452 574 507 Galli
643 451 981 521 caenobium,
1036 457 1206 511 sacris
1272 458 1573 517 litterarum
1628 469 1826 523 studiis
1849 473 1895 540 ,χ

212 542 602 597 lmbuendum.
656 593 663 602 .

353 637 527 700 Quare
554 636 912 693 fremuerunt.

282 725 330 778 3.
397 724 495 788 Qui
530 725 671 780 inter
703 727 958 798 egregios
1013 729 1279 802 regularis
1310 733 1618 805 disciplinae
1650 742 1824 812 magi-

211 821 352 868 stros
382 813 729 869 dulcissimos
760 817 985 871 theoriae
1032 821 1291 890 carpebat
1319 825 1564 894 quotidie
1596 827 1819 885 fructus.

353 903 582 958 Domine
613 905 744 977 quid
778 907 1144 978 multiplicati.

282 997 335 1050 4.
381 996 550 1071 Igitur
577 1013 743 1052 sacra:
794 999 1152 1057 institutionis
1196 1019 1385 1061 norma
1431 1017 1653 1065 sanctus
1685 1013 1822 1068 ado-

208 1090 424 1144 lescens
467 1091 786 1161 perductus,
837 1093 890 1148 in
943 1096 1259 1153 cathedram
1306 1101 1682 1170 pontiﬁcalem
1738 1114 1821 1162 est

205 1178 557 1234 sublimatus.

381 1268 514 1323 Cum
556 1270 887 1327 invocarem.

277 1361 328 1414 5.
366 1359 477 1415 Vox
505 1361 665 1416 beato
704 1362 782 1417 sic
830 1364 904 1418 ait
933 1364 987 1419 in
1013 1366 1132 1422 visu
1175 1369 1524 1429 :Wodalrice
1556 1376 1818 1450 episcope

202 1452 346 1507 scias
377 1459 427 1508 te
458 1454 621 1509 hodie
651 1455 896 1526 hospites
917 1470 1301 1532 suscepturum
1325 1481 1466 1520 esse.

3411 357 3546 413 1078

2001 482 2086 528 tus
2113 483 2197 530 est
2227 475 2420 532 infula.
2457 475 2558 547 (ᾖ.)
2601 477 2696 533 llic
2727 478 2821 533 Dei
2854 480 3028 550 gratia
3055 498 3115 537 se
3147 485 3544 554 praeveniente,

1997 581 2060 618 ac
2084 568 2249 621 totius
2274 568 2448 638 plebis
2469 577 2594 624 voto
2628 569 2682 623 in
2715 587 2885 626 unum
2917 585 3301 631 concurrente.
3329 578 3544 634 lncivi-

1997 668 2127 718 tate.

1925 751 1986 822 (ti
2014 753 2092 824 5.)
2124 754 2409 811 Orationes
2427 766 2533 811 tuae
2557 764 2611 812 et
2641 759 3028 831 eleemosynae,
3067 762 3394 820 Wodalrice.
3423 766 3536 822 Deo

1995 851 2398 916 suntacceptae,
2429 845 2682 917 quilbinis
2708 849 3150 904 antecessoribus
3179 852 3286 906 tuis
3311 859 3362 908 te
3384 870 3540 909 com-

1995 937 2290 1001 mendavit,
2328 941 2358 971 *
2382 947 2439 994 ιιι
2467 941 2564 996 tibi
2605 958 2758 996 sacra
2818 944 3074 1014 mysteria
3102 944 3405 1002 celebranti
3447 965 3540 1002 as-

1992 1025 2207 1092 sistant,
2241 1035 2295 1081 et
2349 1043 2413 1083 ea
2468 1036 2648 1084 tecum
2681 1031 3033 1088 benedicant.
3088 1034 3178 1102 (7.)
3225 1031 3538 1092 Wodalrice

1991 1115 2272 1184 episcope,
2291 1118 2433 1172 scias
2454 1128 2506 1173 te
2531 1119 2696 1174 hodie
2722 1120 2968 1190 hospites
2992 1131 3376 1194 suscepturum
3392 1141 3533 1181 esse.

1997 1205 2060 1258 Ut
2102 1205 2220 1259 tibi.

1920 1293 1974 1362 (ti)
2007 1297 2084 1366 6.)
2116 1297 2207 1351 Vir
2239 1299 2348 1352 Deo
2409 1299 2606 1368 plenus
2658 1299 2789 1354 dum
2840 1301 3071 1357 hostiam
3105 1305 3396 1361 salutarem
3432 1307 3536 1362 im-

1986 1389 2236 1454 molaret,
2286 1391 2403 1462 ipso
2457 1409 2522 1446 ex
2574 1409 2726 1448 more
2783 1394 3000 1468 signum
3072 1399 3250 1453 crucis
3312 1409 3534 1472 agente,

1987 1480 2210 1534 dextera
2243 1483 2333 1535 Dei
2356 1491 2544 1536 sancta
2578 1484 2870 1538 visibiliter
2919 1488 3194 1556 apparuit,
3231 1491 3261 1519 δίε
3291 1508 3414 1561 quae
3447 1508 3537 1545 sa-

423 1545 597 1600 Verba
628 1563 768 1602 mea.

279 1635 331 1691 6.
369 1636 514 1692 Inter
540 1646 736 1693 caetera
779 1641 1165 1699 miraculorum
1201 1646 1436 1721 insignia
1457 1652 1538 1706 vir
1570 1654 1661 1708 Dei
1688 1672 1817 1726 per-

205 1741 352 1796 saepe
382 1727 592 1780 eiclesti
625 1729 822 1782 meruit
851 1730 1055 1800 perfrui
1086 1733 1316 1789 visione.

423 1819 650 1873 Domine
670 1820 932 1876 Dominus
957 1832 1158 1880 noster.

202 1915 221 1979 (
255 1915 612 1982 Rcsponsoria
672 1915 688 1968 l
720 1921 970 1971 nocturni
1000 1923 1126 1973 tria.
1157 1922 1169 1989 )
1240 1923 1252 1992 (
1283 1927 1315 1984 ἡ
1349 1926 1435 1995 1.)
1509 1927 1812 1986 Beatissimi

276 2004 554 2075 pontificis
582 2005 876 2060 Wodalrici
927 2008 1071 2063 diem
1108 2013 1436 2078 ,natalitium
1485 2018 1811 2087 recolentes,

278 2099 371 2170 qui
404 2100 547 2153 hunc
571 2100 732 2154 tantis
764 2116 1055 2157 coruscare
1099 2104 1228 2160 fecit
1275 2109 1619 2164 virtutibus"
1660 2113 1816 2168 Chri-

278 2202 419 2248 stum
441 2195 729 2268 condignis
772 2214 1098 2253 veneremur
1139 2201 1504 2275 laudibusdt.)
1543 2207 1641 2271 Qui
1675 2209 1818 2264 inter

279 2298 474 2343 caetera
505 2291 839 2363 dignationis
861 2309 974 2347 suae
995 2293 1268 2350 beneﬁcia
1302 2299 1462 2368 hujus
1491 2301 1674 2358 Sancti
1709 2321 1816 2360 no-

281 2380 365 2433 bis
391 2381 614 2434 donavit
642 2382 963 2450 patrocinia.
998 2383 1290 2439 Christum.

200 2475 258 2539 (It'
283 2473 355 2540 2.)
392 2473 531 2527 Puer
561 2473 652 2526 Dei
698 2474 918 2528 inclitus
949 2475 1291 2532 Wodalricus
1324 2479 1463 2534 infra
1520 2482 1810 2540 duodecim

275 2564 509 2618 aetatqu
541 2580 653 2618 suae
679 2565 1142 2621 hebdomadarum
1176 2571 1495 2626 curricula”
1523 2590 1586 2628 ex
1627 2577 1813 2633 divina

275 2657 648 2711 admonitione
670 2673 701 2711 a
725 2666 972 2713 materno
1010 2663 1273 2731 suspendi
1327 2665 1514 2731 jussus
1541 2677 1624 2722 est
1654 2671 1811 2726 lacte.

283 2750 362 2814 tv.
415 2747 476 2800 Ut
536 2746 715 2800 solido
778 2747 903 2802 cibo
965 2750 1306 2806 confortatus
1359 2756 1596 2811 cmlestis
1672 2763 1821 2818 verbi

276 2839 626 2910 dispensator
674 2840 1120 2913 prait'iguraretur
1183 2848 1464 2920 egregius.
1507 2851 1575 2904 Ex
1609 2852 1819 2908 divina.

202 2932 257 2999 (Ii
285 2930 357 2997 3.)
405 2927 536 2982 Cum
595 2938 866 2983 transacto
926 2929 1168 2986 infantiae
1225 2936 1460 2992 termino
1493 2939 1605 3007 jam
1662 2941 1821 2998 bonae

275 3025 478 3078 indolis
529 3040 665 3093 puer
703 3025 980 3091 existeret,
1037 3027 1091 3080 in
1124 3031 1297 3084 sancti
1335 3032 1468 3087 Galli
1502 3039 1816 3093 caenobium

275 3119 356 3166 est
383 3113 800 3167 commendatus
857 3116 881 3144 '
922 3115 1092 3170 sacris
1121 3117 1424 3174 litterarum
1469 3125 1666 3180 studiis
1710 3129 1812 3183 im-

275 3203 549 3258 buendus.
611 3206 712 3275 (γ.)
775 3205 874 3260 Ubi
927 3208 1221 3264 multorum
1283 3210 1499 3269 futurus
1549 3171 1988 3290 magisterC(It’-

271 3296 380 3350 Deo
408 3294 622 3350 favente
645 3298 842 3372 sategit
866 3300 1178 3368 prudenter.
1203 3304 1400 3360 Sacris.

271 3389 322 3442 7.
356 3393 366 3449 t
397 3389 730 3457 Antiphonta
793 3392 844 3445 II
893 3395 1203 3464 nocturni.)
1266 3397 1495 3454 Sanctus
1549 3404 1810 3460 sacerdos

195 3477 332 3529 dum
353 3475 539 3529 divina
580 3477 859 3547 quondam
896 3480 1204 3536 celebraret
1254 3487 1534 3555 mysteria,
1585 3491 1809 3547 dextera

198 3565 300 3620 Dei
333 3581 571 3635 superna
601 3565 893 3622 visibiliter
930 3571 1185 3640 apparuit
1225 3589 1388 3644 supra
1442 3589 1807 3635 sacrosancta.

415 3657 644 3712 Domine
675 3659 800 3729 quis
819 3660 1109 3716 habitabit.

269 3746 322 3802 8.
356 3745 596 3810 Quadam
630 3755 811 3814 nocte,
837 3748 889 3802 in
914 3750 1031 3804 visu
1061 3751 1112 3806 ei
1148 3760 1336 3809 sancta
1377 3755 1498 3811 Afra
1539 3763 1810 3830 apparuit,

198 3843 258 3891 et
289 3836 466 3891 locum
499 3836 878 3893 collocationis
910 3842 1115 3911 proprii
1155 3843 1241 3897 sui
1274 3847 1524 3916 corporis
1551 3849 1604 3903 in
1635 3851 1813 3906 eccle-

193 3928 280 3982 sia
310 3929 720 3984 demonstravit.

421 4019 651 4074 Domine
680 4019 735 4074 in
766 4021 963 4076 virtute
988 4029 1098 4078 tua.

272 4112 325 4164 9.
356 4111 609 4164 Sanctam
673 4114 1081 4186 Agaunensium
1123 4116 1324 4185 locum,
1366 4121 1559 4175 orandi
1617 4126 1812 4194 gratia,

200 4197 393 4264 adivit,
455 4198 548 4252 ubi
606 4201 966 4257 Thebaeorum
1034 4213 1332 4276 martyrum
1393 4210 1649 4282 reliquias
1701 4215 1812 4270 Deo

201 4289 446 4345 donante
468 4292 778 4362 acquisivit.

421 4383 635 4438 Domini
654 4392 736 4439 est
777 4393 938 4441 terra.

275 4472 360 4525 10.
397 4472 540 4536 Quas
571 4490 694 4527 cum
743 4490 956 4531 summo
1008 4479 1215 4535 honore
1257 4483 1550 4558 Augustam
1609 4491 1812 4559 attulit,

201 4563 339 4618 scin
369 4565 608 4620 oratorio
631 4567 723 4620 Dei
752 4567 1043 4624 Genitricis
1090 4587 1213 4627 cum
1248 4575 1466 4645 hymnis
1491 4586 1546 4634 et
1575 4582 1817 4651 psalmo-

203 4654 313 4709 diis
337 4656 594 4730 religiose
617 4657 921 4714 collocavit.

421 4746 766 4802 Benedicam.

276 4841 362 4894 11.
398 4841 501 4895 Per
530 4842 735 4909 oleum,
769 4845 916 4914 quod
975 4854 1199 4903 sanctus
1255 4849 1501 4907 Pontifex
1557 4855 1612 4909 in
1646 4856 1810 4914 Coena

206 4928 426 4984 Domini
454 4933 814 5000 consecravit,
876 4935 1113 5005 plurima
1159 4941 1503 4998 curationum
1546 4945 1816 5002 beneficia

211 5019 433 5092 aegrotis
459 5019 655 5075 Christi
683 5023 856 5096 gratia
887 5025 1242 5085 condonavit.

419 5112 491 5166 Te
519 5113 695 5168 decet.

281 5205 364 5260 12.
393 5205 695 5262 Celebratis
727 5209 1017 5266 missarum
1047 5214 1359 5283 solemniis,
1389 5223 1683 5291 quemdam
1724 5228 1821 5283 llu-

204 5294 353 5374 viurn
414 5298 724 5368 periculosa
808 5319 1069 5374 aquarum
1141 5307 1504 5368 inundatione
1573 5317 1816 5376 refusum

204 5388 576 5444 transvadavit
606 5408 727 5446 cum
761 5393 1137 5452 incolumitate
1177 5416 1424 5458 suorum.

423 5479 627 5534 Bonum
659 5490 761 5537 est.

204 5568 589 5639 (Responsoria
625 5576 682 5628 II
721 5581 974 5632 nocturni
1021 5584 1173 5651 tria.)
1225 5583 1281 5653 (πῆ
1327 5587 1399 5644 4.)
1455 5588 1565 5643 Deo
1585 5588 1824 5644 dilectus

277 5661 444 5717 veluti
479 5681 578 5733 per
623 5666 867 5723 divinum
927 5674 1208 5729 oraculum
1263 5675 1439 5733 fuerat
1487 5681 1716 5734 edoctus
1766 5683 1818 5736 in

281 5751 536 5819 pueritia,
569 5755 598 5785 *
631 5755 683 5808 in
712 5756 933 5814 civitate
961 5762 1201 5836 Augusta
1239 5767 1562 5822 sacerdotali
1591 5768 1820 5823 decora-

1984 1582 2268 1629 crosancta
2303 1575 2570 1630 Dominici
2623 1579 2950 1630 sacramenti
3002 1581 3264 1649 mysteria
3313 1583 3532 1639 caelitus

1985 1665 2341 1720 consecravit.
2378 1669 2477 1731 (in)
2541 1665 2672 1719 Vere
2715 1664 2840 1718 felix
2877 1676 2929 1722 et
2969 1678 3212 1733 sanctus,
3255 1673 3363 1738 cui,
3399 1673 3531 1728 hora

1846 1798 1897 1867 Β
1990 1755 2164 1808 sancti
2197 1753 2472 1819 sacrificii,
2503 1755 2724 1809 dextera
2758 1755 2848 1809 Dei
2895 1759 3148 1828 apparuit
3175 1762 3509 1817 ministranti

1990 1848 2118 1912 Quae
2147 1854 2512 1904 sacrosancta.

1988 1943 2144 2008 (Ant.
2183 1942 2258 1995 ad
2306 1943 2571 2010 Cantica.)
2618 1940 2812 2017 Surge,
2854 1942 3184 2011 Wodalrice,
3226 1954 3278 2000 et
3331 1963 3533 2003 secun-

1917 2033 2046 2087 dum
2089 2049 2270 2086 meum
2329 2050 2640 2088 sermonem
2700 2035 2752 2088 in
2795 2035 3029 2091 ecclesia
3085 2038 3250 2093 hodie
3280 2039 3528 2096 divinum

1915 2126 2282 2181 ministerium
2316 2127 2781 2197 festinaimplere.

1919 2218 2289 2287 (Rcsponsorin
2325 2219 2436 2270 tria
2487 2219 2568 2271 III
2606 2219 2901 2280 nocturni.)
2946 2217 2996 2288 (ti)
3031 2219 3101 2288 7.)
3149 2220 3378 2285 Quidam
3405 2240 3530 2278 ver-

1991 2302 2075 2357 bis
2097 2303 2196 2358 viri
2227 2304 2318 2358 Dei
2369 2321 2478 2359 non
2534 2305 2846 2361 obaudiens
2883 2323 3106 2363 sensum
3157 2325 3278 2363 cum
3326 2312 3444 2367 visu
3476 2320 3532 2368 et

1990 2393 2176 2448 auditu
2215 2394 2475 2466 perdidit,
2515 2394 2611 2449 sed
2644 2412 2764 2450 mox
2797 2397 2865 2450 ad
2908 2397 3087 2467 ipsum
3147 2401 3466 2470 perductus,
3501 2405 3532 2434 ’⁸⁵

1987 2483 2231 2554 pristinae
2263 2484 2482 2538 sanitati
2542 2494 2624 2538 est
2690 2487 2994 2543 restitutus.
3038 2487 3128 2558 (ᾖ.)
3165 2489 3328 2558 Cujus
3355 2492 3532 2547 tribu-

1987 2577 2285 2632 lationibus
2339 2595 2461 2631 cum
2494 2577 2815 2633 mitissimus
2873 2581 3179 2636 condolcns
3231 2582 3533 2657 indulgen-

1994 2671 2122 2725 tiam
2165 2679 2219 2724 ct
2249 2669 2690 2724 benedictionem
2724 2671 2970 2726 donaret.
3008 2673 3272 2730 Pristinae.

1926 2759 1981 2830 (vi
2026 2759 2570 2826 8.)Sanctimonialis
2601 2760 2824 2827 femina,
2873 2771 2933 2816 ut
2989 2780 3087 2833 per
3132 2766 3301 2820 sancti
3337 2767 3530 2837 ponti-

1999 2847 2115 2902 ticis
2153 2847 2458 2903 orationem
2499 2857 2582 2902 est
2636 2855 2845 2915 sanata,
2905 2866 3028 2904 mox
3072 2854 3339 2909 currendo
3396 2873 3534 2927 prae-

1996 2939 2160 2994 cessit
2193 2957 2317 2993 eum
2367 2941 2398 2971 ⁸*
2455 2939 2687 2995 laudans
2734 2949 2789 2994 et
2854 2941 3190 2998 benedicens
3219 2946 3530 3002 Dominum.

1995 3034 2096 3105 (in)
2157 3035 2397 3090 Pedibus
2441 3037 2562 3104 ejus
2612 3037 2899 3106 provoluta
2943 3039 3239 3112 gratiarum
3289 3042 3534 3098 actiones

1990 3124 2102 3196 egit
2129 3124 2348 3179 devota.
2386 3125 2655 3179 Laudans.

2022 3216 2099 3282 9.)
2131 3217 2329 3271 Sancte
2360 3217 2455 3270 Dei
2486 3216 2816 3284 \Voldarice,
2850 3218 3110 3273 virtutum
3144 3220 3319 3294 gratia
3345 3223 3531 3292 plene,

1983 3320 2112 3374 spes
2142 3306 2487 3366 miserorum,
2553 3305 2725 3359 decus
2789 3307 3169 3373 ecclesiarum,
3219 3312 3254 3386 ι’
3306 3311 3533 3368 intende

1985 3412 2178 3466 preces
2202 3397 2388 3467 populi
2447 3397 2832 3466 supplicantis,
2874 3405 2932 3451 ut
2985 3399 3246 3470 impetres
3310 3404 3532 3460 veniam

1981 3501 2078 3557 pro
2102 3485 2337 3539 delictis.
2395 3486 2490 3553 (ᾗ.)
2531 3486 2666 3541 Ecce
2722 3486 2850 3557 quia
2895 3503 3064 3558 super
3124 3507 3298 3560 pauca
3348 3491 3533 3550 fidelis

1985 3575 2263 3640 exstitisti,
2297 3590 2467 3645 super
2495 3574 2666 3629 multa
2698 3576 3025 3633 constitutus
3046 3578 3101 3633 in
3140 3581 3404 3655 gaudium
3435 3583 3531 3640 Dei

1984 3665 2060 3720 tui
2102 3663 2360 3719 introisti.
2391 3663 2640 3718 Intende.

1988 3823 2040 3876 1.
2072 3822 2424 3892 (Antiphonta
2447 3823 2520 3876 ad
2548 3824 2762 3878 Laudes
2783 3828 2831 3877 et
2844 3825 3050 3894 horas.)
3078 3826 3342 3884 Dominus
3371 3831 3532 3888 Jesus

1920 3911 2158 3966 Christus
2202 3910 2270 3965 de
2311 3911 2452 3967 coelo
2492 3911 2921 3968 misericorditer
2972 3914 3028 3967 in
3070 3922 3266 3970 terram
3303 3934 3530 3990 prospe-

1917 4003 2012 4068 xit,
2045 4002 2267 4073 quando
2298 4011 2547 4057 sanctum
2600 4003 2982 4059 Vuodalricum
3036 4007 3320 4063 catholicae
3349 4011 3533 4067 eccle-

1917 4091 2012 4146 siae
2041 4088 2357 4161 pontificem
2392 4090 2509 4145 fieri
2538 4091 2850 4147 destinavit.

1986 4182 2040 4234 2.
2073 4181 2255 4236 Cultor
2281 4180 2373 4234 Dei
2397 4181 2655 4254 egregius
2692 4181 2761 4234 ad
2814 4182 3031 4237 culmen
3064 4184 3416 4254 pontificatus
3446 4188 3530 4244 di-

1916 4277 2041 4332 vina
2071 4276 2340 4331 electione
2366 4285 2671 4348 promotus,
2704 4277 2944 4334 caelestis
2966 4279 3117 4335 verbi
3159 4281 3368 4336 semina
3400 4282 3530 4338 ubi-

1918 4383 2025 4438 que
2054 4365 2349 4439 spargebat
2381 4383 2479 4436 per
2506 4365 2750 4421 fidelium
2776 4367 2960 4421 corda.

1990 4458 2041 4511 3.
2075 4455 2240 4524 Hujus
2287 4455 2620 4510 sanctissimi
2660 4455 2759 4510 viri
2799 4456 3064 4510 salutaria
3102 4457 3355 4532 dogmata
3384 4459 3529 4516 divi-

1914 4564 2108 4602 norum
2137 4547 2419 4614 signorum
2487 4563 2706 4618 semper
2758 4548 2977 4603 caelitus
3008 4549 3371 4605 comitabatur
3400 4550 3525 4607 effi-

1916 4643 2087 4699 cacia.

1984 4734 2036 4785 4.
2096 4732 2292 4786 Sancta
2343 4731 2466 4786 Afra
2531 4740 2768 4803 martyre
2827 4732 2943 4787 viro
2995 4733 3090 4788 Dei
3128 4734 3412 4804 quondam
3443 4737 3530 4792 vi-

1914 4828 2071 4882 sione
2106 4828 2358 4883 ducatum
2394 4827 2693 4899 praebente,
2721 4844 3086 4900 supernorum
3123 4829 3326 4885 civium
3359 4833 3526 4888 cmtui

1918 4917 2148 4974 feliciter
2167 4920 2367 4974 meruit
2394 4919 2671 4974 associari.

1986 5015 2038 5067 ὅ.
2085 5015 2141 5068 In
2165 5016 2328 5084 hujus
2389 5016 2526 5070 sacri
2557 5025 2862 5070 conventus
2917 5016 3101 5071 medio
3154 5016 3529 5087 apostolorum

1919 5104 2223 5174 principem
2254 5106 2388 5161 vidit
2439 5121 2563 5160 cum
2625 5105 2748 5159 aliis
2797 5120 2937 5176 quos
2982 5105 3069 5159 vel
3105 5105 3234 5159 olim
3267 5104 3322 5159 in
3363 5120 3530 5160 carne

1917 5196 2002 5249 vel
2037 5206 2166 5250 tunc
2197 5197 2433 5267 primum
2462 5197 2516 5250 in
2547 5197 2742 5268 spiritu
2766 5196 3044 5271 cOgnovit.
3181 5257 3184 5260 _

1989 5288 2104 5358 (Ad
2145 5288 2358 5353 Bened.)
2389 5288 2424 5342 Ο
2457 5288 2674 5342 beatum
2707 5288 2905 5354 virum,
2945 5286 3156 5341 corlesti
3202 5284 3413 5341 visione
3444 5283 3533 5339 di-

1919 5399 2111 5457 gnum,
2140 5382 2232 5454 qui
2287 5383 2451 5437 etiam
2502 5383 2645 5438 inter
2682 5391 2878 5438 caetera
2916 5381 3120 5436 divinae
3180 5379 3532 5436 revelationis

1921 5491 2121 5530 arcana
2178 5482 2634 5546 superventurum
2704 5474 3033 5529 Pannonicae
3098 5472 3282 5546 gentis
3340 5470 3534 5525 didicit

1924 5565 2155 5633 bellum,
2215 5573 2268 5620 et
2332 5566 2672 5636 triumphum
2735 5563 3051 5618 Christianae
3112 5561 3252 5633 parti
3319 5560 3536 5617 cmlitus

1923 5674 2270 5713 concessum.

1993 5754 2106 5822 (Αιι
2135 5756 2365 5822 Magnif.
2397 5756 2449 5808 in
2493 5754 2536 5808 ll
2571 5754 2745 5823 Vesp).
2777 5751 3047 5808 Sacerdos
3077 5749 3169 5805 Dei
3197 5746 3539 5804 Wodalricus
