3978 6214
261 358 396 412 1081

1478 355 1810 411 ΕΡΙὸΤΟΗΕ
1849 355 1930 411 ΕΤ
1970 355 2364 411 PRIVILEGIA.

3447 351 3588 406 1082

259 501 449 540 mense
479 485 739 540 Januario
769 485 858 540 die
917 487 998 539 19.
1035 484 1128 539 Hic
1186 483 1290 538 fuit
1336 484 1547 539 electus
1568 501 1598 536 v
1629 501 1776 540 anno
1821 484 1967 556 regis
1994 483 2226 548 Ottonis,
2262 482 2376 536 ind.
2450 482 2641 553 prima.
2673 481 2919 536 Domnus
2973 477 3117 534 sedit
3146 495 3178 532 a
3207 479 3260 546 1,
3294 494 3369 533 m.
3395 477 3450 535 6.
3486 479 3590 534 iste

257 557 629 631 strangulatus
659 566 759 613 est.
791 577 814 606 υ

1365 628 1426 680 In
1466 627 1583 680 cod.
1617 629 1740 681 Vat.
1773 644 1805 679 (ι
1855 629 2073 682 .Murat.
2099 628 2196 687 III,
2221 641 2278 690 ii,
2321 625 2425 678 332
2457 642 2469 678 :

1365 714 1445 752 iis.
1475 714 1539 752 cx
1563 709 1717 752 patre
1748 643 2127 752 Hifdibrando.
2153 696 2298 751 sedit
2327 712 2375 750 a.
2412 696 2433 748 1

339 720 357 745 ιι
404 699 734 752 Benedictus
765 699 852 764 Vl,
888 698 1110 752 natione
1145 697 1445 768 Romanus,
1475 714 1539 752 ex
1563 709 1717 768 patre
1748 699 1806 752 lli

1875 698 2127 762 ibrando,
2153 696 2298 751 sedit
2327 712 2375 750 a.
2412 696 2433 748 1
2481 712 2552 749 m.
2605 694 2656 749 6.
2694 694 2799 748 lste
2822 692 3261 762 comprehensus
3283 699 3366 745 est
3387 707 3418 744 a
3445 707 3590 762 quo-

260 769 420 848 dam”
446 763 845 848 C(i‘esc)e_ncio,
888 769 1191 823 'l‘heodorre
1241 767 1388 848 filio,
1454 777 1521 848 et.
1548 763 1600 822 in
1632 769 1916 824 castellum
1966 769 2020 822 S.
2048 768 2258 842 Angelli
2290 775 2536 822 retrusus
2579 765 2766 836 ibique
2828 763 3200 835 strangulatus
3243 769 3325 816 est
3365 772 3594 833 propter

257 840 597 895 Bonifacium
634 841 948 902 diaconum,
984 857 1148 911 quem
1181 841 1448 893 miserunt
1475 840 1691 894 vivente
1721 857 1786 895 eo
1814 857 1956 911 papa
1989 863 2036 894 υ.
2139 840 2156 842 ’
2467 910 2472 911 ί
2501 908 2514 911 _
2542 907 2584 911 ᾗ,
2835 861 2844 868 ·

1231 914 1290 965 In
1319 916 1424 964 cut.
1448 928 1579 979 pup.
1606 929 1695 981 ap.
1730 913 1958 966 Eccam.
1995 913 2132 980 Corp

2139 952 2148 963 .
2186 912 2310 965 hist.
2355 911 2426 974 II,
2455 907 2612 962 1640.

333 1004 357 1029 ι(
397 983 680 1037 Johannes
705 985 744 1044 (ι
778 982 1134 1047 Benedictus)
1165 981 1252 1045 Vl,
1283 989 1392 1054 nat.
1431 974 1584 1036 Boni.
1639 974 1704 1037 ex
1756 990 1910 1054 patre
1969 974 2360 1047 llildébrando,
2393 979 2538 1035 sedit
2566 995 2596 1032 a
2643 980 2665 1034 1
2701 993 2775 1032 m.
2808 976 2841 1032 6
2867 984 2921 1031 ct
2951 977 3019 1030 de
3071 974 3302 1030 consilio
3335 974 3587 1032 Malifacii

251 1055 623 1127 strangulatus
647 1067 730 1127 est
765 1055 817 1107 in
849 1053 1072 1127 castello
1093 1053 1157 1127 iS.
1185 1053 1373 1127 Angeli
1404 1073 1451 1107 υ.

335 1105 616 1179 έχοίὲίὖιὶέ
644 1105 816 1197 igitur
847 1105 1482 1197 hiscatologisfquosia
1514 1125 1792 1197 communi
1851 1140 2106 1197 manasse
2155 1123 2302 1178 fonte
2357 1121 2703 1197 manifestum
2762 1126 2870 1197 est_,_
2921 1105 3066 1173 unus
3097 1118 3219 1172 cod.
3254 1117 3361 1197 Est.
3395 1133 3589 1197 vocem

257 1217 285 1245 «ι
327 1197 594 1268 Dominus
638 1189 961 1268 y'continet.
984 1201 1112 1259 Quae
1131 1189 1258 1249 vero
1287 1189 1412 1268 cum
1457 1195 1510 1248 in
1543 1196 1811 1268 catalogis
1876 1196 1985 1250 illis
2014 1211 2112 1268 pro
2144 1211 2325 1268 «papa
2354 1217 2374 1243 ι
2426 1193 2567 1268 haud
2620 1206 2742 1245 raro
2770 1191 3089 1268 collocetur,
3115 1205 3292 1268 neque
3335 1189 3588 1268 hoc__loco

263 1267 452 1321 referri
475 1268 577 1320 nisi
622 1267 687 1320 ad
723 1267 902 1337 ipsum
938 1268 1292 1320 Benedictum
1327 1265 1389 1319 Vl

1530 1275 1639 1332 eat,
1671 1260 1851 1348 quivis
1882 1260 2387 1348 conc'edet;fa'cile,
2434 1263 2573 1348 falsa
2621 1261 3102 1348 trapnscrib'entium
3126 1260 3592 1348 interpretatione

1492 1283 1522 1319 ll

263 1284 452 1321 reierri
475 1285 577 1320 nisi
622 1284 687 1320 au
723 1284 902 1337 ipsum
938 1284 1292 1320 benedictum
1333 1284 1389 1319 Vl
1492 1284 1639 1332 ueai,
1671 1285 1851 1348 quivis
1882 1284 2152 1322 concedet
2208 1284 2387 1330 iacne,
2434 1284 2573 1318 iaisa
2621 1284 3102 1342 iraiiscriuenuum
3137 1284 3588 1342 interpretatione

257 1339 525 1392 Domnnm
552 1339 700 1392 illum
725 1353 831 1410 una
852 1354 974 1410 cum
995 1339 1276 1410 tantodem
1300 1337 1427 1390 anni
1452 1284 1484 1391 (1
1523 1354 1906 1410 mensmmque
1945 1339 1978 1392 6
2002 1336 2352 1410 pontiﬁcatu,
2393 1341 2658 1408 quantum
2693 1334 2858 1388 fuisse
2883 1333 3162 1387 Benedicti
3194 1331 3256 1385 Vl
3278 1346 3502 1398 seimus,
3531 1348 3588 1386 in

255 1410 588 1479 posteriores
617 1409 896 1482 catalogos
928 1409 1242 1478 irrepsisse.

844 1719 1966 1859 BENEDICTI
2081 1721 2284 1856 VI
2422 1720 2995 1857 PAPfE

1229 1952 1739 2034 EPISTOL/E
1817 1952 1941 2033 ET
2015 1949 2613 2034 PRlVlLEGlA.

1725 2161 2084 2171 —————_—-——

1037 2288 1056 2342 ι

247 2377 525 2432 Benedicti
557 2391 716 2445 papa:
749 2377 822 2430 VI
848 2377 1074 2444 epistola
1101 2375 1175 2430 ad
1205 2376 1550 2429 Fredericum
1596 2375 1874 2430 Salisbur-

325 2463 533 2513 gensem
585 2450 887 2516 episcopum
938 2452 986 2500 et
1049 2448 1164 2516 ejus
1210 2447 1700 2514 comprovinciates.
1762 2449 1876 2514 Ipsi

326 2519 551 2587 ejusque
581 2519 975 2572 successoribus
1020 2522 1160 2572 vices
1191 2518 1512 2588 apostolicus
1561 2521 1618 2572 in
1675 2520 1871 2576 Norica

327 2593 376 2643 et
415 2591 694 2644 Pannonia
725 2590 987 2644 concedit.

887 2678 1067 2747 (Anno
1097 2676 1242 2744 973.)

674 2765 886 2837 [MANSI,
930 2766 1128 2821 Concil.
1161 2767 1292 2828 XIX,
1324 2767 1433 2838 38.]

330 2859 687 2920 BBNEDICTDS,
717 2858 903 2912 divina
935 2856 1148 2913 favente
1183 2859 1355 2930 gratia
1382 2865 1545 2930 atque
1577 2861 1746 2915 totius
1770 2878 1871 2934 po-

258 2950 373 3020 puli
416 2951 642 3004 Romani
669 2949 942 3004 electione
973 2951 1330 3021 apostolicus,
1365 2953 1652 3007 Fniniziiico
1701 2954 1873 3008 Salis-

257 3038 551 3111 burgensis
617 3038 872 3093 Ecclesiae
927 3040 1326 3109 archipraasuli,
1394 3057 1503 3095 una
1569 3058 1694 3096 cum
1754 3044 1872 3098 suis

259 3128 534 3194 fratribus,
597 3127 854 3183 videlicet
924 3129 1132 3184 Noricze
1211 3130 1508 3200 provincia:
1571 3132 1872 3204 episcopis,

262 3234 574 3273 mansuram
599 3219 654 3272 in
671 3218 882 3275 Christo
905 3219 1244 3276 felicitatem.

333 3307 674 3376 ProtOplasto
731 3309 958 3380 generis
1024 3309 1251 3366 humani
1310 3317 1474 3383 atque
1514 3312 1634 3381 ejus
1663 3313 1876 3368 semine

263 3395 582 3466 serpeiitina
597 3397 855 3451 suasione
887 3397 942 3451 in
973 3398 1194 3472 gemina
1217 3399 1450 3455 cadente
1482 3403 1880 3469 morte,multas

266 3487 409 3539 Deus
436 3485 817 3540 misericordia
873 3486 1070 3541 ductus
1128 3488 1435 3544 medicinas
1467 3490 1620 3545 misit
1651 3491 1707 3546 in
1739 3491 1885 3547 hunc

270 3578 559 3642 mundum,
593 3578 932 3648 patriarchas
956 3579 1168 3634 scilicet
1185 3581 1384 3648 justos,
1416 3583 1713 3654 prophetas
1741 3583 1883 3638 veri-

269 3665 442 3732 dicos,
477 3667 766 3740 legit‘erum
795 3683 919 3722 cuin
942 3669 1062 3740 leg’e
1093 3686 1105 3723 :
1141 3679 1194 3724 et
1214 3669 1298 3723 his
1324 3671 1586 3726 omnibus
1613 3673 1876 3728 mundum

268 3761 479 3816 salvare
513 3778 624 3817 non
657 3764 987 3830 valentibus,
1012 3766 1312 3821 novissime
1343 3766 1536 3822 Filium
1567 3785 1724 3823 suum
1776 3771 1882 3824 hu-

273 3867 432 3904 mana
454 3867 618 3905 carne
649 3851 898 3907 indutum
932 3854 1001 3907 ad
1047 3857 1484 3928 redemptionem
1515 3859 1739 3932 generis
1772 3859 1880 3914 hu-

271 3939 418 3993 mani
459 3939 523 3993 ad
553 3948 724 3996 terras
756 3943 1126 3999 transmittere
1181 3945 1437 4018 dignatus
1475 3957 1575 4001 est.
1606 3949 1678 4004 Eo
1702 3949 1886 4020 itaque

271 4030 415 4084 inter
453 4031 702 4087 homines
727 4041 1108 4102 conversante,
1143 4035 1438 4092 duodecim
1468 4038 1635 4112 elegit
1665 4045 1890 4111 aposto-

274 4120 376 4185 los,
401 4137 540 4192 quos
557 4121 625 4176 ad
657 4123 1046 4178 seminandum
1077 4125 1308 4180 verbum
1341 4127 1436 4181 Dei
1469 4129 1524 4183 in
1545 4129 1712 4184 corda
1742 4128 1889 4184 fide-

273 4211 406 4265 lium
462 4229 562 4283 per
601 4213 918 4270 universum
977 4217 1278 4272 transmisit
1333 4219 1520 4273 orbem
1583 4237 1596 4273 :
1659 4236 1890 4293 quorum

273 4311 438 4374 atque
497 4303 664 4360 totius
722 4306 978 4363 Ecclesia:
1038 4319 1289 4365 sanctum
1349 4311 1639 4367 constituit
1669 4313 1890 4368 Petrum

274 4399 600 4468 principem,
627 4401 716 4454 cui
743 4417 967 4474 gregem
1000 4405 1277 4460 commisit
1296 4405 1754 4476 ecclesiasticum,
1787 4415 1892 4463 ter-

271 4493 346 4548 tio
376 4493 633 4548 eidicens
663 4511 676 4548 :
709 4497 873 4549 Pasce
901 4512 1024 4551 oves
1041 4514 1184 4553 meas
1220 4501 1390 4570 (Joan.
1425 4503 1535 4571 χχι)
1567 4520 1581 4568 ;
1617 4503 1890 4559 cuietiam

271 4585 477 4659 ligandi
504 4591 669 4655 atque
719 4585 970 4640 solvendi
1003 4589 1228 4645 tradidit
1259 4600 1615 4662 potestatem,
1649 4594 1842 4650 dicens
1875 4612 1888 4650 :

273 4677 634 4746 Quodcunque
683 4678 939 4745 ligaveris
978 4695 1138 4750 super
1199 4687 1420 4748 terram,
1453 4688 1557 4739 erit
1596 4687 1823 4754 ligatum
1843 4692 1892 4742 et

273 4767 334 4818 in
359 4767 500 4820 caelis
535 4783 548 4830 ;
581 4767 933 4836 quodcunque
953 4769 1174 4823 solveris
1200 4786 1360 4840 super
1378 4777 1602 4841 terram,
1623 4778 1727 4830 erit
1747 4778 1892 4832 solu-

276 4861 388 4911 tum
413 4863 461 4912 et
502 4860 560 4911 in
591 4859 730 4913 caelis
771 4860 986 4929 (Matth.
1043 4873 1176 4927 xvi.)
1229 4863 1292 4919 Et
1322 4879 1431 4920 non
1489 4865 1668 4922 solum
1699 4877 1892 4926 sancto

278 4945 401 4999 talis
429 4961 690 5002 concessa
745 4948 902 5003 Petro
957 4950 1225 5020 potentia,
1264 4951 1363 5006 sed
1394 4952 1558 5007 etiam
1599 4956 1714 5010 suis
1757 4973 1889 5012 suc-

275 5038 607 5106 cessoribus,
632 5040 750 5111 ejus
777 5040 952 5096 vicem
976 5041 1032 5095 in
1056 5041 1300 5098 Ecclesia
1326 5045 1665 5114 tenentibus,
1693 5047 1888 5102 eadem

275 5128 484 5203 ligandi
515 5139 680 5202 atque
737 5133 986 5188 solvendi
1036 5151 1066 5188 a
1108 5135 1219 5190 Deo
1253 5135 1450 5191 tradita
1480 5145 1563 5192 est
1617 5146 1880 5208 potestas.

273 5221 460 5276 Sancti
500 5223 684 5294 itaque
735 5224 879 5280 Petri
912 5227 1149 5296 apostoli
1206 5243 1558 5283 successores
1607 5246 1705 5301 per
1745 5231 1882 5301 loca,

275 5317 436 5379 prout
465 5326 605 5382 opus
633 5319 750 5367 erat
807 5321 970 5385 atque
1010 5316 1214 5384 decuit,
1278 5317 1679 5374 constituerunt
1706 5321 1888 5375 archi-

273 5397 589 5470 episcopos,
621 5401 712 5472 qui
745 5417 936 5458 eorum
965 5405 1138 5460 vicem
1195 5413 1447 5462 tenerent
1477 5408 1535 5462 in
1584 5409 1841 5466 Ecclesiis
1870 5428 1886 5478 ;

274 5491 404 5562 quia
453 5493 558 5564 ipsi
618 5495 902 5551 universas
953 5516 1146 5574 regere
1184 5517 1294 5556 non
1324 5511 1578 5573 poterant
1606 5505 1894 5564 Ecclesias.

277 5583 385 5638 Nos
411 5602 633 5658 quoque
655 5588 829 5643 vicem
863 5589 1008 5645 beati
1040 5591 1186 5647 Petri
1243 5596 1498 5666 apostoli,
1532 5607 1691 5670 prout
1719 5599 1900 5656 homi-

1899 2287 1943 2353 Α
1980 2279 2218 2346 firmare,
2234 2284 2497 2350 quantum
2520 2291 2835 2349 possumus,
2860 2273 3094 2330 libenter
3115 2272 3516 2328 desideramus.

2049 2370 2416 2426 Concedimus
2464 2369 2649 2440 itaque
2679 2368 2858 2422 vicem
2895 2365 3255 2438 apostolicam
3293 2363 3585 2419 Frederico

1977 2459 2416 2532 Salisburgensis
2448 2458 2702 2513 Ecclesiae
2741 2456 2995 2523 antistiti,
3028 2455 3258 2526 ejusque
3289 2467 3586 2508 successo-

1974 2550 2147 2616 ribus,
2180 2549 2235 2604 in
2265 2556 2379 2604 tota
2402 2548 2596 2604 Norica
2624 2545 2908 2618 provincia
2962 2553 3016 2598 et
3046 2543 3102 2597 in
3131 2550 3248 2598 tota
3270 2541 3586 2606 Pannonia,

1972 2637 2244 2710 superiori
2273 2637 2535 2692 videlicet
2554 2643 2610 2691 et
2637 2634 2903 2700 inferiori,
2924 2631 3203 2704 quomodo
3234 2630 3318 2686 sui
3338 2639 3588 2686 anteces-

1971 2748 2128 2788 sores
2149 2731 2401 2786 eamdem
2451 2735 2781 2804 potestatem
2811 2743 2841 2781 a
2889 2725 3092 2782 nostris
3153 2724 3396 2780 habuere
3428 2730 3591 2778 ante-

1971 2824 2324 2880 cessoribus:
2358 2823 2436 2877 ita
2464 2823 2692 2887 scilicet,
2752 2827 2810 2875 ut
2857 2819 2994 2874 nulli
3052 2818 3215 2873 liceat
3265 2817 3322 2871 in
3352 2815 3593 2888 praefatis

1973 2920 2273 2993 provinciis
2321 2919 2427 2973 sibi
2505 2931 2772 2986 usurpare
2846 2915 3096 2986 pallium,
3151 2929 3254 2968 nec
3299 2911 3594 2983 episcopos

1973 3009 2254 3072 ordinare,
2289 3023 2392 3061 nec
2420 3007 2591 3061 ullum
2621 3003 2865 3060 officium
2917 3001 3064 3074 quod
3118 3001 3187 3056 ad
3221 2999 3596 3070 archiepisco-

1978 3117 2106 3172 puri:
2141 3099 2421 3171 pertinere
2444 3097 2632 3166 debet,
2665 3107 2864 3167 prmter
2897 3094 3181 3166 praefatum
3211 3090 3590 3162 archiepisco-

1978 3207 2108 3262 pum
2155 3190 2388 3261 ejusque
2441 3203 2812 3243 successores.
2860 3187 3189 3258 Quicunque
3240 3190 3425 3238 autem
3470 3182 3598 3237 huic

1977 3281 2262 3354 refragari,
2303 3281 2389 3334 vel
2407 3278 2748 3335 contendere
2763 3278 2999 3332 voluerit
3028 3277 3280 3342 decreto,
3316 3274 3465 3346 quod
3499 3288 3600 3328 nos

1985 3371 2100 3426 vice
2133 3371 2189 3423 Β.
2224 3369 2370 3424 Petri
2401 3366 2965 3438 apostolifungentes,
2991 3379 3266 3419 consensu
3291 3370 3601 3417 nostrorum

1983 3464 2366 3534 episcoporum
2420 3477 2484 3516 ac
2551 3459 2720 3515 totius
2787 3457 2915 3513 cleri
2987 3457 3246 3510 Romanae
3315 3453 3596 3517 Ecclesia,

1986 3551 2349 3616 decrevimus,
2391 3549 2528 3604 sciat
2585 3564 2645 3603 se
2677 3548 2735 3602 B.
2789 3546 2946 3600 Petro
2977 3545 3208 3616 ejusque
3237 3542 3446 3598 vicario
3475 3557 3600 3597 esse

1906 3626 1956 3695 Β
1983 3642 2316 3700 contrarium
2349 3647 2514 3711 atque
2573 3638 2688 3694 fore
2732 3637 3025 3692 anathema
3074 3649 3253 3706 usque
3286 3634 3353 3688 ad
3384 3631 3601 3689 satisfa-

1983 3735 2245 3794 ctionem,
2298 3730 2414 3785 sive
2470 3729 2541 3783 sit
2605 3728 2923 3799 episcopus,
2981 3731 3076 3780 aut
3120 3725 3426 3796 presbyter,
3485 3723 3602 3779 sive

1983 3825 2218 3884 clericus
2239 3831 2615 3893 cujuscunque
2663 3819 2892 3886 ordinis,
2941 3818 3056 3872 sive
3088 3817 3260 3872 laicus
3289 3817 3596 3885 cujuscun-

1990 3938 2098 3996 que
2147 3920 2311 3976 fuerit
2361 3917 2683 3990 dignitatis;
2713 3915 2842 3987 quia
2879 3923 3067 3970 sancta
3106 3921 3419 3969 sanctorum
3446 3917 3605 3966 ante-

1992 4027 2269 4069 cessorum
2303 4019 2615 4066 nostrorum
2665 4008 2881 4063 solvere
2941 4005 3424 4076 nolumusjneque
3450 4001 3606 4058 vale-

1993 4124 2138 4164 mus.
2172 4106 2280 4161 Sed
2320 4103 2598 4177 quomodo
2630 4102 2708 4157 illi
2737 4117 3015 4157 consensu
3043 4115 3269 4156 suorum
3303 4097 3603 4169 episcOpo—

1996 4214 2112 4253 rum
2167 4210 2230 4251 ac
2284 4194 2456 4250 totius
2502 4192 2635 4248 cieri
2693 4191 3119 4253 constituerunt,
3174 4185 3270 4244 fiat
3317 4203 3382 4242 ex
3413 4201 3606 4242 eorum

1997 4289 2222 4362 pariter,
2255 4292 2309 4342 et
2341 4293 2532 4342 nostro
2552 4286 2772 4340 decreto
2813 4283 3030 4339 firmum
3062 4289 3226 4353 atque
3255 4286 3608 4353 perpetuum.

1993 4378 2321 4448 Quicunque
2353 4383 2534 4430 autem
2584 4373 2828 4446 episcopi
2881 4388 2982 4444 per
3037 4371 3266 4437 amicos,
3323 4369 3438 4426 sive
3467 4367 3608 4424 clam

1993 4487 2093 4543 per
2112 4471 2350 4541 aliquam
2385 4467 2655 4535 fraudein,
2697 4465 2993 4539 aliquando
3050 4462 3299 4534 ejusdem
3328 4459 3612 4536 dignitatis

1993 4562 2277 4635 petierint,
2301 4561 2414 4617 sive
2447 4561 2726 4632 petierunt
2755 4557 3125 4631 privilegium,
3162 4557 3287 4612 illos
3311 4550 3610 4626 suspendi-

1989 4667 2112 4708 mus
2151 4651 2217 4705 ab
2240 4666 2306 4705 ea
2354 4651 2622 4722 dignitate
2661 4667 2675 4716 ;
2724 4649 2856 4721 quia
2906 4647 3153 4704 illicitum
3204 4644 3519 4716 judicamus
3548 4651 3612 4698 ut

1992 4739 2191 4811 aliquis
2221 4739 2538 4810 episcopus,
2570 4740 2690 4794 sine
2739 4738 2911 4795 totius
2939 4753 3054 4793 ante
3113 4733 3411 4807 provincia
3443 4740 3611 4804 atque

1993 4826 2470 4901 suﬂ‘raganeorum
2497 4845 2722 4886 suorum
2755 4843 3050 4894 consensu,
3091 4825 3321 4898 pallium
3361 4823 3475 4882 sive
3506 4823 3616 4879 ali-

1993 4916 2142 4988 quod
2172 4917 2684 4989 archiepiscOpatus
2710 4917 3062 4989 privilegium
3093 4931 3124 4970 a
3148 4915 3393 4971 Romano
3422 4911 3612 4985 ponti-

1915 5012 1964 5082 ς,
1986 5005 2090 5063 ﬁco
2120 5008 2409 5079 acquirere
2449 5016 2770 5079 praesumat.

2759 5146 2826 5201 ll.

2057 5234 2413 5301 Privilegium
2451 5235 2726 5288 Benedicti
2748 5251 2928 5304 papa),
2961 5237 3106 5305 quod
3125 5237 3278 5291 dedit
3300 5236 3542 5306 episcopo

2453 5306 2774 5359 Theoderico
2814 5309 3142 5364 Trevirensi.

2633 5400 2805 5469 (Anno
2821 5399 2965 5467 973.)

2428 5490 2634 5561 [MANSI,
2664 5490 2864 5544 Concil.
2897 5489 3030 5554 XIX,
3070 5490 3181 5560 45]

2073 5606 2408 5663 Bassoic'rus
2451 5605 2766 5676 episcopus,
2797 5618 2984 5656 servus
3009 5617 3294 5657 servorum
3327 5606 3446 5673 Dei,
3483 5609 3625 5665 cha-

282 5672 448 5727 nibus
479 5675 640 5729 istius
658 5678 925 5747 temporis
947 5680 1213 5750 possibile
1234 5691 1336 5750 est,
1368 5684 1422 5739 in
1446 5685 1686 5742 Ecclesia
1707 5695 1883 5746 tenen

2003 5696 2234 5752 rissimis
2255 5697 2415 5754 nobis
2451 5696 2507 5751 in
2531 5694 2739 5751 Christo
2799 5693 3056 5749 fratribus
3077 5692 3353 5748 universis
3383 5695 3621 5766 episco-

283 5768 390 5831 tes,
422 5774 624 5823 statuta
674 5767 891 5824 illorum
951 5778 1364 5830 antecessorum
1406 5784 1716 5835 nostrorum
1767 5797 1903 5838 con-
2003 5785 2088 5858 pis
2119 5803 2181 5843 ac
2209 5788 2379 5844 totius
2433 5785 2736 5862 dignitatis,
2781 5793 2835 5841 et
2877 5781 3090 5842 ordinis
3138 5781 3427 5838 catholicis
3457 5787 3616 5854 viris,
