3978 6214
413 315 547 373 1083

1718 320 1844 376 BEN
1851 319 2065 376 EDlCTl
2106 319 2170 375 Vl
2213 318 2418 374 ΡΑΡΑΞ.

3602 324 3736 380 1084

404 439 773 511 praesentibus
801 440 1012 497 scilicet
1043 451 1098 498 et
1125 443 1339 509 futuris,
1372 452 1693 515 perpetuam
1751 444 2007 499 salutem.
2038 448 2084 515 Α
2115 444 2288 497 alieni
2337 447 2518 509 erunt,
2556 443 2764 498 dicente
2814 444 3037 498 Domino
3067 460 3080 497 :
3111 444 3215 511 Qui
3267 459 3357 500 eos
3385 446 3618 515 spernit,
3657 463 3735 501 me

477 532 631 599 Quia,
662 533 789 588 licet
817 532 1458 607 indigni,divin:etamen
1479 538 1820 613 dignationis
1843 537 2017 611 gratia

408 618 759 689 disponente,
790 622 934 678 beati
968 624 1110 677 Petri
1144 627 1517 695 apostolorum
1542 627 1808 697 principis
1836 642 2019 681 sacra-

408 707 671 763 tissimam
704 710 915 777 sedem,
950 712 1375 785 universaleque
1431 714 1485 768 in
1520 722 1634 770 toto
1665 715 1801 769 orbe
1834 716 2014 788 magi-

406 803 632 859 sterium
660 806 1027 878 suscepimus,
1076 824 1299 865 necesse
1342 818 1425 864 est
1462 811 1709 865 omnium
1744 811 2016 865 Ecclesia-

408 912 548 964 rum,
581 906 639 953 ut
685 899 1162 971 diligentissimam
1214 903 1647 958 sollicitudinem
1698 902 1773 958 ita
1831 903 2015 959 conti-

406 992 602 1041 nenter
704 988 1020 1055 habeamus,
1115 1006 1184 1046 ne
1267 1008 1456 1046 earum
1509 992 1636 1061 jura
1694 993 2018 1047 auctoritate

404 1074 651 1142 ejusdem
684 1076 1058 1146 apostolorum
1093 1079 1381 1151 principis,
1422 1089 1860 1153 caaterorumque
1891 1097 2017 1136 suc-

405 1179 684 1220 cessorum
745 1167 866 1235 ejus
916 1170 1313 1225 venerabilium
1369 1171 1588 1229 Patrum
1620 1172 2018 1227 inviolabiliter

405 1263 624 1323 statuta,
654 1265 708 1313 et
736 1261 1077 1328 confirmata,
1112 1270 1298 1319 nostro
1326 1265 1647 1319 minuantur
1692 1281 1755 1320 ac
1793 1272 2018 1335 pereant

406 1356 685 1421 tempore;
710 1354 805 1407 sed
840 1355 1019 1425 potius
1048 1357 1403 1413 corroborata
1424 1358 1685 1414 decenter
1715 1366 2018 1433 augeantur

406 1448 569 1512 atque
601 1443 905 1512 proficiant.
955 1447 1082 1501 ldco
1105 1458 1338 1502 vestram
1409 1465 1572 1504 nosse
1606 1452 1859 1505 volumus
1888 1467 2019 1505 san-

402 1528 643 1583 ctitatem
676 1534 842 1603 quod,
873 1534 1584 1595 Theodericodilectissimo
1637 1539 1801 1594 fratre
1829 1548 2018 1597 nostro

400 1620 752 1677 Treverensis
811 1626 1062 1682 Ecclesia:
1130 1630 1544 1701 archiepiscopo
1612 1631 1833 1686 Romam
1876 1633 2012 1687 diri-

2115 537 2318 605 spernit
2348 535 2507 605 (Luc.
2550 552 2603 601 x,
2635 536 2740 604 16.)
2802 535 2947 590 Inter
2973 538 3093 593 haec
3123 551 3350 608 quoque
3378 537 3732 611 omnia,qua:

2117 625 2186 679 ad
2241 623 2608 695 supradictam
2679 624 3072 681 Treverensem
3123 621 3422 682 Ecclesiam
3478 627 3624 682 intra
3681 635 3735 682 et

2117 723 2266 771 extra
2284 716 2557 771 civitatem
2607 715 2883 786 pertinere
2918 715 3209 783 videntur,
3266 715 3318 770 id
3348 723 3432 772 est
3462 716 3738 772 Ecclesias

2116 825 2241 863 cum
2273 808 2545 863 universis
2576 808 2739 863 rebus
2790 808 2898 863 sibi
2955 809 3341 876 attinentibus,
3386 825 3484 863 seu
3540 825 3739 864 mona-

2116 898 2283 952 steria
2324 906 2432 951 tam
2474 896 2870 952 monachorum
2914 912 3080 968 quam
3138 898 3437 969 virginum,
3504 914 3630 969 qua:
3670 915 3736 953 ex

2119 989 2429 1059 praeceptis,
2475 989 2589 1042 sive
2617 987 2839 1058 scriptis
2895 1003 3107 1061 regum,
3150 1003 3249 1043 seu
3301 989 3732 1059 imperatorum,

2116 1082 2231 1136 sive
2285 1081 2604 1135 eorumdem
2653 1079 3001 1135 fundatorum
3033 1079 3359 1135 auctoritate
3380 1080 3449 1134 ad
3470 1096 3531 1136 se
3559 1080 3738 1152 perti-

2118 1179 2251 1228 nent
2279 1180 2334 1227 et
2360 1174 2632 1243 pertinere
2688 1171 2915 1238 debent,
2959 1179 3014 1226 et
3044 1170 3319 1243 quidquid
3369 1171 3598 1226 omnino
3644 1170 3738 1227 illa

2119 1265 2236 1336 ipsa
2276 1264 2513 1319 Ecclesia
2544 1263 2770 1335 ubique,
2799 1270 2853 1318 et
2880 1278 3104 1335 quoquo
3144 1262 3345 1317 merito
3374 1260 3627 1333 possidet
3684 1268 3740 1317 et

2119 1354 2452 1425 coepiscOpo
2484 1360 2692 1416 nostro,
2722 1354 2949 1425 suisque
2977 1352 3389 1408 successoribus
3426 1353 3494 1408 ad
3528 1369 3740 1425 perpe-

2121 1454 2269 1502 tuam
2308 1452 2508 1499 sanctae
2563 1444 2918 1499 Treverensis
2983 1444 3240 1499 Ecclesiae
3298 1443 3740 1499 dominationem

2120 1550 2286 1611 atque
2317 1540 2604 1603 ditionem,
2639 1555 2738 1609 per
2767 1539 2930 1606 hujus
2997 1546 3196 1593 nostra:
3237 1536 3557 1608 apostolica
3586 1536 3745 1592 sedis

2116 1627 2501 1700 praeceptionis
2546 1627 2768 1694 seriem,
2823 1627 2926 1681 hac
2958 1626 3265 1697 praesentit
3318 1623 3648 1687 indictione.
3687 1630 3745 1680 et

404 1725 567 1784 gente
596 1717 932 1792 legatarium,
965 1723 1032 1777 ad
1076 1731 1390 1779 sanctorum
1414 1728 1787 1796 apostolorum
1817 1727 2012 1781 limina
2041 1753 2090 1823 Β
2115 1736 2293 1793 usque
2321 1720 2376 1774 in
2425 1719 2591 1773 ﬁnem
2631 1718 2817 1773 saeculi
2865 1719 3177 1774 valituram.
3230 1717 3428 1773 Contra
3485 1733 3653 1788 quam
3689 1716 3741 1772 si

404 1807 735 1877 audivimus,
762 1812 904 1868 sicut
950 1815 1113 1870 etiam
1170 1817 1379 1887 pridem
1435 1818 1737 1885 audiendo,
1795 1820 1903 1875 imo
1962 1827 2016 1874 et

408 1898 643 1972 legendo
672 1911 1010 1973 compertum
1061 1906 1374 1975 habuimus,
1418 1910 1670 1964 eamdem
1705 1910 1876 1980 ipsam
1906 1926 2016 1980 prie

406 1995 619 2049 caeteris
690 1997 983 2054 Galliarum
1057 2001 1315 2057 Ecclesiis
1379 2004 1660 2060 catholicae
1733 2004 2019 2078 religionis

408 2090 716 2157 exordium,
757 2103 810 2148 et
842 2094 1132 2152 Chistianae
1156 2098 1440 2170 religionis
1471 2100 1863 2172 catholicteque
1890 2100 2016 2155 fidei

410 2179 719 2234 rudimenta
757 2183 932 2252 prima
958 2188 1266 2257 percepisse
1296 2205 1391 2259 per
1435 2197 1745 2245 sanctorum
1777 2192 2017 2247 virorum

405 2269 922 2341 Eucharii,Valerii,
964 2277 1212 2345 Materni,
1268 2286 1321 2333 et
1350 2288 1674 2335 ca:terorum
1729 2284 2016 2357 evangeli-

406 2376 524 2415 cam
557 2362 882 2431 doctrinam,
905 2382 1046 2437 quos
1085 2377 1333 2440 tempore
1356 2386 1455 2425 suo
1488 2372 1780 2441 prredietus
1812 2372 2020 2427 beatis-

405 2452 578 2508 simus
606 2454 796 2509 Petrus
834 2459 1116 2527 apostolus
1162 2461 1438 2516 ordinavit
1483 2470 1538 2516 et
1588 2464 1863 2531 instruxit,
1918 2482 2021 2521 nec

406 2552 517 2592 non
540 2538 665 2594 illuc
713 2544 779 2596 ad
825 2546 1233 2615 praedicandum
1282 2550 1495 2605 direxit.
1534 2550 1686 2606 Unde
1735 2553 1903 2607 totius
1927 2569 2021 2608 oro

410 2629 556 2684 dinis
579 2640 781 2689 nostrae
811 2637 960 2691 sedis
992 2640 1305 2709 apostolicae
1353 2644 1629 2709 consultu,
1672 2644 2020 2717 gratuitoque

408 2738 635 2780 assensu
680 2726 804 2797 jura
861 2730 1295 2805 privilegiorum,
1349 2750 1471 2806 qum
1503 2751 1537 2788 a
1569 2743 1755 2791 sancta
1780 2736 2023 2791 Romana

409 2818 580 2866 matre
612 2814 852 2871 Ecclesia
878 2818 1116 2888 praefatis
1174 2825 1399 2889 sanctis,
1454 2838 1755 2895 eorumque
1792 2825 2021 2895 reliquis

398 2907 841 2970 successoribus,
898 2910 950 2963 id
1007 2920 1090 2965 est
1136 2914 1366 2986 Agritio,
1408 2915 1721 2979 Maximino,
1765 2916 2019 2985 Paulino,

408 2990 633 3058 Severo,
688 2995 940 3051 almiﬁcis
978 3008 1033 3053 et
1087 3001 1407 3070 apostolicis
1464 3001 1614 3069 viris,
1656 3018 1686 3057 a
1719 3004 2021 3074 primordio

2116 1815 2241 1887 quis
2265 1828 2427 1888 agere
2452 1811 2879 1883 praesumpserit,
2909 1818 2963 1865 et
3015 1810 3165 1881 quod
3190 1810 3339 1879 juste
3368 1817 3424 1865 et
3463 1810 3743 1866 canonice

2118 1924 2150 1961 a
2180 1906 2343 1962 nobis
2368 1905 2647 1960 decretum
2678 1910 2763 1959 est
2795 1903 2849 1957 in
2872 1902 3058 1973 aliquo
3090 1901 3394 1974 infringere
3421 1902 3740 1966 tentaverit,

2118 1996 2254 2051 sciat
2310 1993 2388 2056 se?
2426 2010 2491 2048 ex
2531 1992 2957 2063 Omnipotentis,
3014 1997 3068 2045 et
3120 1990 3370 2061 praedicti
3422 1990 3743 2045 beatissimi

2120 2089 2491 2161 apostolorum
2550 2086 2816 2157 principis
2872 2085 3236 2155 omniumque
3293 2091 3632 2149 sanctorum,
3675 2098 3745 2138 ac

2120 2184 2327 2239 deinde
2357 2192 2541 2238 nostra
2569 2180 2889 2236 auctoritate
2919 2178 3301 2233 damnandum
3334 2183 3389 2233 et
3415 2178 3748 2232 anathema-

2121 2276 2425 2341 tizandum,
2458 2290 2579 2329 cum
2628 2271 2888 2327 omnibus
2941 2270 3127 2342 impiis
3173 2269 3395 2325 aeternis
3449 2269 3746 2340 suppliciis

2120 2363 2521 2434 deputandum.
2581 2362 2680 2425 Qui
2738 2376 2870 2417 vero
2922 2361 3028 2416 hoc
3083 2359 3434 2434 privilegium
3491 2364 3743 2413 nostrum

2120 2459 2414 2515 observare
2465 2453 2699 2509 fideliter
2739 2453 3010 2520 statuerit,
3068 2451 3479 2507 benedictionis
3507 2449 3742 2523 gratiam

2121 2556 2175 2604 et
2205 2545 2599 2602 misericordiae
2655 2542 3055 2614 plenitudinem
3090 2541 3148 2595 in
3188 2539 3510 2596 ccelestibus
3540 2539 3739 2595 castris

2123 2643 2263 2698 inter
2291 2640 2589 2695 electorum
2622 2651 2911 2691 numerum
2964 2632 3264 2689 efﬁcaciter
3302 2649 3333 2687 a
3355 2631 3589 2687 Domino
3619 2629 3737 2686 Deo

2125 2731 2393 2804 consequi
2422 2738 2717 2785 mereatur.

2189 2829 2459 2900 Scriptum
2493 2842 2591 2897 per
2614 2840 2836 2879 manum
2892 2821 3155 2894 Stephani
3205 2819 3423 2886 notarii,
3456 2817 3740 2875 scriniarii

2121 2930 2323 2976 sanctae
2353 2918 2504 2974 sedis
2539 2914 2873 2987 apostolica,
2931 2914 2987 2969 in
3019 2928 3209 2969 mense
3264 2909 3527 2967 Januario
3586 2908 3742 2963 indi-

2122 3012 2364 3068 cﬁonet.

405 3095 580 3181 usque
612 3098 760 3185 nunc
786 3086 1104 3186 authentice
1134 3104 1396 3145 concessa
1421 3098 1565 3159 sunt,
1598 3108 1833 3164 quaeque
1856 3095 2018 3149 etiam
2043 3126 2093 3195 Ο
2192 3123 2323 3176 Data
2349 3137 2400 3175 γι
2430 3118 2544 3174 καί.
2587 3115 2869 3173 Februarii
2926 3130 3024 3187 per
3061 3130 3283 3170 manum
3332 3112 3588 3168 Widonis
3615 3112 3745 3183 cpi-

406 3170 582 3242 ipsius
611 3174 846 3231 civitatis
877 3180 1113 3246 excidio,
1157 3182 1417 3238 incendio
1445 3183 1697 3254 aliquove
1728 3201 1857 3240 casu
1886 3202 2019 3242 con-

407 3272 628 3335 sumpta
668 3269 1060 3338 approbantur,
1131 3272 1314 3328 eidem
1388 3273 1706 3331 Treverensi
1768 3278 2023 3333 Ecclesia

406 3356 779 3430 prmdictoque
827 3360 977 3416 fratri
1037 3372 1225 3421 nostro
1279 3366 1641 3434 Theoderico,
1692 3377 1746 3424 et
1765 3386 1863 3441 per
1890 3385 2015 3426 eum

403 3453 618 3507 cunctis
667 3458 1076 3514 successoribus
1137 3460 1253 3515 suis
1298 3460 1708 3531 reconﬁrmare,
1767 3480 2018 3521 recorro—

405 3541 600 3600 borare
628 3555 683 3601 et
726 3549 877 3603 omni
909 3550 1073 3606 modo
1130 3552 1416 3609 restituere
1446 3554 1673 3627 dignum
1737 3556 2014 3621 duximus,

405 3630 791 3698 decernentes,
812 3644 943 3703 etc.,
979 3635 1404 3695 utTreverensis
1437 3643 1637 3712 praesul
1666 3653 1790 3714 post
1823 3660 2022 3715 quem-

407 3721 543 3778 libet
561 3725 903 3782 ordinarium
954 3728 1191 3803 legatum
1238 3732 1556 3803 apostolicae
1601 3735 1751 3789 sedis
1798 3735 1854 3789 in
1900 3736 2025 3791 Gal—
2119 3782 2125 3789 .

408 3812 560 3878 liam,
584 3814 1000 3873 Germaniamve
1020 3818 1377 3888 destinatum,
1408 3814 1646 3893 primum
1688 3823 1835 3877 inter
1886 3823 2024 3879 alios

407 3901 699 3972 pontiﬁces
743 3904 927 3961 locum
980 3908 1226 3963 obtineat
1290 3910 1351 3964 Et
1414 3910 1461 3964 si
1504 3911 1703 3965 missus
1758 3910 2016 3967 Romane

408 3990 663 4047 Ecclesiae
684 3994 941 4063 defuerit,
992 3996 1246 4051 similiter
1292 4004 1413 4068 post
1470 3999 1879 4069 imperatorem,
1902 3999 2019 4055 sive

410 4102 595 4161 regem
635 4092 890 4159 sedendi,
931 4093 1261 4148 sententiam
1306 4094 1583 4162 edicendi,
1637 4104 1691 4150 et
1755 4096 2019 4166 synodale

401 4178 674 4250 judicium
722 4180 988 4235 canonice
1039 4183 1424 4257 promulgandi
1470 4183 1764 4255 primatum
1798 4185 2015 4241 habeat.

407 4277 599 4341 utpote
624 4270 681 4324 in
711 4269 818 4324 illis
847 4270 1096 4342 partibus
1123 4272 1361 4327 vicarius
1387 4279 1589 4328 nostra;
1614 4273 1764 4328 sedis
1794 4282 2020 4344 aposto-

403 4363 526 4420 licae
548 4363 744 4419 merito
799 4364 1152 4420 constitutus.
1204 4364 1394 4437 Neque
1432 4366 1579 4421 enim
1611 4366 1840 4441 dignum
1861 4374 2018 4422 estut

405 4457 555 4513 illius
576 4457 834 4514 Ecclesia
901 4459 1104 4530 praesul
1151 4459 1338 4531 aliquo
1386 4466 1635 4531 tempore
1662 4461 1879 4517 caeteris
1906 4477 2018 4517 non

404 4550 671 4605 habeatur
701 4551 979 4621 prelatus,
1011 4552 1168 4621 cujus
1198 4551 1379 4607 honor
1404 4552 1459 4606 in
1490 4552 1599 4607 illis
1647 4553 1894 4624 partibus
1920 4554 2020 4608 sub

409 4643 532 4713 ipso
560 4642 937 4713 apostolorum
967 4644 1217 4715 principe
1248 4644 1462 4700 exstitit
1512 4644 1842 4715 primitivus.
1900 4644 2019 4699 Pari

408 4750 648 4807 namque
676 4735 841 4791 modo
906 4736 1204 4804 sancimus,
1263 4751 1460 4792 omnes
1511 4736 1568 4791 in
1596 4736 1874 4808 parochiis
1902 4736 2023 4805 ejus

408 4826 697 4901 degentes,
720 4827 836 4883 sive
867 4828 1275 4883 ordinationem
1308 4835 1361 4883 et
1411 4828 1811 4897 promotionem
1835 4827 2019 4896 cujus-

406 4918 920 4975 libetecclesiastici
951 4921 1154 4993 gradus
1202 4936 1233 4975 a
1288 4919 1553 4991 pontifice
1607 4917 1814 4991 ipsius]
1837 4919 2018 4989 perci-

406 5011 644 5081 pientes,
692 5013 874 5068 eidem
933 5013 1036 5085 ipsi
1084 5014 1297 5070 matrici
1352 5014 1611 5070 Ecclesia:
1641 5013 2017 5084 episcopoque

406 5106 552 5160 illius
570 5105 773 5160 debere
803 5106 1067 5161 canonice
1100 5106 1318 5177 placere
1363 5105 1621 5177 obsequi,
1654 5114 1709 5160 et
1732 5104 1856 5173 jure
1883 5105 2020 5160 obe-

409 5197 547 5252 dire.
582 5197 637 5252 Si
667 5196 893 5269 quidem
922 5199 1144 5255 decreto
1174 5200 1321 5255 beati
1343 5198 1641 5254 Clementis
1665 5213 1822 5269 papae
1853 5212 2023 5269 super

407 5289 511 5345 hoc
564 5290 638 5344 ita
684 5295 906 5344 cautum
984 5292 1203 5347 Videtur
1253 5293 1496 5361 (epistola
1560 5292 1614 5346 3.
1657 5290 1727 5344 ad
1758 5288 2016 5344 Ruﬁnum

401 5377 645 5449 (Toran.)
679 5395 692 5431 :
714 5378 777 5432 Si
796 5381 943 5436 vobis
972 5382 1210 5450 episcopi
1234 5396 1343 5436 non
1370 5381 1667 5445 obedirent,
1693 5394 1872 5434 omnes
1897 5394 2021 5449 pre-

405 5469 622 5536 sbyteri,
637 5470 875 5537 diaconi,
905 5472 1227 5527 subdiaconi
1256 5488 1319 5527 ac
1348 5474 1552 5542 reliqui
1588 5473 1771 5528 clerici
1818 5473 2017 5537 cuncti,

405 5569 688 5627 omnesque
710 5559 989 5629 principes
1032 5564 1144 5614 tam
1171 5561 1398 5630 majoris
1447 5563 1655 5618 ordinis
1684 5576 1848 5630 quam
1876 5561 2020 5628 infe-

403 5645 581 5710 rioris,
643 5645 812 5710 atque
867 5649 1069 5717 reliqui
1111 5650 1326 5718 populi,
1384 5651 1555 5705 tribus
1599 5654 1649 5704 et
1677 5649 1879 5715 lingua:
1915 5664 2021 5703 non

407 5726 912 5801 obtmperaverint,
954 5752 993 5791 a
1051 5736 1316 5791 limitibus
1370 5743 1569 5793 sancta:
1625 5736 1873 5792 Ecclesia
1931 5739 2022 5792 Dei

2124 3217 2276 3288 scopi
2304 3222 2359 3271 et
2376 3212 2779 3270 blbliothecarii
2801 3218 3005 3267 sancta:
3029 3210 3181 3266 sedis
3201 3208 3541 3281 apostolica,
3565 3223 3740 3274 anno,

2124 3319 2235 3374 Deo
2273 3317 2534 3389 prepitio,
2596 3312 2945 3386 pontificatus
2972 3312 3161 3367 domui
3194 3309 3477 3366 Benedicti
3506 3308 3743 3364 sanctis-

2123 3408 2246 3463 simi
2277 3405 2588 3477 summique
2631 3401 2929 3475 pontiﬁcis,
2981 3407 3036 3455 et
3073 3398 3406 3456 universalis
3472 3398 3537 3452 VI
3578 3414 3746 3470 papae

2116 3499 2317 3571 primo,
2349 3496 2568 3569 imperii
2635 3501 2816 3550 autem
2870 3492 3057 3550 domui
3123 3491 3335 3548 Ottouis
3377 3488 3604 3559 maioris
3634 3506 3740 3555 xu,

2125 3592 2356 3649 minoris
2386 3598 2568 3645 autem
2601 3606 2674 3643 vi.

2873 3740 2965 3795 111.

2120 3896 2433 3953 Benedictus
2468 3935 2482 3949 .
2529 3935 2555 3946 ..
2587 3935 2598 3947 .
2642 3931 2655 3943 .
2703 3931 2716 3944 .
2753 3888 2855 3960 [Vl]
2906 3902 3053 3957 papa
3094 3885 3249 3960 Petro
3289 3882 3746 3960 reverentissimo

2188 3968 2379 4022 abbati
2395 3964 2706 4020 monasterii
2733 3953 2922 4018 Sancti
2945 3953 3221 4012 Benedicti
3248 3959 3295 4008 et
3328 3955 3540 4008 Sanctce
3569 3953 3743 4007 Scho-

2192 4040 2417 4103 lasticar,
2459 4038 2759 4107 conﬁrmat
2784 4032 2965 4107 omnia
2990 4030 3152 4107 bona,
3211 4028 3353 4107 inter
3377 4040 3494 4107 qua?
3522 4023 3745 4107 domum

2190 4115 2240 4164 et
2266 4099 2761 4164 ecclesiam'Sancti
2819 4104 2933 4156 Viti
2985 4103 3164 4155 Roma
3210 4099 3273 4150 in
3326 4099 3537 4162 regione
3564 4110 3661 4159 vu,
3692 4099 3748 4147 et

2190 4181 2579 4235 monasterium
2599 4176 2786 4232 Sancti
2813 4173 3056 4237 Erasmi,
3087 4173 3138 4223 et
3165 4169 3555 4223 monasterium
3585 4166 3743 4221 San-

2191 4257 2400 4306 ctorum
2435 4252 2630 4306 Cosme:
2657 4251 2707 4301 et
2736 4244 3014 4307 Damiani,
3054 4256 3174 4295 cum
3201 4241 3339 4294 casis
3363 4241 3414 4291 et
3438 4241 3585 4290 curte
3614 4252 3743 4289 ma—

2184 4323 2301 4392 jori
2327 4327 2378 4376 et
2402 4322 2621 4374 ecclesia
2642 4319 2797 4383 infra
2826 4330 2909 4392 se1
2946 4327 3064 4392 qua
3103 4315 3181 4392 est
3236 4312 3297 4363 in
3326 4309 3531 4392 honore
3560 4310 3749 4392 sancti

2191 4378 2462 4449 Benedicti
2516 4395 2567 4444 et
2619 4378 2819 4461 sancta
2872 4378 3432 4461 Scliolqiicgnquod
3470 4379 3611 4461 fuit

2188 4467 2394 4520 Joanne
2423 4462 2721 4533 presbitero
2751 4458 2904 4533 duce
2930 4455 3141 4533 castelli
3183 4452 3529 4533 Albanensis,
3558 4452 3752 4533 posita

2194 4538 2370 4592 Romae
2394 4522 2607 4601 Fegione
2661 4531 2844 4593 tertia,
2883 4529 2946 4582 in
2988 4527 3098 4581 loco
3147 4526 3245 4594 qui
3297 4522 3503 4575 dicitur
3559 4522 3754 4576 Massa

2194 4608 2437 4662 Iuliana.
3132 4668 3135 4673 η

2762 4725 2942 4797 (Λιιηο
2981 4719 3128 4790 973.)

2443 4846 2764 4917 [Munuony
2793 4840 2988 4908 Antiq.
3020 4835 3144 4893 Ital.
3177 4833 3243 4899 V,
3272 4832 3421 4903 774.]

2192 5041 2205 5055 .
2250 5040 2264 5054 .
2310 5038 2323 5051 .
2355 4994 2628 5065 Scriptum
2674 5005 2771 5062 per
2825 5000 3046 5042 manum
3104 4977 3389 5038 Benedicti
3455 4976 3746 5034 scriniarii

2118 5096 2323 5147 sanctae
2346 5100 2573 5142 summae
2596 5088 2650 5138 et
2697 5078 3016 5154 apostolicae
3069 5073 3239 5140 sedis,
3268 5085 3459 5126 mense
3501 5068 3749 5124 Novem-

2122 5182 2267 5248 brio,
2306 5177 2609 5234 indictione
2653 5192 2709 5229 ιι.
2773 5173 2920 5227 Bene
2963 5167 3170 5223 Valete.
3213 5165 3347 5219 Data
3383 5177 3434 5214 vr
3468 5158 3759 5216 Kalendas

2122 5275 2437 5334 Decembris
2466 5288 2565 5344 per
2588 5283 2813 5325 manum
2842 5262 3072 5322 Joannis
3101 5263 3213 5317 Deo
3244 5254 3500 5313 amabilis
3542 5253 3758 5344 primi-

2121 5368 2254 5426 cerii
2284 5343 2511 5423 summae
2561 5357 2877 5431 apostolicae
2925 5352 3099 5419 sedis,
3129 5363 3296 5415 anno,
3347 5346 3460 5400 Deo
3488 5343 3747 5415 propitio

2122 5454 2478 5531 pontiﬁcatus
2516 5446 2707 5506 domui
2762 5440 3046 5500 Benedicti
3089 5435 3290 5531 summi
3320 5431 3757 5531 praisulissexti

2123 5520 2282 5621 papa:
2314 5546 2373 5600 in
2403 5539 2774 5599 sacratissima
2810 5534 2945 5591 sede
2980 5530 3126 5586 beati
3190 5525 3335 5621 Betri
3366 5520 3609 5595 apostoli
3637 5522 3760 5593 pri-

2124 5617 2242 5706 mo,
2311 5638 2617 5707 imperante
2664 5630 2870 5685 domno
2928 5624 3125 5681 Ottone
3177 5617 3409 5691 pissimo
3473 5620 3761 5684 perpetuo

2121 5734 2364 5806 Augusto
2390 5745 2424 5784 a
2452 5728 2563 5784 Deo
2581 5727 2841 5782 coronato
2873 5715 3102 5792 paciﬁco
3133 5712 3492 5793 imperatore.
