3996 6232
368 393 487 463 198

1385 388 1723 455 ATTONIS
1771 378 2354 453 VERCELLENSIS
2398 386 2750 453 EPISCOPI

3664 392 3779 457 196

371 550 487 590 non
518 534 755 589 invenio.
790 529 1123 586 Notandum
1153 527 1292 599 quia
1338 543 1454 583 non
1493 527 1592 593 ait,
1647 525 1854 589 facere,
1912 523 2014 579 sed
2046 526 2097 590 Α
2132 526 2317 579 autem
2346 525 2593 579 scientiae
2623 523 2751 579 boni
2776 529 2827 580 et
2854 524 2993 580 mali
3017 541 3127 581 non
3174 525 3475 582 comedent
3522 525 3678 599 (Gen.
3714 546 3779 597 ιι,

375 623 650 695 perﬁcere
678 619 845 692 quasi
876 619 1096 673 diceret
1126 633 1139 672 :
1176 616 1404 687 adjacet
1435 614 1599 686 velle,
1653 614 1710 669 id
1743 611 2012 681 est,nolle

2124 612 2211 682 16,
2250 614 2339 683 17)
2373 630 2385 677 ;
2420 619 2563 668 tunc
2599 614 2754 668 enim
2786 614 2959 679 cmpit
2987 631 3117 669 esse
3146 614 3257 670 iste
3298 614 3627 672 conflictus.
3661 617 3783 673 Cur

372 710 812 781 concupiscere;
831 707 1059 778 adjacet
1088 705 1293 772 facere,
1318 705 1377 759 id
1408 701 2014 774 est,concupiscentiis
2122 705 2319 756 autem
2348 701 2450 756 illa
2480 701 2653 769 mala,
2696 703 2751 756 id
2783 708 2893 769 est,
2924 704 3325 759 membrorum
3346 708 3403 760 et
3437 706 3660 778 peccati
3687 706 3783 763 lex

368 797 770 863 resistere,sed
793 812 905 851 non
940 795 1165 864 adjacet
1196 793 1554 865 perﬁcere,id
1583 796 1691 857 est,
1717 792 1845 845 sine
1874 806 2010 845 con-

376 886 756 959 cupiscentiis
776 900 922 940 esse.
955 883 1069 939 Cur
1103 898 1239 954 ergo
1270 881 1378 936 hoc
1411 882 1756 936 mandatum
1788 882 1879 934 est
1906 879 2010 933 da-

370 981 531 1044 tum,
566 975 615 1031 ei
646 974 843 1047 perﬁci
873 988 989 1027 non
1016 971 1260 1044 potest?
1290 971 1455 1040 Quia,
1489 969 1597 1025 etsi
1629 969 1689 1023 in
1746 967 1867 1022 hac-
1893 967 2011 1021 vita

374 1064 505 1120 sine
535 1060 1005 1135 concupiscentia
1026 1060 1217 1115 vivere
1237 1075 1352 1114 non
1376 1072 1713 1130 possumus:
1733 1056 2010 1125 Quoniam

360 1166 555 1223 corpus
579 1150 725 1222 quod
745 1150 1140 1220 corrumpitur,
1172 1150 1440 1219 aggravat
1470 1148 1796 1213 animam,et
1820 1144 2006 1215 depri-

355 1242 461 1296 mit
506 1244 725 1295 terrena
779 1236 1107 1293 inhabitatio
1161 1253 1379 1292 sensum
1447 1236 1625 1290 multa
1682 1235 2008 1304 cogitantem

356 1330 509 1401 (ϐαρ.
544 1344 621 1391 1x,
656 1327 765 1398 14),
794 1325 1134 1398 perficietur
1159 1328 1357 1381 tamen
1390 1325 1448 1379 in
1482 1326 1703 1388 futuro,
1735 1337 1871 1377 cum
1902 1321 2006 1377 eri-

357 1432 490 1472 mus
522 1416 637 1472 Deo
671 1420 728 1470 et
758 1413 980 1487 angelis
1026 1413 1261 1469 sociati.
1323 1412 1393 1468 Ut
1422 1417 1618 1467 autem
1676 1410 2008 1466 ostenderet

362 1505 657 1577 quomodo
717 1505 990 1575 perlicere
1047 1519 1160 1557 non
1220 1501 1526 1561 inveniret.
1586 1500 1855 1570 adjecit:
1891 1500 2007 1553 Non

358 1596 509 1650 enim
539 1592 678 1665 quod
708 1592 825 1647 volo
843 1592 1062 1656 bonum,
1094 1592 1193 1646 hoc
1221 1605 1321 1659 ago
1349 1589 1443 1644 sed
1473 1589 1612 1660 quod
1641 1588 1767 1642 nolo
1794 1587 2006 1641 malum

361 1684 459 1738 hoc
482 1680 951 1753 facio.Sed,quod
976 1684 1065 1735 est
1094 1678 1315 1734 malum
1348 1678 1501 1749 quod
1535 1677 1739 1732 nolens
1760 1675 2007 1747 agebat?

355 1771 799 1843 Concupiscere.
832 1770 997 1824 Sicut
1026 1774 1084 1825 et
1115 1770 1356 1834 bonum,
1391 1767 1548 1839 quod
1575 1763 1776 1821 volens
1830 1779 2003 1835 agere

2121 790 2336 845 dicitur
2361 790 2389 845 ?
2419 790 2565 854 Quia
2593 790 2850 863 legitime
2881 792 3098 847 factum
3144 797 3233 848 est
3262 798 3347 859 ut,
3408 792 3635 850 homini
3671 795 3779 867 qui

2121 877 2309 933 noluit
2337 880 2572 935 obedire
2605 880 2718 934 Deo
2742 896 2991 945 suo,non
3022 881 3284 936 obediret
3318 897 3450 937 caro
3473 882 3782 954 ipsius.Ex

2121 983 2289 1037 poena
2321 968 2536 1039 quippe
2570 967 2787 1038 peccati
2816 968 3212 1024 descendit.Et
3240 974 3331 1024 est
3358 986 3570 1026 sensus
3595 987 3609 1025 :
3633 969 3779 1027 Con-

2117 1054 2352 1111 dclector
2380 1071 2529 1112 enim
2560 1056 2670 1127 legi
2693 1058 2790 1111 Dei
2816 1056 3112 1112 secundum
3141 1058 3467 1114 interiorem
3498 1048 3783 1117 hominem

2117 1144 2265 1216 (251)
2294 1144 2671 1200 Condelector
2697 1144 2808 1216 legi
2843 1145 2938 1199 Dei
2971 1147 3297 1201 secundum
3349 1145 3674 1217 hominem,
3711 1149 3777 1206 id

2115 1236 2224 1300 est,
2258 1234 2391 1289 nolo
2419 1233 2846 1305 concupiscere.
2885 1235 3040 1290 Video
3071 1243 3255 1290 autem
3283 1234 3465 1291 aliam
3504 1237 3680 1307 legem
3710 1239 3778 1294 in

2114 1323 2379 1379 membris
2407 1325 2562 1390 meis,
2596 1332 2991 1392 repugnaan
3021 1325 3130 1395 legi
3176 1328 3374 1380 mentis
3401 1341 3561 1392 meae,
3594 1330 3647 1382 et
3675 1343 3780 1384 ca-

2109 1412 2410 1480 ptivantem
2466 1428 2555 1466 me
2582 1413 2642 1466 in
2683 1413 2798 1482 lege
2824 1413 3047 1483 peccati,
3080 1428 3207 1484 quae
3252 1417 3329 1469 est
3386 1415 3446 1469 in
3498 1416 3775 1473 membris

2112 1503 2266 1567 meis,
2299 1499 2356 1553 id
2389 1504 2497 1564 est,
2529 1505 2741 1556 coactus
2762 1502 2909 1572 (252)
2940 1504 3310 1573 concupisco.
3351 1501 3761 1576 Captivantem

2114 1587 2275 1657 dicit,
2309 1589 2602 1658 captivare
2634 1588 2948 1655 volentem,
2982 1590 3067 1645 vel
3101 1595 3253 1646 certe
3301 1590 3372 1646 ad
3420 1593 3770 1650 exteriorem

2112 1676 2410 1730 hominem
2445 1678 2711 1744 refertur,
2740 1678 2839 1749 qui
2873 1677 3132 1749 quotidie
3156 1682 3575 1752 corrumpitur.
3609 1686 3674 1737 In
3697 1698 3770 1738 eo

2113 1779 2252 1820 sane
2284 1766 2438 1837 quod
2470 1766 2644 1821 homo
2677 1767 3000 1822 secundum
3061 1768 3397 1825 interiorem
3458 1769 3769 1828 hominem

354 1877 468 1917 non
501 1863 840 1932 poterat.est
868 1859 995 1913 sine
1024 1855 1497 1928 concupiscentia
1526 1853 1844 1909 esse.Unde
1866 1852 1999 1907 bea-
2032 1898 2080 1963 Β
2111 1852 2221 1924 legi
2257 1853 2357 1910 Dei
2389 1853 2841 1925 condelectatur,
2868 1872 3083 1928 magna
3113 1856 3211 1912 Dei
3244 1856 3544 1914 miseratio
3567 1864 3772 1917 osten-
3816 1918 3826 1929 ,

356 1955 365 1963 .
485 1956 498 1963 -
680 1947 717 1963 ιι
916 1949 953 1963 Λ
1058 1947 1073 1963 ι
1164 1945 1229 1963 111
1264 1943 1473 1963 ,,A-I_,‘A
1532 1943 1637 1963 ι--
1675 1958 1776 1963 -..-
1811 1942 1863 1963 2-1
1894 1945 1975 1963 -AL
2115 1941 2267 1963 j2n--~
2301 1959 2312 1963 -
2354 1944 2595 1963 -_s-_2-__
2635 1944 2773 1963 ,μξῄλ
2816 1943 2981 1963 ιᾼ-,-
3034 1944 3180 1963 _,,-.!
3207 1945 3277 1963 194
3336 1962 3341 1963 ,
3603 1949 3642 1963 ι.

351 1955 450 2005 tus
470 1947 839 2020 Augustinus
868 1965 882 2003 :
913 1947 1076 2013 Quod
1109 1945 1240 2001 nolo
1260 1943 1503 2011 malum,
1532 1943 1641 1997 hoc
1673 1942 1866 2014 ago,id
1888 1945 1999 2008 est,

352 2037 698 2110 concupisco
730 2061 745 2104 ;
778 2037 880 2092 sed
918 2052 1031 2092 non
1062 2036 1285 2103 vincor,
1320 2034 1462 2105 quia
1492 2031 1660 2087 male:
1691 2031 1998 2102 concupis-

350 2125 444 2180 tiaa
474 2142 589 2181 non
616 2126 891 2181 assentio.
927 2126 1083 2181 Idem
1132 2140 1264 2181 vero
1321 2124 1383 2178 B:
1422 2121 1783 2194 Augustinus
1835 2119 1996 2187 dicit,

355 2214 495 2286 quia
526 2213 747 2269 malum
779 2214 935 2285 quod
966 2229 1138 2285 agere
1196 2210 1431 2267 nolebat
1477 2218 1534 2265 et
1562 2210 1788 2282 agebat,
1818 2206 1998 2262 libido

353 2303 587 2359 erat.Do
619 2319 734 2374 quo
765 2302 920 2357 malo
942 2302 1080 2356 alibi
1102 2301 1249 2355 dicit
1282 2317 1294 2354 :
1329 2301 1502 2355 Datus
1530 2307 1606 2354 est
1635 2298 1773 2352 mihi
1801 2298 1998 2352 stimu-

350 2394 436 2447 lus
464 2394 651 2447 carnis
678 2405 838 2459 meae,
891 2390 1123 2460 angelus
1160 2390 1403 2455 Satanae,
1435 2390 1532 2460 qui
1584 2402 1672 2441 me
1698 2386 2001 2456 colaphth

354 2481 431 2551 (Il
460 2481 581 2535 Cor.
610 2495 714 2545 χιι,
744 2480 822 2549 7).
861 2478 1189 2532 Libidinem
1221 2478 1437 2548 quippe
1468 2476 1593 2531 suis
1626 2475 1847 2529 viribus
1871 2474 1997 2529 vin-

351 2583 482 2624 cere
511 2566 891 2635 volebat;sed
924 2566 1062 2637 quia
1092 2581 1209 2621 non
1241 2565 1674 2636 potuit,idcirco
1709 2563 1997 2619 exclama-

346 2657 430 2713 vit
460 2673 474 2710 :
503 2670 617 2711 non
642 2658 795 2711 enim
821 2654 962 2726 quod
986 2655 1105 2710 volo
1137 2654 1356 2721 bonum,
1389 2659 1501 2709 etc.

423 2744 484 2800 Si
510 2748 696 2800 autem
723 2744 863 2815 quod
890 2746 1017 2799 nolo
1041 2742 1191 2797 illud
1216 2744 1358 2814 facio
1390 2743 1447 2797 id
1475 2746 1554 2797 est
1590 2749 1811 2796 coactus
1848 2740 1995 2811 (250)

348 2835 672 2905 concupisco
705 2853 719 2901 ς
735 2834 856 2904 jam
884 2848 997 2888 nan
1025 2847 1119 2901 ego
1159 2847 1352 2903 operor
1411 2831 1575 2885 illud.
1635 2830 1796 2894 Quod
1856 2828 1997 2883 dicit

340 2923 467 2994 jam
496 2922 767 2993 superius
796 2921 1201 2992 accipiendum
1232 2920 1415 2975 est.Et
1435 2918 1574 2990 quia
1606 2922 1827 2989 poterat
1856 2916 1991 2971 dici:

351 3012 487 3082 quis
517 3026 653 3082 ergo
684 3015 961 3083 operatur
984 3008 1333 3079 ?subjunxit
1366 3026 1378 3064 :
1412 3007 1673 3079 sed,quod
1702 3007 1914 3060 habitat
1934 3008 1995 3060 in

347 3114 455 3166 me,
483 3107 788 3172 peccatum,
819 3099 876 3154 id
904 3102 1014 3168 est,
1047 3099 1241 3153 carnis
1290 3097 1575 3168 fragilitas
1607 3121 1623 3163 ς
1656 3097 1807 3150 hanc
1835 3094 1992 3150 enim

348 3188 531 3245 voluit
560 3188 779 3261 peccati
810 3188 1047 3243 nomine
1075 3186 1393 3258 designari.

2109 1941 2269 1997 ditur
2300 1959 2314 2009 ;
2348 1944 2599 1998 exterior
2627 1944 2782 1999 enim
2816 1943 2991 1999 homo
3022 1944 3283 2015 quotidie
3320 1949 3768 2021 corrumpitur;

2109 2030 2352 2085 interior
2380 2047 2513 2086 vero
2542 2030 2738 2085 divina
2771 2031 3141 2088 miseratione
3176 2035 3497 2107 inepiratus
3527 2037 3773 2109 proﬁcit

2108 2124 2164 2171 ct
2195 2120 2509 2174 innovatur
2537 2120 2608 2174 de
2637 2119 2730 2174 die
2750 2120 2810 2175 in
2842 2120 3017 2177 diem.

2182 2208 2388 2277 Infelix
2417 2224 2515 2276 ego
2566 2208 2721 2263 homo
2754 2213 2772 2262 !
2802 2208 2948 2275 Quia
3004 2210 3229 2269 viderat
3283 2212 3597 2285 Apostolus
3653 2215 3765 2273 hoc

2108 2296 2323 2351 bellum
2353 2295 2465 2351 sibi
2494 2298 2703 2367 inesse,
2736 2313 3002 2369 quaerens
3031 2298 3585 2372 refugium,nullum
3616 2303 3674 2358 in
3697 2320 3767 2360 se

2107 2385 2359 2456 reperire
2392 2385 2580 2456 potuit
2613 2404 2626 2453 ;
2659 2385 2910 2458 ideoque
2965 2387 3316 2445 exclamavit
3347 2405 3360 2443 :
3393 2390 3601 2463 Infelix
3656 2409 3765 2464 ego

2106 2473 2308 2529 homo!
2340 2472 2634 2529 Infelicem
2665 2490 2726 2529 se
2752 2473 2913 2543 dicit,
2946 2480 3185 2548 propter
3213 2478 3405 2533 carnis
3466 2478 3753 2552 fragilita-

2105 2567 2245 2633 tem,
2278 2562 2335 2617 in
2368 2579 2486 2634 qua
2518 2578 2779 2633 manens,
2804 2563 2978 2619 etiam
3012 2564 3217 2622 nolens
3272 2566 3753 2639 concupiscebat.

2104 2652 2376 2715 Bed,cum
2399 2667 2602 2706 omnes
2624 2654 2970 2720 moriantur,
2986 2658 3107 2709 tam
3136 2655 3271 2710 boni
3291 2672 3469 2727 quam
3501 2661 3559 2712 et
3593 2657 3761 2726 mali,

2106 2739 2184 2811 pii
2207 2744 2265 2795 et
2294 2739 2642 2811 impii,quod
2670 2741 3313 2799 manifestatextremus
3335 2745 3461 2800 dies
3487 2744 3757 2816 illorum;

2103 2827 2243 2898 quid
2274 2827 2385 2882 sibi
2417 2827 2540 2881 vult
2568 2829 2722 2898 quod
2752 2828 3065 2900 Apostolus
3089 2830 3309 2886 subdit:
3347 2832 3480 2900 Quis
3510 2850 3597 2888 me
3618 2833 3766 2889 Iibe-

2102 2916 2249 2971 rabit
2291 2915 2357 2971 de
2411 2931 2637 2982 corpore
2689 2919 2879 2972 mortis
2931 2918 3149 2989 hujus?
3180 2920 3245 2975 Et
3298 2919 3407 2975 hoc
3474 2938 3579 2992 pro
3620 2939 3749 2979 ma-

2102 3020 2217 3075 gno
2245 3006 2393 3075 (253)
2424 3005 2622 3075 gratia:
2655 3005 2749 3060 Dei
2786 3006 3005 3061 tribuit.
3051 3008 3160 3062 Sed
3222 3010 3544 3065 notandum
3606 3012 3756 3082 quia

2103 3110 2214 3149 non
2251 3091 2699 3160 ait'tantum,de
2726 3109 2945 3165 corpore
2980 3097 3177 3151 mortis
3230 3112 3431 3153 verum
3494 3098 3752 3169 addidit,

2100 3183 2281 3254 hujus.
2318 3182 2451 3237 Mali
2484 3183 2779 3253 enim,etsi
2812 3184 3129 3239 liberentur
3159 3186 3232 3241 de
3265 3202 3505 3259 corpore
3536 3189 3755 3246 mortis

427 3277 575 3345 Quid
604 3294 741 3333 vero
764 3282 854 3332 est
882 3277 1036 3348 quod
1070 3275 1385 3347 Apostolus
1417 3291 1571 3329 nunc
1603 3288 1665 3330 se
1694 3289 1809 3327 non
1852 3288 1983 3343 ope—
2016 3264 2059 3331 C
2097 3272 2294 3342 hujus,
2326 3277 2520 3327 tamen
2553 3277 2915 3327 revertentur
2942 3273 3014 3327 ad
3046 3288 3258 3346 corpus
3298 3277 3504 3331 mortis
3538 3275 3749 3349 hujus,

351 3366 489 3438 rari,
521 3382 679 3422 nunc
708 3380 772 3421 se
796 3365 1023 3438 operari
1053 3363 1216 3430 dicit,
1266 3362 1379 3418 nisi
1441 3362 1581 3434 quia
1636 3360 1988 3433 operabatur

347 3452 835 3527 concupiscentiis
861 3453 1186 3509 resistendo
1214 3452 1242 3507 ?
1271 3451 1631 3523 Operabatur
1680 3448 1989 3522 fragilitate

345 3559 461 3600 non
491 3545 841 3613 operabatur
879 3542 1179 3598 voluntate
1214 3558 1228 3609 ;
1258 3540 1610 3613 operabatur
1653 3555 1844 3605 carne,
1870 3555 1985 3593 non

343 3633 699 3704 operabatur
728 3637 940 3687 mente.

415 3721 638 3776 Invenio
665 3722 841 3787 igitur
870 3721 1062 3789 legem,
1092 3719 1297 3773 volenti
1325 3718 1468 3772 mihi
1521 3720 1707 3787 facere
1763 3716 1983 3779 bonum,

345 3811 612 3880 quoniam
637 3809 847 3863 malum
875 3806 1017 3862 mihi
1043 3807 1283 3878 adjacet.
1331 3805 1403 3860 Et
1429 3810 1519 3861 est
1548 3819 1759 3859 sensus
1791 3820 1803 3858 :
1840 3802 1983 3858 mihi

343 3894 561 3952 volenti
593 3896 780 3950 facere
810 3895 1052 3961 bonum,
1083 3892 1314 3948 invenio
1358 3892 1544 3964 legem
1600 3892 1840 3947 bonum.
1878 3896 1986 3944 Lex

343 3985 501 4041 enim
532 3984 756 4039 bonum
785 3987 894 4051 est,
926 3983 1067 4054 quia
1095 3982 1250 4037 bona
1277 3981 1569 4053 pradicat.
1613 3980 1725 4036 Sed
1755 3979 1862 4033 hoc
1893 3978 1987 4032 bo-

343 4090 487 4129 num
516 4072 664 4129 meis
691 4071 916 4129 viribus
944 4070 1188 4143 implere
1238 4086 1355 4127 non
1385 4086 1649 4145 possum,
1706 4067 1984 4139 quoniam

344 4163 568 4219 malum
605 4161 751 4217 mihi
798 4162 1043 4232 adjacet,
1074 4160 1134 4216 id
1164 4164 1274 4229 est,
1322 4159 1514 4216 carnis
1572 4156 1860 4230 fragilitas
1912 4156 1983 4210 ad

343 4252 558 4309 malam
606 4251 1149 4323 concupiscentiam
1198 4250 1374 4322 cogit.
1424 4250 1495 4304 Et
1548 4247 1690 4318 quia
1736 4246 1988 4301 obscura

341 4345 507 4397 erant
536 4356 669 4413 quae
697 4339 937 4407 dixerat,
950 4340 1120 4412 quasi
1151 4334 1786 4411 exponens,subjunxit
1817 4333 1987 4403 ;Con-

339 4430 575 4487 delector
595 4431 745 4486 enim
773 4432 882 4501 (egi
912 4431 1031 4495 Dei,
1064 4432 1175 4484 etc.
1207 4431 1273 4481 In
1309 4426 1527 4497 quibus
1556 4422 1748 4478 verbis
1778 4426 1986 4478 notan-

341 4520 483 4574 dum
512 4519 652 4590 quia
681 4524 934 4590 quatuor
964 4517 1161 4589 legum
1193 4514 1333 4570 facit
1388 4511 1705 4584 Apostolus
1737 4510 1985 4566 mentio-

343 4624 474 4663 nem
511 4625 525 4663 :
560 4608 681 4674 Dei,
715 4607 954 4675 mentis,
1016 4605 1235 4678 peccati
1294 4608 1353 4657 et
1408 4601 1827 4656 membrorum.
1892 4600 1984 4653 Hae
2016 4623 2065 4688 D

344 4701 539 4752 autem
567 4702 820 4767 quatuor
845 4696 975 4751 duce
1006 4697 1186 4759 sunt;
1220 4705 1357 4746 nam
1406 4688 1499 4744 lex
1551 4688 1643 4743 Dei
1678 4692 1734 4742 et
1775 4689 1988 4745 mentis

342 4801 463 4840 una
491 4789 581 4840 est
613 4802 627 4852 ;
660 4785 1059 4840 membrorum
1093 4785 1152 4836 et
1176 4777 1395 4851 peccati
1427 4774 1700 4831 similiter
1728 4792 1866 4831 una.

415 4873 525 4929 Sed
558 4873 794 4945 quando
824 4876 963 4927 orte
993 4873 1135 4925 sunt
1191 4867 1279 4921 hae
1332 4864 1489 4937 leges
1518 4862 1547 4917 ?
1572 4862 1818 4931 Scilicet,
1851 4880 1984 4919 cum

345 4962 572 5033 primus
606 4961 782 5017 homo
816 4961 877 5014 in
910 4957 1185 5030 paradiso
1214 4954 1402 5022 legem
1449 4952 1548 5007 Dei
1582 4956 1985 5025 transgressus

335 5054 424 5106 est
450 5068 464 5118 ;
508 5050 571 5107 Ut
598 5050 665 5105 de
693 5050 845 5105 omni
879 5046 1037 5116 ligno
1079 5041 1335 5115 paradisi
1363 5039 1660 5097 comederet
1687 5058 1709 5102 .'
1738 5042 1807 5097 de
1836 5042 1985 5113 ligno

406 5206 564 5281 (250)
592 5207 820 5281 Coactus
853 5203 1100 5281 fortasse
1131 5199 1443 5281 legendum
1470 5198 1676 5281 letiam
1720 5200 1780 5255 iu
1812 5219 1982 5274 supe-

340 5271 481 5337 riori
513 5271 672 5344 nota,
705 5275 806 5329 ubi
838 5274 910 5329 ad
941 5273 1100 5344 hunc
1129 5271 1399 5327 eumdem
1465 5275 1687 5327 textum
1719 5290 1834 5328 non
1864 5271 1985 5330 om-

340 5352 480 5406 nino
512 5343 667 5403 clare
688 5350 907 5399 vocatus
936 5343 1169 5415 legitur.

415 5419 655 5490 (251)1n
688 5420 883 5486 autog.
913 5412 1366 5490 quatuorverba
1419 5412 1544 5490 haec
1598 5419 1731 5490 post
1785 5420 1983 5472 notam

341 5485 432 5546 ita
454 5485 675 5557 scripta
703 5485 849 5540 sunt
872 5485 1299 5557 compendiose.
1331 5500 1381 5539 e.
1411 5485 1448 5540 ι.
1480 5485 1533 5540 d.
1565 5485 1613 5557 δέ
1643 5486 1697 5539 h.

414 5556 681 5631 (252)En
708 5556 922 5631 iterum
961 5556 1204 5631 repetita
1240 5557 1441 5631 eadem
1475 5556 1691 5631 _verb_a,
1724 5572 1828 5628 per
1856 5574 1983 5631 quin

340 5627 1521 5700 contirmaturintelligentia'expositionis
1544 5627 1811 5700 unius'ex
1830 5627 1983 5685 notis

335 5697 516 5788 paulo
548 5697 960 5775 superioribus
984 5700 1058 5759 ad
1079 5697 1253 5761 verba
1285 5707 1503 5759 vocatus
1532 5699 1803 5759 invenior.

2098 3360 2374 3431 quoniam
2389 3361 2599 3415 mortui
2618 3362 2686 3415 ad
2706 3360 3059 3433 supplicium
3083 3362 3464 3432 deducentur;
3484 3381 3749 3438 cumque

2097 3448 2540 3516 resurrexerint,
2579 3449 2687 3503 etsi
2733 3448 3090 3505 immortalia
3135 3467 3377 3523 corpora
3433 3454 3745 3526 recipient,

2096 3542 2295 3593 tamen
2327 3538 2889 3609 corruptibilia,cum
2920 3538 3135 3609 quibus
3166 3542 3293 3595 sine
3326 3542 3439 3597 fine
3471 3544 3743 3600 crucien-

2094 3634 2210 3683 tur.
2245 3625 2362 3681 Soli
2393 3642 2531 3698 ergo
2560 3626 2728 3681 electi
2759 3628 2830 3682 de
2858 3643 3096 3699 corpore
3127 3629 3331 3685 mortis
3380 3631 3564 3701 hujus
3596 3633 3748 3689 libe-

2096 3720 2320 3782 rantur,
2354 3716 2803 3786 quoniam,dum
2837 3717 3187 3788 moriuntur,
3212 3718 3283 3773 ab
3316 3718 3424 3773 hoc
3454 3721 3741 3777 conflictu

2095 3803 2343 3872 liberati,
2377 3805 2448 3859 ad
2479 3803 2758 3875 gaudium
2794 3808 3183 3875 transeunt,et
3215 3813 3746 3880 resurgentes,cor-

2097 3908 2237 3963 pora
2264 3891 2731 3964 incorruptibilia
2759 3897 2818 3948 et
2855 3892 3211 3950 immortalia
3268 3895 3575 3968 recipient,
3609 3915 3747 3955 cum

2095 3980 2311 4050 quibus
2334 3981 2461 4034 sine
2482 3980 2597 4035 llne
2623 3979 3099 4054 lmteuturJgitur
3122 3998 3303 4038 unum
3324 3984 3515 4040 solum
3540 3989 3746 4059 gratim

2096 4068 2194 4123 Dei
2227 4069 2373 4139 (254)
2404 4069 2695 4139 refugium
2727 4069 2963 4134 invenit,
2998 4071 3246 4143 ideoque
3277 4073 3748 4146 subjunxitzgra-

2095 4158 2173 4212 tia
2205 4158 2303 4212 Dei
2335 4199 2348 4224 ,
2378 4173 2445 4212 ac
2478 4157 2526 4211 si
2557 4157 2774 4213 diceret
2804 4174 2817 4213 :
2852 4158 2976 4214 Non
3010 4161 3156 4216 meis
3187 4162 3429 4231 viribus,
3457 4180 3576 4220 non
3614 4182 3746 4222 meo

2096 4251 2330 4311 conatu,
2361 4245 2462 4300 sed
2495 4245 2594 4301 Dei
2629 4247 3003 4303 miseratione
3033 4248 3344 4306 liberabor.
3378 4250 3445 4306 Et
3493 4252 3744 4323 pulchre

2096 4334 2401 4405 subjungit
2433 4350 2447 4389 :
2473 4348 2573 4405 per
2599 4338 2785 4390 Jesum
2811 4336 3093 4392 Christum
3138 4339 3436 4394 Dominum
3462 4345 3740 4411 nostrum,

2096 4420 2394 4493 quoniam,
2419 4422 2572 4477 sicut
2601 4438 2704 4494 per
2748 4439 2931 4480 unum
2978 4441 3156 4497 more,
3210 4427 3292 4483 ita
3322 4432 3380 4484 et
3410 4445 3515 4501 per
3546 4447 3738 4486 unum

2096 4511 2440 4565 resurrectio
2467 4516 2855 4580 mortuorum;
2890 4514 3043 4569 sicut
3061 4517 3217 4571 enim
3241 4516 3298 4571 in
3326 4517 3512 4573 Adam
3532 4534 3743 4575 omnes

2098 4599 2448 4669 moriuntur,
2475 4599 2555 4654 ita
2583 4600 2643 4654 in
2674 4600 2901 4658 Christo
2930 4618 3134 4660 omnes
3154 4603 3743 4680 viviﬁcabuntur.lgi-

2094 4691 2210 4755 tur,
2244 4689 2411 4759 quasi
2441 4688 2657 4744 diceret
2685 4687 2899 4761 aliquis
2931 4707 2944 4746 :
2971 4707 3100 4762 qua:
3130 4697 3219 4749 est
3246 4693 3367 4749 haec
3398 4710 3583 4761 mors,
3608 4699 3631 4765 (
3640 4713 3744 4769 pro

2096 4793 2214 4848 qua
2238 4781 2466 4832 tantum
2493 4794 2528 4832 a
2547 4793 2787 4849 corpore
2807 4778 3042 4836 liberari
3072 4782 3370 4838 desideras
3395 4785 3418 4838 Ρ
3446 4783 3745 4841 Continuo

2096 4864 2261 4920 addit
2291 4880 2304 4919 ;
2336 4865 2511 4934 Igitur
2538 4881 2633 4935 ego
2674 4868 2791 4937 ipse
2830 4872 3012 4924 mente
3062 4870 3234 4925 servio
3264 4871 3375 4942 legi
3398 4872 3519 4941 Dei,
3578 4889 3751 4929 carne

2095 4961 2293 5022 autem,
2329 4954 2437 5024 legi
2461 4956 2684 5025 peccati,
2718 4955 2841 5011 haec
2870 4963 2958 5013 est
2991 4960 3169 5030 mors)
3199 4960 3366 5032 (255).
3389 4962 3554 5026 Quod
3577 4963 3742 5030 dicit,

2093 5058 2187 5113 ego
2218 5042 2797 5117 ipse,intelligeudum
2829 5049 3050 5119 est,ego
3079 5052 3136 5102 et
3164 5064 3279 5103 non
3308 5047 3499 5106 alius:
3538 5052 3743 5122 praevi-

2134 5203 2311 5284 .(253)
2338 5202 2882 5284 Epitethonmagno
2910 5209 3210 5284 truncum_
3243 5223 3489 5263 sensum
3548 5209 3747 5266 sinere

2093 5273 2338 5351 videtur.
2375 5273 2449 5328 Ex
2478 5274 2570 5351 his
2601 5273 2780 5351 igitur
2807 5292 2933 5346 qua
2964 5282 3296 5351 sequuntur
3351 5295 3629 5351 arguere,
3657 5286 3749 5337 est

2094 5345 2429 5426 addendum
2462 5345 3137 5426 substantivumnonien
3165 5345 3747 5426 tjortasse'heneﬁcio,

2093 5415 2194 5497 vel
2215 5415 2408 5485 potius
2437 5418 2674 5497 refugio,
2700 5417 2872 5497 juxta
2900 5416 3152 5497 id_q_uod
3174 5419 3421 5497 inferius
3448 5415 3705 5497 habetur
3729 5415 3744 5479 Ξ

2094 5487 2905 5561 ἐθέρμζ-μγεωηιεοιαιηλρνᾳιίκ
2931 5487 3032 5544 Dei
3059 5491 3337 5561 refugium
3364 5494 3600 5550 invenit.

2347 5556 2555 5644 genter
2583 5558 2759 5644 verba
2787 5558 2910 5613 haec
2941 5576 3077 5642 cum
3108 5556 3247 5644 nota
3265 5563 3591 5644 superiori.

2166 5626 2472 5755 [(532.ch
2502 5629 2697 5697 verba,
2720 5629 2782 5685 in
2814 5630 3078 5704 margine
3110 5626 3372 5688 inferiori
3433 5638 3642 5710 autog.
3674 5635 3753 5694 le-

2095 5713 2337 5773 guntur.
