3978 6214
203 352 229 405 ’1
241 350 348 407 085

972 491 1055 546 IV.

201 576 483 631 Benedicti
507 576 569 631 Vl
604 578 956 648 privilegium
980 596 1080 649 pro
1110 584 1430 636 monasterio
1465 584 1816 639 Vizeliacensi

837 669 1010 736 (Anno
1045 671 1196 738 973.)

553 822 567 836 ο
605 759 930 828 [D‘Acuunu,
957 763 1145 830 Spictl.
1184 763 1248 823 ll,
1279 763 1384 816 504
1412 763 1426 833 ]

276 847 610 902 Βεκεῡιοτυε
680 851 976 922 episcopus
1011 894 1024 919 ,
1106 868 1294 906 servus
1346 870 1623 909 servorum
1676 856 1817 921 Dei,

200 935 459 990 ELDRADO
516 936 771 1010 religioso
829 939 1012 993 abbati
1065 941 1238 994 sancti
1297 942 1654 998 Vizeliacensi
1708 961 1821 998 ρω-

196 1027 354 1082 nobii
384 1027 646 1099 omnique
681 1031 1098 1103 congregationi
1131 1034 1375 1100 ejusdem
1410 1036 1727 1090 monasterii
1763 1038 1814 1090 in

197 1130 528 1192 perpetuum
541 1163 554 1176 .

272 1209 500 1274 Quoties
543 1210 631 1264 illa
664 1212 828 1265 tribui
857 1229 887 1265 a
930 1213 1088 1267 nobis
1126 1223 1402 1285 Optantur,
1455 1234 1577 1288 quae
1622 1218 1816 1273 rationi

197 1301 583 1356 incunctanter
622 1305 981 1370 conveniunt,
1029 1306 1215 1362 animo
1247 1323 1347 1362 nos
1402 1309 1570 1364 debet
1625 1310 1816 1366 libenti

195 1390 531 1456 concedere,
557 1399 612 1444 et
637 1393 939 1460 petentium
961 1394 1256 1448 desideriis
1281 1412 1584 1470 congruum
1614 1398 1819 1469 imper-

196 1479 288 1534 tiri
321 1479 664 1555 suffragium.
711 1484 885 1553 Atque
939 1484 1062 1538 ideo
1101 1486 1228 1556 quia
1270 1489 1553 1556 postulasti
1594 1506 1624 1542 a
1656 1489 1817 1544 nobis

196 1579 477 1642 quatenus
517 1573 866 1645 privilegium
915 1577 1064 1629 sedis
1118 1579 1432 1647 apostolica:
1481 1583 1815 1637 monasterio

196 1659 493 1726 Vizeliaco,
551 1661 636 1715 cui
693 1680 926 1732 praeesse
967 1665 1324 1736 dignosceris,
1391 1670 1537 1739 quod
1605 1679 1817 1726 constat

193 1752 330 1805 olim
365 1768 394 1804 a
423 1752 661 1807 Gerardo
693 1756 1036 1811 nobilissimo
1069 1765 1122 1811 et
1177 1758 1638 1815 Christianissimo
1672 1764 1809 1828 viro,

194 1859 418 1897 necnon
458 1850 512 1897 et
563 1844 722 1898 Berta
764 1862 927 1901 uxore
969 1848 1108 1917 ejus,
1163 1850 1215 1902 in
1251 1851 1460 1905 honore
1509 1852 1719 1907 Domini
1759 1861 1813 1909 et

194 1932 499 1987 Salvatoris
541 1935 713 1988 nostri
746 1935 873 1989 Jesu
907 1937 1099 1992 Christi
1133 1950 1186 1994 et
1219 1944 1576 1998 veneratione
1607 1944 1808 1999 beatis-

187 2026 349 2079 sima!
379 2042 600 2097 semper
627 2028 853 2100 virginis
897 2031 1074 2087 Mariae
1113 2037 1396 2108 genitricis
1421 2039 1670 2106 ejusdem
1705 2040 1808 2095 Do-

191 2117 334 2172 mini
388 2120 557 2174 nostri
613 2121 738 2174 Jesu
795 2123 988 2178 Christi
1057 2136 1462 2194 constructum;
1527 2131 1581 2184 in
1641 2148 1810 2204 regno

190 2210 407 2264 scilicet
465 2211 815 2286 Durgundize,
865 2215 919 2268 in
964 2233 1104 2290 pago
1159 2220 1431 2286 Avalensi,
1491 2222 1749 2294 quodque
1782 2240 1812 2277 a

193 2303 436 2372 pnefatis
465 2303 844 2361 fundatoribus
875 2308 1038 2363 beato
1073 2311 1226 2365 Petro
1256 2315 1624 2382 apostolorum
1657 2317 1807 2386 prin-

188 2397 303 2468 cipi
339 2399 427 2468 pia
446 2399 740 2456 devotione
771 2412 825 2457 et
852 2407 1160 2460 testamenti
1195 2409 1394 2478 pagina
1423 2411 1677 2465 collatum
1703 2420 1807 2479 est,

192 2485 372 2541 facere
405 2487 765 2545 deberemus:
827 2492 1072 2549 inclinati
1107 2497 1362 2566 precibus
1416 2501 1521 2552 tuis
1577 2500 1812 2555 libenter

195 2577 314 2632 ﬁeri
350 2579 715 2636 decrevimus.
752 2583 905 2638 Unde
934 2593 987 2639 et
1011 2588 1398 2642 constituimus
1428 2597 1481 2644 et
1506 2593 1809 2661 apostolica

193 2672 523 2728 auctoritate
557 2690 873 2742 censemus,
915 2685 1079 2749 atque
1124 2696 1220 2751 per
1249 2681 1351 2736 hoc
1391 2691 1640 2738 nostrum
1673 2701 1809 2756 apo-

193 2766 445 2820 stolicum
499 2766 844 2838 privilegium
913 2769 1320 2837 conﬁrmamus,
1376 2783 1435 2828 ut
1475 2775 1658 2830 nullus
1715 2794 1808 2832 rex

193 2865 287 2911 aut
316 2858 584 2928 pontifex,
616 2859 701 2912 vel
731 2860 902 2914 abbas
929 2870 1021 2916 aut
1049 2879 1254 2927 comes,
1290 2865 1374 2920 vel
1407 2867 1808 2940 qualiscunque

196 2963 398 3018 magna
427 2948 512 3002 vel
563 2964 724 3016 parva
767 2965 1022 3018 persona,
1055 2953 1298 3008 avaritize
1330 2956 1631 3026 cupiditate
1687 2975 1808 3013 cor-

193 3049 384 3112 reptus
415 3047 506 3096 aut
536 3041 806 3098 diabolica
852 3046 1209 3118 suggestione
1264 3049 1548 3120 deceptus,
1607 3052 1808 3108 audeat

171 3137 274 3192 .vel
327 3145 620 3207 praesumat
649 3147 838 3192 contra
877 3145 1027 3194 tuum
1069 3141 1357 3209 honorem,
1397 3159 1429 3198 o
1475 3148 1806 3203 venerabilis

189 3228 422 3283 Eldrade
449 3227 614 3296 abba,
647 3229 1017 3301 qualicunque
1052 3233 1215 3287 modo
1273 3235 1583 3308 insurgere,
1627 3238 1679 3291 in
1715 3246 1804 3293 tua

185 3319 297 3373 vita
326 3327 420 3372 aut
445 3318 512 3374 de
551 3326 646 3375 tuo
691 3320 899 3376 honore
952 3322 1048 3376 tibi
1083 3321 1384 3391 [molestias
1442 3326 1667 3394 inferre,
1718 3331 1802 3383 vel

187 3409 260 3464 de
329 3409 589 3465 omnibus
655 3413 817 3468 rebus
873 3417 1190 3470 monasterii
1249 3434 1372 3488 quae
1440 3418 1540 3473 tibi
1581 3421 1799 3493 tuisque

187 3500 691 3570 praedecessoribus
747 3520 775 3557 a
834 3505 996 3561 nobis
1051 3509 1366 3580 nostrisque
1421 3513 1795 3566 antecessori-

189 3591 294 3645 bus
324 3607 422 3662 per
470 3591 728 3667 paginam
776 3595 1050 3670 privilegii
1091 3613 1355 3653 concessa
1393 3607 1554 3671 atque
1588 3599 1798 3656 ﬁrmata

185 3687 335 3745 sunt,
391 3680 604 3752 aliquas
643 3683 956 3740 invasiones
1015 3687 1098 3741 vel
1149 3688 1367 3759 rapinas
1423 3689 1538 3745 sive
1587 3691 1798 3746 violen-

186 3767 294 3822 tias
352 3767 574 3831 inferre,
627 3770 671 3824 si
721 3787 831 3827 non
862 3774 996 3841 vult,
1046 3778 1368 3832 auctoritate
1410 3778 1503 3833 Dei
1543 3785 1598 3834 et
1625 3781 1798 3837 sancti

185 3858 335 3914 Petri
392 3869 447 3914 et
499 3869 686 3916 nostra
741 3865 1042 3934 apostolica
1128 3871 1722 3940 excommunicatione,
1770 3891 1799 3928 a

183 3963 418 4020 corpore
472 3957 526 4006 et
581 3952 852 4026 sanguine
911 3955 1125 4009 Domini
1180 3959 1310 4013 Jesu
1364 3959 1558 4016 Christi
1619 3974 1676 4017 et
1729 3962 1798 4018 ab

183 4038 437 4112 ingressu
491 4039 741 4095 ecclesia:
809 4042 1140 4110 disjunctum
1191 4062 1334 4102 esse.
1408 4051 1522 4104 Hoc
1575 4067 1799 4124 quoque

184 4126 430 4197 capitulo
483 4130 740 4198 praesenti
767 4129 1177 4202 subjungimus,
1233 4142 1291 4190 ut
1321 4137 1498 4192 locum
1558 4141 1799 4196 avaritiae

184 4221 554 4289 secludamus,
588 4223 798 4279 nullum
822 4225 891 4280 de
913 4227 1160 4299 regibus,
1191 4231 1400 4286 nullum
1422 4234 1492 4288 de
1521 4234 1800 4307 episc0pis

186 4316 275 4372 vel
327 4319 724 4386 sacerdotibus,
770 4321 854 4375 vel
902 4324 972 4378 de
1031 4324 1457 4400 quibuscunque
1520 4331 1799 4403 ﬁdelibus,

187 4427 287 4464 ner
345 4427 427 4475 se,
480 4414 891 4482 suppositamve
946 4432 1260 4488 personam,
1330 4421 1398 4475 de
1449 4423 1798 4480 ordinatione

184 4503 434 4572 ejusdem
491 4505 748 4574 abbatis,
809 4510 894 4563 vel
953 4510 1300 4584 clericorum,
1359 4527 1453 4576 aut
1509 4523 1796 4595 presbyte-

186 4612 395 4663 rorum,
447 4595 535 4652 vel
582 4596 650 4650 de
716 4597 1006 4670 largitione
1059 4604 1394 4677 chrismatis,
1455 4620 1549 4666 ant
1595 4629 1796 4668 conse-

183 4687 430 4742 cratione
488 4684 754 4756 basilicae,
795 4689 879 4742 vel
921 4691 989 4744 de
1031 4692 1452 4769 quibuscunque
1499 4702 1679 4756 causis
1727 4704 1795 4758 ad

189 4777 331 4832 Jdem
355 4779 747 4834 monasterium
779 4783 1202 4852 pertinentibus,
1235 4788 1440 4844 audere
1468 4791 1522 4844 in
1549 4793 1798 4862 qualibet

186 4867 374 4938 specie
407 4867 587 4922 exenii
621 4869 742 4925 loco
782 4872 1080 4944 quidquam
1115 4875 1386 4946 accipere,
1424 4896 1604 4951 neque
1635 4898 1794 4938 eum-

185 4957 309 5012 dem
345 4958 596 5013 abbatem
631 4977 728 5031 pro
755 4962 1104 5019 ordinatione
1133 4982 1230 5019 sua
1259 4967 1468 5038 aliquid
1499 4971 1629 5025 dare
1656 4989 1794 5042 pcre—

185 5065 428 5117 sumere,
462 5067 530 5106 ne
585 5053 687 5109 hac
715 5056 1028 5124 occasione,
1087 5074 1151 5112 ea
1181 5076 1303 5130 quae
1343 5077 1373 5115 a
1421 5062 1679 5120 ﬁdelibus
1705 5067 1796 5137 pio

185 5139 308 5194 loco
347 5139 672 5210 offeruntur,
704 5155 1119 5207 consumantur.
1154 5149 1342 5222 Neque
1365 5154 1656 5225 cpiscOpus
1671 5156 1801 5212 civi-

184 5229 311 5283 tatis
343 5229 518 5300 ipsius
549 5237 820 5303 parochiae
852 5239 954 5293 nisi
987 5239 1054 5294 ab
1088 5241 1285 5298 abbate
1316 5243 1490 5314 ipsius
1522 5254 1795 5303 monaste-

182 5325 247 5379 rii
304 5325 585 5393 invitatus,
641 5328 846 5385 ibidem
909 5333 1158 5402 publicas
1196 5337 1390 5392 missas
1434 5345 1575 5414 agat,
1617 5355 1796 5412 neque

179 5416 448 5472 stationes
487 5417 543 5471 in
576 5420 772 5476 eodem
829 5427 1083 5482 ccenobio
1134 5427 1360 5496 indicat,
1417 5446 1484 5485 ne
1517 5447 1796 5488 servorum

183 5505 275 5558 Dei
309 5505 468 5576 quies
491 5512 885 5580 quoquomodo
911 5515 1164 5585 populari
1193 5526 1469 5574 conventu
1491 5522 1796 5590 perturbari

180 5599 376 5663 valeat,
433 5615 612 5670 neque
669 5610 902 5672 paratas,
957 5615 1050 5662 aut
1104 5611 1535 5668 mansionaticos
1595 5615 1794 5670 exinde

181 5700 474 5762 praesumat
505 5695 742 5766 exigere.
787 5697 1210 5769 Susceptionem
1243 5712 1422 5760 autem
1464 5705 1708 5763 ﬁdelium
1743 5719 1797 5766 et

183 5781 567 5856 religiosorum
609 5785 850 5841 virorum
906 5795 1068 5859 atque
1123 5791 1570 5864 beneﬁcentiam,
1629 5814 1790 5869 quam

1431 355 1763 412 EPISTOLZE
1808 357 1886 414 ET
1927 359 2322 417 PRIVILEGIA.

1829 3200 1878 3270 C

1814 4551 1875 4622 D

3399 374 3539 431 1086

1840 496 2075 570 Ajubet
2127 499 2420 570 Apostolus
2449 499 2664 554 cunctis
2692 500 3060 557 exhibendam
3103 521 3203 575 pro
3261 510 3542 578 possibili-

1923 596 2029 644 tate
2060 589 2164 645 loci
2196 599 2249 645 et
2285 593 2625 657 facultatum,
2657 607 2767 647 non
2791 595 2954 648 modo
2989 595 3194 651 ibidem
3224 597 3342 654 ﬁeri
3386 603 3537 675 [non]
3601 640 3611 651 .

1922 686 2283 758 denegamus,
2316 704 2503 743 verum
2535 689 2698 743 etiam
2734 691 3033 746 suademus
3068 711 3080 746 :
3123 695 3220 748 sed
3251 704 3304 751 et
3341 700 3541 755 modus

1923 777 1976 830 in
2010 793 2240 834 numero
2271 781 2716 852 congregationis
2747 781 2886 836 adeo
2917 796 3295 851 conservetur,
3337 797 3396 843 ut
3436 807 3540 846 nec

1923 867 2204 937 pluralitas
2254 869 2563 938 penuriam,
2644 886 2747 923 nec
2818 872 3061 940 paucitas
3108 874 3538 934 inhabitantium

1921 957 2339 1011 destitutionem
2372 957 2475 1012 loci
2509 958 2770 1014 inducere
2792 961 2986 1014 valeat.
3010 961 3083 1014 De
3122 971 3319 1019 caitero
3350 975 3539 1022 notum

1923 1043 2037 1098 ﬁeri
2070 1046 2321 1100 volumus
2356 1047 2482 1116 quia
2513 1047 2853 1101 devenerunt
2883 1049 2949 1102 ad
3006 1066 3107 1104 nos
3145 1052 3539 1122 deprecatorie

1925 1136 2112 1191 littera:
2143 1137 2364 1194 Gerardi
2405 1138 2652 1208 episcopi
2695 1141 3206 1209 Augustodunensis
3260 1144 3536 1215 Ecclesiae,

1921 1246 2018 1302 pro
2075 1230 2307 1284 decimis
2337 1241 2577 1302 quatuor
2621 1233 3004 1301 ecclesiarum,
3065 1239 3236 1292 sancti
3286 1239 3542 1297 videlicet

1921 1323 2084 1390 Petri,
2148 1331 2202 1378 et
2253 1326 2424 1379 sancti
2482 1326 2877 1398 ChristOphori,
2920 1332 3207 1404 sanctique
3257 1333 3537 1404 Germani,

1920 1435 2023 1474 nec
2080 1435 2190 1474 non
2264 1422 2436 1475 sancti
2495 1423 2835 1497 Leodegarii,
2902 1442 3011 1496 qua
3073 1427 3189 1497 ipse
3245 1431 3539 1499 praedictus

1919 1512 2092 1566 abbas
2121 1512 2190 1565 ab
2222 1514 2416 1567 eodem
2453 1515 2716 1585 episcopo
2749 1515 3159 1586 impetraverat,
3191 1520 3350 1574 sicuti
3380 1529 3537 1576 ante-

1917 1620 2166 1658 cessores
2207 1605 2326 1671 ejus
2367 1605 2434 1658 ab
2466 1606 2744 1676 cpiscOpis
2775 1608 2950 1677 ipsius
2998 1610 3146 1664 sedis
3189 1628 3287 1681 per
3342 1629 3535 1668 succe-

1917 1695 2103 1749 dentia
2133 1704 2381 1765 tempora
2435 1697 2702 1751 ordinatis
2734 1697 2930 1752 fecisse
2978 1709 3300 1769 noscuntur,
3343 1713 3400 1758 ut
3430 1705 3533 1758 sub

1839 1799 1890 1867 Β
1913 1783 2332 1839 conﬁrmatione
2356 1786 2525 1840 nostri
2553 1786 2826 1859 privilegii
2853 1789 3354 1857 corroboraremus,
3384 1794 3531 1863 quod

1913 1878 1966 1926 et
1995 1871 2243 1935 fecimus,
2278 1874 2838 1937 excommunicantes,
2874 1883 2930 1930 ut
2971 1877 3152 1931 nullus
3182 1880 3529 1951 Augustodu-

1914 1967 2105 2021 nensis
2136 1967 2390 2022 Ecclesiae
2415 1968 2712 2038 episcopus
2736 1969 2974 2040 aliquam
2998 1971 3326 2026 calumniam
3344 1973 3529 2029 abbati

1913 2055 2157 2122 ejusdem
2190 2057 2294 2111 loci
2327 2057 2441 2111 sive
2473 2059 2758 2112 monachis
2777 2060 3003 2130 de’ipsis
3030 2061 3228 2117 inferat
3251 2064 3523 2132 ecclesiis,

1912 2147 2027 2200 sive
2059 2147 2127 2199 de
2159 2147 2410 2214 decimis,
2444 2155 2549 2202 tam
2598 2150 2714 2219 ipse
2746 2167 2907 2220 quam
2941 2152 3124 2223 aliqua
3169 2154 3366 2209 emissa
3400 2171 3529 2225 per-

1913 2256 2047 2296 sona
2075 2240 2252 2294 valeat
2288 2240 2538 2295 minuere
2577 2251 2670 2295 aut
2720 2242 2774 2295 in
2807 2242 2967 2297 aliam
3010 2245 3303 2300 transferre
3359 2263 3528 2317 paro-

1912 2333 2090 2386 chiam
2147 2332 2201 2384 Si
2243 2333 2368 2402 quis
2399 2348 2529 2387 vero
2570 2349 2784 2406 regum,
2815 2335 3221 2405 episcoporum,
3263 2338 3521 2394 sacerdo-

1913 2431 2049 2490 tum,
2100 2423 2380 2488 abbatum,
2424 2425 2695 2493 judicum,
2740 2427 3024 2492 comitum,
3065 2434 3156 2481 aut
3183 2429 3526 2484 saecularium

1910 2534 2294 2590 personarum,
2327 2527 2516 2575 contra
2552 2521 2695 2576 hanc
2726 2531 2925 2576 nostrae
2967 2523 3325 2578 institutionis
3356 2523 3521 2598 pagi-

1910 2624 2034 2662 nam
2078 2610 2265 2663 venire
2295 2610 2603 2676 tentaverit,
2647 2626 2937 2680 percussus
2965 2613 3267 2681 apostolico
3294 2615 3522 2668 anathe-

1910 2708 2071 2767 mate,
2131 2701 2416 2771 potestatis
2489 2702 2784 2757 honorisve
2844 2702 2931 2757 sui
2989 2703 3260 2774 dignitate
3315 2712 3522 2760 careat.

1917 2806 2182 2861 rcumque
2213 2806 2272 2845 se
2301 2806 2485 2845 coram
2526 2791 2714 2846 divino
2741 2792 2952 2860 judicio
2983 2800 3296 2863 cognoscat,
3325 2800 3379 2848 et
3418 2794 3524 2849 nisi

1910 2895 1973 2933 ea
2005 2895 2127 2950 quae
2159 2895 2190 2932 a
2236 2894 2295 2932 se
2325 2878 2464 2932 male
2519 2887 2640 2933 acta
2689 2887 2817 2933 sunt
2866 2880 3158 2946 deleverit,
3191 2898 3221 2935 a
3274 2882 3524 2937 sacratis-

1907 2968 2048 3022 simo
2107 2983 2339 3038 corpore
2387 2968 2602 3023 Domini
2655 2970 2827 3024 nostri
2885 2971 3013 3025 Jesu
3064 2970 3257 3024 Christi
3308 2969 3525 3025 alienus

1908 3056 2020 3122 ﬁat,
2064 3066 2227 3126 atque
2261 3065 2468 3112 aeterno
2513 3058 2756 3112 examini
2791 3059 3050 3113 districtze
3077 3059 3303 3114 ultionis
3340 3059 3525 3128 subia-

1907 3157 2044 3203 ceat.
2105 3148 2324 3202 Cunctis
2353 3157 2535 3203 autem
2596 3149 2775 3204 eidem
2816 3150 2938 3205 loco
2993 3152 3139 3219 justa
3181 3151 3528 3206 servantibus

1905 3245 1975 3298 sit
2021 3259 2121 3314 pax
2154 3243 2368 3296 Domini
2398 3243 2570 3297 nostri
2600 3243 2730 3297 Jesu
2766 3243 2985 3308 Christi,
3021 3251 3296 3314 quatenus
3345 3254 3400 3299 et
3440 3245 3529 3301 hic

1905 3335 2137 3389 fructum
2167 3334 2325 3388 bonae
2356 3334 2590 3388 actionis
2621 3334 2912 3404 recipiant,
2947 3345 3000 3388 et
3039 3336 3182 3405 apud
3218 3336 3522 3392 districtum

1899 3427 2140 3498 judicem
2166 3426 2392 3497 praemia
2413 3434 2635 3479 aeternae
2673 3426 2823 3496 pacis
2856 3426 3159 3480 inveniant.

1971 3522 2241 3592 Scriptum
2270 3537 2369 3592 per
2408 3535 2633 3574 manum
2662 3520 2925 3589 Stephani
2973 3519 3221 3574 Nicolani
3271 3521 3522 3591 episcopi

1906 3618 2026 3688 [leg.
2059 3613 2322 3684 Stephani
2358 3611 2554 3668 notarii
2597 3611 2916 3684 regionarii]
2961 3618 3014 3665 et
3052 3611 3324 3666 scriniarii
3367 3613 3420 3666 8.
3459 3613 3520 3667 Β.

1904 3706 1964 3759 Et
2011 3705 2065 3759 in
2097 3718 2288 3758 mense
2338 3699 2650 3763 Novembri,
2699 3699 2887 3754 indict.
2950 3717 3005 3753 ιι.
3071 3699 3262 3753 Datum
3298 3717 3348 3753 IV
3406 3699 3520 3754 Kal.

1901 3792 2191 3848 Decembr.
2226 3807 2324 3862 per
2372 3805 2588 3842 manum
2621 3786 2846 3843 Joannis
2899 3787 3149 3857 episcopi
3201 3787 3521 3858 [bibliothe-

1900 3884 2032 3941 carii
2063 3890 2145 3938 est
2175 3882 2324 3936 sedis
2349 3879 2682 3950 apostolicae,
2717 3894 2860 3934 anno
2894 3896 2909 3932 ι
2941 3877 3294 3949 pontiﬁcatus
3327 3879 3518 3934 domni

1901 3978 2184 4034 Benedicti
2232 3975 2560 4031 sanctissimi
2607 3974 2670 4028 Vl
2730 3990 2906 4045 papas,
2949 3974 3253 4044 imperante
3310 3973 3518 4029 domno

1901 4075 2099 4130 Ottone
2129 4089 2159 4127 a
2194 4073 2304 4126 Deo
2340 4078 2600 4126 coronato
2646 4083 2847 4141 magno
2875 4068 3227 4139 imperatore,
3270 4081 3415 4122 anno
3440 4082 3516 4134 v1,

1903 4167 2092 4222 indict.
2117 4183 2174 4220 ιι.

2674 4251 2734 4304 ν.

1901 4351 2221 4406 Benedictus
2268 4348 2334 4402 Vl
2388 4364 2539 4419 papa
2589 4346 2905 4402 monasterii
2957 4344 3012 4399 S.
3066 4344 3208 4398 Petri
3259 4342 3518 4398 Rodeusis

2395 4437 2687 4507 privilegia
2717 4436 3016 4502 conﬁrmat.

2529 4524 2706 4593 (Anno
2732 4521 2882 4592 974.)

2188 4618 2338 4688 [Dom
2389 4618 2660 4682 Bououer,
2698 4615 2930 4681 Recueit,
2961 4613 3046 4679 IX,
3075 4610 3182 4665 242
3210 4609 3228 4681 ]

1973 4735 2308 4787 Bsuemcrus
2364 4731 2705 4802 episc0pus,
2777 4743 2971 4783 servus
3034 4740 3316 4781 servorum
3390 4723 3510 4778 Dei.

1902 4825 2220 4879 Her-zsmno
2264 4823 2522 4897 religioso
2563 4821 2749 4876 abbati
2806 4818 3141 4875 venerabilis
3197 4815 3516 4873 monasterii

1899 4915 1953 4969 S.
1991 4915 2133 4969 Petri
2173 4915 2430 4986 apostoli,
2486 4913 2699 4967 fundati
2726 4913 2782 4967 in
2815 4911 3074 4968 comitatu
3124 4909 3516 4975 Petralatense,

1901 5003 1953 5057 in
2004 5011 2193 5058 monte
2223 5019 2387 5074 quem
2429 5003 2620 5056 dicunt
2652 5001 2834 5056 llodas
2881 5000 3076 5056 subtus
3102 5006 3341 5054 castrum
3373 4997 3516 5053 Ver-

1898 5095 2087 5160 darize,
2149 5101 2204 5148 et
2253 5110 2351 5164 per
2381 5102 2431 5148 te
2482 5093 2537 5146 in
2595 5093 2788 5148 eodem
2846 5091 3147 5149 venerabili
3180 5089 3516 5146 monasterio

1897 5184 2312 5241 successoribus
2335 5181 2625 5236 abbatibus
2656 5181 2711 5234 in
2741 5191 3089 5252 perpetuum.

1970 5273 2232 5339 Quoniam
2283 5270 2638 5326 concedenda
2670 5279 2799 5324 sunt
2846 5286 2970 5341 quae
3004 5269 3366 5324 rationalibus
3423 5268 3515 5323 de-

1896 5363 2115 5420 sideriis
2160 5361 2436 5433 pertinere
2468 5366 2792 5423 noscuntur,
2835 5358 3006 5413 nostri
3039 5359 3381 5428 apostolatus
3413 5375 3516 5414 au-

1897 5455 2141 5519 ctoritas,
2186 5453 2252 5507 ad
2283 5448 2648 5506 roborandam
2677 5448 2823 5518 piam
2856 5447 3101 5502 ﬁdelium
3137 5449 3516 5514 devotionem,

1897 5551 1952 5605 in
2003 5546 2332 5619 praestandis
2383 5541 2682 5617 privilegiis
2736 5540 2902 5595 debet
2942 5539 3171 5594 minime
3227 5543 3515 5616 abnegari.

1898 5641 2066 5714 Igitur
2092 5636 2429 5694 excellentiae
2462 5643 2569 5689 tute
2610 5629 2901 5688 laudabilis
2933 5630 3299 5685 mansuetudo
3324 5639 3518 5702 postu-

1896 5732 2028 5788 lavit
2060 5748 2091 5786 a
2125 5731 2286 5788 nobis
2313 5736 2580 5801 quatenus
2607 5722 2904 5798 apostolica
2936 5719 3255 5775 auctoritate
3285 5737 3384 5792 per
3403 5722 3517 5781 hoc

1894 5825 2274 5902 privilegium
2305 5826 2737 5884 concederemus
2779 5824 2834 5876 et
2892 5813 3345 5874 conﬁrmaremus
3407 5815 3512 5873 tibi
