3978 6214
472 315 610 370 1087

1800 327 2144 384 BENEDICTI
2186 329 2250 384 Vl
2292 329 2480 384 PAPzE

3670 345 3693 398 1
3704 345 3799 401 088

472 441 688 513 tuisque
740 447 1153 502 successoribus
1182 447 1233 502 in
1294 458 1619 520 perpetuum
1661 467 1825 523 supra
1878 454 2082 510 dictum
2113 462 2165 529 Α
2193 456 2412 528 tuisque
2443 461 2862 516 successoribus
2901 463 3188 518 ecclesiam
3222 471 3424 521 sancta:
3459 467 3652 523 Crucis
3682 486 3800 525 cum

473 537 888 604 monasterium,
921 556 1043 593 cum
1077 542 1336 596 omnibus
1372 545 1487 598 suis
1525 546 1849 616 adjacentiis
1876 555 1930 602 et
1961 564 2087 618 per-

474 625 741 692 tinentiis,
777 645 897 682 cum
943 630 1143 686 ﬁnibus
1175 635 1532 707 terminisque
1572 637 1704 691 suis.
1743 638 1802 692 Et
1830 638 1953 693 ideo
1979 640 2085 694 tuis

476 711 585 781 piis
633 714 924 771 desideriis
966 718 1229 783 faventes,
1284 732 1471 777 nostra
1503 726 1800 794 apostolica
1841 729 2084 782 auctori-

473 808 580 857 tate
635 805 984 863 decernimus
1015 812 1078 864 ad
1115 811 1293 882 ipsum
1337 815 1618 884 praelatum
1663 818 1718 872 S.
1775 818 1916 872 Petri
1950 835 2082 890 apo-

475 896 598 950 stoli
646 902 1036 956 monasterium
1098 920 1221 958 cum
1281 907 1539 962 omnibus
1598 911 1714 964 suis
1772 911 1969 966 amodo
2035 920 2089 966 et

477 1001 646 1056 usque
694 988 746 1040 in
791 988 952 1042 finem
984 993 1170 1046 saeculi
1202 994 1306 1047 sub
1341 996 1650 1064 patrocinio
1683 1005 1734 1050 et
1765 998 2088 1054 defensione

473 1081 674 1128 sanctae
716 1077 972 1132 Romana:
1003 1090 1058 1133 et
1095 1083 1410 1151 apostolica:
1454 1086 1641 1138 matris
1681 1085 1934 1142 Ecclesia:
1965 1104 2090 1158 per-

480 1169 645 1236 petim
682 1174 1138 1240 permanendum,
1168 1183 1223 1230 et
1253 1179 1354 1231 sub
1378 1179 1610 1233 tuitione
1643 1189 1846 1235 sanctze
1870 1191 2088 1249 nostra),

477 1262 564 1315 cui
596 1265 705 1318 Deo
737 1275 956 1320 auctore
1007 1268 1369 1334 deservirnus,
1411 1272 1666 1327 Ecclesiae
1711 1275 2088 1340 constitutum,

479 1355 683 1409 nullius
713 1358 1066 1426 alteriusjuri
1110 1370 1163 1416 et
1194 1363 1388 1417 ditioni
1422 1365 1790 1432 submittatur,
1836 1368 1941 1421 nisi
1991 1369 2093 1422 sub

482 1453 570 1498 tua
601 1453 928 1518 tuorumque
960 1466 1339 1506 successorum
1369 1452 1422 1506 in
1457 1462 1804 1524 perpetuum.

554 1534 950 1590 Conlirmamus
992 1555 1228 1610 namque
1262 1541 1359 1594 tibi
1406 1542 1624 1613 tuisque
1681 1547 2094 1601 successoribus

476 1623 800 1691 pra-dictum
855 1630 1251 1683 monasterium
1280 1648 1402 1685 cum
1456 1632 1573 1686 suis
1614 1635 1864 1690 terminis
1897 1645 1952 1691 et
1998 1637 2095 1692 ad-

472 1718 748 1784 jacentiis,
790 1730 843 1776 et
875 1739 996 1776 cum
1048 1726 1307 1781 omnibus
1363 1745 1485 1800 quae
1532 1729 1760 1786 inferius
1804 1735 2095 1790 continen-

480 1817 587 1872 tur,
638 1809 692 1861 id
748 1819 852 1876 est,
907 1813 975 1866 ab
1021 1814 1137 1884 ipsa
1178 1817 1338 1870 meda
1378 1835 1500 1888 quae
1549 1828 1631 1874 est
1681 1821 1817 1875 infra
1877 1831 2091 1894 portum

486 1897 711 1954 Fraxani
766 1910 819 1956 et
862 1903 980 1974 ipso
1031 1923 1152 1960 raso
1191 1925 1367 1980 usque
1418 1910 1470 1963 in
1536 1911 1714 1966 locum
1775 1931 1940 1985 quem
2001 1917 2092 1970 di-

487 1999 618 2045 cunt
647 1992 776 2047 Tres
808 1994 1021 2062 fratres,
1069 2015 1099 2052 a
1157 2008 1308 2069 parte
1343 2001 1602 2058 videlicet
1647 2006 1875 2060 orienlis
1919 2024 2095 2080 usque

486 2079 541 2133 in
573 2083 814 2137 medium
849 2102 1027 2151 mare;
1061 2095 1224 2159 atque
1265 2090 1393 2146 inde
1423 2093 1572 2147 vadit
1603 2094 1671 2147 ad
1705 2096 1882 2164 ipsum
1916 2079 2094 2152 locum

481 2183 644 2236 quem
681 2180 877 2225 vocant
908 2173 1165 2230 Molinum
1198 2177 1266 2231 de
1308 2178 1590 2246 Balascho,
1625 2182 1866 2254 indeque
1904 2203 2096 2254 perve-

485 2261 564 2313 nit
631 2262 696 2315 ad
749 2263 916 2332 ipsam
971 2266 1224 2335 Tamarit,
1281 2278 1335 2324 et
1389 2271 1516 2326 inde
1571 2276 1751 2348 pergit
1802 2293 1979 2348 usque
2029 2279 2097 2332 ad

485 2349 657 2419 ipsam
713 2352 1045 2412 Petratitam.
1093 2365 1146 2411 et
1193 2375 1398 2414 serram
1441 2378 1615 2434 usque
1649 2365 1703 2418 in
1745 2366 1864 2436 ipso
1898 2367 2098 2425 Fitorio

482 2437 550 2492 de
604 2449 788 2494 monte
821 2442 1090 2500 l’ininello
1149 2455 1202 2501 et
1234 2449 1382 2504 vadit
1430 2453 1783 2509 ascendendo
1814 2471 1990 2527 usque
2043 2459 2097 2512 in

484 2529 798 2587 firmitatem
834 2535 1007 2605 ipsius
1046 2540 1270 2606 montis,
1299 2551 1465 2614 atque
1502 2544 1890 2603 descendendo
1922 2551 2101 2623 pergit

485 2642 583 2696 per
640 2626 810 2696 ipsam
875 2629 1016 2682 viam
1079 2648 1256 2702 usque
1313 2633 1369 2688 in
1429 2635 1605 2691 locum
1675 2655 1840 2711 quem
1899 2653 2098 2698 vocant

486 2715 802 2781 Sorberelo,
834 2726 888 2771 et
937 2718 1331 2777 descendendo
1374 2726 1697 2794 pervenitin
1748 2729 1918 2798 ipsam
1975 2730 2101 2785 Clu-

485 2823 597 2861 sam
633 2817 685 2862 et
715 2811 782 2863 ad
829 2811 1004 2880 ipsum
1065 2815 1299 2868 casalem
1359 2817 1429 2871 de
1471 2818 1744 2875 Friulano.
1785 2823 1914 2876 inde
1970 2840 2098 2879 vero

482 2895 734 2950 ascendit
766 2915 862 2968 per
888 2899 1001 2966 jam
1029 2900 1227 2955 dictam
1271 2903 1414 2958 viam
1448 2907 1514 2959 ad
1549 2906 1726 2977 ipsum
1768 2911 2003 2966 casalem
2030 2913 2098 2967 de

483 2986 783 3055 Salvatore,
816 2998 869 3044 et
898 2990 966 3043 ad
1025 2991 1202 3061 ipsum
1247 2995 1449 3049 collum
1481 2997 1754 3055 Trederici
1808 3002 1876 3057 de
1927 3004 2099 3059 Vinea

485 3074 685 3142 Vitula,
743 3087 797 3132 et
828 3080 1078 3149 pervenit
1137 3098 1313 3154 usque
1360 3084 1412 3139 in
1447 3089 1817 3145 summitatem
1875 3093 2095 3158 montis,

487 3166 580 3236 qui
613 3165 818 3222 ibidem
853 3179 955 3224 est.
1007 3172 1140 3227 lnde
1185 3190 1313 3230 vero
1363 3177 1511 3231 vadit
1542 3195 1642 3248 per
1686 3181 1859 3251 ipsam
1891 3199 2096 3238 serram
2130 3142 2178 3209 Ο

490 3274 668 3329 usque
719 3261 773 3314 in
821 3261 1022 3317 collum
1069 3264 1139 3319 de
1173 3265 1599 3338 Hermeneardo,
1645 3279 1698 3326 et
1727 3275 1978 3344 pervenit
2030 3280 2098 3331 ad

487 3349 693 3404 fontem
728 3354 840 3406 sive
872 3355 940 3408 ad
983 3356 1182 3412 collum
1216 3359 1285 3414 de
1322 3360 1570 3428 Filmera,
1603 3371 1658 3419 et
1707 3365 1837 3421 inde
1867 3368 1936 3422 ad
1986 3369 2097 3424 col-

488 3443 599 3496 lum
632 3443 686 3498 8.
721 3446 973 3512 Genesii;
1006 3449 1198 3521 sicque
1229 3454 1582 3510 ascendendo
1614 3464 1670 3511 et
1707 3457 2100 3516 descendendo

488 3531 639 3586 vadit
678 3549 778 3604 per
825 3536 1195 3593 summitatem
1247 3539 1314 3595 de
1374 3541 1492 3612 ipsa
1535 3559 1684 3600 serra
1711 3563 1874 3617 quam
1908 3558 2104 3606 vocant

490 3623 678 3692 Calmi,
736 3636 789 3683 et
835 3633 1086 3700 pervenit
1137 3633 1333 3689 subtus
1411 3638 1589 3708 ipsum
1646 3649 1880 3697 castrum
1936 3661 2098 3716 quem

487 3725 686 3770 vocant
717 3716 890 3773 Pinna
919 3720 1081 3795 Nigra
1107 3739 1284 3794 usque
1317 3726 1371 3780 in
1411 3727 1562 3798 ipsas
1590 3728 1780 3786 vineas
1807 3749 1930 3804 quae
1977 3744 2106 3792 sunt

488 3805 557 3897 de
587 3806 818 3897 Palatro.
873 3810 936 3865 Et
964 3813 1113 3868 vadit
1163 3815 1354 3872 subter
1397 3819 1570 3889 ipsam
1629 3823 1819 3879 silvam
1869 3843 1992 3897 quas
2022 3840 2105 3886 est

487 3893 555 3947 ad
603 3896 890 3952 meridiem
922 3901 1114 3956 subtus
1157 3915 1392 3960 castrum
1420 3907 1679 3968 Virdariae
1708 3893 2105 3986 usque-subtus

490 3985 664 4056 ipsam
695 3990 913 4044 rocham
964 4009 1127 4063 quam
1165 3995 1356 4052 dicunt
1383 3999 1606 4070 Fitorio,
1658 4011 1712 4060 et
1740 3985 1990 4065 ascendit
2033 4011 2100 4066 ad

487 4079 685 4134 vallem
718 4082 785 4136 de
831 4083 1184 4154 Fulcimania,
1228 4097 1391 4160 atque
1423 4098 1668 4163 pervenit
1694 4101 1888 4156 subtus
1918 4103 2102 4160 fontes

491 4169 558 4221 de
590 4170 807 4225 Bevotis
859 4172 913 4226 in
941 4175 1138 4230 vallem
1190 4177 1258 4232 de
1317 4180 1570 4238 Frinone.
1607 4187 1740 4242 lnde
1768 4207 1899 4246 vero
1952 4194 2102 4249 vadit

490 4273 590 4327 per
619 4258 765 4329 ipsas
805 4262 1000 4318 rochas
1030 4282 1204 4337 usque
1257 4269 1312 4323 in
1363 4280 1606 4329 montem
1657 4277 1726 4332 de
1768 4279 1992 4350 infesta,
2046 4292 2101 4338 et

493 4348 781 4406 descendit
809 4370 838 4406 a
868 4363 1021 4424 parte
1056 4357 1365 4415 Occidentis
1395 4380 1495 4433 per
1546 4366 1722 4437 ipsam
1753 4371 1893 4424 viam
1928 4348 2104 4443 publi-

2191 544 2422 600 decimis
2452 556 2506 601 et
2538 547 2816 618 primitiis,
2851 560 2903 605 et
2959 551 3011 605 S.
3046 552 3272 608 Joannis
3307 571 3432 610 cum
3487 556 3726 612 decimis
3756 571 3805 614 et

2188 634 2446 702 primitiis
2475 643 2527 689 et
2556 636 2956 704 oblationibus,
3008 650 3174 712 atque
3220 643 3477 698 alodibus
3532 646 3602 699 ad
3661 647 3806 717 ipsas

2186 727 2456 782 Ecclesias
2498 729 2926 799 pertinentibus,
2957 741 3010 785 et
3059 733 3346 788 ecclesiam
3379 735 3436 792 S.
3468 737 3710 792 Baudilii
3754 739 3806 791 in

2191 817 2329 871 valle
2364 816 2686 880 Tabellaria,
2730 825 2784 872 et
2817 819 3105 874 ecclesiam
3161 823 3212 876 S.
3267 824 3531 894 Stephani
3564 843 3695 896 quae
3728 834 3809 881 est

2191 909 2245 962 in
2275 909 2417 962 valle
2460 909 2856 976 Subiradellos,
2893 918 2947 965 et
2984 913 3271 967 ecclesiam
3310 915 3366 968 S.
3414 915 3727 982 Fructuosi,
3760 929 3813 972 et

2191 1001 2476 1056 ecclesiam
2518 1002 2572 1055 S.
2627 1002 2896 1057 Vincentii
2938 1021 3058 1076 quae
3107 1016 3190 1060 est
3229 1006 3284 1060 in
3343 1007 3480 1062 valle
3542 1008 3810 1064 Lanciani

2192 1110 2313 1148 cum
2349 1094 2578 1147 decimis
2634 1103 2686 1147 et
2728 1095 2986 1164 primitiis
3025 1097 3156 1160 suis,
3192 1107 3246 1152 et
3277 1099 3564 1154 ecclesiam
3619 1100 3674 1154 S.
3712 1101 3816 1154 Ge-

2195 1185 2357 1249 nesii,
2393 1192 2444 1238 et
2493 1185 2782 1238 ecclesiam
2816 1186 2870 1239 S.
2910 1187 3052 1241 Petri
3107 1205 3230 1243 cum
3264 1190 3383 1260 ipso
3438 1200 3620 1246 castro
3650 1191 3813 1246 Mira-

2195 1277 2315 1340 lias,
2349 1285 2403 1331 et
2445 1278 2620 1346 ipsum
2650 1285 2884 1332 castrum
2920 1279 3180 1335 Virdarite
3213 1298 3334 1336 cum
3369 1283 3488 1354 ipso
3520 1284 3815 1338 castellare

2193 1373 2249 1420 et
2294 1383 2417 1420 cum
2472 1368 2590 1435 ipso
2637 1366 2836 1420 Fitorio
2894 1376 2948 1421 et
3019 1385 3141 1422 cum
3209 1369 3381 1424 Pinna
3450 1369 3634 1446 Nigra,
3683 1387 3809 1426 cum

2193 1458 2452 1512 omnibus
2487 1458 2687 1524 rochis,
2719 1459 2878 1513 terris
2909 1467 2961 1514 et
2990 1461 3174 1530 sylvis,
3221 1478 3343 1532 quae
3377 1461 3516 1516 infra
3572 1463 3676 1518 hos
3706 1471 3817 1517 ter-

2198 1553 2377 1608 minos
2427 1561 2574 1619 sunt,
2607 1560 2835 1623 excepto
2877 1555 3049 1624 ipsam
3095 1555 3286 1609 silvam
3346 1557 3414 1611 de
3463 1565 3655 1612 sancto
3709 1558 3820 1613 Ro-

2196 1659 2382 1705 mano,
2409 1645 2551 1698 sicut
2602 1652 2817 1700 resonat
2845 1646 2898 1700 in
2933 1647 3119 1701 charta
3149 1665 3314 1719 quam
3359 1649 3611 1704 fecerunt
3641 1650 3819 1704 Gaus-

2119 1768 2169 1835 B
2199 1735 2388 1790 fredus
2415 1752 2600 1791 comes
2631 1745 2684 1792 et
2732 1737 3027 1809 episcOpus
3058 1739 3345 1794 Suniarius
3370 1741 3437 1795 ad
3462 1741 3574 1810 jam
3603 1742 3818 1797 dictum

2197 1826 2535 1881 ctrnobium.

2270 1920 2400 1973 Item
2425 1918 2815 1974 confirmamus
2859 1920 2925 1974 ad
2961 1920 3140 1991 ipsum
3177 1921 3492 1976 cuanobium
3527 1921 3582 1975 in
3613 1937 3825 1993 perpe-

2198 2016 2350 2062 tuum
2404 2015 2654 2081 stagnum
2701 2010 2768 2061 de
2821 2008 3114 2064 Castilione
3164 2026 3290 2065 cum
3346 2011 3466 2081 ipso
3521 2011 3696 2083 gradu
3750 2010 3824 2065 de

2199 2116 2346 2154 mare
2378 2108 2432 2154 et
2457 2117 2579 2155 cum
2612 2100 2744 2170 ipsis
2785 2100 3000 2166 insulis,
3033 2100 3174 2155 sicut
3223 2105 3445 2156 resonat
3500 2102 3555 2156 in
3600 2118 3824 2172 praece-

2201 2200 2292 2261 pto
2338 2191 2598 2245 Ludovici
2649 2191 2813 2264 regis,
2847 2193 2963 2245 sive
3011 2192 3065 2246 in
3097 2193 3285 2247 charta
3344 2209 3507 2264 quam
3563 2194 3826 2248 fecerunt

2199 2285 2535 2339 Gauzfredus
2565 2302 2754 2340 comes
2785 2293 2837 2340 et
2867 2287 3153 2340 Suniarius
3191 2288 3487 2359 episc0pus
3516 2287 3584 2342 ad
3615 2304 3823 2343 mona-

2201 2374 2429 2428 sterium
2456 2376 2566 2443 jam
2603 2375 2829 2439 dictum,
2861 2383 2915 2429 et
2947 2382 3214 2445 quantum
3249 2375 3417 2432 habet
3472 2377 3654 2448 ipsum
3697 2393 3827 2432 mo-

2201 2467 2496 2520 nasterium
2555 2466 2608 2519 in
2683 2466 2808 2520 villa
2883 2466 3215 2522 Castellione
3271 2475 3324 2522 et
3407 2469 3461 2522 in
3510 2468 3636 2524 villa
3720 2469 3833 2523 Pa-

2203 2555 2374 2610 latioli
2439 2571 2602 2626 quem
2686 2563 2884 2610 vocant
2961 2556 3277 2610 Furtianum
3362 2557 3704 2627 superiorem
3773 2567 3836 2612 et

2201 2645 2595 2700 Furtianellum
2651 2645 2944 2709 minorem,
2988 2651 3043 2698 et
3078 2645 3322 2699 villarem
3377 2645 3640 2700 lldesindi
3693 2662 3827 2700 cum

2202 2734 2336 2804 ipsis
2383 2733 2593 2804 stagnis
2643 2741 2697 2787 et
2765 2733 3096 2803 piscatoriis,
3146 2740 3200 2787 et
3274 2734 3457 2788 omnia
3534 2751 3660 2805 quae
3722 2735 3832 2788 ha-

2202 2824 2296 2878 bet
2352 2823 2406 2877 in
2462 2823 2698 2877 termino
2771 2823 2840 2876 de
2908 2823 3028 2892 ipso
3091 2823 3224 2878 Faro
3286 2831 3338 2878 et
3390 2823 3531 2877 villae
3600 2823 3828 2880 Saccari

2200 2912 2417 2969 etvillte
2446 2927 2598 2966 novae
2652 2920 2705 2966 et
2736 2912 2925 2966 villare
2951 2913 3232 2987 Stagniolo
3279 2929 3402 2967 cum
3436 2912 3572 2984 ipsis
3609 2914 3831 2988 stagnis

2201 3013 2254 3059 et
2283 3004 2400 3058 suis
2426 3004 2824 3069 villarunculis,
2866 3011 2921 3058 et
2967 3012 3234 3076 quantum
3277 3004 3442 3058 habet
3473 3004 3528 3058 in
3561 3005 3688 3060 villa
3721 3005 3825 3060 Pe-

2201 3106 2381 3172 tralta,
2413 3112 2465 3160 et
2497 3103 2551 3157 in
2583 3104 2710 3158 villa
2736 3103 2991 3168 Oleastri,
3016 3110 3070 3158 et
3103 3105 3156 3158 in
3181 3103 3308 3158 villa
3329 3105 3382 3158 S.
3413 3105 3730 3172 Clementis,
3766 3114 3828 3162 et

2202 3195 2256 3248 in
2287 3194 2476 3248 villare
2517 3191 2812 3258 Dodolﬁni,
2846 3200 2901 3246 et
2937 3192 2994 3245 in
3030 3191 3291 3247 comitatu
3350 3192 3711 3264 lmpuritano,
3767 3203 3828 3248 et

2201 3292 2467 3356 quantum
2506 3281 2669 3336 habet
2696 3282 2750 3337 in
2778 3281 2907 3337 villa
2939 3281 3220 3345 Militiano,
3256 3299 3419 3354 quem
3447 3292 3645 3337 vocant
3682 3283 3832 3338 San-

2202 3380 2349 3427 ctum
2382 3372 2622 3437 Petrum,
2654 3385 2710 3426 et
2740 3371 2794 3424 in
2827 3371 2957 3425 villa
2978 3373 3322 3426 Armentaria
3349 3388 3475 3428 cum
3503 3373 3621 3443 ipsa
3643 3374 3829 3429 eccle-

2203 3463 2284 3516 sia
2324 3462 2380 3516 S.
2411 3462 2644 3527 Martini,
2681 3469 2736 3516 et
2784 3463 2838 3516 in
2872 3461 2999 3516 villa
3028 3461 3295 3530 Mucroni,
3353 3470 3408 3518 et
3449 3463 3504 3517 in
3534 3463 3663 3518 villa
3723 3464 3836 3520 Co-

2204 3554 2399 3616 lumbi,
2430 3562 2485 3608 et
2516 3554 2571 3608 in
2613 3555 2740 3608 villa
2769 3555 3056 3610 Chaniano
3085 3569 3210 3610 cum
3238 3555 3475 3610 ecclesia
3505 3555 3556 3610 S.
3583 3555 3830 3612 Martini.

2203 3651 2257 3698 et
2288 3645 2341 3698 in
2373 3644 2501 3698 villa
2531 3644 2828 3712 Suntrana,
2873 3651 2926 3699 et
2953 3645 3009 3698 in
3041 3645 3168 3699 villa
3200 3645 3484 3710 Dalmalia,
3525 3653 3580 3701 et
3610 3645 3664 3700 in
3692 3647 3835 3702 villa

2204 3732 2517 3801 'l‘orricella,
2558 3741 2612 3788 et
2642 3734 2698 3787 in
2736 3733 2865 3788 villa
2905 3733 3171 3788 Rinbeuri
3202 3734 3423 3789 mortui.
3461 3736 3519 3790 Et
3561 3736 3617 3789 in
3645 3737 3831 3791 comi—

2205 3829 2318 3878 tatu
2351 3821 2762 3889 Bisuldunensi,
2790 3831 3054 3894 quantum
3085 3822 3249 3878 habet
3280 3823 3336 3877 in
3371 3824 3498 3878 villa
3525 3823 3702 3880 Lertio
3735 3827 3835 3881 vel

2204 3915 2258 3968 in
2285 3914 2654 3982 molendinos,
2685 3915 2771 3969 vel
2793 3913 2850 3968 in
2879 3914 3132 3985 Tapiolas
3160 3931 3295 3986 quas
3323 3925 3523 3972 vocant
3550 3917 3821 3992 Figarias.

2205 4004 2267 4059 Et
2297 4005 2351 4058 in
2382 4005 2643 4059 comitatu
2687 4003 3050 4070 Gerundensi,
3095 4004 3275 4075 ipsum
3323 4021 3575 4060 mansum
3607 4006 3701 4077 qui
3739 4016 3830 4063 est

2202 4091 2344 4146 infra
2395 4107 2581 4146 muros
2620 4092 2868 4162 ejusdem
2919 4092 3174 4158 civitatis,
3221 4099 3276 4148 et
3325 4093 3506 4148 villam
3566 4093 3823 4150 Palatioli

2201 4198 2326 4238 cum
2353 4183 2599 4237 Ecclesia
2629 4184 2682 4238 8.
2718 4185 2957 4249 Genesii,
2991 4193 3045 4240 et
3069 4183 3362 4239 ecclesiam
3393 4191 3594 4240 sanctae
3621 4185 3816 4241 Mariae

2203 4279 2256 4334 in
2292 4280 2547 4349 Blandas,
2576 4289 2632 4336 et
2655 4279 2944 4335 ecclesiam
2977 4281 3148 4336 sancti
3182 4279 3408 4348 Juliani,
3437 4287 3491 4336 et
3519 4280 3819 4337 Ecclesiam

2203 4377 2377 4431 sancti
2410 4376 2662 4450 Gaugini,
2695 4384 2750 4432 et
2776 4376 2958 4431 villam
2985 4377 3193 4448 Felgari
3231 4393 3355 4431 cum
3384 4376 3614 4431 ecclesia
3637 4378 3822 4432 sancti

491 4455 608 4560 fam
633 4459 805 4514 usque
838 4444 890 4499 in
923 4448 1142 4503 mellam
1185 4451 1500 4522 νθηῑοεᾶῐην
1534 4466 1587 4513 ει
1631 4460 1682 4514 in
1717 4461 1895 4532 ipsum
1927 4480 2100 4536 usque
2123 4492 2177 4560 D
2206 4472 2484 4544 Cypriani,
2532 4479 2586 4526 et
2617 4472 3142 4544 Ecclesiamssnctae
3182 4472 3366 4537 Justae,
3397 4488 3520 4526 cum
3581 4471 3824 4527 decimis

511 4547 669 4560 Anum
715 4534 804 4560 an:
843 4544 1073 4560 -..ιιι-ι---
1107 4540 1163 4560 ,1-
1199 4543 1278 4560 ---ι
1307 4543 1316 4560 I
1391 4545 1427 4560 ἢ
1493 4547 1524 4560 μ
1697 4557 1704 4560 .
1943 4553 1976 4560 -.
2088 4555 2100 4560 -

488 4532 669 4586 locum
712 4534 807 4604 qui
843 4544 1073 4592 vocatur
1101 4540 1168 4594 de
1197 4543 1355 4597 valde
1391 4545 1624 4620 Budiga,‘
1657 4557 1711 4604 et
1755 4532 2102 4608 ascendit-ad

490 4625 665 4694 ipsam
714 4642 956 4695 crucem,
989 4629 1177 4703 sicque
1215 4633 1505 4691 descendit
1529 4655 1703 4711 usque
1746 4641 1803 4696 in
1850 4644 1991 4699 viam
2034 4646 2104 4701 de

484 4713 746 4781 jamdicta
787 4731 947 4772 cruce
979 4735 1077 4789 per
1105 4720 1276 4792 ipsam
1306 4725 1502 4780 vallem
1537 4744 1712 4800 usque
1754 4731 1810 4785 in
1844 4733 1996 4808 reigo
2033 4736 2101 4790 de

492 4803 720 4878 Budiga.
772 4805 905 4861 Inde
937 4808 1225 4865 descendit
1271 4812 1325 4867 in
1375 4816 1575 4872 collum
1630 4821 1698 4875 de
1742 4803 2011 4890 Terrario,
2046 4835 2101 4880 et

490 4895 744 4962 pervenit
785 4895 840 4950 in
880 4899 1249 4957 summitatem
1293 4907 1496 4962 montis
1537 4926 1700 4980 quem
1751 4911 1944 4968 dicunt
2000 4914 2108 4969 Ro-

493 4985 595 5039 cha
629 4987 870 5044 Merena.
909 4991 1117 5048 Deinde
1175 5011 1205 5050 a
1254 5005 1408 5068 parte
1442 5000 1593 5056 circii
1622 5002 2014 5061 descendendo
2054 5013 2108 5062 et

491 5083 846 5142 ascendendo
901 5091 1154 5158 pervenit
1223 5093 1277 5147 in
1330 5097 1702 5153 summitatem
1770 5099 1838 5155 de
1884 5100 2107 5158 Wardia

492 5172 779 5241 Maurisca,
821 5187 877 5234 et
905 5182 1086 5256 pergit
1123 5200 1221 5255 per
1257 5201 1528 5244 summam
1583 5206 1790 5245 serram
1829 5208 2005 5264 usque
2045 5192 2102 5247 in

492 5268 696 5337 parada
723 5269 792 5324 de
843 5271 1121 5340 Durando,
1164 5284 1218 5332 et
1264 5281 1514 5350 pervenit
1555 5298 1655 5353 per
1684 5299 1953 5339 summam
1983 5301 2104 5340 ser-

491 5371 607 5408 ram
639 5373 818 5429 usque
847 5361 903 5416 in
948 5363 1162 5419 rederix
1198 5367 1266 5422 de
1304 5376 1493 5425 sancto
1525 5370 1778 5428 Genesio.
1814 5373 1876 5428 Et
1918 5389 2106 5429 ascen-

493 5446 575 5500 dit
617 5464 718 5518 per
754 5465 1022 5510 summam
1069 5472 1276 5513 serram
1317 5460 1373 5514 in
1405 5461 1586 5532 ipsum
1618 5466 1844 5538 pugium
1884 5466 1979 5538 qui
2017 5475 2103 5524 est

496 5549 666 5604 super
711 5535 892 5604 ipsum
926 5543 1338 5612 Rovescarium,
1393 5557 1447 5604 et
1477 5535 1762 5608 descendit
1798 5535 2101 5625 per'ipsam

491 5629 815 5715 serramiad
863 5633 978 5701 jam
1021 5635 1221 5692 dictam
1267 5639 1484 5696 medam
1527 5661 1649 5715 qua:
1707 5654 1792 5700 est
1839 5646 1989 5700 intus
2045 5645 2104 5700 in

495 5726 666 5765 mare.
713 5714 845 5776 llem
885 5725 1027 5780 infra
1083 5725 1183 5781 hos
1244 5729 1508 5787 terminos
1553 5714 1952 5792 conﬁrmamus
2003 5736 2101 5792 tibi

2208 4568 2262 4616 et
2305 4560 2562 4631 primitiis
2601 4568 2654 4614 et
2711 4559 3091 4615 oblationibus
3145 4561 3214 4614 ad
3268 4561 3490 4616 easdem
3549 4560 3826 4616 Ecclesias

2205 4648 2630 4719 pertinentibus,
2673 4657 2727 4702 et
2761 4647 2942 4718 ipsum
2976 4649 3165 4720 pinum
3190 4650 3283 4721 qui
3326 4649 3428 4703 fuit
3475 4649 3542 4704 de
3577 4650 3822 4718 Borello,

2203 4748 2257 4795 et
2305 4741 2524 4795 alaudia
2570 4740 2922 4796 Soccoronio.
2973 4741 3035 4795 Et
3078 4742 3132 4795 in
3186 4741 3450 4797 comitatu
3509 4742 3820 4796 Barchino-

2208 4834 2387 4898 nensi,
2431 4842 2487 4888 et
2521 4833 2576 4887 in
2607 4833 2866 4898 Vallensi,
2914 4833 2968 4887 in
2996 4841 3182 4889 monte
3225 4833 3437 4906 Signio,
3493 4841 3547 4888 et
3578 4835 3632 4888 in
3679 4836 3826 4891 valle

2207 4924 2476 4990 Jordaria,
2509 4930 2776 4995 quantum
2810 4922 3018 4978 ibidem
3050 4922 3233 4978 habet.
3273 4923 3331 4976 Et
3353 4923 3406 4976 in
3433 4923 3562 4978 villa
3588 4923 3825 4993 Larona,

2208 5025 2263 5070 et
2289 5016 2345 5070 in
2368 5014 2579 5089 Agello,
2613 5021 2668 5069 et
2699 5015 2753 5068 in
2780 5014 3060 5070 Terminio
3099 5014 3168 5069 de
3200 5014 3456 5069 Olerdula
3485 5015 3540 5068 in
3575 5015 3830 5072 Penades

2207 5107 2457 5162 alaudem
2505 5107 2600 5180 qui
2671 5107 2774 5162 fuit
2824 5107 2892 5162 de
2951 5107 3245 5163 Guilischo.
3320 5107 3384 5161 Et
3442 5106 3497 5162 in
3557 5109 3826 5164 comitatu

2204 5200 2442 5264 Ausona,
2499 5209 2765 5272 quantum
2815 5199 2984 5254 habet
3028 5199 3082 5254 in
3113 5200 3242 5276 villa
3289 5199 3480 5274 Berga,
3521 5215 3645 5254 cum
3706 5201 3828 5272 ipsa

2205 5289 2438 5344 ecclesia
2467 5289 2677 5344 Sanctae
2709 5289 2924 5345 Ceciliae
2956 5304 3082 5343 cum
3112 5304 3212 5343 suo
3235 5289 3451 5355 alaude,
3482 5296 3538 5344 et
3561 5289 3826 5345 alaudem

2206 5395 2370 5451 quem
2421 5378 2589 5434 habet
2637 5379 2691 5432 in
2727 5377 2984 5433 terminio
3038 5377 3108 5431 de
3166 5386 3346 5432 castro
3379 5378 3646 5442 Cardona,
3682 5388 3738 5434 et
3771 5380 3826 5435 in

2207 5471 2509 5526 Correzano
2540 5471 2829 5526 ecclesiam
2878 5469 3089 5524 Sanctae
3135 5469 3316 5524 Mariae
3348 5479 3406 5525 et
3459 5470 3644 5525 Sancti
3683 5471 3826 5526 Petri

2207 5574 2330 5613 cum
2357 5548 2456 5612 suo
2495 5558 2714 5613 alaude.
2748 5558 2809 5612 Et
2849 5558 2904 5611 in
2932 5557 3194 5612 comitatu
3227 5559 3548 5623 Paliarensi,
3577 5558 3730 5627 juxta
3754 5559 3830 5614 ci-

2206 5646 2430 5702 vitatem
2465 5646 2846 5713 Liminianam,
2876 5645 3171 5701 ecclesiam
3209 5647 3260 5703 S.
3291 5647 3525 5703 Andreas
3556 5655 3612 5703 et
3639 5649 3830 5703 omnia

2207 5751 2332 5806 quas
2360 5735 2529 5791 habet
2571 5737 2627 5792 in
2661 5735 2858 5793 eodem
2893 5735 3176 5792 comitatu.
3220 5737 3282 5793 Et
3318 5737 3375 5791 in
3412 5736 3675 5792 comitatu
3705 5737 3830 5793 Cer-
