3978 6214
116 332 243 385 1089

1315 329 1650 385 EPISTOLAE
1693 328 1770 384 ET
1806 329 2204 385 PRlVll.EGlA.

3285 335 3426 393 1090

113 454 278 508 danize
318 453 369 506 in
399 452 527 507 villa
568 452 748 506 Atzela
779 453 1069 507 ecclesiam
1102 454 1153 507 S.
1214 454 1356 509 Petri
1387 463 1441 509 et
1493 454 1707 510 Sanctae
1732 455 1784 525 Α
1810 455 2328 510 misericordissimo
2386 456 2616 511 Domino
2648 457 2757 511 Deo
2803 467 2987 513 nostro
3011 462 3277 531 consequi
3309 479 3426 516 me-

114 548 374 607 Columbae
407 564 530 602 cum
590 548 819 602 decimis
858 556 910 603 et
970 548 1248 619 primitiis,
1316 558 1369 604 et
1421 550 1709 606 alaudibus

114 636 584 707 oblationibusque
634 637 702 690 ad
749 653 869 690 eam
900 637 1399 707 pertinentibus,et
1443 647 1708 710 quantum

114 728 267 782 habet
309 727 360 781 in
410 728 536 781 villa
593 729 707 794 Exi,
758 729 940 783 villam
997 729 1263 785 Villellam
1317 730 1709 786 iuConfluenti

108 834 221 871 cum
250 816 574 871 terminibus
624 817 758 871 suis.
822 818 884 873 Et
941 818 996 872 in
1033 820 1295 875 comitatu
1352 821 1710 875 Funilietensi

109 909 384 963 ecclesiam
416 910 470 961 S.
503 908 733 963 Andreae
762 909 815 963 in
860 910 1001 964 valle
1035 912 1329 975 Poziliano,
1360 921 1413 967 et
1444 922 1709 984 quantum

114 999 309 1053 ibidem
370 999 555 1054 habet.
612 1000 673 1055 Et
703 1002 858 1069 juxta
910 1018 1097 1057 muros
1144 1004 1409 1058 Narbona:
1462 1021 1712 1058 mansum

111 1105 291 1142 unum.
329 1088 386 1143 Et
448 1090 501 1142 in
556 1090 816 1144 comitatu
867 1091 1272 1146 Rossilionensi
1334 1093 1626 1147 ecclesiam
1657 1095 1709 1147 S.

111 1184 395 1238 Salvatoris
424 1200 549 1239 cum
574 1185 763 1239 villare
794 1186 1019 1251 Miliani,
1049 1196 1101 1240 et
1130 1187 1311 1242 villam
1378 1187 1629 1259 Lupiani,
1663 1196 1716 1243 et

110 1271 389 1327 ecclesiam
418 1282 621 1328 sanctae
670 1275 948 1330 Columbae
1004 1293 1126 1332 cum
1159 1277 1390 1331 decimis
1439 1284 1492 1332 et
1520 1278 1714 1348 primi-

110 1363 214 1427 tiis,
240 1371 293 1416 et
330 1364 513 1417 villam
544 1364 900 1433 Conjunctam
946 1385 1069 1423 cum
1102 1370 1216 1423 suis
1271 1368 1630 1436 molendinis,
1661 1375 1717 1422 et

107 1454 283 1508 villam
317 1456 595 1510 Pollestris
623 1474 745 1512 cum
779 1459 1013 1513 Ecclesia
1043 1461 1095 1514 S.
1132 1461 1368 1527 Martini,
1402 1478 1523 1515 cum
1566 1460 1718 1514 deci-

111 1545 210 1597 mis
240 1554 293 1600 et
324 1547 583 1616 primitiis
614 1558 777 1619 atque
810 1549 1120 1617 alaudibus,
1154 1558 1207 1605 et
1248 1550 1432 1604 villam
1464 1550 1719 1605 Torrilias

110 1652 230 1690 cum
252 1639 485 1692 ecclesia
511 1639 563 1693 S.
600 1640 765 1705 Petri,
792 1655 917 1694 cum
951 1640 1209 1711 primitiis
1235 1648 1289 1696 et
1314 1640 1714 1697 oblationibus.

111 1727 169 1781 Et
197 1728 249 1782 in
291 1729 551 1783 comitatu
568 1730 716 1785 Valle
747 1732 940 1801 Asperi
967 1733 1218 1787 alaudem
1245 1732 1313 1787 de
1339 1731 1645 1802 Campellos
1667 1738 1720 1785 et

111 1820 177 1873 de
207 1823 347 1875 valle
378 1822 559 1888 Crosa,
589 1830 642 1877 et
664 1824 847 1877 villam
874 1825 942 1879 de
975 1826 1091 1880 rivo
1122 1826 1358 1900 Nugario
1390 1842 1512 1879 cum
1540 1824 1721 1880 eccle-

108 1912 187 1966 sia
217 1914 269 1969 S.
308 1914 584 1969 Michaelis
601 1930 721 1969 cum
764 1916 1071 1983 deciinisfet
1105 1917 1379 1986 primitiis.

181 2001 429 2056 Decimas
460 2010 513 2057 et
539 2004 806 2074 primitias
834 2012 886 2058 et
916 2004 1228 2059 oblationes
1276 2006 1345 2058 de
1389 2005 1503 2073 jam
1557 2003 1720 2058 dictis

109 2092 380 2159 ecclesiis,
437 2102 489 2147 et
550 2096 943 2149 monasterium
1001 2096 1398 2167 supradictum,
1430 2102 1483 2149 et
1516 2095 1635 2150 loca
1668 2102 1723 2149 et

110 2188 293 2243 alodia
315 2206 438 2242 cum
468 2190 725 2243 omnibus
782 2190 1007 2257 finibus,
1065 2191 1352 2255 limitibus,
1396 2190 1645 2245 terminis
1672 2198 1725 2245 et

108 2280 461 2349 adjacentiis,
492 2290 756 2351 quantum
781 2283 947 2337 hodie
966 2284 1142 2353 ipsum
1170 2284 1565 2338 monasterium
1589 2282 1726 2336 infra

112 2370 211 2423 hos
240 2370 533 2424 comitatus
572 2371 831 2441 superius
880 2373 1119 2443 scriptos
1140 2372 1327 2439 habet,
1348 2379 1399 2427 et
1432 2372 1727 2426 auxiliante

109 2463 221 2517 Deo
249 2462 623 2533 acquisiturus
672 2464 797 2530 erit,
850 2464 990 2533 juris
1036 2472 1239 2519 sanctae
1302 2466 1580 2527 Romanae,
1641 2463 1729 2517 cui

111 2552 222 2606 Deo
254 2560 481 2606 auctore
537 2553 899 2619 deservimus,
956 2555 1236 2621 Ecclesiae,
1283 2572 1313 2609 a
1346 2554 1599 2625 praesenti
1641 2570 1735 2609 se-

109 2644 292 2698 cunda
321 2644 632 2700 indictione
666 2647 843 2715 ipsum
881 2647 1267 2702 monasterium
1293 2646 1469 2713 villas,
1504 2652 1559 2700 et
1588 2645 1735 2699 alau-

110 2740 230 2803 des,
266 2747 321 2794 et
351 2740 636 2806 ecclesias,
670 2758 795 2797 cum
828 2742 1087 2799 omnibus
1118 2758 1309 2797 eorum
1360 2741 1733 2812 pertinentiis,

112 2842 170 2889 ut
192 2851 364 2905 supra
396 2834 618 2909 legitur,
652 2836 705 2890 in
737 2845 1066 2908 perpetuum
1129 2853 1228 2908 per
1267 2836 1432 2905 hujus
1460 2837 1734 2911 privilegii

109 2923 315 2977 seriem
349 2923 658 2978 stabilimus
690 2925 787 2979 tibi
846 2926 1063 2997 tuisque
1091 2925 1530 2989 successoribus,
1567 2924 1737 2979 desti-

109 3015 455 3079 nendum,et
481 3030 604 3069 cum
635 3016 727 3069 Dei
759 3016 955 3071 timore
996 3017 1301 3091 regendum
1321 3023 1374 3070 et
1406 3017 1739 3087 dispensan-

111 3104 269 3167 dum,
308 3103 385 3156 ita
414 3110 472 3157 ut
504 3103 686 3159 nullus
712 3120 954 3175 unquam
989 3122 1200 3180 regum,
1233 3106 1417 3160 nullus
1444 3106 1740 3177 episcopo-
1764 3144 1813 3214 Ο

114 3209 232 3214 mw
323 3191 616 3214 __-..-_-__--
684 3194 963 3214 ...μςμημΔ
1032 3194 1081 3214 εμ
1142 3194 1382 3214 φημι-.
1693 3204 1733 3214 -.

114 3209 263 3260 rum,
323 3191 620 3263 nullusque
684 3194 969 3247 hominum
1031 3194 1087 3247 in
1133 3194 1386 3264 quolibet
1425 3196 1617 3249 ordine
1686 3204 1741 3250 et

114 3281 435 3337 ministerio
465 3282 816 3347 constitutus,
850 3282 1052 3336 audeat
1115 3283 1350 3337 moleste
1380 3283 1563 3338 causis
1596 3285 1747 3355 ejus-

115 3372 245 3427 dem
271 3371 601 3426 monasterii
646 3372 986 3439 incumbere,
1011 3380 1065 3427 et
1086 3373 1207 3427 haec
1233 3374 1440 3440 omnia,
1488 3382 1547 3429 ut
1578 3392 1745 3446 supra

108 3463 386 3531 jussimus
412 3460 465 3514 in
498 3468 829 3531 perpetuum
851 3461 1166 3531 persistant,
1189 3468 1493 3517 statuentes
1523 3472 1748 3533 aposto-

115 3558 222 3614 lica
242 3572 481 3613 censura
510 3556 612 3610 sub
661 3556 832 3609 divini
886 3556 1081 3623 judicii
1125 3555 1497 3611 obtestatione
1528 3566 1581 3612 et
1611 3575 1745 3613 ana-

118 3650 390 3705 thematis
417 3647 805 3702 interdictione
833 3654 893 3701 ut
924 3648 1106 3701 nullus
1136 3665 1378 3719 unquam
1433 3656 1743 3705 nostrorum

116 3754 511 3795 successorum
554 3737 875 3809 pontificum
923 3746 1217 3810 praesumat
1244 3740 1486 3811 aliquam
1514 3740 1624 3794 vim
1656 3747 1749 3795 aut

118 3830 473 3884 invasionem
526 3827 582 3881 in
630 3827 794 3882 rebus
834 3827 1008 3898 ipsius
1046 3830 1366 3884 monasterii
1392 3829 1590 3884 facere.
1622 3830 1749 3885 Post

116 3921 345 3976 obitum
378 3933 507 3971 vero
546 3917 759 3971 abbatis
821 3934 985 3973 nemo
1040 3918 1113 3972 ibi
1166 3918 1419 3974 abbatem
1450 3921 1749 3975 constituat

119 4011 233 4067 nisi
266 4024 438 4083 quem
472 4025 779 4065 consensus
807 4018 861 4065 et
909 4010 1217 4066 communis
1246 4011 1498 4066 voluntas
1520 4009 1748 4066 fratrum

118 4120 188 4159 ex
231 4103 360 4173 ipsa
408 4102 837 4175 congregatione
893 4102 1122 4177 elegerit
1159 4102 1463 4157 secundum
1494 4103 1665 4158 Deum
1696 4109 1750 4156 et

118 4194 174 4249 S.
232 4190 524 4246 Benedicti
583 4192 849 4263 regulam,
900 4194 1225 4264 nullumque
1285 4193 1571 4264 prannium
1633 4194 1748 4247 sive

118 4289 344 4357 donum
372 4301 470 4355 pro
498 4288 911 4343 consecratione
938 4289 1083 4343 illius
1108 4289 1308 4360 aliquis
1335 4288 1587 4359 accipere
1614 4304 1751 4344 con-

118 4384 346 4440 tendat.
379 4382 504 4436 Etsi
527 4398 652 4436 eum
684 4384 855 4456 gratis
877 4385 1172 4455 epiSCOpus
1196 4386 1453 4441 ordinare
1486 4384 1747 4451 noluerit,

1813 553 1995 598 reatur
2022 544 2076 597 in
2108 544 2306 599 saecula
2344 545 2693 600 saeculorum.
2718 547 2907 600 Amen.

1882 634 2152 704 Scriptum
2183 650 2280 704 per
2312 650 2538 689 manum
2572 636 2834 705 Stephani
2897 639 3091 692 notarii
3129 639 3426 712 regionarii

1813 730 1868 777 et
1922 724 2193 777 scriniarii
2240 732 2437 778 nostrae
2485 726 2801 795 apostolicae
2852 727 3041 781 matris
3084 728 3337 783 Ecclesiae
3374 729 3429 783 in

1811 830 2001 869 mense
2032 814 2233 886 Aprilis
2264 822 2317 869 et
2347 816 2652 872 indictione
2680 820 2943 873 secunda.
2978 820 3122 873 Bene
3152 820 3349 876 valete.

2530 930 2716 998 VH1).

1814 1022 2127 1077 Benedictus
2180 1039 2327 1093 papa
2372 1025 2441 1077 Vl
2491 1026 2808 1077 monasterii
2836 1025 2890 1079 S.
2946 1026 3169 1082 Cxcilz’ua
3197 1030 3429 1083 Montis-

2206 1098 2405 1149 εει-ναίὴ
2426 1098 2723 1164 privilegia
2743 1098 3042 1164 conﬁrmat.

2451 1183 2634 1253 (Anno
2655 1184 2814 1253 972.)

2128 1270 2281 1341 [Dum
2306 1272 2579 1339 Bououar,
2610 1275 2841 1341 Recucil,
2868 1276 2949 1329 IX.
2985 1277 3131 1347 241.]

1888 1366 2219 1422 BENEDICTUS
2258 1368 2572 1439 episcopus,
2628 1386 2821 1425 servus
2851 1388 3132 1427 servorum
3170 1375 3284 1441 Dei,
3326 1375 3435 1431 Ca;-

1819 1471 1974 1510 ssmo
2030 1455 2217 1510 abbati
2276 1458 2611 1512 venerabilis
2661 1461 2899 1514 coenobii
2948 1463 3165 1518 Sancta}
3221 1466 3434 1521 Ceciliae.

1820 1540 2240 1610 Moutisserrati,
2273 1554 2328 1598 et
2358 1552 2567 1599 cunctae
2601 1556 2706 1601 tuae
2764 1552 3176 1624 congregationi
3210 1570 3433 1610 succes-

1820 1630 2149 1701 soribusque
2178 1632 2286 1686 tuis
2317 1643 2640 1704 perpetuam
2676 1636 2731 1690 in
2760 1637 2989 1693 Domino
3015 1640 3266 1695 salutem.

1893 1727 2157 1791 Quoniam
2176 1730 2531 1784 concedenda
2562 1740 2689 1787 sunt
2728 1749 2851 1803 quae
2885 1734 3306 1791 rationabilibus
3333 1738 3435 1792 de-

1820 1814 2040 1869 sideriis
2072 1817 2347 1887 pertinere
2370 1827 2694 1887 noscuntur,
2717 1830 2904 1876 nostra
2934 1824 3232 1894 apostolica
3254 1838 3440 1884 aucto-

1825 1910 1974 1976 ritas,
2007 1910 2074 1963 ad
2112 1911 2475 1967 roborandam
2510 1914 2656 1984 piam
2683 1914 2925 1970 fidelium
2974 1918 3356 1986 devotionem,
3382 1924 3437 1978 in

1825 2004 2146 2073 praestandis
2177 2005 2478 2078 privilegiis
2508 2006 2674 2061 debet
2705 2008 2929 2063 minime
2953 2010 3236 2086 abnegari.
3268 2014 3442 2087 Igitur

1823 2093 2151 2149 excellentia
2180 2104 2270 2149 tua
2300 2096 2667 2151 etlaudabilis
2688 2102 3054 2157 mansuetudo
3089 2106 3383 2173 postulavit
3407 2124 3436 2161 a

1826 2182 1988 2237 nobis
2006 2190 2277 2254 quatenus
2307 2186 2609 2255 apostolica
2656 2190 2978 2244 auctoritate
3012 2207 3110 2261 per
3140 2194 3243 2249 hoc
3276 2195 3442 2265 privi-

1828 2274 2031 2348 legium
2062 2277 2559 2332 concederemuset
2591 2279 3044 2336 confirmaremus
3088 2284 3184 2338 tibi
3222 2286 3443 2358 tuisque

1829 2366 2245 2420 successoribus
2276 2368 2329 2421 in
2378 2376 2705 2437 perpetuum
2738 2372 3116 2439 supradictum
3160 2385 3444 2431 monaste-

1833 2455 1997 2521 rium,
2030 2472 2151 2511 cum
2182 2458 2440 2512 omnibus
2466 2460 2790 2526 adjacentiis
2828 2470 2881 2515 et
2912 2464 3287 2533 pertinentiis,
3324 2483 3445 2521 cum

1832 2545 2036 2602 finibus
2064 2550 2428 2622 terminisque
2452 2552 2587 2605 suis.
2619 2552 2682 2606 Et
2714 2554 2839 2609 ideo
2874 2555 2982 2609 tuis
3014 2558 3121 2627 piis
3152 2558 3446 2614 desideriis

1832 2634 2099 2704 faventes,
2126 2646 2310 2694 nostra
2357 2642 2660 2711 apostolica
2715 2644 3039 2700 auctoritate
3095 2646 3445 2706 decernimus

1834 2726 1903 2779 ad
1931 2726 2110 2797 ipsum
2144 2728 2429 2798 praefatum
2472 2732 2685 2788 Sanctae
2755 2734 2973 2789 Ceciliae
3029 2740 3448 2807 monasterium,

1836 2834 1959 2874 cum
1998 2821 2112 2875 suis
2142 2822 2389 2877 terminis
2442 2830 2495 2877 et
2533 2824 2879 2893 adjacentiis,
2922 2833 2975 2881 et
3030 2842 3156 2883 cum
3195 2829 3455 2885 omnibus

1838 2930 1961 2984 quae
1987 2914 2217 2970 inferius
2265 2918 2637 2973 continentur.
2699 2921 2777 2974 Ita
2830 2937 2962 2975 sane
3010 2928 3069 2976 ut
3112 2923 3298 2978 nullus
3328 2942 3442 2991 rex,

1839 3005 2310 3078 archiepiscOpus,
2368 3008 2682 3080 episcopus,
2748 3026 2956 3078 comes,
3010 3014 3097 3068 vel
3145 3014 3457 3071 vicecomes

1839 3110 1939 3149 seu
1960 3096 2144 3168 aliqua
2171 3114 2373 3173 magna
2401 3116 2678 3173 parvaque
2728 3119 2966 3174 persona
2996 3104 3239 3174 subjure
3270 3113 3325 3161 et
3356 3108 3460 3163 do-

1847 3185 2019 3242 minio
2045 3202 2147 3242 suo
2176 3190 2498 3257 praedictum
2532 3194 2929 3248 monasterium
2991 3193 3211 3249 mittere
3236 3194 3461 3263 audeat,

1844 3284 2033 3331 etnon
2083 3278 2279 3334 habeat
2341 3286 2667 3350 potestatem
2710 3283 2795 3337 vel
2828 3284 3102 3339 licentiam
3150 3284 3454 3340 inalienare

1844 3365 2098 3421 eumdem
2129 3369 2332 3437 locum,
2356 3372 2442 3426 vel
2464 3372 2569 3426 sub
2585 3373 2812 3427 alterius
2848 3375 3172 3429 monasterii
3202 3375 3462 3431 domina-

1845 3458 1994 3513 tione
2022 3460 2346 3517 submittere
2378 3481 2392 3529 ;
2436 3464 2534 3518 sed
2600 3480 2821 3536 semper
2874 3466 3105 3521 liberum
3139 3476 3194 3522 et
3223 3469 3461 3526 solidum

1846 3548 2086 3605 retineas
2106 3558 2213 3605 tua":
2234 3569 2298 3608 ac
2329 3553 2586 3609 Romanae
2628 3555 2875 3609 ecclesia:
2934 3557 3187 3628 potestati
3219 3576 3231 3611 :
3266 3565 3318 3613 et
3336 3561 3464 3614 nul-

1849 3644 1935 3696 lus
1966 3644 2293 3713 mortalium,
2341 3663 2463 3718 quae
2494 3646 2570 3701 ibi
2624 3657 2753 3703 sunt
2785 3650 2948 3705 modo
2975 3650 3059 3705 vel
3087 3661 3273 3718 erunt,
3312 3655 3471 3712 inva-

1852 3732 1983 3787 dere
2009 3734 2092 3788 vel
2114 3752 2377 3808 usurpare
2410 3744 2723 3808 prmsumat,
2754 3747 2848 3793 aut
2885 3738 3080 3794 fratres
3112 3742 3318 3798 ibidem
3348 3762 3467 3801 ser-

1847 3826 2060 3881 vientes
2088 3827 2397 3900 inquietare
2449 3848 2463 3895 ;
2508 3830 2582 3885 ita
2628 3838 2687 3885 ut
2735 3832 2920 3886 nullus
2968 3849 3209 3905 unquam
3240 3853 3459 3912 regum,

1852 3915 2037 3970 nullus
2066 3919 2479 3990 episc0porum,
2511 3919 2802 3992 nullusque
2818 3921 3096 3977 hominum
3125 3924 3179 3977 in
3210 3927 3464 3995 quolibet

1851 4008 2046 4063 ordine
2078 4013 2456 4069 etministerio
2484 4014 2817 4070 constitutus
2861 4014 3061 4070 audeat
3089 4017 3317 4071 moleste
3337 4034 3463 4073 cau-

1852 4098 1927 4153 sis
1964 4100 2212 4168 ejusdem
2236 4104 2553 4159 monasterii
2586 4106 2927 4171 incumbere,
2951 4122 3051 4161 nec
3083 4107 3472 4165 hominesillo—

1851 4210 1968 4249 rum
1996 4210 2095 4264 per
2123 4195 2288 4249 ullam
2319 4213 2537 4252 causam
2580 4198 2931 4273 distringere.
2971 4200 3029 4254 Et
3059 4201 3238 4272 ipsum
3270 4219 3471 4259 mona-

1851 4285 2101 4352 sterium,
2130 4285 2286 4339 villas
2306 4293 2361 4341 et
2389 4287 2601 4356 alodes,
2635 4289 2877 4344 decimas
2909 4296 2962 4345 et
2992 4291 3282 4361 primitias,
3325 4311 3464 4366 quas

1853 4372 2059 4427 dudum
2092 4374 2283 4428 habuit
2321 4382 2374 4429 et
2414 4375 2471 4429 in
2515 4384 2678 4432 antea
2726 4379 3065 4450 acquisierit,
3107 4388 3161 4434 et
3209 4383 3471 4439 ecclesias

120 4476 195 4530 ad
228 4474 396 4543 cujus
419 4473 704 4528 dimcesim
738 4475 853 4545 ipse
881 4476 1119 4546 pertinet
1150 4477 1325 4544 locus,
1358 4477 1442 4532 vel
1475 4494 1504 4531 ι
1562 4486 1748 4533 nostra
1769 4438 1828 4507 D
1863 4487 1985 4527 cum
2012 4471 2273 4527 omnibus
2294 4489 2485 4529 eorum
2540 4475 2911 4546 pertinentiis,
2941 4483 3001 4531 ut
3036 4479 3292 4549 superius
3336 4480 3477 4553 legi-

121 4566 386 4620 Romana
450 4568 622 4617 matre
653 4563 891 4618 Ecclesia
931 4565 1018 4619 vel
1062 4582 1091 4619 a
1146 4580 1476 4637 quocunque
1528 4567 1763 4622 voluerit

118 4656 408 4729 episc0po
441 4668 539 4723 per
560 4660 801 4710 nostram
833 4655 1215 4710 auctoritatem
1250 4656 1421 4712 libere
1450 4656 1754 4713 ordinetur.

119 4748 179 4802 Si
225 4744 361 4817 quis
390 4746 761 4816 autem,quod
780 4762 890 4801 non
920 4753 1194 4816 Optamus,
1211 4747 1420 4803 nefario
1452 4765 1589 4803 ausu
1616 4764 1758 4819 prae-

117 4836 442 4908 sumpserit
498 4838 636 4904 haec,
691 4854 813 4909 quae
852 4855 883 4893 a
936 4838 1095 4894 nobis
1150 4840 1217 4894 ad
1278 4839 1755 4895 honorificentiam

118 4924 359 4984 Domini
406 4926 576 4982 nostri
625 4927 758 4982 Jesu
800 4927 994 4982 Christi
1023 4944 1121 4999 pro
1153 4928 1453 4983 stabilitate
1477 4930 1588 5001 jam
1623 4930 1754 4985 dicti

120 5018 465 5074 monasterii
506 5025 866 5085 statutasunt,
904 5018 1236 5090 transgredi,
1270 5019 1407 5073 sciat
1438 5035 1496 5073 se
1527 5020 1764 5075 anathe-

120 5110 304 5166 matis
325 5110 547 5165 vinculo
580 5110 925 5177 innodatum,
955 5117 1009 5165 et
1056 5126 1181 5166 cum
1223 5110 1470 5179 diabolo,
1499 5119 1554 5168 et
1574 5113 1763 5168 omni-

121 5202 237 5255 bus
268 5198 459 5269 impiis
490 5202 683 5256 aeterni
718 5200 963 5255 incendii
988 5201 1331 5257 atrocissimo
1359 5203 1634 5274 supplicio
1665 5204 1763 5259 de-

120 5298 415 5366 putatum.
442 5294 507 5349 At
533 5312 661 5351 vero
694 5298 787 5368 qui
820 5297 911 5368 pio
942 5297 1141 5353 intuitu
1160 5304 1344 5354 custos
1376 5299 1764 5355 etobservator

120 5395 335 5438 eorum
367 5382 654 5449 exstiterit,
696 5386 1030 5442 omnimodae
1074 5387 1482 5444 benedictionis
1509 5388 1759 5463 gratiam.

118 5468 508 5541 omniumque
535 5472 917 5544 ipeccatorum
960 5491 1184 5532 suorum
1244 5477 1675 5545 absolutionem,
1709 5487 1765 5534 et

119 5557 383 5617 cmlestis
404 5560 527 5615 vitae
576 5562 974 5621 beatitudinem
998 5582 1121 5623 cum
1149 5566 1357 5623 sanctis
1411 5576 1465 5623 et
1502 5567 1697 5623 electis
1732 5584 1762 5622 a

209 5703 295 5774 (1)
335 5701 594 5760 Dubium.

1862 4570 1965 4624 tur,
2009 4562 2063 4617 in
2089 4569 2414 4633 perpetuum
2449 4580 2547 4631 per
2599 4565 2916 4633 huiusmodi
2959 4566 3231 4641 privilegii
3270 4568 3470 4624 seriem

1861 4652 2165 4709 stabilimus
2217 4654 2316 4707 tibi
2359 4654 2577 4726 tuisque
2625 4648 3039 4711 successoribus
3084 4658 3469 4725 detinendam,

1859 4760 1921 4799 ac
1951 4745 2044 4799 Dei
2077 4760 2199 4799 cum
2251 4752 2488 4800 tremore
2532 4746 2859 4818 regendum,
2912 4752 2967 4801 et
3009 4742 3467 4818 dispensandum.

1863 4834 1921 4888 Et
1952 4835 2071 4889 haec
2116 4835 2322 4901 omnia,
2370 4842 2429 4889 ut
2481 4850 2648 4906 supra
2700 4836 2985 4905 jussimus,
3036 4843 3149 4891 tota
3178 4837 3232 4891 iu
3267 4854 3472 4909 perpe-

1862 4934 2012 4982 tuum
2038 4926 2360 4996 persistant.
2410 4924 2732 4979 Statuentes
2773 4924 3078 4995 apostolica
3107 4942 3341 4981 censura
3370 4928 3473 4981 sub

1864 5015 2037 5073 divini
2062 5015 2257 5086 judicii
2305 5015 2671 5071 obtestatione
2725 5021 2780 5071 et
2824 5016 3190 5071 anathematis
3242 5018 3479 5072 interdi-

1863 5108 2067 5174 ctione,
2091 5115 2150 5163 ut
2199 5108 2381 5162 nullus
2422 5124 2667 5179 unquam
2715 5116 3029 5163 nostrorum
3088 5124 3475 5165 successorum

1864 5198 2188 5271 pontificum
2230 5204 2523 5270 praesumat
2569 5198 2808 5270 aliquam
2856 5197 2969 5252 vim
3008 5208 3105 5253 aut
3134 5198 3476 5253 invasionem

1866 5292 1921 5346 in
1947 5292 2110 5347 rebus
2137 5291 2315 5361 ipsius
2369 5290 2691 5346 monasterii
2714 5288 2914 5345 facere.
2950 5290 3078 5345 Post
3107 5290 3314 5345 obitum
3344 5306 3479 5346 vero

1864 5384 2078 5438 abbatis
2106 5398 2273 5438 nemo
2294 5382 2372 5437 ibi
2405 5381 2658 5438 abbatem
2685 5380 3000 5449 constituat,
3030 5382 3137 5437 nisi
3165 5397 3330 5454 quem
3350 5395 3483 5437 con-

1864 5495 2062 5534 sensus
2091 5485 2145 5533 et
2171 5478 2423 5534 voluntas
2460 5478 2771 5534 communis
2820 5476 3043 5532 fratrum
3078 5493 3143 5531 ex
3184 5476 3304 5547 ipsa
3333 5491 3479 5531 con-

1864 5566 2185 5641 gregatione
2242 5567 2475 5641 elegerit
2512 5567 2817 5624 secundum
2874 5567 2969 5622 Dei
3005 5566 3257 5623 timorem
3303 5570 3358 5619 et
3418 5565 3477 5621 S.
