3996 6232
159 285 267 346 197

780 283 1189 347 EXPOSITIU
1236 287 1313 348 ΙΝ
1363 289 1790 353 EPISTOLAS
1838 285 2096 357 PAULI.
2131 297 2316 358 -ΙΝ
2352 299 2594 360 EPIST.
2641 297 2744 360 AD
2791 303 2980 364 ROM.

3468 314 3582 377 £98

163 421 246 475 dit
274 416 436 473 enim
470 431 577 487 per
597 416 887 487 Spiritum
917 422 1208 488 sanctum,
1239 420 1467 476 futuros
1499 423 1821 493 haereticos,
1854 427 1907 492 Α
2008 430 2196 490 Quare
2217 435 2412 486 autem
2437 431 2800 502 impossibile
2820 439 2992 503 esset,
3017 439 3272 494 ostendit
3293 457 3424 497 cum
3448 445 3582 500 sub-

162 508 258 579 qui
308 506 582 562 dicerent
643 509 917 559 naturam
980 507 1187 561 animai
1243 525 1369 564 esse
1402 527 1434 564 a
1470 513 1602 581 Deo,
1635 513 1826 568 carnis

160 613 291 653 vero
323 613 358 651 a
394 594 666 665 principe
709 594 1115 662 tenebrarum;
1149 597 1395 667 ideoque
1438 600 1538 662 ait,
1571 617 1662 671 ego
1695 603 1826 672 ipse,

161 692 454 757 tanquam
487 683 711 738 diceret
745 699 758 737 :
793 700 907 738 non
958 689 1048 739 est
1091 692 1149 739 ut
1181 687 1472 754 asseritis;
1508 706 1620 744 non
1671 691 1827 745 enim

161 778 287 831 duas
319 780 379 829 et
409 773 727 828 contrarias
769 772 828 826 in
873 790 967 827 me
998 780 1137 828 sunt
1169 779 1410 843 naturas,
1447 794 1562 832 una
1609 797 1641 832 a
1691 779 1824 845 Deo,

167 865 348 920 altera
378 879 414 918 a
443 861 826 918 tenebrarum
878 862 1160 934 principe,
1196 865 1297 918 sed
1347 881 1452 935 ego
1497 867 1642 936 ipse,
1675 885 1829 923 unus

164 955 444 1023 idemque
479 950 656 1006 homo
704 967 877 1005 carne
930 951 1115 1006 servio
1174 951 1282 1022 legi
1342 956 1831 1024 peccati,scilicet

165 1039 672 1112 concupiscendo;
707 1043 901 1093 mente
941 1056 1096 1106 vero,
1128 1039 1240 1112 legi
1291 1041 1414 1107 Dei,
1449 1043 1504 1097 id
1554 1049 1661 1114 est,
1695 1059 1829 1098 con-

167 1128 553 1202 cupiscentiis
579 1128 927 1184 resistendo.

238 1222 478 1274 Poterat
522 1217 593 1272 ad
629 1218 750 1271 haec
782 1217 996 1288 aliquis
1025 1218 1217 1273 dicere
1253 1236 1265 1273 :
1310 1220 1448 1291 quia
1497 1237 1668 1276 carne
1719 1223 1829 1293 legi

173 1308 390 1380 peccati
452 1306 657 1369 servis,
714 1311 949 1376 propter
995 1306 1146 1360 hanc
1206 1308 1544 1364 servitutem
1605 1311 1828 1384 aliquid

175 1396 573 1451 damnationis
608 1395 890 1465 acquiris,
913 1412 986 1449 an
1021 1396 1177 1450 non?
1203 1397 1446 1468 Ideoque
1477 1400 1781 1468 subjunxit
1814 1419 1826 1457 :

177 1486 325 1555 (256)
363 1485 520 1555 (CAP.
543 1483 719 1553 Vlll.)
750 1482 903 1538 Nihil
930 1499 1057 1550 ergo
1086 1485 1235 1554 (257)
1266 1502 1415 1540 nunc
1461 1487 1830 1545 damnationis

175 1583 252 1628 est
280 1575 370 1640 iis,
411 1575 512 1644 qui
560 1577 692 1627 sunt
743 1574 802 1626 in
855 1572 1068 1628 Christo
1115 1577 1269 1639 Jesu,
1300 1580 1408 1630 etc.
1443 1581 1523 1631 Ac
1575 1578 1622 1631 si
1674 1579 1828 1634 dice-

175 1668 300 1717 ret:
335 1663 484 1733 (258)
519 1660 666 1715 nihil
710 1660 855 1714 mihi
886 1662 1283 1717 damnationis
1333 1670 1421 1718 est
1453 1682 1466 1717 :
1504 1682 1607 1718 nec
1638 1667 1828 1722 solum

176 1751 347 1818 mihi,
380 1751 483 1805 sed
531 1756 588 1804 et
634 1749 906 1804 omnibus
957 1751 1055 1821 qui
1104 1756 1242 1805 sunt
1292 1753 1347 1806 in
1382 1754 1614 1809 Christo
1666 1757 1827 1828 Jesu,

179 1831 276 1911 qui
301 1854 414 1894 non
443 1837 738 1894 secundum
767 1855 992 1893 carnem
1038 1841 1345 1896 ambulant.
1382 1841 1467 1896 Illi
1501 1847 1826 1900 secundum

177 1943 413 1982 carnem
446 1943 560 1982 non
593 1925 917 1992 ambulant,
938 1928 1058 1998 qui,
1083 1929 1190 1984 etsi
1223 1931 1665 2002 concupiscunt,
1689 1950 1824 1988 con-

179 2016 557 2088 cupiscentiis
587 2021 787 2071 tamen
836 2017 1058 2071 fortiter
1108 2018 1410 2084 resistunt,
1433 2025 1488 2074 et
1519 2021 1733 2077 idcirco
1766 2024 1824 2078 in

178 2105 403 2160 Christo
430 2105 574 2160 Jesu
625 2109 793 2169 sunt;
833 2106 1069 2176 quique,
1104 2107 1211 2160 etsi
1260 2113 1396 2162 ante
1441 2109 1824 2181 baptismum,

178 2194 656 2266 concupiscentia
681 2195 1054 2266 praebuerunt
1071 2212 1444 2262 consensum,
1466 2204 1565 2253 aut
1587 2200 1823 2271 aliquod

179 2283 462 2354 ﬂagitium
513 2283 959 2348 commiserunt,
1003 2299 1103 2353 per
1152 2292 1584 2341 sacramentum
1630 2293 1824 2344 tamen

184 2373 462 2443 baptismi
495 2376 553 2426 et
577 2371 873 2427 lavacrum
923 2374 1378 2444 regenerationis
1432 2380 1619 2430 totum
1652 2378 1710 2432 in
1742 2379 1825 2433 eis

178 2460 436 2515 deletum
462 2465 576 2527 est,
607 2460 854 2532 ideoque
885 2460 1031 2515 nihil
1071 2467 1158 2516 est
1191 2461 1275 2517 eis
1308 2464 1723 2520 damnationis.
1760 2467 1828 2521 Et

179 2553 458 2620 tanquam
493 2554 775 2619 quaereret
817 2547 1032 2620 aliquis
1062 2552 1356 2620 quomodo
1388 2569 1422 2606 a
1452 2554 1826 2610 damnatione

179 2635 456 2692 liberatus
505 2637 606 2703 sit,
657 2637 928 2691 addidit:
963 2639 1080 2692 Lex
1127 2641 1275 2694 enim
1320 2643 1554 2710 spiritus
1605 2646 1737 2700 vilic
1765 2645 1827 2698 in

182 2726 386 2781 8hristo
441 2729 568 2783 Jesu
625 2726 882 2781 liberavit
911 2743 993 2782 me
1041 2744 1075 2782 a
1122 2729 1234 2798 lege
1286 2732 1494 2798 peccati
1519 2734 1570 2785 et
1612 2737 1824 2787 mortis.

179 2815 318 2870 Ecce
343 2815 665 2887 Apostolus
712 2816 894 2870 tertiae
942 2816 1085 2887 legis
1135 2818 1490 2873 mentionem
1523 2821 1678 2875 facit.
1714 2823 1824 2876 Sed

183 2920 305 2975 quai
332 2909 420 2959 est
449 2904 575 2959 hac
611 2903 702 2959 lex
739 2904 984 2976 spiritus
1012 2910 1070 2961 et
1099 2905 1263 2961 vitae?
1295 2911 1422 2962 Haec
1452 2914 1541 2963 est
1570 2909 1661 2964 lex
1693 2911 1824 2966 ﬁdei

183 2998 236 3047 et
266 2992 708 3060 misericordiae;
742 2993 831 3048 lex
861 2993 983 3049 haec
1007 2999 1096 3050 est
1137 2995 1333 3067 gratiae
1360 2996 1672 3069 Evangelii,
1697 3015 1828 3070 quin

183 3081 308 3136 ideo
341 3081 434 3136 lex
462 3083 598 3138 vitae
641 3080 873 3152 dicitur,
907 3083 1006 3154 qui
1039 3100 1072 3137 a
1102 3089 1287 3140 morte
1325 3084 1565 3153 liberat;
1600 3088 1690 3141 lex
1715 3090 1825 3158 spi-

1939 516 2094 569 ditur
2129 535 2140 571 :
2177 519 2239 572 in
2278 535 2382 588 quo
2440 522 2844 588 infirmahatur
2897 539 3000 593 per
3056 541 3298 582 carnem.
3330 529 3584 590 Jubcbat

1937 605 2120 671 enim,
2145 609 2243 661 sed
2279 625 2393 662 non
2429 610 2776 677 adjuvabat;
2813 612 3044 667 inﬁrma
3076 623 3360 689 prmcepta
3382 621 3578 689 dabat,

1938 694 2036 746 sed
2073 711 2182 748 non
2218 699 2478 751 sanabat.
2515 697 2620 750 Per
2649 715 2881 753 carnem
2920 717 3049 754 vero
3076 703 3234 772 dicit,
3260 723 3359 776 per
3388 710 3582 764 carnis

1938 780 2417 852 intelligentiam;
2456 802 2588 838 nam
2640 785 2728 838 lex
2778 787 3118 857 spiritaliter
3167 792 3458 852 intellecta
3489 814 3582 852 ea-

1939 870 2069 923 dem
2103 878 2190 925 est
2221 877 2274 926 et
2304 875 2490 944 gratia
2523 874 2832 939 Evangelii.

2008 959 2147 1014 Deus
2178 963 2384 1016 Filium
2431 979 2591 1016 suum
2639 965 2863 1018 mittens
2919 969 2976 1019 in
3035 970 3404 1028 similitudine
3436 975 3584 1046 (259)

1938 1049 2126 1102 carnis
2181 1052 2404 1120 peccati.
2471 1051 2720 1106 Dicenda
2776 1070 2968 1121 suum,
3019 1060 3275 1115 ostendit
3330 1063 3470 1132 quia
3526 1068 3584 1120 et

1941 1137 2284 1208 priusquam
2320 1142 2646 1194 mitteretur
2671 1142 2847 1197 Filius
2877 1149 3020 1199 erat.
3047 1147 3112 1200 Et
3142 1153 3276 1202 nota
3307 1151 3443 1221 quia
3466 1169 3580 1208 non

1939 1224 2018 1278 ait
2052 1241 2064 1278 :
2097 1227 2157 1279 In
2189 1243 2356 1282 carne
2383 1232 2614 1299 peccati,
2647 1231 2743 1284 sed
2772 1232 2827 1284 in
2857 1234 3224 1290 similitudine
3251 1240 3435 1293 carnis
3459 1257 3579 1312 pec-

1938 1316 2052 1367 cati
2081 1331 2098 1365 :
2135 1315 2310 1369 Filius
2341 1317 2495 1371 enim
2529 1317 2628 1371 Dei
2661 1321 2917 1389 veniens,
2951 1339 3064 1376 non
3093 1339 3325 1380 carnem
3359 1329 3578 1398 peccati

1940 1401 2009 1455 de
2039 1402 2296 1474 Virgine,
2331 1406 2429 1459 sed
2475 1406 2922 1464 similitudinem
2957 1412 3149 1467 carnis
3195 1417 3411 1483 peccati
3443 1434 3579 1474 sus-

1939 1491 2110 1562 cepit.
2147 1494 2208 1546 In
2243 1510 2415 1548 carne
2449 1496 2663 1566 quippe
2714 1502 2949 1567 peccati,
2987 1517 3142 1556 mors
3184 1503 3360 1557 simul
3394 1512 3481 1560 est
3522 1512 3581 1564 et

1939 1585 2274 1650 peccatum;
2336 1583 2394 1635 in
2455 1584 2840 1641 similitudine
2899 1604 3030 1642 vero
3089 1592 3279 1647 carnis
3337 1594 3580 1664 peccati,

1940 1667 2064 1721 sola
2095 1686 2252 1722 mors
2301 1687 2476 1740 quam
2511 1672 2792 1727 Dominus
2825 1693 2926 1746 pro
2959 1678 3125 1732 nobis
3168 1681 3426 1750 pertulit,
3452 1684 3580 1738 nul-

1941 1755 2061 1809 lum
2108 1758 2346 1811 omnino
2381 1759 2599 1813 habens
2643 1767 2970 1830 peccatum;
3005 1767 3158 1820 unde
3208 1769 3410 1824 Petrus
3440 1789 3582 1842 apo-

1939 1844 2124 1898 stolus
2158 1864 2169 1900 :
2204 1849 2492 1901 Peccatum
2522 1866 2632 1903 non
2658 1853 2786 1919 fecit
2820 1853 2866 1920 (l
2892 1858 3042 1909 Petr.
3081 1872 3140 1920 ii,
3172 1858 3282 1927 22),
3314 1864 3426 1915 etc.

2009 1935 2070 1986 Et
2102 1934 2169 1988 de
2193 1944 2408 2004 peccato
2459 1936 2737 1991 damnavit
2781 1943 3062 2008 peccatum
3111 1944 3171 1996 in
3217 1961 3400 2000 carne.
3433 1948 3582 2010 Quid

1936 2021 2044 2075 sibi
2080 2023 2202 2076 vult
2224 2025 2374 2094 quod
2402 2024 2499 2089 ait,
2525 2025 2591 2078 de
2607 2031 2850 2096 peccato,
2875 2044 3005 2082 cum
3032 2033 3231 2086 Petrus
3261 2034 3583 2106 dicat,quia

1937 2116 2238 2180 peccaturo
2273 2129 2386 2167 non
2421 2114 2590 2168 fecit?
2608 2116 2713 2169 Sed
2741 2115 3043 2171 sciendum
3068 2120 3206 2189 quia
3230 2138 3356 2176 mos
3381 2124 3489 2178 fuit
3522 2125 3579 2180 in

1934 2199 2124 2253 Veteri
2149 2201 2524 2257 Testamento
2548 2208 2611 2257 ut
2632 2220 2802 2259 omne
2824 2207 3180 2263 sacriﬁcium
3211 2225 3314 2280 pro
3348 2223 3582 2282 peccato

1936 2296 2237 2357 peccatum
2291 2291 2599 2347 diceretur.
2647 2291 2785 2346 Tale
2843 2293 3195 2351 sacrilicium
3249 2299 3435 2355 factus
3495 2307 3584 2358 est

1935 2377 2242 2444 Dominus,
2277 2395 2407 2432 cum
2469 2381 2728 2450 seipsum
2772 2397 2874 2452 pro
2907 2383 3076 2438 nobis
3125 2384 3183 2438 in
3235 2403 3335 2442 ara
3391 2392 3581 2446 crucis

1936 2466 2167 2520 obtulit.
2194 2467 2353 2522 Unde
2386 2469 2538 2522 idem
2570 2469 2883 2539 Apostolus
2915 2469 3052 2525 alibi
3085 2472 3226 2527 dicit
3259 2492 3271 2529 :
3304 2476 3464 2544 Eum,
3486 2481 3582 2549 qui

1936 2555 2088 2625 [non]
2110 2557 2254 2626 (260)
2278 2565 2500 2611 noverat
2526 2567 2828 2625 peccatum,
2844 2568 3129 2630 peccatum
3151 2579 3250 2632 pro
3271 2565 3430 2619 nobis
3451 2569 3582 2636 fecit

1935 2645 2009 2711 (II
2043 2647 2165 2699 Cor.
2188 2662 2240 2710 v,
2263 2647 2374 2716 22),
2400 2645 2455 2699 id
2489 2652 2576 2701 est
2607 2646 2858 2700 hostiam
2893 2665 2995 2719 pro
3026 2656 3278 2719 peccato.
3308 2657 3380 2707 De
3410 2671 3580 2710 carne

1935 2749 2092 2803 ergo,
2118 2750 2294 2804 quam
2327 2736 2396 2789 de
2418 2734 2654 2805 Virgine
2685 2736 2813 2790 sine
2864 2743 3096 2807 peccato
3129 2741 3406 2812 sumpsit,
3433 2761 3579 2798 nun-

1936 2839 2110 2891 quam
2134 2825 2448 2893 peccando,
2473 2840 2643 2878 omne
2664 2824 2723 2878 in
2744 2825 2911 2880 nobis
2934 2833 3235 2897 peccatum
3258 2830 3575 2900 damnavit,

1935 2925 2068 2964 cum
2100 2926 2225 2964 eam
2254 2913 2402 2982 (261)
2425 2929 2526 2982 pro
2558 2917 2792 2984 peccato
2826 2913 3011 2969 Patris
3041 2917 3397 2972 sacrificium
3425 2919 3578 2976 fecit.

2007 2999 2084 3052 Ad
2144 2999 2283 3068 quid
2340 3006 2644 3070 peccatum
2705 3003 3085 3070 damnaverit,
3128 3006 3385 3075 aperitur
3442 3025 3578 3063 cum

1936 3087 2255 3142 subditur:
2302 3090 2364 3144 Ut
2410 3089 2723 3157 iustiﬁcatio
2752 3091 2885 3160 legis
2927 3092 3248 3162 impleretur
3296 3097 3356 3149 in
3403 3098 3579 3152 nobis.

181 3172 337 3240 ritus,
382 3172 523 3242 quia
575 3169 853 3226 viviﬁcat.
886 3173 1187 3237 Quomodo
1246 3177 1440 3229 autem
1499 3175 1618 3230 haac
1675 3175 1764 3231 lex
1797 3184 1830 3232 a
1858 3161 1900 3227 C
1937 3175 2423 3231 Justillcationem
2456 3177 2599 3247 legis
2630 3178 2771 3232 dicit
2809 3179 3131 3248 spiritalem
3171 3182 3229 3235 in
3262 3181 3386 3254 lege
3417 3183 3583 3239 intel-

181 3258 302 3331 lege
324 3260 547 3331 peccati
579 3265 636 3315 et
663 3261 870 3315 mortis
923 3259 1166 3317 liberat?
1211 3262 1442 3318 Scilicet
1472 3280 1574 3334 per
1602 3265 1825 3336 baptis-

182 3363 340 3403 mum
363 3349 773 3404 remissionem
797 3349 1061 3404 omnium
1083 3351 1391 3406 tribuendo
1425 3357 1824 3422 peccatorum;

181 3435 391 3492 liberat
446 3436 628 3492 etiam
681 3453 713 3491 a
766 3435 889 3508 lege
944 3453 1231 3510 corporeae
1289 3440 1512 3508 mortis,
1545 3443 1825 3513 quoniam

181 3524 394 3594 sancti,
428 3523 539 3578 etsi
568 3525 626 3578 in
656 3541 890 3596 corpore
921 3532 1216 3592 maneant,
1251 3545 1352 3599 per
1381 3545 1546 3600 spem
1579 3547 1612 3585 a
1643 3537 1828 3587 morte

184 3613 382 3668 carnis
402 3613 531 3684 jam
556 3612 784 3669 liberati
822 3619 980 3685 sunt,
1015 3617 1155 3688 quia
1183 3619 1535 3690 quandoque
1568 3637 1828 3676 resurre-

183 3701 332 3756 cturi
364 3705 523 3757 sunt.
550 3703 639 3770 Et,
662 3702 799 3774 quia
823 3703 914 3758 lex
936 3705 1287 3777 Evangelicae
1308 3708 1505 3778 gratias
1533 3707 1827 3764 neminem

181 3791 407 3857 liberat,
436 3792 548 3848 nisi
583 3808 687 3863 per
714 3792 1008 3848 Christum
1038 3796 1258 3864 Jesum,
1281 3796 1412 3852 ideo
1445 3797 1560 3852 ait:
1585 3799 1830 3868 Spiritus

181 3882 302 3934 vita:
329 3882 387 3934 in
422 3879 640 3935 Christo
668 3882 816 3936 Jesu.

249 3970 320 4023 Ut
349 3974 547 4025 autem
581 3971 916 4026 ostenderet
946 3974 1236 4043 quomodo
1267 3974 1324 4029 id
1359 3975 1575 4030 factum
1608 3976 1704 4044 sit,
1729 3977 1830 4031 ad-

175 4058 316 4128 jecit
344 4076 356 4113 :
389 4076 523 4112 nam
582 4059 729 4129 quod
789 4061 1123 4130 impossibile
1179 4071 1296 4118 erat
1349 4064 1476 4131 legi,
1527 4070 1636 4119 etc.
1689 4067 1832 4121 Ecce

185 4147 494 4217 Apostolus
527 4149 658 4217 jam
693 4154 912 4218 quartae
964 4149 1108 4221 legis
1140 4151 1497 4207 mentionem
1529 4154 1686 4208 facit.
1717 4154 1828 4208 Sed

182 4251 307 4305 quae
332 4240 424 4290 est
453 4235 616 4291 haec?
643 4236 920 4307 Nunquid
952 4238 1040 4292 lex
1072 4241 1287 4294 mentis
1310 4245 1410 4295 aut
1431 4243 1830 4296 membrorum

182 4329 350 4394 atque
380 4324 653 4396 peccati?
708 4325 832 4380 Non
893 4327 1116 4398 utique,
1152 4329 1252 4383 sed
1316 4327 1402 4384 lex
1463 4329 1745 4384 factorum
1778 4335 1834 4385 et

181 4429 450 4484 operum;
484 4414 581 4469 lex
624 4413 744 4468 haec
775 4419 864 4469 est
910 4432 1036 4486 qua:
1085 4415 1301 4489 populo
1332 4417 1430 4472 Dei
1467 4434 1568 4488 per
1597 4418 1831 4490 Moysen

1934 3261 2259 3334 ligentiam.
2294 3265 2642 3320 Justiﬁcatio
2691 3282 2827 3337 ergo
2858 3266 3002 3338 legis
3034 3269 3092 3322 in
3125 3271 3294 3326 nobis
3340 3271 3582 3342 impleta

1937 3358 2045 3418 est,
2073 3369 2205 3406 cum
2241 3352 2426 3423 legem
2473 3352 2814 3424 spiritaliter
2850 3354 3258 3427 intelligentes,
3296 3375 3395 3429 per
3425 3358 3580 3414 lava-

1936 3456 2101 3495 crum
2137 3442 2410 3510 baptismi
2433 3448 2487 3496 et
2509 3441 2756 3512 gratiam
2783 3442 2970 3498 sancti
2994 3444 3248 3514 Spiritus
3277 3447 3580 3516 iustiﬁcati

1938 3546 2166 3584 sumus.
2201 3530 2269 3583 Et
2303 3546 2375 3584 ne
2406 3529 2668 3596 dicendo,
2704 3532 2764 3584 in
2790 3531 2947 3586 nobis
2972 3548 3174 3588 omnes
3204 3535 3584 3608 comprehen-

1938 3617 2094 3672 disse
2125 3619 2436 3683 videretur,
2471 3618 2734 3674 addidit:
2770 3621 2876 3688 Qui
2904 3637 3013 3677 non
3040 3624 3334 3680 secundum
3362 3641 3584 3681 carnem

1938 3707 2304 3772 ambulamus,
2327 3707 2419 3762 sed
2447 3708 2741 3764 secundum
2766 3711 3047 3781 spiritum,
3071 3712 3141 3767 de
3163 3714 3378 3785 quibus
3409 3715 3584 3786 paulo

1941 3796 2209 3867 superius
2242 3796 2458 3850 dictum
2495 3802 2602 3852 est.

2012 3886 2117 3952 Qui
2143 3886 2291 3940 enim
2321 3887 2617 3941 secundum
2647 3904 2869 3943 carnem
2914 3896 3042 3944 sunt
3073 3906 3199 3962 qua:
3246 3894 3432 3947 carnis
3460 3903 3592 3950 sunt

1939 3976 2187 4045 sapiunt.
2211 3977 2544 4030 Secundum
2566 3993 2801 4031 carnem
2836 3982 2972 4031 sunt
3002 3978 3100 4050 qui
3131 3980 3371 4036 inimico
3403 3981 3588 4038 vicem

1941 4064 2213 4130 reddunt,
2245 4065 2432 4118 aliena
2482 4065 2736 4134 rapiunt,
2769 4069 2827 4119 et
2874 4083 2982 4120 sua
3013 4083 3126 4120 non
3174 4067 3505 4139 largiuntur
3535 4075 3594 4124 et

1941 4151 2054 4206 alia
2085 4153 2175 4206 his
2234 4152 2448 4206 similia
2479 4156 2689 4221 agunt;
2730 4152 2976 4223 ideoque
3023 4171 3148 4223 quas
3197 4156 3392 4209 carnis
3450 4162 3592 4212 sunt

1941 4240 2228 4307 sentiunt;
2263 4257 2292 4295 e
2325 4239 2639 4305 contrario,
2670 4239 2751 4292 illi
2788 4242 3111 4294 secundum
3146 4243 3418 4312 spiritum
3451 4252 3594 4300 sunt

1942 4329 2041 4400 qui
2075 4328 2187 4384 ista
2217 4346 2330 4384 non
2363 4333 2566 4399 agunt,
2609 4329 2732 4395 sed,
2767 4329 2987 4400 Spiritu
3020 4333 3221 4384 sancto
3252 4331 3590 4402 adjuvante,

1941 4424 2172 4474 terrena
2201 4417 2556 4489 despiciunt,
2585 4423 2641 4472 et
2662 4417 2919 4473 coelestia
2947 4423 3251 4488 appetunt,
3274 4418 3345 4472 de
3375 4419 3594 4490 quibus

181 4501 311 4556 data
339 4507 430 4557 est
460 4503 520 4556 in
556 4508 760 4558 monte
789 4504 950 4575 Sina,
983 4505 1053 4560 de
1085 4522 1202 4576 qua
1233 4507 1507 4577 superius
1543 4523 1554 4560 :
1589 4508 1682 4561 lex
1711 4509 1832 4578 qui-
1868 4528 1910 4592 ι)
1944 4508 2218 4563 subditur
2249 4525 2262 4562 :
2298 4509 2403 4575 Qui
2443 4523 2566 4562 vero
2616 4508 2916 4562 secundum
2971 4509 3234 4578 spiritum
3288 4523 3414 4578 quae
3468 4512 3600 4565 sunt

180 4591 298 4645 dem
329 4600 550 4646 sancta.
589 4591 738 4654 Quid
771 4609 906 4664 ergo
952 4599 1075 4649 erat
1104 4594 1239 4648 huic
1270 4594 1384 4666 legi
1433 4595 1834 4667 impossibile?
1940 4598 2166 4667 spiritus
2192 4599 2462 4650 sentiunt.
2493 4595 2636 4651 Caro
2669 4597 2824 4651 enim
2857 4598 2928 4651 de
2958 4602 3112 4652 terra
3142 4597 3293 4652 facta
3321 4602 3437 4663 est;
3472 4597 3593 4669 spi-

182 4683 241 4732 ut
265 4697 438 4734 suum
473 4679 809 4735 auditorem
845 4682 1210 4738 obedientem
1243 4687 1300 4738 et
1330 4685 1648 4755 perfectum
1684 4686 1831 4740 face-

179 4772 279 4835 ret,
300 4769 590 4840 quoniam
619 4767 710 4823 lex
733 4768 855 4824 huic
879 4771 1172 4827 neminem
1199 4773 1268 4826 ad
1302 4772 1621 4843 perfectum
1647 4773 1830 4828 addu-

180 4856 270 4912 cit.
304 4856 452 4913 Hinc
507 4858 722 4913 beatus
753 4859 1121 4930 Augustinus
1171 4861 1333 4930 dicit,
1366 4863 1507 4933 quia
1553 4862 1689 4917 huic
1719 4862 1834 4934 legi

180 4943 546 5017 impossibile
577 4950 706 5001 erat
733 4945 982 5003 liberare
1006 4966 1040 5004 θ.
1070 4948 1198 5020 lege
1231 4951 1448 5021 peccati
1481 4956 1539 5006 et
1571 4951 1794 5006 mortis.

247 5071 390 5140 (256)
423 5070 531 5126 Hic
564 5069 774 5141 incipit
802 5070 969 5141 Vulg.
1002 5088 1052 5126 c.
1080 5071 1226 5129 VIII.

247 5143 390 5212 (2:37)
423 5142 487 5195 In
521 5145 742 5216 Autog.
776 5143 1015 5216 verbum
1061 5160 1188 5214 ergo
1237 5145 1486 5216 hujusce
1534 5149 1727 5201 textus
1759 5147 1834 5200 ei-

179 5216 414 5294 gnatum
446 5218 546 5294 est
559 5229 630 5268 eo
654 5215 848 5294 signo,
871 5215 1444 5294 quodexpungendis
1467 5215 1657 5294 verbis
1690 5220 1826 5272 sub-

179 5298 300 5360 esse
320 5283 492 5338 solet.
513 5287 707 5360 Sppra
727 5283 923 5360 ipsum
949 5283 1138 5342 autem
1163 5283 1448 5360 scriptum
1469 5287 1683 5360 legitur
1706 5305 1832 5344 ver-

178 5352 310 5430 bum
342 5371 510 5430 naue.
541 5354 682 5430 Post
699 5352 940 5430 verbum
963 5373 1094 5413 vero
1115 5364 1212 5426 est,
1242 5352 1375 5414 ante
1401 5352 1649 5414 alterum
1674 5361 1830 5430 quod

178 5426 562 5499 subsequitur
590 5427 690 5502 iis,
723 5425 937 5502 legitur
964 5445 1093 5490 nec;
1135 5425 1288 5502 quod
1333 5430 1605 5486 similiter
1634 5425 1829 5486 subsi-

176 5497 414 5585 gnatum
448 5501 540 5585 est
571 5497 780 5585 eodem
811 5497 1570 5585 si‘gno,‘quo'verbum‘ergo
1603 5519 1828 5585 expun:

177 5570 429 5642 gendum
461 5569 803 5626 denotatur.
829 5568 1200 5632 llluditamen
1233 5568 1580 5642 notandum,
1608 5568 1833 5630 scilicet

1944 4685 2090 4740 ritus
2121 4687 2189 4740 de
2222 4685 2364 4739 coelo
2395 4685 2566 4740 datus
2596 4690 2702 4751 est,
2731 4691 2788 4740 et
2816 4685 3030 4740 idcirco
3064 4685 3299 4758 singula
3330 4703 3436 4742 sua
3467 4686 3595 4745 loca

1942 4774 2266 4845 requirunt.
2292 4773 2452 4828 Unde
2480 4775 2528 4829 si
2553 4774 2847 4846 contingat
2879 4781 2943 4830 ut
2966 4793 3098 4830 caro
3123 4793 3155 4830 a
3177 4776 3384 4848 spiritu
3417 4793 3590 4849 supe-

1943 4870 2121 4928 retur,
2153 4868 2311 4918 totus
2359 4863 2532 4919 homo
2564 4863 2777 4918 dicitur
2825 4863 3138 4935 spiritalis;
3173 4871 3232 4920 at
3261 4866 3310 4921 si
3341 4865 3589 4937 spiritus

1944 4969 1978 5007 a
2019 4969 2211 5017 carne,
2272 4957 2430 5008 totus
2486 4958 2724 5008 vocatur
2779 4953 3050 5009 carnalis.
3112 4955 3249 5010 Nam
3294 4955 3594 5026 prudentia

1943 5078 2181 5156 verbum
2213 5093 2345 5146 ergo
2375 5077 2546 5131 etiam
2583 5075 2640 5129 in
2668 5075 2844 5156 Vulg.
2877 5078 3127 5149 aliisque
3156 5079 3412 5136 textibus
3440 5077 3586 5150 legi;

1943 5148 2182 5204 verbum
2216 5164 2346 5200 vero
2376 5165 2472 5202 nec
2509 5148 2802 5217 nuspiam.

2013 5219 2159 5284 (258)
2201 5219 2257 5272 ln
2291 5224 2501 5289 Autog.
2537 5235 2722 5287 marg.
2758 5220 2820 5273 D.
2861 5219 2964 5273 l’ll.
2999 5220 3068 5289 ΙΙ,
3100 5235 3155 5289 p.
3193 5220 3252 5274 P.

2014 5291 2162 5358 (259)
2197 5287 2366 5358 Vulg.
2399 5287 2839 5344 similitudinem.

2014 5362 2160 5427 (200)
2197 5358 2399 5412 Deﬁcit
2430 5358 2632 5429 partio.
2665 5376 2774 5414 non
2809 5365 3004 5429 autog.

2014 5431 2161 5500 (261)
2195 5430 2253 5482 ln
2279 5434 2476 5500 autog.
2502 5428 2717 5498 legitur
2740 5447 2833 5493 ea;
2861 5428 3125 5498 sedeam,
3150 5429 3206 5485 id
3229 5435 3319 5489 est
3349 5444 3584 5487 carnem

1942 5499 2253 5575 legendum
2286 5499 2502 5572 putavi.
