3996 6232
378 345 492 404 199

1403 325 1738 390 ATTONIS
1783 323 2362 388 VERCELLENSIS
2411 328 2761 390 EPISCOPI

3667 335 3800 393 200

378 475 585 539 carnis,
615 485 764 525 mors
792 471 869 522 est
898 466 1063 536 (262).
1098 461 1416 518 Prudentia
1451 461 1644 516 carnis
1675 458 1909 532 prOpria
1937 460 2025 513 est
2052 459 2105 524 Α
2136 474 2250 513 non
2278 461 2688 529 contemnatis,
2713 478 2900 532 neque
2922 478 3024 533 pro
3047 477 3220 532 parvo
3241 461 3472 517 ducetis
3497 461 3799 534 Spiritum

381 569 612 618 terrena
642 558 884 629 diligere
917 559 974 610 et
991 551 1244 609 cmlestia
1270 551 1594 622 despicere;
1629 554 1686 604 et
1716 549 1842 604 ideo
1870 563 2026 602 mors

383 667 510 706 esse
560 647 795 715 dicitur,
831 644 1110 717 quoniam
1159 645 1405 695 mortem
1458 638 1689 710 ingerit.
1726 637 2028 694 Prudentia

382 756 506 796 vero
535 739 785 809 spiritus,
836 736 948 790 vita
1001 740 1053 786 et
1104 747 1236 802 pax.
1295 729 1613 783 Prudentia
1666 727 1910 798 spiritus
1940 730 2028 780 est

382 825 726 900 temporalia
786 827 1154 879 contemnere
1208 823 1264 874 et
1307 822 1522 872 aeterna
1566 820 1856 888 appetere.
1903 817 2025 868 llrec

382 914 695 989 prudentia
744 913 860 966 vita
917 909 1150 969 dicitur.
1187 907 1324 978 quia
1378 905 1554 960 vitam
1615 905 1865 969 confert;
1913 919 2024 973 pax

379 1021 536 1068 vero,
570 1002 705 1073 quia
736 1001 795 1055 in
845 1015 983 1070 pace
1015 995 1314 1068 quiescere
1361 994 1517 1048 facit.
1551 993 1719 1056 Nam,
1753 990 2021 1062 quamvis

381 1093 568 1150 multa
585 1087 924 1161 temporalia
947 1088 1163 1141 damna
1184 1083 1402 1139 sanctis
1424 1082 1784 1153 ingerantur,
1800 1086 2020 1147 tamen,

379 1184 515 1238 dum
551 1177 897 1250 temporalia
938 1178 1149 1230 cuncta
1178 1171 1530 1244 despiciunt,
1566 1171 1621 1224 in
1656 1185 1796 1240 pace
1826 1167 2020 1239 quies-

375 1274 535 1326 cunt.
566 1267 690 1335 Vel,
726 1283 836 1339 pax
885 1264 1118 1333 dicitur,
1153 1261 1293 1334 quia
1335 1261 1406 1315 ad
1456 1259 1845 1332 cognitionem
1875 1274 2018 1312 versa

374 1359 557 1431 pacis,
590 1374 716 1429 quae
747 1354 1014 1411 Christus
1045 1357 1154 1418 est,
1189 1349 1470 1422 perducit.

437 1447 714 1520 Quoniam
741 1444 1016 1515 sapientia
1047 1441 1235 1496 carnis
1266 1439 1493 1493 inimica
1524 1439 1598 1491 est
1629 1440 1758 1492 Deo.
1784 1434 2018 1506 Sapien-

365 1537 450 1593 tia
479 1535 671 1592 carnis
701 1533 906 1588 eadem
937 1533 1026 1585 est
1073 1533 1129 1584 et
1170 1526 1480 1599 prudentia
1521 1526 1650 1595 ejus
1699 1540 1845 1594 quae,
1879 1522 2017 1594 quia

368 1625 467 1681 Dei
489 1621 792 1697 praeceptis
815 1637 932 1675 non
955 1617 1171 1682 obedit,
1196 1616 1297 1670 sed
1329 1616 1456 1686 ejus
1477 1613 1774 1668 mandatis
1794 1617 2014 1666 contra-

364 1714 528 1780 dicit,
563 1709 805 1765 inimica
838 1709 949 1762 Deo
998 1706 1234 1770 dicitur,
1266 1702 1563 1774 quoniam.
1597 1700 1748 1754 sicut
1797 1700 1920 1770 ipse
1953 1699 2011 1752 in

363 1799 675 1872 Evangelio
697 1797 856 1866 dicit,
878 1797 933 1850 si
949 1796 1073 1864 quis
1088 1793 1279 1884 diligit
1295 1789 1695 1884 mmmam-data
1718 1787 2009 1884 mea
2039 1819 2087 1884 B

358 1891 598 1946 servabit
617 1890 792 1957 (Joan.
817 1886 956 1955 xxv),
976 1884 1089 1954 23);
1117 1882 1363 1952 ideoque
1398 1878 1507 1950 legi
1531 1879 1628 1933 Dei
1655 1894 1764 1932 non
1784 1879 2005 1949 subjici-

361 1978 638 2049 ίαν-(264).
663 1974 926 2030 Charitas
957 1970 1196 2042 quidem
1234 1969 1346 2040 legi
1379 1967 1476 2022 Dei
1511 1967 1843 2036 subjicitur,
1867 1966 2006 2036 quia

357 2067 448 2122 lex
479 2066 578 2121 Dei
609 2079 736 2120 esse
769 2061 1074 2134 probatur;
1109 2057 1401 2129 cupiditas
1445 2072 1598 2124 vero,
1623 2072 1751 2126 qua:
1789 2060 1880 2110 est
1911 2072 2003 2110 sa-

357 2156 577 2228 pientia
597 2152 813 2217 carnis,
837 2168 952 2206 non
977 2147 1311 2218 subjicitur,
1333 2144 1606 2216 quoniam
1623 2190 1635 2207 ,
1660 2143 1706 2198 si
1731 2161 1798 2199 ex
1825 2143 2005 2198 altera

353 2250 516 2316 parte
547 2243 740 2299 videat
764 2239 1059 2311 justitiam
1083 2243 1140 2292 et
1166 2236 1522 2307 aequitatem,
1541 2252 1610 2289 ex
1639 2234 1822 2289 altera
1851 2251 2004 2288 com-

353 2335 595 2389 modum
636 2337 965 2394 terrenum;
1018 2325 1208 2397 magis
1260 2325 1368 2379 hoc
1418 2322 1661 2395 adipisci
1709 2323 2004 2378 desiderat

358 2439 536 2493 quam
563 2419 857 2490 justitiam
889 2420 944 2470 et
975 2415 1309 2486 aequitatem
1339 2428 1588 2469 servare.

426 2510 539 2566 Sed
571 2509 710 2580 quid
761 2512 851 2561 est
899 2505 1055 2575 quod
1104 2501 1422 2558 subditur:
1455 2517 1556 2556 nec
1598 2501 1750 2556 enim
1788 2504 2004 2571 potest?

357 2597 637 2669 Nunquid
672 2612 785 2650 non
817 2598 1006 2665 potest
1033 2591 1210 2647 homo
1256 2590 1467 2658 subjici
1496 2589 1608 2661 legi
1645 2589 1778 2644 Dei?
1809 2593 2005 2644 Potest

358 2687 593 2758 utique;
621 2686 720 2740 sed
756 2681 1066 2755 prudentia
1089 2678 1282 2734 carnis
1314 2695 1426 2733 non
1459 2682 1650 2749 potest
1682 2695 1693 2732 :
1729 2681 1817 2732 est
1844 2677 2000 2732 enim

358 2773 574 2829 mentis
603 2770 897 2840 corruptio
927 2774 983 2822 et
1006 2767 1235 2833 vitium,
1261 2783 1378 2820 non
1401 2783 1433 2820 a
1457 2766 1572 2821 Deo
1593 2770 1876 2831 creatum,
1901 2766 2000 2821 sed

360 2880 393 2917 a
425 2860 658 2916 diabolo
678 2859 1016 2924 inventum;
1048 2855 1223 2910 homo
1246 2871 1377 2910 vero
1405 2854 1599 2910 sanari
1622 2855 1758 2909 vitio
1791 2858 1996 2926 potest.

353 2950 572 3006 Verum
604 2948 745 3020 quid
776 2951 865 3003 est
887 2945 1041 3018 quod
1071 2944 1380 3000 subditur:
1407 2946 1507 3015 qui
1536 2952 1714 2998 autem
1745 2946 1808 2999 in
1835 2961 2000 2999 carne

351 3043 502 3108 sunt,
534 3039 639 3093 Deo
669 3037 882 3108 placere
908 3050 1018 3090 non
1059 3035 1322 3105 possunt?
1363 3035 1569 3088 Annon
1603 3037 1658 3087 et
1684 3031 1998 3102 Apostolus

2136 547 2348 603 Christi
2381 550 2896 622 habere,quoniam
2930 550 3099 606 aliter
3129 552 3256 620 ejus
3285 567 3413 606 esse
3446 569 3564 606 non
3589 557 3800 624 potes-

2134 636 2230 691 tis.
2257 638 2510 708 Spiritus
2540 640 2753 695 Christi
2799 640 2952 694 idem
2983 643 3072 695 est
3099 644 3154 694 et
3183 638 3436 710 Spiritus
3481 640 3607 710 Dei,
3639 658 3798 712 quo-

2137 725 2294 780 niam
2327 726 2537 793 Patris,
2559 733 2616 782 et
2639 727 2766 782 Filii
2801 745 2954 782 unus
2975 732 3064 782 est
3084 726 3356 798 Spiritus.
3381 727 3470 782 Illi
3493 745 3633 800 ergo
3655 730 3801 801 Spi-

2135 815 2310 870 ritum
2370 815 2584 870 Christi
2649 816 2884 885 habent,
2925 815 3023 886 qui
3073 816 3369 870 Christum
3417 817 3699 890 diligunt,
3736 824 3801 875 et

2134 905 2263 973 ejus
2320 912 2606 975 praecepta
2657 907 3022 971 custodiunt;
3067 904 3312 976 ideoque
3343 904 3561 960 Christi
3621 915 3794 978 sunt,

2133 992 2410 1062 quoniam
2443 992 2706 1047 Christus
2737 993 2792 1046 in
2827 994 2910 1048 eis
2959 999 3174 1048 manet.
3209 994 3336 1065 Ipse
3383 994 3542 1050 enim
3592 997 3744 1052 dicit
3778 1015 3793 1053 :

2132 1081 2236 1147 Qui
2264 1081 2450 1151 diligit
2477 1099 2562 1136 me
2594 1085 2608 1151 (
2617 1084 2762 1152 266),
2793 1084 3057 1137 mandata
3085 1099 3207 1138 mea
3236 1085 3498 1154 servabit,
3529 1093 3582 1140 et
3613 1091 3796 1142 Pater

2126 1186 2279 1224 meus
2308 1171 2510 1243 diliget
2542 1172 2688 1242 (267)
2721 1188 2864 1237 eum,
2897 1180 2947 1226 et
2975 1171 3045 1225 ad
3075 1188 3201 1226 eum
3227 1175 3503 1228 veniemus
3536 1178 3587 1229 et
3616 1192 3793 1230 man-

2126 1260 2342 1314 sionem
2371 1260 2517 1331 apud
2547 1276 2672 1315 eum
2695 1262 2960 1332 faciemus
2983 1260 3185 1330 (Ibid.).
3213 1260 3318 1315 Ubi
3349 1266 3546 1316 autem
3580 1269 3792 1320 manet

2128 1347 2314 1415 Pater,
2347 1353 2405 1402 et
2433 1347 2633 1418 Filius,
2668 1348 2746 1404 ibi
2787 1354 2844 1403 et
2882 1349 3188 1404 amborum
3221 1348 3475 1419 Spiritus
3507 1357 3784 1407 sanctus.

2126 1437 2232 1502 Qui
2265 1454 2397 1492 vero
2430 1438 2580 1492 male
2605 1437 2906 1507 resistunt,
2931 1436 3299 1492 maledicenti
3327 1436 3689 1494 maledicunt
3722 1446 3788 1497 et

2125 1531 2336 1580 cuncta
2358 1526 2695 1596 hujusmodi
2725 1531 2926 1598 agunt,
2950 1527 3233 1598 Spiritum
3267 1526 3366 1581 Dei
3391 1544 3505 1582 non
3530 1527 3784 1598 habent,

2123 1614 2366 1686 ideoque
2412 1633 2526 1670 non
2573 1621 2712 1670 sunt
2769 1616 2916 1686 ejus.
2952 1615 3115 1671 Unde
3172 1619 3353 1670 restat
3382 1621 3447 1670 ut
3478 1615 3599 1672 sint
3630 1616 3782 1674 alte-

2123 1704 2263 1768 rius,
2291 1705 2347 1757 id
2381 1711 2468 1758 est
2497 1703 2736 1770 diaboli,
2763 1705 2901 1774 quia
2923 1705 3091 1774 cujus
3123 1721 3298 1775 opera
3319 1705 3451 1774 quis
3472 1706 3613 1759 facit
3642 1708 3782 1776 ejus

2121 1791 2278 1846 filius
2305 1791 2648 1864 appellatur.

2189 1881 2260 1935 Et
2290 1885 2355 1935 ut
2385 1882 2716 1936 ostenderet
2755 1881 3066 1952 Apostolus
3102 1887 3391 1953 quantum
3441 1900 3663 1940 munus
3697 1885 3778 1941 sit

2117 1969 2414 2025 Christum
2466 1969 2700 2036 habere,
2752 1971 3044 2040 subjecit:
3079 1971 3139 2025 Si
3183 1981 3363 2026 autem
3416 1971 3665 2028 Christus
3711 1977 3780 2030 in.

2114 2058 2268 2112 vobis
2294 2063 2394 2124 est,
2428 2074 2622 2128 corpus
2653 2059 2870 2129 quidem
2899 2068 3182 2114 mortuum
3219 2062 3297 2114 est
3323 2069 3544 2131 propter
3570 2079 3775 2133 pecca-

2115 2160 2248 2216 mm,
2282 2152 2393 2201 etc.
2428 2146 2531 2201 Ubi
2569 2149 2889 2203 notandum
2923 2149 3061 2219 quia
3091 2165 3204 2202 non
3245 2149 3346 2216 ait,
3382 2155 3620 2222 propter
3651 2157 3773 2207 ter-

2114 2252 2316 2290 renam
2347 2235 2760 2306 fragilitatem;
2797 2237 3022 2308 primus
3067 2237 3222 2291 enim
3273 2237 3447 2292 homo
3479 2255 3594 2295 non
3633 2240 3772 2297 ideo

2115 2333 2381 2379 mortuus
2429 2330 2537 2389 est,
2561 2325 2700 2396 quia
2731 2326 2800 2380 de
2833 2331 2995 2380 terrm
3045 2325 3280 2396 pulvere
3309 2326 3496 2382 factus
3526 2332 3638 2395 est,
3663 2330 3768 2384 sed

2113 2414 2250 2485 quia
2273 2413 2548 2484 peccavit.
2565 2413 2719 2468 Talis
2743 2430 2997 2485 namque
3019 2431 3053 2467 a
3073 2414 3189 2469 Deo
3214 2413 3541 2486 plasmatus
3563 2421 3656 2472 est
3676 2423 3766 2488 ut,

2113 2502 2160 2557 si
2197 2519 2309 2557 non
2345 2507 2630 2573 peccaret,
2663 2503 2732 2556 ad
2790 2501 3130 2573 angelorum
3182 2503 3549 2575 dignitatem,
3583 2507 3769 2563 etiam

2113 2591 2239 2645 sine
2292 2596 2496 2655 morte,
2531 2590 2824 2646 transiret.
2861 2591 3132 2645 Liberum
3176 2592 3392 2663 quippe
3446 2593 3767 2650 arbitrium

2111 2678 2194 2732 illi
2227 2695 2566 2733 concessum
2598 2683 2686 2733 est
2733 2684 2815 2741 ut,
2850 2680 2897 2732 si
2929 2678 3116 2749 vellet,
3153 2696 3267 2733 non
3320 2686 3608 2751 peccaret,
3641 2682 3765 2738 imo

2111 2784 2346 2839 peccare
2378 2784 2492 2822 non
2536 2771 2752 2838 posset.
2787 2767 3094 2832 Quoniam,
3129 2783 3260 2822 cum
3310 2769 3770 2839 praedestinato-

2108 2874 2240 2911 rum
2265 2873 2545 2912 numerus
2567 2861 2720 2912 esset
2743 2855 3039 2927 impletus,
3058 2855 3183 2927 ipse
3200 2873 3333 2911 cum
3353 2858 3632 2913 omnibus
3655 2860 3764 2930 qui

2107 2963 2176 3002 ex
2214 2964 2278 3002 eo
2323 2951 2679 3015 crearentur,
2711 2946 2783 2999 ad
2833 2943 3173 3016 angelorum
3219 2945 3574 3002 soliditatem
3606 2949 3760 3020 (268)

2106 3035 2383 3090 transiret
2428 3052 2440 3089 :
2491 3035 2612 3104 sed,
2647 3033 2787 3105 quia
2835 3033 3022 3106 magis
3071 3033 3245 3106 elegit
3292 3051 3532 3106 peccare
3579 3036 3756 3110 (269),

351 3136 408 3184 et
440 3126 686 3182 Romani
717 3126 776 3180 in
808 3140 980 3180 carne
1020 3122 1226 3178 erant?
1254 3125 1338 3176 An
1389 3138 1503 3176 non
1555 3137 1757 3176 omnes
1808 3121 1994 3176 sancti
2029 3185 2064 3197 Α
2104 3131 2372 3181 mortuus
2413 3128 2521 3189 est,
2553 3128 2609 3179 et
2657 3140 2880 3190 omnes,
2905 3139 3052 3194 quos
3101 3123 3320 3195 genuit,
3350 3129 3620 3181 mortuos
3655 3142 3758 3197 ge-

353 3221 638 3288 martyres
660 3214 719 3268 in
742 3228 915 3268 carne
945 3211 1114 3284 positi
1139 3216 1250 3266 Deo
1281 3208 1788 3282 placueruntPSed
1815 3209 1995 3265 scien-
2023 3185 2066 3251 δ
2105 3214 2260 3281 nuit;
2295 3185 2543 3284 ideoque
2595 3213 2675 3267 ait
2720 3185 3034 3282 Apostolus
3065 3185 3318 3282 :‘Dorpus
3365 3185 3762 3270 mortuumuest

357 3305 496 3360 dum
518 3303 656 3376 quia
676 3302 761 3357 illi
782 3317 1016 3358 carnem
1049 3300 1384 3371 portabant;
1414 3315 1528 3353 non
1553 3298 1934 3369 portabantur
1963 3315 1997 3354 a
2099 3308 2324 3375 propter
2349 3311 2627 3374 peccatum
2657 3302 2830 3372 (270).
2876 3302 3207 3358 Notandum
3248 3306 3338 3358 est
3385 3303 3564 3358 etiam
3617 3305 3762 3375 quia

353 3409 545 3448 carne.
571 3393 634 3447 In
667 3407 840 3448 carne
878 3406 1009 3445 vero
1041 3388 1121 3442 illi
1153 3391 1312 3451 sunt,
1336 3387 1436 3458 qui
1467 3403 1640 3458 opera
1689 3387 1881 3442 carnis
1912 3388 1994 3443 fa-

351 3481 638 3553 ciunt,qui
692 3479 1028 3536 carnalibus
1075 3476 1472 3548 voluptatibus
1520 3475 1908 3543 obiectantur,
1941 3480 2000 3531 et

353 3571 569 3626 idcirco
593 3575 705 3624 Deo
739 3568 964 3639 placere
996 3583 1110 3621 non
1147 3571 1412 3637 possunt.
1437 3565 1517 3619 Ne
1545 3581 1680 3635 ergo
1711 3564 1998 3620 scandali-

346 3663 621 3714 zarentur
652 3657 917 3724 Romani,
943 3659 1219 3727 putantes
1243 3653 1584 3725 Apostolum
1617 3653 1833 3709 dixisse
1866 3653 1997 3709 illos

348 3745 538 3802 solum
574 3746 690 3801 Deo
744 3745 992 3816 placere,
1023 3744 1120 3815 qui
1165 3743 1293 3813 jam
1335 3743 1748 3813 occubuerant,
1783 3743 1997 3798 idcirco

350 3835 622 3905 subjecit,
646 3833 843 3888 volens
866 3849 964 3887 eos
997 3833 1066 3886 ad
1103 3830 1343 3886 meliora
1372 3831 1650 3887 incitare:
1679 3832 1772 3887 Vos
1815 3833 1998 3884 autem

350 3926 414 3979 in
443 3939 611 3978 carne
638 3939 752 3978 non
783 3923 930 3990 estis,
952 3919 1043 3976 sed
1073 3923 1132 3975 in
1151 3921 1370 3991 spiritu.
1396 3921 1458 3974 In
1492 3920 1702 3992 spiritu
1728 3926 1866 3975 sunt
1896 3919 1997 3991 qui

350 4029 526 4084 opera
557 4012 728 4078 bona,
753 4026 870 4066 non
900 4027 1027 4078 suo,
1054 4008 1156 4066 sed
1199 4009 1387 4066 sancti
1420 4009 1675 4082 Spiritus
1708 4009 1996 4079 adjutorio

347 4100 593 4172 implere
640 4115 814 4172 posse
864 4099 1185 4156 conﬁdunt.
1221 4099 1470 4170 Ideoque
1518 4097 1825 4167 subjunxit
1874 4113 1888 4151 :
1938 4099 2000 4152 Si

345 4194 531 4245 tamen
561 4189 710 4262 (265)
744 4189 983 4261 Spiritus
1009 4189 1113 4244 Dei
1139 4188 1350 4244 habitat
1380 4189 1440 4243 in
1467 4186 1617 4242 vobis
1634 4202 1653 4246 ,'
1699 4185 1756 4239 id
1805 4190 1912 4256 est,
1947 4186 1998 4240 si

345 4277 566 4350 Spiritu
598 4279 699 4334 Dei
733 4278 1064 4351 agitamini,
1098 4278 1148 4335 si
1179 4278 1401 4351 Spiritu
1433 4274 1534 4331 Dei
1568 4273 1879 4329 docemini.

417 4368 622 4440 Igitur,
655 4384 728 4424 ne
761 4368 1005 4423 Romani
1047 4385 1151 4439 pro
1195 4382 1372 4438 parvo
1403 4365 1685 4418 ducerent
1715 4361 1997 4432 Spiritum

344 4457 440 4512 Dei
499 4457 730 4524 habere,
780 4457 1090 4527 subjunxit
1137 4474 1149 4510 :
1202 4455 1262 4508 Si
1318 4454 1441 4524 quis
1492 4458 1672 4505 autem
1728 4451 1998 4521 Spiritum

2106 3409 2219 3447 non
2279 3391 2359 3445 ait
2413 3392 2768 3459 moritur-um,
2815 3390 2915 3445 sed
2973 3393 3268 3456 mortuum,
3302 3391 3611 3461 quoniam,
3645 3392 3766 3447 etsi

2107 3497 2320 3552 corpus
2355 3479 2823 3548 uniuscujusque
2870 3479 3060 3533 vivere
3086 3479 3370 3549 videatur,
3396 3481 3525 3550 jam
3558 3485 3762 3537 tamen

2109 3574 2406 3622 mortuum
2438 3571 2548 3636 est,
2572 3567 2850 3637 quoniam
2880 3565 2940 3620 in
2971 3582 3035 3619 eo
3069 3567 3317 3620 necdum
3351 3567 3634 3622 innovato
3661 3585 3765 3639 per

2108 3656 2617 3724 resurrectionem,
2643 3655 2860 3726 peccati
2891 3655 3190 3723 meritum,
3211 3655 3268 3709 id
3299 3657 3632 3712 estmortis
3665 3673 3762 3712 ne-

2107 3747 2352 3801 cessitas
2381 3749 2596 3800 manet.

2178 3835 2423 3906 Spiritus
2471 3850 2593 3888 vero
2641 3837 2753 3888 vita
2801 3833 2947 3904 (271)
3001 3837 3220 3904 prapter
3271 3834 3760 3903 justiﬁeatzonem.

2105 3923 2591 3979 Justificationem
2617 3921 2775 3976 illam
2794 3921 2933 3976 dicit
2954 3939 3079 3992 quae
3101 3921 3158 3976 in
3183 3923 3477 3994 baptismo
3499 3923 3764 3979 celebra-

2106 4017 2220 4067 tur.
2242 4011 2450 4066 Anima
2473 4011 2630 4066 enim
2651 4010 2900 4081 alicujus
2922 4006 3111 4066 fidelis
3132 4011 3191 4065 in
3220 4011 3515 4082 baptismo
3540 4013 3762 4069 relaxa-

2106 4102 2183 4156 tis
2212 4100 2486 4170 peccatis,
2505 4116 2608 4170 per
2636 4101 2883 4171 gratiam
2915 4099 3098 4154 sancti
3122 4099 3370 4171 Spiritus
3401 4100 3762 4172 vivificatur,

2107 4190 2354 4260 ideoque
2382 4188 2501 4242 vita
2529 4193 2636 4244 est.
2668 4188 2776 4243 Sed
2822 4193 3088 4260 poterant
3118 4189 3363 4244 Romani
3396 4190 3469 4244 ad
3516 4189 3644 4246 haec
3674 4191 3762 4246 di-

2107 4294 2271 4333 cere:
2299 4277 2437 4332 Ecce
2468 4276 2751 4348 Spiritum
2785 4277 2995 4333 Christi
3035 4277 3342 4344 habemus,
3370 4279 3529 4349 quod
3569 4281 3762 4335 mani-

2110 4369 2356 4423 festatur
2393 4382 2461 4420 ex
2513 4365 2741 4436 integra
2769 4369 2825 4420 et
2855 4365 3140 4422 catholica
3171 4366 3285 4421 fide
3331 4383 3460 4438 quae
3495 4367 3555 4422 in
3591 4369 3765 4424 nobis

2108 4461 2215 4526 est,
2241 4461 2297 4510 et
2326 4471 2394 4510 ex
2437 4453 2748 4509 dilectione
2769 4453 3035 4524 justitie,
3078 4454 3217 4525 quid
3248 4455 3358 4510 erit
3387 4456 3460 4510 de
3488 4458 3644 4528 (272)
3667 4457 3768 4514 illa

341 4546 543 4602 Christi
570 4564 687 4601 non
733 4545 912 4614 habet,
949 4544 1036 4599 hic
1082 4559 1194 4599 non
1243 4549 1324 4596 est
1374 4540 1528 4610 ejus;
1561 4553 1628 4593 ac
1660 4538 1706 4592 si
1743 4538 1958 4596 diceret
1990 4559 2003 4598 ε
2036 4537 2082 4601 D
2116 4561 2289 4602 carne
2310 4543 2634 4609 mortali,et
2652 4542 2722 4596 de
2744 4541 2870 4615 lege
2891 4559 3018 4614 quas
3039 4548 3129 4599 est
3149 4544 3206 4598 in
3230 4544 3517 4600 membris
3540 4547 3767 4602 nostris

411 4653 560 4722 (262)
593 4657 657 4706 In
689 4656 887 4722 autog.
920 4666 1112 4720 marg.
1141 4665 1196 4722 c._
1226 4646 1367 4700 XIX.

415 4714 564 4791 (263)
614 4723 788 4795 Vulg.
831 4714 962 4777 "non
1026 4714 1294 4774 mandata
1349 4730 1510 4780 mea,
1569 4714 1669 4769 sed
1725 4730 1996 4773 sermones

343 4811 488 4851 meos
497 4836 508 4849 .

415 4866 564 4937 (264)
591 4863 763 4937 Vulg.
795 4871 1020 4937 nonest
1045 4859 1310 4937 subjecta.
1337 4925 1348 4937 Ι
1520 4925 1528 4934 .

415 4925 560 5010 (265)
593 4925 744 4991 Βιλιῖὶ
764 4942 821 4990 et
843 4935 940 4990 alii
963 4925 1308 5010 textus-qui,
1335 4925 1461 4980 loco
1480 4925 1528 4978 si
1559 4932 1758 5010 tamenn,
1781 4926 1995 5010 habent

342 5010 393 5064 si
419 4996 674 5080 quidem;
705 5009 1027 5080 quaacerte
1057 4996 1240 5080 lectio
1285 5011 1561 5080 magnam
1611 4996 1994 5080 differentiam

345 5068 549 5152 parere
572 5068 791 5152 posset.
823 5071 1178 5152 Ad_verbiurn
1205 5068 1360 5122 enim
1393 5071 1572 5121 tamen
1602 5071 1992 5152 conditionem

346 5141 590 5211 indicat:
609 5148 737 5203 sine
759 5162 889 5216 qua
906 5144 965 5216 in
990 5141 1199 5214 spiritu
1223 5155 1338 5216 non
1361 5154 1489 5216 esse
1511 5155 1680 5216 posse
1703 5141 1996 5200 Romanos

349 5209 666 5283 assereret;
701 5209 1042 5270 adverbium
1073 5227 1206 5266 vero
1236 5212 1290 5265 si
1316 5209 1551 5283 quidem,
1577 5209 1624 5264 si
1657 5216 1993 5283 separatim,

346 5295 405 5348 id
440 5296 531 5347 est
562 5281 746 5343 diviso
779 5287 832 5339 si
861 5301 895 5338 a
923 5283 1143 5354 quidem
1163 5287 1450 5351 sumatur,
1472 5281 1768 5354 idemetsi
1801 5281 1996 5342 minus

349 5368 530 5426 arcte,
558 5356 893 5428 signiﬁcare
923 5353 1146 5425 posset;
1183 5371 1296 5428 non
1329 5357 1406 5408 ita
1451 5369 1605 5417 vero,
1638 5353 1755 5428 imo
1805 5356 1997 5428 diver-

348 5450 484 5490 sum
517 5425 760 5483 Omnino
791 5441 1030 5480 sensum
1078 5426 1384 5480 sortiretur
1426 5429 1651 5489 textus;
1684 5425 1732 5478 si
1784 5427 1996 5484 unitim

345 5496 970 5573 siquidemlegeretur,
1002 5497 1182 5573 quod.
1205 5497 1538 5573 absolutum
1571 5511 1811 5573 sensum
1847 5499 1996 5573 face-

345 5566 455 5639 ret,
477 5571 538 5624 id
569 5571 659 5640 est
682 5566 982 5640 Romanos
1007 5566 1065 5623 in
1098 5567 1304 5640 spiritu
1336 5584 1465 5640 vere
1499 5566 1720 5640 positos
1750 5584 1898 5640 esse,
1923 5572 1996 5626 si-

345 5636 613 5733 quidem,
641 5637 699 5695 id
731 5644 821 5696 est
849 5640 986 5714 quia
1014 5636 1265 5718 Spiritus
1295 5640 1396 5700 Dei
1428 5636 1723 5696 habitaret
1751 5638 1810 5693 in
1833 5640 1938 5698 eis.

2198 4650 2324 4719 266)
2356 4648 2527 4719 Vulg.
2557 4663 2858 4702 sermonem
2889 4665 3088 4704 meum.

2197 4719 2322 4789 267)
2349 4721 2412 4775 1n
2443 4723 2644 4788 autog.
2677 4719 2882 4789 diligit.

2178 4789 2331 4864 (268),
2355 4789 2743 4864 Soliditatem,
2775 4791 2833 4844 id
2865 4794 2954 4844 est
2982 4791 3163 4864 vitam
3191 4795 3494 4864 aeternam,
3521 4793 3768 4850 immar-

2105 4860 2457 4927 cescibilem,
2490 4865 2547 4915 et
2579 4860 2707 4933 hoc,
2730 4878 2907 4916 sensu
2937 4861 3207 4927 solidam,
3242 4863 3356 4917 nisi
3402 4865 3764 4933 felicitatem,

2103 4936 2191 4992 vel
2219 4933 2549 4989 soliditatem
2580 4931 2752 5004 scribi
2772 4933 3058 5004 debuisse
3090 4933 3188 4988 alii
3211 4934 3506 5004 judicent,
3541 4938 3649 4992 ubi
3680 4931 3765 4992 ta;

2106 5023 2239 5062 men
2270 5005 2614 5059 sodalitatem
2645 5003 2966 5058 clarissime
2999 5004 3229 5075 legitur.

2178 5077 2326 5146 (269)
2358 5076 2422 5130 In
2451 5077 2658 5144 Autog.
2691 5090 2934 5144 peccare,
2967 5091 3124 5130 ruere
3151 5075 3386 5145 legitur.

2178 5077 2326 5217 (269)
2358 5077 2422 5130 In
2451 5077 2658 5144 Autog.
2691 5090 2934 5144 peccare,
2967 5091 3124 5130 ruere
3151 5077 3386 5145 legitur.

2177 5149 2301 5216 (270
2357 5147 2437 5209 lbi
2490 5162 2794 5217 perperam
2829 5147 3108 5218 repetita:
3165 5148 3448 5218 leguntur
3498 5149 3768 5206 initiales

2104 5214 2802 5288 litteraehujuscegtextus
2825 5214 2954 5288 ita}
2990 5234 3062 5270 γη.
3097 5233 3141 5271 c.
3174 5214 3310 5287 pip.

2176 5285 2548 5368 (_27t)_Vulg.,
2579 5286 2704 5368 loco
2753 5288 2884 5368 vita,
2916 5285 3058 5368 legit
3089 5285 3266 5368 uiuit,“
3282 5293 3426 5344 sunt
3472 5295 3679 5348 tamen
3709 5295 3767 5348 et

2107 5357 2205 5416 alii
2236 5357 2452 5423 teXtus,
2484 5357 2540 5411 in
2573 5358 2787 5426 quibus
2817 5357 3031 5428 legitur
3058 5361 3171 5413 vita
3209 5368 3300 5414 est.

2179 5431 2325 5502 (272)
2355 5430 2420 5502 _In
2449 5433 2699 5502 _autogr.,
2734 5427 2856 5502 loco
2887 5427 2982 5484 ide
3026 5428 3237 5502 legitur
3265 5430 3374 5495 die,
3412 5435 3579 5502 quod
3625 5450 3768 5490 sane

2107 5499 2323 5573 optime
2355 5499 2463 5570 legi
2487 5505 2702 5573 posset,
2730 5500 2777 5553 si
2803 5499 3131 5571 praepositio
3157 5500 3241 5568 de,
3266 5518 3395 5572 quae
3429 5499 3606 5562 deest
3635 5509 3771 5564 ante

2107 5571 2349 5628 verbum
2381 5587 2543 5626 carne
2571 5571 2901 5626 adderetur.
