3996 6232
155 323 266 380 201

782 323 1194 382 EXPOSITIU
1244 325 1317 382 IN
1366 325 1791 385 EPIS'I‘OLAS
1838 325 2096 384 PAULI.
2126 358 2198 369 —-
2233 328 2305 385 IN
2355 328 2601 386 EPIS'I‘.
2649 328 2749 385 AD
2795 327 2981 386 ROM.

3466 336 3583 394 202

158 468 510 523 repugnans
543 452 658 524 legi
695 454 909 508 mentis
960 455 1212 508 nostrae?
1263 456 1331 510 Ut
1379 473 1512 525 ergo
1561 458 1831 511 ostendat
1862 459 1908 524 Α
1943 466 2021 510 cst
2051 461 2486 526 forairationem,
2534 465 2640 513 etc.
2667 459 2800 525 (Col.
2841 476 2921 523 ιιι,
2953 459 3028 524 5).
3063 458 3151 512 Illi
3195 460 3401 531 spiritu
3437 466 3587 520 facta

159 541 489 612 Apostolus
536 558 824 612 magnum
874 544 1092 597 donum
1128 546 1423 615 redempto
1458 546 1676 598 homini
1707 564 1832 600 esse

159 629 476 696 collatum,
516 631 819 701 respondit
859 633 926 685 ad
979 633 1096 685 hare
1133 650 1142 686 :
1185 634 1330 699 Quod
1362 637 1411 686 si
1442 636 1669 702 spiritus
1716 637 1834 703 ejus

159 720 255 790 qui
282 721 585 773 suscita-vit
634 724 829 776 Jesum
857 738 890 773 α
918 723 1173 787 mortuis,
1211 721 1418 776 habitat
1446 725 1503 775 in.
1533 725 1704 785 vobis,
1741 726 1834 793 qui

159 811 460 864 suscitavit
506 813 701 865 Jesum
751 809 1028 863 Christum
1069 828 1100 864 α
1141 812 1388 872 mortuis,
1441 811 1742 880 rivi/irritat
1784 821 1834 866 rt

159 899 447 952 mortalia
475 913 705 968 corpora
751 902 945 962 vestra,
978 902 1198 968 propter
1226 899 1624 953 inhabilanlem
1657 903 1832 970 Spiri-

162 995 276 1040 tum
307 987 436 1056 ejus
467 988 529 1039 in
563 987 726 1040 vobis.
761 987 1065 1056 Tanquam
1100 987 1318 1039 diceret
1354 1003 1365 1041 :
1407 1005 1686 1057 magnum
1722 989 1833 1042 uti—

164 1091 278 1145 que
335 1092 567 1130 munus
618 1077 918 1145 redempto
969 1075 1190 1129 homini
1247 1076 1524 1130 collatum
1548 1080 1694 1145 (273i
1727 1084 1834 1140 est,

169 1164 463 1234 quoniam
491 1181 608 1218 non
629 1163 820 1218 solum
840 1164 1037 1218 anima
1055 1163 1325 1219 relaxatis
1343 1165 1591 1234 peccatis
1615 1168 1669 1219 in
1699 1184 1835 1236 pra:-

173 1252 332 1306 senti
367 1251 527 1318 vivit,
551 1252 654 1308 sed
681 1253 856 1306 etiam
892 1268 1104 1322 corpus
1125 1252 1512 1306 vivilleabitur
1537 1259 1594 1307 et
1623 1255 1689 1306 ad
1727 1255 1832 1307 im-

179 1341 572 1395 mortalitatis
604 1340 850 1410 gloriam
883 1341 1249 1394 transibit.ln
1268 1358 1333 1395 eo
1355 1358 1494 1396 sane
1517 1343 1666 1412 quod
1695 1344 1836 1397 dicit

173 1429 280 1498 qui
335 1429 639 1483 suscitavit
683 1430 886 1484 Jesum
919 1429 1215 1483 Christum
1268 1446 1299 1483 a
1346 1431 1616 1496 mortuis,
1652 1431 1830 1485 Deum

174 1518 409 1572 Patrem
441 1518 565 1572 vult
595 1517 874 1586 intelligi:
911 1535 1024 1570 non
1072 1524 1265 1572 tamen
1320 1519 1442 1589 ipse
1491 1520 1652 1574 solus
1699 1538 1832 1574 eum

173 1607 505 1670 suscitavit,
539 1609 641 1662 sed
692 1612 749 1661 et
799 1606 999 1670 Filius,
1029 1618 1084 1660 et
1115 1607 1369 1677 Spiritus
1402 1613 1662 1672 sanctus,
1698 1610 1835 1678 quia

172 1695 363 1749 totius
396 1695 705 1749 Trinitatis
738 1711 851 1749 una
883 1700 971 1749 est
1001 1697 1277 1766 operatio.
1307 1697 1371 1749 Et
1404 1701 1538 1750 nota
1560 1697 1696 1765 quia
1720 1715 1830 1751 non

173 1784 258 1836 ait
291 1788 529 1837 mortua
577 1799 836 1853 corpora,
870 1784 968 1837 sed
1020 1786 1298 1838 mortalia.
1332 1787 1515 1838 Adam
1569 1787 1723 1838 enim
1776 1787 1832 1839 in

178 1873 461 1942 paradiso
495 1872 755 1926 mortalis
800 1878 923 1927 erat
962 1878 1097 1926 ante
1141 1879 1464 1942 peccatum,
1499 1878 1637 1943 quia
1688 1876 1832 1928 mori

174 1967 428 2033 poterat,
452 1962 500 2016 si
533 1968 824 2032 peccaret;
855 1962 1006 2017 sicut
1035 1967 1092 2016 ct
1117 1970 1384 2018 mortuus
1409 1970 1516 2028 est,
1542 1982 1674 2018 cum
1711 1982 1834 2034 pec-

175 2053 346 2106 cavit.
383 2052 478 2105 Sic
510 2051 666 2107 enim
704 2051 966 2106 mortalis
996 2052 1302 2106 dicebatur
1332 2053 1674 2123 priusquam
1708 2070 1834 2123 pec-

177 2145 428 2207 caverat,
463 2141 620 2195 sicut
652 2157 862 2211 corpus
893 2140 1231 2194 inﬁrmitate
1263 2157 1466 2195 carens
1503 2142 1834 2212 regrotabile

175 2230 415 2295 dicitur,
442 2246 558 2284 non
586 2235 889 2299 zegrotum.
911 2230 1071 2292 Quod
1105 2230 1153 2282 si
1185 2230 1490 2300 contigerit
1519 2235 1584 2284 ut
1613 2233 1834 2302 absque

174 2317 524 2372 inﬁrmitate
557 2318 886 2384 occumbat,
920 2319 1252 2389 tegrotabile
1297 2323 1448 2372 recte
1479 2319 1590 2372 dici
1624 2324 1832 2390 potest,

176 2411 237 2460 et
268 2423 388 2460 non
441 2411 744 2476 aegrotum.
775 2407 868 2460 Sic
921 2407 1116 2477 itaque
1175 2408 1515 2476 sancti,etsi
1567 2407 1834 2462 mortalia

173 2499 424 2566 agerent
448 2499 948 2567 corpora,propter
972 2497 1178 2550 mortis
1201 2497 1632 2564 necessitatem,
1648 2497 1704 2549 in
1730 2514 1833 2567 spe

171 2588 374 2639 tamen
409 2583 770 2639 immortalia
802 2585 1040 2652 habent,
1070 2585 1241 2655 quale
1265 2585 1470 2639 habuit
1493 2587 1676 2640 Adam
1699 2591 1834 2640 ante

173 2679 506 2744 peccatum,
535 2673 671 2744 quia
709 2690 872 2745 spem
919 2680 1267 2744 acceperunt
1303 2690 1336 2727 ει
1366 2674 1501 2740 Deo,
1538 2680 1594 2728 et
1627 2674 1835 2728 ﬁrmis-

173 2764 321 2818 sime
353 2764 608 2817 credunt
642 2762 779 2832 quia
826 2762 1208 2816 resurrecturi
1245 2764 1597 2834 quandoque
1628 2765 1697 2818 ad
1733 2781 1832 2817 an-

174 2852 443 2923 gelorum
477 2852 826 2922 dignitatem
872 2851 1231 2920 transibunt,
1267 2851 1336 2905 ad
1378 2868 1553 2922 quam
1605 2852 1834 2922 primus

173 2941 372 3007 homo,
409 2941 521 2994 nisi
560 2945 846 3010 peccaret,
871 2940 996 2994 sine
1027 2946 1213 2994 morte
1233 2940 1472 2994 veniret.
1497 2942 1658 2995 'I‘unc
1683 2942 1830 3011 jam,

179 3047 284 3084 nec
319 3035 574 3092 mortua,
610 3045 716 3082 nec
748 3027 1016 3082 mortalia
1046 3045 1287 3098 corpora
1319 3029 1637 3095 habebunt,
1672 3029 1831 3099 quia,

177 3133 286 3172 nec
313 3117 523 3172 mortis
546 3119 864 3170 necessitas
889 3115 1003 3170 illis
1027 3116 1219 3178 inerit,
1245 3134 1347 3170 nec
1372 3134 1539 3187 posse
1563 3133 1828 3188 peccare;

1944 565 2133 599 ruinis
2178 550 2545 612 Illul‘lilit'dnl,
2582 547 2701 618 qui,
2755 547 2971 617 Spiritu
3028 553 3230 602 sancto
3288 556 3584 622 operante,

1945 636 2078 686 \iliu
2113 642 2160 686 rt
2202 643 2428 705 put-ruta
2471 637 2526 689 in
2575 636 2909 706 semetipsis
2944 635 3342 707 exstinguunt,
3375 645 3432 694 et
3461 657 3585 696 cor-

1945 741 2080 793 pora
2137 742 2244 777 sua
2296 727 2611 792 castigant,
2676 731 2731 777 et
2789 725 2847 777 in
2902 725 3238 781 servitutem
3313 730 3589 801 redigunt

1944 814 1985 881 (I
2018 817 2144 867 Cor.
2183 832 2254 874 ιχ,
2288 816 2398 882 27),
2436 814 2678 883 iquue
2710 813 2922 877 vivent,
2949 830 3060 867 non
3094 819 3213 869 tam
3243 817 3363 873 vita
3391 835 3590 890 corpo-

1943 901 2022 954 ris
2063 919 2237 970 quam
2289 903 2404 954 vita
2456 903 2662 956 anima:
2713 907 2767 955 et
2813 908 3036 955 {eterna}
3086 903 3487 962 beatitudinis.
3522 908 3587 962 Et

1945 991 2110 1059 qutun
2147 991 2443 1044 dicerent:
2484 992 2634 1044 unde
2669 991 3044 1060 probabimus
3085 992 3362 1062 Spiritum
3397 995 3495 1050 Dei
3526 996 3585 1050 in

1945 1079 2112 1132 nobis
2157 1080 2330 1132 esse?
2377 1080 2689 1148 Suhjungit
2744 1097 2755 1132 :
2810 1081 3130 1151 Quicunque
3176 1083 3330 1136 enim
3374 1084 3588 1155 Spiritu

1947 1169 2041 1221 Dei
2071 1177 2338 1236 aguntur,
2373 1171 2415 1221 ii
2445 1170 2553 1236 filii
2597 1176 2724 1221 sunt
2773 1169 2884 1222 Dei.
2922 1169 2990 1222 Et
3037 1175 3126 1223 est
3172 1186 3380 1226 sensus
3415 1188 3428 1226 :
3465 1173 3585 1229 haec

1944 1261 2032 1309 est
2063 1273 2195 1309 vera
2228 1258 2489 1326 probatio
2523 1256 2773 1310 filiorum
2809 1256 2930 1322 Dei,
2957 1258 3002 1310 si
3037 1258 3246 1327 spiritu
3277 1259 3375 1314 Dei
3408 1275 3587 1331 agun-

1942 1350 2056 1397 tur.
2089 1345 2308 1414 Spiritu
2347 1345 2444 1399 l)ei
2477 1345 2560 1398 illi
2595 1350 2869 1414 aguntur,
2905 1345 2958 1397 id
3003 1351 3112 1408 est,
3143 1347 3458 1418 ducuntur,
3483 1349 3583 1419 qui

1942 1433 2189 1502 Spiritus
2222 1435 2406 1487 sancti
2441 1434 2629 1504 gratia
2662 1435 2730 1487 ad
2774 1451 2889 1487 sua:
2941 1436 3154 1490 mentis
3186 1436 3582 1508 compunctio-

1944 1538 2074 1574 nem
2108 1524 2175 1574 ad
2213 1523 2497 1592 lncrymas
2538 1529 2593 1576 et
2636 1528 2838 1576 caetera
2870 1522 2962 1577 his
2992 1524 3209 1578 similia
3237 1526 3584 1592 excitantur,

1941 1616 1996 1664 et
2029 1611 2154 1664 ideo
2190 1611 2289 1663 lilii
2324 1616 2461 1664 sunt
2493 1611 2606 1664 hei.

2015 1700 2222 1767 Magna
2282 1706 2475 1753 autem
2527 1700 2779 1766 dignitas
2833 1700 3172 1756 hominibus
3211 1702 3418 1758 collata
3474 1708 3583 1771 est,

1944 1787 2219 1856 quoniam
2255 1789 2352 1856 qui
2401 1805 2512 1840 non
2564 1793 2728 1841 erant
2755 1789 2913 1857 digni
2956 1794 3019 1844 ut
3049 1797 3393 1846 vocarentur
3439 1791 3588 1848 servi

1946 1876 2063 1938 Dei,
2091 1880 2313 1929 tantam
2345 1881 2685 1944 potestatem
2722 1883 3068 1946 acceperunt
3089 1885 3152 1932 ut
3176 1880 3294 1933 sint
3313 1887 3368 1935 et
3387 1898 3592 1936 vocen-

1945 1969 2038 2016 tur
2072 1964 2170 2016 ﬁlii
2214 1963 2312 2016 Dei
2347 1965 2391 2032 (Ι
2419 1965 2575 2018 Joun.
2609 1981 2694 2031 in,
2733 1967 2799 2029 1).
2839 1966 3039 2034 Itaque
3071 1966 3168 2036 qui
3219 1967 3434 2037 Spiritu
3488 1970 3588 2025 Dei

1944 2057 2217 2122 aguntur,
2243 2052 2522 2105 cbaritate
2546 2057 2834 2122 aguntur:
2863 2053 3139 2122 quoniam
3173 2055 3325 2108 idem
3347 2057 3590 2126 Aposto-

1944 2141 2034 2195 lus
2067 2142 2145 2195 ait
2179 2159 2190 2194 :
2227 2142 2481 2195 Charitas
2535 2143 2637 2195 Dei
2665 2141 2868 2211 ili/[usa
2896 2150 2974 2196 est
3005 2144 3063 2195 in
3093 2142 3341 2198 cordibus
3386 2143 3588 2200 nostris

1937 2246 2046 2300 pen
2071 2232 2340 2300 Spiritum
2370 2239 2625 2283 sanctum
2657 2231 2865 2299 (supra,
2899 2247 2953 2294 v,
2987 2231 3061 2301 3).
3092 2230 3253 2286 Unde
3285 2248 3418 2287 mox
3447 2233 3586 2288 sub-

1936 2319 2134 2388 jungit
2170 2335 2179 2371 :
2217 2335 2320 2374 non
2371 2321 2520 2372 enim
2558 2321 2838 2387 accepistis
2866 2320 3125 2389 spiritum
3155 2322 3435 2376 servitutis
3486 2323 3588 2377 ite-

1942 2424 2067 2460 rum
2127 2410 2182 2461 in
2239 2409 2491 2461 timorem
2541 2408 2706 2476 (276).
2757 2406 2925 2476 Nam,
2977 2412 3040 2462 ut
3097 2407 3349 2464 Joannes
3407 2408 3586 2465 dicit:

1942 2500 2191 2563 Perfecta
2252 2497 2489 2551 rharitas
2553 2495 2707 2565 foras
2762 2498 2934 2550 mittit
3008 2498 3256 2552 timorem
3319 2498 3374 2568 (ι
3429 2499 3585 2553 Joan.

1942 2602 2018 2653 Iv,
2056 2587 2160 2654 'IH}.

2014 2675 2122 2727 Sed
2159 2674 2296 2743 quid
2329 2678 2417 2728 est
2444 2674 2596 2743 quod
2648 2674 2729 2727 ait
2777 2676 3027 2728 iterum?
3073 2675 3132 2728 id
3183 2679 3290 2740 est,
3326 2675 3482 2730 sicut
3529 2675 3588 2730 in

1944 2768 2137 2816 monte
2171 2763 2326 2828 Sina,
2363 2779 2476 2833 quo
2501 2762 2654 2816 dicto
2686 2763 2943 2817 ostendit
2964 2779 3062 2818 eos
3095 2763 3278 2818 fuisse
3299 2764 3409 2820 sub
3440 2764 3586 2836 lege.

1945 2851 2091 2905 Dicit
2141 2851 2354 2922 aliquis
2391 2868 2402 2906 :
2441 2853 2584 2904 alter
2631 2851 2739 2905 fuit
2787 2851 3026 2922 spiritus
3070 2851 3130 2906 in
3161 2852 3355 2908 Veteri
3385 2854 3590 2909 Testa-

1944 2945 2140 2994 mento
2173 2942 2345 2994 datus
2373 2940 2585 3011 populo
2614 2941 2734 3007 Dei,
2763 2945 2818 2994 et
2849 2940 2994 2995 alter
3025 2941 3084 2995 in
3116 2945 3272 2997 Novo
3307 2959 3320 2996 :
3353 2943 3509 3013 quod
3539 2943 3591 2998 si

1942 3035 2113 3090 esset,
2148 3045 2519 3100 nequaquam
2563 3029 2875 3099 Apostolus
2926 3033 3127 3084 iterum
3157 3031 3392 3086 diceret.
3429 3032 3586 3086 Idem

1943 3133 2076 3187 ergo
2103 3124 2192 3171 est
2222 3119 2463 3188 spiritus
2509 3119 2800 3171 servitutis
2833 3123 2887 3172 et
2917 3119 3232 3187 libertatis;
3279 3120 3378 3173 sed
3412 3120 3584 3190 spiri-

176 3208 336 3278 quod
367 3211 507 3260 tunc
533 3207 803 3267 liet,cum
832 3204 1135 3275 impletum
1167 3206 1338 3260 fuerit
1360 3206 1502 3259 illud
1528 3208 1680 3277 quod
1707 3224 1830 3278 pro-
1859 3196 1900 3259 C
1942 3211 2038 3260 tus
2068 3207 2294 3260 timoris
2325 3211 2382 3260 et
2413 3206 2708 3260 servitutis
2753 3207 2808 3259 in
2853 3208 3071 3261 tabulis
3101 3207 3376 3278 lapideis;
3411 3207 3584 3278 spiri-

161 3295 341 3364 pheta
367 3294 546 3348 dicit:
583 3293 849 3364 Absorpta
879 3302 956 3348 est
982 3310 1131 3346 mors
1170 3295 1224 3347 in
1270 3295 1500 3349 victoria
1530 3295 1672 3362 (Use.
1708 3311 1828 3362 xui,

161 3384 283 3451 ili);
319 3383 378 3436 id
412 3388 524 3447 est,
550 3399 674 3436 cum
694 3383 926 3435 mortale
946 3383 1047 3436 hoc
1070 3382 1311 3436 induerit
1333 3384 1805 3438 immortalitatem

153 3480 205 3526 et
260 3471 632 3540 corruptibile
688 3472 1145 3541 incorruptionem
1186 3472 1258 3540 (II
1289 3473 1406 3525 Cor.
1442 3489 1532 3537 xv,
1579 3474 1671 3538 53,
1713 3465 1826 3549 5/1):

153 3561 369 3631 Igitur,
391 3560 539 3629 quia
569 3574 841 3628 magnum
875 3576 1091 3614 munus
1125 3559 1349 3613 homini
1378 3560 1658 3614 collatum
1679 3563 1830 3648 (274)

154 3647 430 3703 ostendit
471 3663 484 3700 :
521 3645 736 3701 idcirco
769 3647 1030 3702 subdidit
1063 3664 1075 3700 :
1109 3649 1258 3716 (27:3)
1293 3653 1450 3717 Ergo,
1483 3653 1706 3719 fratres,
1739 3645 1827 3704 de-

163 3738 374 3792 bitares
400 3751 614 3802 sumus,
642 3741 772 3805 etc.,
807 3737 947 3806 quia
994 3735 1259 3791 absolute
1312 3737 1393 3791 ait
1439 3738 1724 3801 debitores,
1759 3755 1829 3793 ne

161 3826 298 3897 quis
333 3828 571 3898 putaret
603 3825 783 3890 carni,
819 3824 1041 3879 addidit
1085 3841 1192 3879 non
1227 3829 1406 3892 carni,
1443 3836 1501 3880 ut
1532 3827 1829 3881 secundum

161 3931 392 3970 carnem
448 3916 727 3968 vivamus.
774 3915 943 3968 Carni
1003 3915 1293 3968 debitores
1352 3921 1489 3969 sunt
1541 3916 1641 3986 qui
1701 3917 1828 3986 ejus

163 4002 682 4075 concupiscentiae
750 4007 1119 4073 sequuntur;
1184 4005 1338 4074 quod
1406 4010 1692 4076 quantum
1754 4005 1829 4059 sit

161 4093 384 4146 malum
434 4093 566 4162 ipse
601 4092 880 4156 ostendit,
916 4092 1281 4164 subjungens
1312 4110 1323 4146 :
1357 4095 1418 4147 Si
1447 4096 1594 4147 enim
1642 4111 1828 4148 serun-

157 4181 288 4236 dum
318 4198 545 4236 carnem
609 4182 878 4246 vixeritis,
910 4184 1260 4241 moriemini;
1292 4184 1344 4235 id
1380 4189 1488 4244 est,
1517 4183 1564 4237 si
1614 4199 1826 4236 secun—

159 4271 301 4324 dum
365 4287 468 4323 vos
531 4269 696 4340 ipsos
751 4268 1029 4324 vixeritis.
1064 4272 1296 4324 Primus
1350 4270 1503 4325 enim
1559 4272 1823 4340 angelus,

159 4359 300 4427 quia
361 4359 699 4412 secundum
748 4374 808 4412 se
859 4357 1017 4422 vixit,
1050 4359 1177 4414 ideo
1233 4360 1468 4413 corruit.
1522 4359 1682 4420 Quod
1734 4361 1826 4413 di~

158 4447 242 4500 cit
269 4448 628 4511 moriemini,
664 4463 776 4500 non
820 4447 890 4501 de
942 4453 1125 4502 morte
1167 4448 1447 4518 corporis,
1480 4448 1577 4502 sed
1630 4449 1825 4518 potius

1941 3299 2036 3349 tus
2068 3296 2285 3348 amoris
2321 3300 2376 3348 et
2408 3294 2694 3348 libertatis
2724 3295 2780 3347 in
2815 3295 3030 3348 tabulis
3061 3295 3272 3349 cordis.

2010 3384 2114 3436 Sed
2145 3385 2427 3453 accepistis
2455 3385 2712 3452 spiritum
2745 3383 3053 3450 adoption-is
3076 3383 3354 3451 ﬁliorum;
3385 3384 3440 3438 id
3473 3391 3587 3453 est,

1941 3472 2222 3542 Spiritum
2255 3476 2549 3538 sanctum,
2587 3487 2687 3540 per
2729 3471 2899 3539 cujus
2949 3471 3199 3541 gratiam
3251 3471 3471 3539 fideles,
3497 3473 3585 3527 di-

1942 3560 2140 3614 missis
2195 3560 2251 3612 in
2312 3559 2664 3628 baptismate
2714 3558 2985 3629 peccatis,
3028 3559 3280 3630 adoptivi
3331 3559 3432 3614 ﬁlii
3483 3561 3586 3617 Dei

1938 3649 2362 3703 et'ticiunturJn
2393 3663 2496 3717 quo
2526 3647 2862 3702 clamamus:
2889 3648 3030 3703 Abba
3055 3649 3284 3718 (Pater).
3310 3650 3584 3715 Quaedam

1939 3736 2294 3807 exemplaria
2336 3735 2667 3791 clamantem
2719 3737 2954 3806 habent,
2987 3738 3140 3808 quod
3191 3742 3298 3805 est,
3333 3738 3586 3796 clamare

1941 3827 2269 3880 lacientem.
2297 3826 2586 3896 Expositio
2617 3830 2704 3880 est
2721 3843 2855 3897 ergo
2879 3827 3029 3897 quod
3057 3828 3114 3882 in
3142 3828 3358 3883 nostris
3391 3844 3584 3883 exem-

1939 3914 2200 3985 plaribus
2234 3914 2543 3969 invenitur.
2565 3914 2798 3969 Clamor
2819 3920 3013 3970 autem
3047 3916 3174 3987 iste,
3201 3934 3312 3972 non
3338 3917 3455 3972 oris
3486 3922 3588 3972 aut

1939 4005 2193 4058 faucium
2239 4009 2345 4070 est,
2381 4004 2478 4056 sed
2526 4003 2736 4057 cordis.
2772 4005 2918 4058 Abba
2966 4005 3174 4076 Syrum
3228 4011 3316 4060 est
3367 4010 3422 4060 et
3475 4009 3584 4060 He-

1941 4093 2160 4146 braeum
2181 4111 2192 4157 ;
2217 4097 2390 4161 pater,
2416 4098 2672 4144 (ὲΐᾶξριιιῐὶ
2699 4098 2754 4145 et
2779 4093 3067 4146 Latinum.
3094 4094 3429 4148 Clamamus
3450 4110 3586 4165 ergo

1937 4181 1993 4234 in
2059 4182 2264 4252 spiritu
2299 4199 2310 4234 :
2345 4181 2518 4244 Abba,
2564 4183 2748 4242 I’uter,
2801 4196 2931 4232 cum
2993 4186 3224 4235 orantes
3285 4183 3582 4236 dicimus:

1935 4275 2104 4324 Pater
2133 4272 2334 4329 uoster,
2369 4272 2477 4321 etc.
2503 4267 2610 4320 Sed
2648 4282 2827 4336 quare
2863 4271 3181 4337 utrumque
3210 4269 3426 4337 posuit,
3451 4285 3585 4323 cum

1938 4376 2124 4412 unum
2162 4358 2313 4410 sint?
2349 4357 2600 4419 Scilicet,
2627 4355 2764 4425 quia
2796 4355 3056 4425 praevidit
3087 4355 3302 4410 multos
3333 4372 3401 4410 ex
3429 4359 3585 4411 utro-

1938 4465 2051 4518 que
2084 4445 2299 4517 populo
2331 4446 2401 4499 ad
2432 4461 2604 4498 unam
2640 4443 2853 4497 Christi
2888 4444 3060 4497 ﬁdem
3086 4448 3380 4498 venturos.
3414 4443 3588 4515 Prop-

155 4536 402 4601 anima,
464 4535 557 4590 vel
632 4541 856 4589 (eterna
924 4536 1319 4592 damnationis
1386 4541 1476 4590 est
1536 4537 1824 4608 accipien-
1855 4557 1901 4620 D
1938 4540 2026 4590 ter
2058 4535 2309 4605 lapidem
2341 4550 2477 4604 ergo
2527 4533 2868 4605 angularem
2917 4538 3233 4603 utrumque
3276 4532 3488 4603 posuit,
3523 4538 3590 4588 ut

169 4624 332 4679 dum.

234 4717 468 4768 Poterat
500 4713 574 4769 ad
611 4711 730 4767 haec
763 4713 976 4784 aliquis
1020 4715 1209 4770 dicere
1242 4733 1254 4770 :
1291 4715 1339 4768 si
1379 4732 1494 4770 non
1528 4715 1711 4779 carni,
1739 4717 1832 4769 cui

161 4817 301 4872 ergo
337 4802 412 4856 rei
451 4801 752 4855 debitores
785 4802 1036 4856 sumus?
1065 4804 1147 4858 Ad
1182 4803 1301 4856 haec
1323 4803 1492 4873 quasi
1525 4805 1833 4873 respondet

163 4889 485 4960 Apostolus
521 4905 534 4940 :
570 4890 835 4957 Spiritui,
863 4889 1140 4960 quoniam
1167 4907 1281 4945 non
1315 4889 1396 4943 illi
1431 4891 1510 4946 rei
1542 4891 1832 4946 debitores

164 4995 400 5043 sumus,
436 4977 768 5032 secundum
802 4995 977 5048 quam
1031 4981 1337 5047 morimur,
1371 4981 1469 5034 sed
1506 4982 1831 5034 secundum

165 5083 347 5136 quam
386 5065 670 5120 vivimus.
705 5065 819 5120 Hoc
877 5068 1031 5120 enim
1082 5067 1207 5122 vult
1258 5069 1414 5137 quod
1475 5070 1829 5138 subjungit:

164 5154 228 5208 Si
249 5160 444 5209 autem
476 5155 686 5224 spiritu
713 5157 862 5224 facta
893 5159 1081 5212 carris
1112 5157 1597 5224 morti/icuveritis,
1625 5159 1832 5211 vivens.

163 5244 338 5298 Facta
371 5243 596 5309 carnis,
632 5243 772 5297 dicit
814 5259 988 5314 opera
1035 5245 1249 5312 carnis,
1274 5247 1344 5299 de
1379 5247 1596 5316 quibus
1648 5245 1784 5300 alibi
1819 5263 1832 5299 :

167 5333 494 5402 Mortificate
523 5331 772 5385 membra
800 5335 978 5387 vestra
1018 5350 1142 5404 quae
1169 5343 1300 5390 sunt
1328 5351 1492 5406 super
1519 5341 1747 5404 terram,
1783 5334 1837 5389 id

259 5456 394 5526 273)
429 5457 654 5524 Autog.
686 5455 1023 5526 collocatum.

259 5457 394 5526 273)
429 5457 654 5524 Autog.
686 5457 1023 5511 collocatum.

235 5457 392 5596 i274)
429 5526 656 5599 Iterum
689 5525 747 5578 in
781 5529 989 5599 Autog.
1021 5531 1364 5586 collocat-um.

241 5595 397 5673 (275)
429 5596 540 5652 Hic
575 5595 639 5650 in
683 5601 894 5669 Autog.
932 5595 1113 5674 marg.
1151 5603 1366 5674 legitur
1415 5605 1576 5658 Dom.
1613 5600 1676 5656 Χ.
1711 5606 1842 5672 post

466 5726 742 5786 PATROL.
789 5723 1092 5793 CXXXIV.

1939 4640 2181 4696 quaeque
2215 4640 2358 4693 gens
2378 4622 2615 4677 haberet
2636 4623 2926 4692 quomodo
2957 4623 3016 4676 in
3040 4639 3148 4677 sua
3178 4620 3381 4693 lingua
3401 4621 3586 4678 Deum

1943 4713 2314 4784 glorificaret.

2012 4803 2126 4872 Ipse
2156 4803 2301 4854 enim
2333 4801 2568 4872 Spiritus
2618 4801 2984 4856 testimonium
3013 4799 3188 4855 reddit
3235 4801 3461 4872 spiritui
3495 4817 3591 4857 no-

1942 4900 2054 4944 stro
2086 4892 2234 4960 quod
2263 4907 2451 4945 sumus
2483 4891 2590 4958 ﬁlii
2619 4891 2732 4944 Dei.
2759 4890 2923 4956 Nota,
2951 4890 3088 4960 quia
3109 4906 3221 4944 non
3256 4890 3338 4945 ait
3358 4894 3588 4946 tantum

1942 4981 2201 5048 Spiritus,
2219 4981 2315 5034 sed
2343 4979 2622 5050 pragmisit.
2645 4982 2778 5049 ipse,
2807 4980 2861 5033 id
2886 4985 2994 5049 est,
3014 4979 3071 5033 in
3097 4997 3211 5050 quo
3234 4980 3588 5036 clamamus:

1945 5069 2108 5130 Alma,
2141 5070 2320 5122 Pater.
2343 5068 2596 5139 Spiritus
2646 5069 2861 5139 quippe
2895 5074 3135 5123 sanctus
3167 5069 3336 5123 arrha
3390 5074 3594 5124 nostra

1945 5157 2207 5226 est,quia
2249 5156 2460 5226 pignus
2492 5156 2657 5210 nobis
2692 5173 2807 5210 sua:
2857 5157 3054 5226 gratia)
3087 5157 3332 5212 contulit
3381 5173 3483 5229 pro
3531 5172 3593 5211 re

1946 5263 2123 5316 quam
2156 5260 2362 5298 sumus
2395 5244 2707 5313 accepturi.
2734 5245 2864 5299 Ideo
2892 5245 3032 5299 dicit
3057 5262 3068 5300 :
3091 5247 3211 5315 Ipse
3232 5247 3471 5318 Spiritus
3492 5253 3593 5300 tes-

1947 5335 2236 5390 timonium
2255 5331 2437 5386 reddit
2457 5334 2681 5401 spiritui
2708 5341 2923 5394 nostra;
2956 5333 3014 5387 in
3041 5350 3108 5388 eo
3141 5335 3297 5390 enim
3329 5333 3593 5390 testimo-

1948 5459 2165 5653 Pe([32:7:6)
2196 5524 2368 5649 tVulg.
2404 5526 2617 5582 timore.
2651 5526 2759 5581 Alii
2808 5545 2942 5584 vero
2983 5529 3167 5584 textui
3209 5534 3408 5587 nostro
3458 5544 3594 5585 con-

1951 5615 2055 5653 sen
2089 5612 2188 5651 tun
2225 5635 2236 5648 .

1951 5612 2236 5656 sentiunt.

3245 5726 3279 5796 Ἰ
