3996 6232
411 340 529 400 203
1424 321 1762 382 ATTONIS
1805 314 2395 381 VERCELLENSIS
2440 311 2790 373 EPISCOPI
3695 307 3831 367 204

414 471 580 526 nium
630 463 820 522 reddit
863 459 1094 534 spiritui
1139 458 1335 512 nostro
1383 454 1537 526 quod
1571 452 1673 506 ﬁlii
1715 451 1810 506 Dei
1841 449 2051 513 simus,
2083 454 2138 519 Α
2166 445 2297 513 tive,
2331 445 2429 500 sed
2464 443 2807 534 afﬁrmative
2847 439 3137 534 prolatum
3185 442 3306 534 cst.-
3325 438 3429 534 Sic
3453 436 3593 534 alibi
3618 439 3832 534 .:_P.uto

417 558 557 631 quia
585 555 798 628 pignus
819 527 989 606 nobis
1011 563 1131 604 suae
1155 545 1354 618 gratia:
1377 542 1651 610 contulit;
1677 541 1830 612 quod
1856 538 2056 609 utique
2163 540 2351 631 autem
2370 533 2713 631 (2183).,‘qu'o-d
2740 536 2802 631 et
2843 546 2937 598 ego
2977 529 3374 631 Spiritum'Dei
3406 528 3577 628 habeo
3609 528 3656 598 (ι
3690 527 3829 582 Cor.

418 618 533 704 non
558 618 864 706 cbdferret,
896 638 1009 694 nisi
1041 635 1143 691 ﬁlii
1180 634 1274 689 Dei
1307 648 1591 688 essemus.
2166 641 2264 688 vn,
2297 625 2384 693 40)
2417 623 2583 692 (284).
2622 622 2688 675 Et
2738 620 2876 673 item
2912 635 2923 674 :
2959 626 3088 686 puto
3117 618 3266 688 quod
3313 618 3638 706 novissimos
3680 633 3830 687 apo-

490 735 694 808 Igitur,
718 731 856 803 quia
886 727 1022 782 ﬁliis
1051 725 1295 779 debetur
1323 721 1630 776 haereditas
1663 717 1866 808 patris,
1902 713 2060 808 addi-
2163 713 2325 808 stolas
2372 728 2471 765 nos
2504 712 2665 808 (Deus.
2699 710 2944 808 elegerit,
2970 711 3257 808 tanquam
3299 707 3468 761 morti
3512 705 3832 808 destinatos

420 797 549 881 dit:
579 823 640 878 Si
668 797 856 876 autem
903 817 1032 886 ﬁlii,
1062 817 1110 869 et
1141 811 1397 868 haerentes.
1423 808 1583 864 Filiis
1632 806 1846 878 quippe
1879 803 2058 875 patris
2167 804 2213 872 (I
2243 801 2359 855 Cor.
2386 818 2461 870 1v,
2501 799 2578 869 9).
2607 799 2856 852 Dicendo
2887 801 3082 851 autem
3113 797 3582 886 hujusgtemporis,
3609 799 3831 850 osten-

419 911 727 970 hiereditas
758 884 1019 963 debetur.
1053 901 1159 955 Sed
1211 917 1326 956 non
1377 899 1527 954 sicut
1560 895 1696 949 ﬁliis
1727 894 2055 955 hominum,
2167 891 2254 944 dit
2292 890 2442 944 leves
2474 894 2529 942 et
2561 893 2998 941 momentaneas
3031 885 3333 957 presentis
3377 884 3505 938 vita:
3538 900 3833 956 persecu-

421 1003 506 1058 ita
533 1000 670 1056 ﬁliis
697 997 818 1054 Dei.
846 995 1028 1050 Homo
1061 1003 1315 1058 namque
1346 985 1482 1040 ﬁliis
1509 985 1632 1039 suis
1664 981 2058 1037 haereditatem
2167 978 2378 1042 tiones,
2410 977 2564 1031 unde
2595 981 2651 1030 et
2682 974 2981 1046 praemisit,
3012 989 3122 1028 non
3149 975 3276 1027 sunt
3302 972 3616 1040 condignae;
3651 971 3830 1027 nullo

421 1087 719 1158 relinquit,
752 1099 927 1156 quam
958 1095 1094 1136 cum
1138 1077 1256 1132 illis
1314 1075 1608 1147 possidere
1659 1089 1774 1126 non
1834 1073 2056 1140 potest:
2167 1067 2323 1121 enim
2355 1070 2520 1136 pacto
2550 1070 2780 1118 terrena
2822 1062 3173 1158 caelestibus,
3210 1061 3553 1158 temporalia
3581 1062 3832 1158 aeternis

421 1150 800 1234 Deus-autem
856 1170 992 1225 ﬁliis
1046 1166 1172 1222 suis
1229 1164 1623 1219 hmreditatem
1656 1161 1850 1226 donat,
1884 1173 2059 1228 quam
2169 1154 2515 1226 zequiparari
2563 1157 2825 1222 possunt.
2860 1152 3002 1205 Hinc
3043 1150 3360 1221 Origenes:
3399 1151 3457 1204 Si
3507 1150 3691 1215 omni,
3732 1152 3833 1204 in-

419 1283 553 1322 cum
583 1264 698 1320 illis
730 1263 791 1317 in
817 1264 1098 1316 eternum
1141 1252 1494 1326 possidebit;
1528 1251 1645 1304 imo
1693 1249 1816 1319 ipse
1845 1250 1934 1302 est
1961 1262 2060 1300 eo-
2171 1245 2319 1316 quit,
2351 1251 2612 1314 tempore
2640 1240 2768 1296 vitae
2800 1257 2938 1296 meae
2989 1239 3127 1294 talia
3157 1256 3369 1311 passus
3399 1240 3584 1305 fuero,
3617 1239 3835 1310 qualia

418 1372 551 1412 rum
581 1351 914 1417 hereditas,
937 1347 1093 1402 sicut
1116 1341 1428 1399 Psalmista
1448 1339 1590 1394 dicit
1613 1355 1626 1392 :
1649 1339 1912 1392 Dominus
1929 1350 2064 1404 pars
2174 1349 2383 1405 passus
2409 1336 2497 1387 est
2523 1331 2652 1401 Job,
2688 1347 2802 1385 non
2835 1345 2928 1384 me
2967 1328 3212 1400 dignum
3259 1333 3489 1384 aeternae
3518 1327 3649 1382 vitae
3680 1329 3834 1384 bea-

421 1442 754 1501 ltzreditatis
784 1453 925 1500 mea
954 1435 1129 1507 (Psal.
1162 1449 1256 1501 xv,
1278 1432 1356 1501 5).
2174 1421 2424 1477 titudine
2455 1421 2723 1475 arbitror.

493 1532 630 1600 Sed,
651 1545 724 1586 ne
745 1506 977 1601 putaret
992 1522 1125 1594 quis
1151 1534 1390 1592 parvum
1413 1532 1540 1572 esse
1559 1515 1814 1570 haeredes
1830 1511 2065 1578 Christi,
2247 1511 2338 1566 Αά
2372 1512 2634 1601 futuram
2677 1509 2947 1601 gloriam.
2991 1506 3242 1601 Dice-nde
3291 1508 3564 1601 futuram,
3618 1522 3836 1579 perpe—

424 1594 766 1692 subjunxit;
772 1615 929 1689 quod
952 1611 1142 1683 magis
1163 1608 1522 1681 gaudeamus
1547 1622 1559 1658 :
1587 1603 1828 1660 lu'eredes
1849 1601 2062 1671 quidem
2174 1605 2335 1654 tuam
2367 1597 2650 1692 ostendit;
3016 1594 3230 1692 verbis.
3259 1594 3545 1692 explicari.
3560 1611 3678 1650 non
3711 1612 3832 1692 po-

427 1683 879 1777 βρίζεοιικνέεὰεε
908 1710 1094 1757 autem
1125 1697 1347 1753 Christi.
1373 1693 1709 1750 Cohaeredes
1730 1689 1940 1746 Christi
1976 1706 2068 1744 su-
2175 1692 2307 1757 test,
2341 1688 2468 1741 ideo
2514 1687 2639 1777 ipse
2673 1685 2822 1777 alibi
2861 1683 3047 1739 dicit:
3081 1683 3232 1750 Quod
3276 1700 3377 1777 uec
3424 1683 3612 1777 oculus
3667 1684 3834 1750 vidit,

428 1772 868 1869 mus,quoniam
898 1805 1139 1861 corpora
1169 1791 1368 1841 nostra
1397 1781 1921 1854 conﬁgurabuntur
1941 1794 2068 1832 cor-
2096 1828 2142 1891 Β
2175 1793 2276 1831 nec
2306 1779 2464 1831 auris
2487 1776 2701 1830 audivit
2729 1789 2848 1843 quae
2893 1776 3231 1843 prwparavit
3277 1772 3417 1826 Deus
3461 1772 3834 1841 diligentibus

538 1888 547 1891 _
607 1887 620 1891 _
699 1886 729 1891 -,
786 1883 819 1891 ..
885 1881 895 1891 .
981 1878 990 1889 ο
1096 1876 1180 1891 .n:
1211 1876 1265 1891 ιυ-
1289 1890 1314 1891 ,,
1383 1890 1443 1891 ,,,
1484 1871 1573 1891 nl\
1618 1869 1756 1891 \Y-.._
1812 1884 1937 1891 ---κ
1976 1883 2032 1891 ..Α
2179 1883 2230 1891 ..Α
2263 1868 2306 1891 ll
2337 1865 2441 1891 ΡΛ...
2495 1881 2536 1891 ο.
2589 1864 2642 1891 (Η

427 1888 552 1961 pori
573 1883 856 1942 claritatis
882 1878 1068 1952 ipsius
1089 1876 1355 1946 (Philipp.
1380 1871 1596 1961 111,217).
1618 1869 1786 1961 Nam,
1809 1884 1958 1961 cum.
1976 1883 2063 1923 re-

425 1957 804 2036 surrexerint,
828 1971 897 2024 ad
932 1961 1390 2022 immortalitatis
1413 1959 1656 2032 gloriam
1682 1957 2062 2022 deducentur,

425 2067 498 2123 ad
530 2078 708 2135 quam
737 2057 949 2114 Christi
982 2069 1194 2125 corpus
1230 2049 1490 2122 pervenit
1521 2053 1653 2118 post
1687 2045 2066 2135 resurrectio:

424 2132 579 2211 nem.
603 2150 868 2207 Heredes
890 2145 989 2201 Dei
1021 2158 1250 2199 sumus.
1275 2139 1613 2194 Cohaeredes
1636 2140 1828 2190 autem
1851 2132 2064 2187 Christi

420 2244 666 2309 erimus,
687 2255 821 2296 cum
852 2231 1190 2308 apparuerit
1239 2229 1391 2300 quod
1441 2243 1669 2282 sumus.
1700 2224 1861 2280 Unde
1890 2226 2066 2277 Joan-

418 2351 523 2390 nes
556 2348 571 2388 :
606 2327 949 2395 Charissimi,
971 2337 1119 2377 nunc
1143 2317 1257 2390 ﬁlii
1284 2320 1381 2373 Dei
1401 2332 1609 2380 sumus,
1633 2319 1683 2369 et
1704 2313 1946 2368 nondum
1975 2328 2069 2382 ap-

2175 1883 2230 1921 se
2261 1868 2306 1935 (1
2336 1865 2459 1920 Cor.
2495 1881 2558 1933 ιι,
2589 1864 2663 1934 9).

2251 1955 2310 2007 in
2338 1970 2403 2008 eo
2433 1969 2564 2007 vero
2586 1951 2738 2021 quod
2773 1949 3007 2005 subdit:
3037 1966 3156 2021 quas
3184 1951 3519 2005 revelabitur
3546 1952 3608 2006 in
3637 1951 3831 2019 nobis,

2176 2042 2428 2098 ostendit
2450 2057 2603 2095 nunc
2626 2056 2753 2094 esse
2770 2039 3078 2094 occultam.
3095 2038 3254 2094 Unde
3269 2039 3525 2094 Joannes
3545 2057 3557 2094 :
3577 2041 3835 2096 nondum

2175 2133 2434 2202 apparuit
2460 2129 2603 2201 quod
2633 2145 2838 2184 sum-us.
2862 2129 3005 2183 Cum
3037 2133 3231 2182 autem
3254 2129 3395 2182 dicit
3423 2131 3485 2183 in
3511 2130 3690 2197 nobis,
3729 2146 3834 2185 os-

2176 2219 2364 2274 tendit
2391 2219 2530 2289 quia
2561 2217 2813 2271 multum
2845 2216 3087 2270 distabit
3132 2217 3528 2287 apostolorum
3563 2218 3833 2290 dignitas

2179 2327 2212 2364 a
2242 2307 2598 2379 reliquorum
2632 2306 2882 2360 ﬁliorum
2908 2304 3216 2376 dignitate;
3253 2305 3468 2378 quippe
3496 2306 3682 2362 multo
3707 2323 3837 2363 ma-

419 2423 606 2496 paruit
635 2417 765 2492 quid
792 2393 1019 2471 erimus.
1047 2411 1184 2465 Cum
1211 2413 1395 2463 autem
1426 2405 1764 2476 apparuerit,
1788 2403 1997 2496 similes
2019 2399 2071 2454 ei
2169 2397 2266 2496 jor
2298 2396 2496 2496 i‘n-illis
2519 2396 2639 2496 haec
2656 2394 2840 2465 gloria
2857 2393 3532 2496 .revel\abitur.‘8ed,quid
3557 2400 3648 2496 est
3668 2397 3832 2468 quod

422 2490 712 2579 erimus‘(l
738 2508 898 2562 Joan.
932 2519 1017 2567 ιιι,
1049 2500 1123 2568 2).
1150 2497 1315 2552 Unde
1343 2511 1474 2550 vero
1520 2493 1741 2548 similes
1776 2490 1826 2546 ei
1859 2490 2066 2545 simus.

424 2602 553 2672 ipse
581 2594 856 2659 ostendit,
905 2590 1205 2647 subdens:
1237 2584 1545 2672 videbimus
1597 2597 1751 2672 eum;
1775 2579 1940 2672 siculi
1995 2583 2072 2672 est

429 2665 646 2761 (ibid)
668 2684 872 2756 Igitur,
905 2683 973 2735 ut
1017 2676 1347 2733 ostenderet
1393 2669 1757 2761 qualiterad
1811 2665 2072 2761 hanc‘d‘i:

429 2753 721 2850 gnitatem
747 2767 1200 2843 perveniendum
1227 2761 1325 2827 sit,
1349 2759 1608 2814 addidit:
1723 2764 1905 2850 tamen.
1923 2753 2070 2850 (277)

430 2843 802 2936 compatimur
817 2858 985 2930 (m8),
1007 2863 1067 2910 ut
1085 2862 1134 2911 et
1151 2850 1646 2920 congloriﬁccmur.
1674 2848 1810 2936 Gom
1819 2843 2073 2936 patimur

431 2932 595 3020 dicit,
629 2951 781 3007 sicut
809 2944 1232 3003 commorimur
1263 2957 1274 2993 :
1313 2940 1466 2994 unde
1501 2936 1638 2992 alibi
1675 2953 1686 2990 :
1722 2935 1783 2989 Si
1809 2932 2070 3001 compati-

432 3059 583 3112 mur,
615 3045 667 3096 et
694 3035 1174 3107 conregnabimus;
1203 3031 1254 3086 si
1282 3027 1694 3094 commorimur,
1735 3027 1786 3078 et
1827 3023 2071 3112 convive-

433 3108 750 3200 mus—(279).
775 3125 1012 3196 Oportet
1040 3119 1196 3176 enim
1228 3123 1293 3172 ut
1324 3114 1522 3188 qualia
1544 3113 1806 3167 Christus
1838 3108 2075 3200 pertulit

2179 2485 2452 2540 subditur
2496 2501 2508 2538 :
2557 2484 2902 2554 Exspectatio
2933 2484 3080 2554 (285)
3110 2487 3385 2540 creatura:
3432 2486 3836 2540 reuelationem

2178 2577 2423 2645 ﬁliorum
2449 2575 2549 2629 Dei
2574 2576 2894 2644 exspectat?
2925 2574 3058 2637 Quae
3083 2577 3171 2628 est
3190 2573 3345 2627 enim
3378 2573 3499 2628 haec
3521 2573 3839 2629 creatura?

2181 2669 2296 2719 Aut
2327 2663 2424 2734 qui
2477 2663 2579 2716 ﬁlii
2617 2662 2756 2717 Dei?
2787 2661 3062 2716 Creatura
3107 2665 3247 2716 sunt
3295 2661 3506 2733 angeli,
3540 2661 3837 2718 sublimes

2181 2756 2495 2823 potestates
2554 2755 2610 2805 et
2668 2750 2912 2804 virtutes
2966 2749 3248 2815 caelestes,
3291 2750 3523 2816 cmlum,
3557 2755 3716 2806 terra
3778 2755 3837 2806 et

2181 2840 2378 2896 omnia
2409 2857 2534 2912 quae
2565 2840 2718 2894 Deus
2749 2843 2919 2894 Pater
2965 2855 3066 2910 per
3113 2838 3318 2892 Filium
3349 2839 3634 2894 condidit.
3665 2839 3834 2896 Unde

2183 2934 2405 2985 constat
2441 2929 2580 3000 quia
2610 2928 2736 3000 ipse
2764 2927 2945 2998 solus,
2978 2944 3094 2982 non
3144 2932 3428 2995 creatura,
3457 2929 3563 2984 sed
3597 2933 3837 2984 Creator

2182 3024 2289 3088 est,
2313 3035 2346 3072 a
2375 3034 2491 3088 quo
2520 3021 2579 3073 et
2604 3016 2856 3088 perfecta
2888 3021 3026 3071 sunt
3057 3017 3273 3071 omnia.
3297 3017 3422 3072 Non
3454 3018 3638 3090 igitur
3667 3017 3831 3072 aliud

2182 3112 2529 3176 creaturam,
2561 3110 2618 3160 et
2646 3103 2804 3159 aliud
2838 3103 2989 3159 ﬁlios
3032 3103 3131 3159 Dei
3163 3104 3487 3176 intelligere
3519 3106 3831 3175 debemus,

436 3238 540 3294 pro
570 3189 776 3274 nostra
823 3189 1031 3278 salute,
1061 3208 1204 3264 talia
1250 3222 1356 3261 nos
1405 3203 1764 3275 perferamus
1815 3217 1916 3271 pro
1944 3198 2072 3268 ejus
2103 3189 2145 3255 C
2185 3194 2461 3266 quoniam
2491 3211 2673 3248 unum
2704 3197 2860 3248 sunt.
2896 3194 3234 3264 Exspectatio
3279 3209 3404 3248 vero
3439 3197 3719 3266 exspectat
3749 3194 3835 3249 sic

436 3288 661 3375 amore;
697 3303 850 3376 quod
881 3299 1178 3362 facientes,
1207 3296 1278 3350 ad
1309 3294 1418 3348 hoc
1460 3307 1643 3362 usque
1674 3288 2075 3361 perveniemus

435 3402 500 3454 ut
527 3401 586 3452 et
615 3392 792 3450 simul
813 3389 1228 3462 gloriﬁcemur,
1253 3381 1531 3454 quoniam
1553 3379 1625 3433 ad
1657 3378 1816 3433 illam
1840 3378 2077 3430 immor-

432 3485 676 3543 talitatis
733 3479 980 3554 gloriam
1039 3475 1414 3540 deducemur,
1448 3471 1519 3525 ad
1581 3484 1758 3539 quam
1807 3465 2077 3520 Christus

434 3573 696 3648 pervenit
727 3573 859 3642 post
887 3562 1388 3622 resurrectionem.

505 3662 616 3717 Sed
656 3659 800 3714 dicit
853 3653 1067 3724 aliquis
1101 3670 1113 3707 :
1147 3649 1436 3721 quomodo
1493 3647 1634 3702 talia
1694 3662 1794 3716 pro
1851 3642 2077 3696 Christo

435 3750 557 3824 pati
587 3740 1127 3820 possumus,qualia
1147 3738 1408 3792 Christus
1440 3752 1541 3808 pro
1568 3733 1736 3789 nobis
1759 3748 1969 3803 passus
1992 3733 2080 3824 est

437 3821 572 3896 cum
613 3835 808 3892 desint
857 3827 1186 3901 corporales
1235 3829 1656 3899 persecutores,
1683 3826 1740 3876 et
1789 3821 2080 3874 tormenta

2186 3285 2406 3338 dictum
2437 3288 2544 3352 est,
2577 3283 2728 3337 sicut
2769 3283 2828 3336 in
2859 3281 3083 3337 Joanne
3116 3298 3128 3336 :
3162 3284 3383 3337 Amicus
3412 3285 3602 3353 sponsi
3630 3284 3836 3354 gaudio

2185 3371 2382 3440 gaudet
2412 3373 2590 3443 (Joan.
2623 3388 2709 3436 ιιι,
2739 3373 2853 3434 29).
2887 3371 3196 3441 Exspectat
3239 3371 3435 3442 itaque
3483 3371 3841 3444 exspectatio

2187 3468 2488 3525 creaturae,
2509 3476 2623 3514 non
2646 3459 2884 3514 alterius
2909 3465 3127 3514 natura:
3152 3476 3280 3530 quae
3306 3477 3420 3514 non
3446 3461 3524 3515 sit
3548 3465 3844 3526 creatura,

2189 3550 2286 3606 sed
2324 3566 2490 3604 suam
2522 3549 2709 3620 ipsius
2739 3548 3169 3603 revelationem.
3195 3549 3288 3603 Sic
3318 3549 3478 3603 enim
3525 3549 3672 3604 dixit
3719 3564 3845 3603 exs-

2183 3640 2415 3710 pectatio
2436 3641 2705 3694 creaturae
2735 3637 3120 3692 reuelationem
3148 3637 3393 3706 ﬁliorum
3415 3639 3514 3693 Dei
3531 3646 3846 3710 exspectat:

2189 3728 2357 3799 quasi
2388 3727 2604 3782 diceret
2637 3743 2649 3779 :
2687 3727 3036 3797 exspectatio
3069 3735 3269 3780 nostra
3292 3731 3594 3798 exspectat
3627 3726 3846 3782 revela-

2189 3817 2427 3882 tionem,
2453 3832 2580 3886 quae
2613 3815 2724 3869 erit
2755 3815 2813 3868 in
2846 3814 3015 3869 nobis
3047 3813 3148 3885 qui
3196 3831 3405 3870 sumus
3437 3814 3544 3868 ﬁlii
3579 3814 3714 3882 Dei;
3747 3832 3842 3871 ex-

437 3923 732 3985 exterius?
762 3925 1047 3984 Attamen,
1076 3918 1210 3972 licet
1251 3913 1580 3987 corporales
1629 3908 1841 3974 desint,
1866 3905 2082 3961 adsunt
2190 3909 2413 3975 spectat
2438 3908 2503 3958 ut
2530 3907 2806 3974 appareat
2826 3903 2980 3973 quod
3007 3903 3362 3974 promissum
3395 3907 3504 3969 est,
3531 3903 3842 3975 quoniam,

439 4013 734 4087 spiritales
762 4015 820 4066 et
845 4011 1242 4082 persecutores
1280 4008 1336 4058 et
1383 3999 1840 4074 persecutiones,
1879 3993 2079 4087 adver-

439 4081 542 4162 sus
586 4119 713 4175 qua
763 4081 869 4155 nos
923 4111 1154 4168 semper
1199 4092 1479 4148 dimicare
1535 4089 1784 4175 oportet,
1818 4081 2079 4175 quandiu

433 4195 495 4250 in
527 4169 700 4250 carne
730 4204 959 4246 sumus.
988 4186 1165 4241 Nemo
1197 4183 1353 4239 enim
1387 4173 1871 4234 incontinentiam
1904 4169 2081 4224 conti-

433 4283 652 4349 nentia,
685 4285 743 4336 et
792 4282 996 4334 caetera
1026 4273 1173 4347 (280)
1219 4271 1361 4327 vitia
1406 4263 1724 4322 virtutibus
1771 4259 2077 4331 oppositis,

429 4371 545 4428 nisi
575 4387 708 4426 cum
741 4383 954 4439 magno
985 4364 1203 4427 labore,
1236 4356 1448 4431 poterit
1479 4365 1775 4439 superare.

499 4461 588 4527 Et,
621 4475 694 4514 ne
725 4457 819 4513 cui
844 4435 997 4526 (281)
1026 4453 1240 4506 durum
1263 4450 1321 4501 et
1343 4456 1619 4513 asperum
1651 4438 1942 4491 videretur
1963 4435 2079 4527 pati

430 4565 535 4621 pro
556 4524 808 4612 Christo,
827 4524 956 4597 ideo
981 4538 1230 4609 levigare
1252 4531 1499 4621 curavit,
1525 4527 1890 4621 subjungens
1955 4524 2082 4621 Εἰπέ·
2114 4551 2156 4615 D

428 4611 588 4692 stimo
617 4611 799 4704 enim,
821 4629 962 4702 quod
989 4644 1096 4682 non
1127 4626 1257 4678 sunt
1286 4619 1574 4687 condignae
1602 4613 1881 4704 passiones
1911 4611 2078 4704 liuius

429 4726 710 4797 temporis,
733 4700 846 4777 etc:
868 4717 1030 4782 Quod
1056 4712 1198 4768 dicit
1228 4708 1484 4764 existimo
1505 4703 1676 4772 (282),
1705 4717 1820 4754 non
1851 4700 2080 4756 dubita-

505 4863 646 4939 (277)
679 4864 742 4920 In
776 4861 908 4918 aliis
954 4854 1234 4920 textibus,
1284 4849 1408 4902 loco
1457 4845 1509 4900 si
1550 4849 1752 4912 tamen,
1794 4841 2005 4913 legitur
2033 4847 2082 4899 si

433 4935 670 5006 quidem.
722 5005 725 5006 ν
774 5005 783 5006 ί
987 4998 1024 5006 __
1275 4989 1320 5006 ,,
1367 4987 1558 5006 η,
1629 5001 1643 5006 ,
1699 5003 1736 5006 __
1797 4987 1836 5006 ,ί

525 4987 852 5078 έθέῑγυιεο
885 4987 1582 5078 εμειίηετηαδ-,ξξίξςξϊξῖῖιο
1616 5001 1669 5078 6;.
1698 4987 1876 5078 123?;

523 5059 651 5144 278)
683 5059 851 5145 νυιξ.
901 5071 952 5124 si
1003 5060 1336 5119 commortui
1362 5074 1568 5125 sumus,
1618 5065 1669 5112 et
1712 5059 2073 5130 convivemus,

429 5150 651 5292 Π)ὶὲἕῶ
664 5149 832 5270 1Ιλοοο
863 5210 1081 5292 caetera,
1112 5203 1171 5284 in
1205 5204 1425 5292 Αξιιΐιοεἰ
1448 5199 1659 5272 legitur
1686 5208 1888 5255 contra.
1925 5200 2072 5255 Num

428 5273 577 5347 bene
608 5273 878 5347 legerim,
911 5278 1112 5337 lector,
1138 5273 1486 5347 judexesto.

499 5343 649 5433 (€281)
666 5343 1048 5433 llic‘legilur,
1086 5347 1256 5433 Dom,
1276 5343 1530 5433 vapost
1559 5344 1723 5398 Pent.

520 5415 646 5492 282)
678 5430 744 5477 In
775 5415 985 5488 Autbg.
1022 5431 1202 5487 marg.
1236 5432 1283 5470 c.
1316 5415 1429 5469 XX.

521 5482 648 5566 283)
679 5493 870 5566 Verba
894 5482 1025 5566 puto
1055 5482 1262 5553 auiam,
1295 5484 1684 5566 quaehinnEp.
1714 5482 1990 5566 leguntur
2018 5487 2074 5566 et

425 5573 486 5626 in
502 5553 726 5635 \Aut'og.
761 5553 994 5635 desunt,
1019 5574 1224 5635 quisve
1273 5553 1720 5635 similitudinem
1753 5553 1983 5634 phrasis
2015 5558 2072 5609 et

425 5624 795 5706 momentum
826 5624 1064 5691 rationis
1095 5630 1335 5716 faciunt,
1371 5626 1642 5687 addenda
1672 5624 1894 5682 censui.

2183 3995 2353 4063 juxta
2382 3992 2625 4047 Joannis
2653 4008 2872 4058 vocem,
2902 3991 3093 4046 adhuc
3124 3990 3265 4046 latet
3297 4008 3308 4046 :
3345 3996 3666 4064 exspectat,
3687 3996 3754 4047 ut
3784 3992 3842 4046 in

2191 4081 2360 4135 nobis
2394 4081 2494 4151 qui
2515 4081 2641 4151 jam
2691 4097 2920 4146 sumus,
2978 4079 3386 4136 manifestatur
3417 4081 3574 4152 quod
3621 4083 3844 4137 erimus

2192 4171 2242 4240 (Ι
2267 4174 2429 4225 Joan.
2467 4187 2550 4238 ιιι,
2572 4170 2657 4238 2);
2693 4173 2985 4240 exspectat
3015 4169 3208 4240 qualis
3240 4186 3396 4225 nunc
3427 4174 3520 4225 est
3549 4175 3841 4240 creatura,

2192 4263 2408 4328 quanto
2439 4258 2516 4312 sit
2542 4257 2674 4312 talis
2706 4257 2900 4329 qualis
2931 4258 3125 4312 futura
3149 4263 3256 4313 est.
3283 4258 3377 4313 Sic
3411 4258 3700 4314 nimirum
3735 4258 3845 4314 hoc

2191 4346 2410 4401 dictum
2440 4351 2549 4416 est,
2581 4364 2646 4402 ac
2695 4347 2742 4402 si
2794 4346 2999 4418 pictori
3031 4348 3178 4419 (286)
3210 4352 3556 4420 praeparato,
3591 4352 3650 4404 et
3698 4347 3848 4403 mul-

2188 4439 2278 4490 tos
2345 4434 2562 4490 colores
2637 4435 2876 4490 babenti
2943 4435 3172 4490 dicatur
3242 4453 3255 4491 :
3325 4437 3684 4506 exspectatio
3751 4453 3846 4493 co-

2188 4522 2378 4578 lorum
2465 4529 2703 4578 tuorum
2779 4523 3315 4579 manifestationem
3383 4525 3668 4596 imaginis
3749 4543 3843 4580 ex-

2189 4616 2466 4683 spectat:
2523 4629 2638 4665 non
2699 4612 2853 4681 quod
2913 4628 3024 4666 non
3086 4616 3258 4667 erunt
3315 4612 3562 4682 colores,
3596 4613 3684 4669 vel
3745 4613 3844 4669 alii

2187 4703 2376 4762 erunt,
2411 4699 2511 4754 sed
2541 4699 2680 4769 quia
2709 4700 2991 4769 majorem
3040 4699 3340 4755 habebunt
3371 4700 3753 4773 dignitatem;
3787 4702 3840 4757 id

2259 4841 2406 4912 (284)
2437 4839 2608 4912 Vulg.
2642 4839 2890 4895 habeam.

2259 4913 2407 4982 (285)
2437 4911 2606 4981 Vulg.
2639 4927 2769 4965 nam
2798 4915 3144 4982 exspectatio.

2260 4984 2405 5054 (286)
2456 4982 2604 5036 Nota
2662 4982 3068 5053 perpulchram
3131 4982 3611 5041 similitudinem.
3662 4990 3840 5043 Occa-

2187 5054 2352 5108 sione
2383 5060 2614 5131 arrepta
2644 5054 3013 5131 observatum
3055 5071 3088 5108 a
3132 5055 3343 5131 lectore
3372 5056 3680 5131 velimgvix
3711 5076 3837 5131 spe-

2188 5131 2376 5180 ratum
2437 5125 2506 5179 iri
2574 5141 2745 5195 posse
2802 5125 2872 5177 ab
2931 5130 3168 5180 auctore
3234 5125 3581 5194 hujusmodi
3645 5125 3839 5186 saeculi

2186 5199 2467 5276 majorem
2513 5196 2862 5276 elegantiam
2914 5195 3068 5276 styli,
3105 5203 3160 5276 et
3206 5201 3516 5276 troporum
3567 5205 3649 5276 et_
3679 5201 3838 5256 sche-

2185 5274 2432 5341 matum,
2467 5267 2868 5341 omninovero
2899 5267 3321 5341 sententiarum
3369 5270 3836 5341 prudentiorem,

2184 5336 3006 5413 pulchrioremve“delectum.
3038 5337 3216 5413 Nugae
3245 5336 3446 5413 etiam,
3482 5345 3543 5396 et
3595 5336 3838 5413 puerilia

2180 5407 2487 5462 verborum
2548 5407 2814 5461 similiter
2870 5407 3298 5475 desinentium,
3341 5407 3441 5464 vel
3493 5407 3836 5471 sonantium

2183 5485 2322 5533 tunc
2354 5479 2632 5549 temporis
2680 5477 3153 5549 frequentissimo
3194 5496 3308 5534 usu
3357 5485 3482 5538 tam
3535 5501 3835 5546 commen-

2182 5547 2511 5618 datajoca';
2543 5565 2718 5620 quam
2747 5547 2818 5603 ab
2849 5547 2984 5605 hinc
3014 5548 3181 5624 longe
3212 5549 3223 5608 ι
