  <div class='ocr_page' id='page_1' title='image "/cluster/home/n/w/nwhite01/storage/ocr_20150623/134-135/uva.x000829784/118.png"; bbox 0 0 3996 6232; ppageno 0'>
   <div class='ocr_carea' id='block_1_1' title="bbox 126 353 233 412">
    <p class='ocr_par' dir='ltr' id='par_1_1' title="bbox 126 353 233 412">
     <span class='ocr_line' id='line_1_1' title="bbox 126 353 233 412; baseline -0.019 0"><span class='ocrx_word' id='word_1_1' title='bbox 126 353 233 412; x_wconf 71' lang='grc'>205</span> 
     </span>
    </p>
   </div>
   <div class='ocr_carea' id='block_1_2' title="bbox 130 573 1788 643">
    <p class='ocr_par' dir='ltr' id='par_1_2' title="bbox 130 573 1788 643">
     <span class='ocr_line' id='line_1_2' title="bbox 130 573 1788 643; baseline -0.002 -15"><span class='ocrx_word' id='word_1_2' title='bbox 130 575 267 628; x_wconf 81' lang='lat' dir='ltr'>enim</span> <span class='ocrx_word' id='word_1_3' title='bbox 295 576 567 627; x_wconf 87' lang='lat' dir='ltr'>creatura</span> <span class='ocrx_word' id='word_1_4' title='bbox 599 574 843 635; x_wconf 73' lang='lat' dir='ltr'>subiecta</span> <span class='ocrx_word' id='word_1_5' title='bbox 901 581 978 627; x_wconf 83' lang='lat' dir='ltr'>est</span> <span class='ocrx_word' id='word_1_6' title='bbox 1032 591 1137 627; x_wconf 81' lang='lat' dir='ltr'>non</span> <span class='ocrx_word' id='word_1_7' title='bbox 1193 574 1390 641; x_wconf 81' lang='lat' dir='ltr'>volens,</span> <span class='ocrx_word' id='word_1_8' title='bbox 1422 573 1511 627; x_wconf 83' lang='lat' dir='ltr'>sed</span> <span class='ocrx_word' id='word_1_9' title='bbox 1570 577 1788 643; x_wconf 76' lang='lat' dir='ltr'>propter</span> 
     </span>
    </p>
   </div>
   <div class='ocr_carea' id='block_1_3' title="bbox 127 662 1787 734">
    <p class='ocr_par' dir='ltr' id='par_1_3' title="bbox 127 662 1787 734">
     <span class='ocr_line' id='line_1_3' title="bbox 127 662 1787 734; baseline 0.001 -18"><span class='ocrx_word' id='word_1_10' title='bbox 127 680 244 717; x_wconf 89' lang='lat' dir='ltr'>eum</span> <span class='ocrx_word' id='word_1_11' title='bbox 274 664 377 734; x_wconf 90' lang='lat' dir='ltr'>qui</span> <span class='ocrx_word' id='word_1_12' title='bbox 406 663 649 733; x_wconf 75' lang='lat' dir='ltr'>subjecit</span> <span class='ocrx_word' id='word_1_13' title='bbox 680 664 740 716; x_wconf 85' lang='lat' dir='ltr'>in</span> <span class='ocrx_word' id='word_1_14' title='bbox 769 678 861 732; x_wconf 89' lang='lat' dir='ltr'>spe</span> <span class='ocrx_word' id='word_1_15' title='bbox 891 663 1059 729; x_wconf 72' lang='grc'>(287).</span> <span class='ocrx_word' id='word_1_16' title='bbox 1096 662 1221 716; x_wconf 64' lang='lat' dir='ltr'>Haec</span> <span class='ocrx_word' id='word_1_17' title='bbox 1251 663 1542 717; x_wconf 71' lang='lat' dir='ltr'>sententia</span> <span class='ocrx_word' id='word_1_18' title='bbox 1572 664 1725 717; x_wconf 85' lang='lat' dir='ltr'>varie</span> <span class='ocrx_word' id='word_1_19' title='bbox 1755 681 1787 717; x_wconf 89' lang='lat' dir='ltr'>a</span> 
     </span>
    </p>
   </div>
   <div class='ocr_carea' id='block_1_4' title="bbox 128 750 1786 823">
    <p class='ocr_par' dir='ltr' id='par_1_4' title="bbox 128 750 1786 823">
     <span class='ocr_line' id='line_1_4' title="bbox 128 750 1786 823; baseline 0 -18"><span class='ocrx_word' id='word_1_20' title='bbox 128 752 461 807; x_wconf 89' lang='lat' dir='ltr'>doctoribus</span> <span class='ocrx_word' id='word_1_21' title='bbox 492 750 763 823; x_wconf 80' lang='lat' dir='ltr'>exposita</span> <span class='ocrx_word' id='word_1_22' title='bbox 794 756 917 806; x_wconf 87' lang='lat' dir='ltr'>est:</span> <span class='ocrx_word' id='word_1_23' title='bbox 955 752 1109 805; x_wconf 90' lang='lat' dir='ltr'>unde</span> <span class='ocrx_word' id='word_1_24' title='bbox 1161 750 1403 805; x_wconf 81' lang='lat' dir='ltr'>solerter</span> <span class='ocrx_word' id='word_1_25' title='bbox 1434 751 1786 823; x_wconf 84' lang='lat' dir='ltr'>investigan-</span> 
     </span>
    </p>
   </div>
   <div class='ocr_carea' id='block_1_5' title="bbox 130 838 1788 912">
    <p class='ocr_par' dir='ltr' id='par_1_5' title="bbox 130 838 1788 912">
     <span class='ocr_line' id='line_1_5' title="bbox 130 838 1788 912; baseline -0.001 -18"><span class='ocrx_word' id='word_1_26' title='bbox 130 841 263 895; x_wconf 88' lang='lat' dir='ltr'>dum</span> <span class='ocrx_word' id='word_1_27' title='bbox 299 847 411 907; x_wconf 90' lang='lat' dir='ltr'>est,</span> <span class='ocrx_word' id='word_1_28' title='bbox 454 858 587 912; x_wconf 69' lang='lat' dir='ltr'>quas</span> <span class='ocrx_word' id='word_1_29' title='bbox 620 839 699 893; x_wconf 87' lang='lat' dir='ltr'>sit</span> <span class='ocrx_word' id='word_1_30' title='bbox 746 838 866 893; x_wconf 71' lang='lat' dir='ltr'>haec</span> <span class='ocrx_word' id='word_1_31' title='bbox 913 839 1178 905; x_wconf 75' lang='lat' dir='ltr'>vanitas;</span> <span class='ocrx_word' id='word_1_32' title='bbox 1215 846 1315 893; x_wconf 90' lang='lat' dir='ltr'>aut</span> <span class='ocrx_word' id='word_1_33' title='bbox 1366 856 1490 910; x_wconf 67' lang='lat' dir='ltr'>qua)</span> <span class='ocrx_word' id='word_1_34' title='bbox 1524 846 1788 894; x_wconf 86' lang='lat' dir='ltr'>creatura</span> 
     </span>
    </p>
   </div>
   <div class='ocr_carea' id='block_1_6' title="bbox 131 928 1785 999">
    <p class='ocr_par' dir='ltr' id='par_1_6' title="bbox 131 928 1785 999">
     <span class='ocr_line' id='line_1_6' title="bbox 131 928 1785 999; baseline 0.001 -18"><span class='ocrx_word' id='word_1_35' title='bbox 131 929 368 984; x_wconf 74' lang='lat' dir='ltr'>vanitati</span> <span class='ocrx_word' id='word_1_36' title='bbox 403 929 689 999; x_wconf 88' lang='lat' dir='ltr'>subjecta.</span> <span class='ocrx_word' id='word_1_37' title='bbox 726 928 798 982; x_wconf 93' lang='lat' dir='ltr'>Ut</span> <span class='ocrx_word' id='word_1_38' title='bbox 829 928 1067 999; x_wconf 89' lang='lat' dir='ltr'>quidam</span> <span class='ocrx_word' id='word_1_39' title='bbox 1096 928 1316 989; x_wconf 83' lang='lat' dir='ltr'>volunt,</span> <span class='ocrx_word' id='word_1_40' title='bbox 1345 945 1446 999; x_wconf 88' lang='lat' dir='ltr'>per</span> <span class='ocrx_word' id='word_1_41' title='bbox 1475 930 1785 983; x_wconf 84' lang='lat' dir='ltr'>vanitatem</span> 
     </span>
    </p>
   </div>
   <div class='ocr_carea' id='block_1_7' title="bbox 132 1016 1785 1088">
    <p class='ocr_par' dir='ltr' id='par_1_7' title="bbox 132 1016 1785 1088">
     <span class='ocr_line' id='line_1_7' title="bbox 132 1016 1785 1088; baseline -0.001 -15"><span class='ocrx_word' id='word_1_42' title='bbox 132 1019 303 1074; x_wconf 86' lang='lat' dir='ltr'>homo</span> <span class='ocrx_word' id='word_1_43' title='bbox 339 1017 729 1088; x_wconf 79' lang='lat' dir='ltr'>intelligitur;</span> <span class='ocrx_word' id='word_1_44' title='bbox 770 1018 924 1071; x_wconf 90' lang='lat' dir='ltr'>unde</span> <span class='ocrx_word' id='word_1_45' title='bbox 957 1016 1230 1071; x_wconf 84' lang='lat' dir='ltr'>Salomon</span> <span class='ocrx_word' id='word_1_46' title='bbox 1266 1035 1277 1071; x_wconf 89' lang='lat'><strong>:</strong></span> <span class='ocrx_word' id='word_1_47' title='bbox 1319 1020 1537 1073; x_wconf 82' lang='lat' dir='ltr'>Vanitas</span> <span class='ocrx_word' id='word_1_48' title='bbox 1570 1021 1785 1072; x_wconf 69' lang='lat' dir='ltr'>vanita-</span> 
     </span>
    </p>
   </div>
   <div class='ocr_carea' id='block_1_8' title="bbox 132 1104 1784 1176">
    <p class='ocr_par' dir='ltr' id='par_1_8' title="bbox 132 1104 1784 1176">
     <span class='ocr_line' id='line_1_8' title="bbox 132 1104 1784 1176; baseline -0.001 -15"><span class='ocrx_word' id='word_1_49' title='bbox 132 1112 265 1176; x_wconf 70' lang='lat' dir='ltr'>tum,</span> <span class='ocrx_word' id='word_1_50' title='bbox 299 1108 444 1161; x_wconf 70' lang='lat' dir='ltr'>dixit</span> <span class='ocrx_word' id='word_1_51' title='bbox 474 1104 837 1161; x_wconf 80' lang='lat' dir='ltr'>Ecclesiastes</span> <span class='ocrx_word' id='word_1_52' title='bbox 865 1124 877 1161; x_wconf 87' lang='lat'><strong>:</strong></span> <span class='ocrx_word' id='word_1_53' title='bbox 910 1107 1097 1161; x_wconf 83' lang='lat' dir='ltr'>omnia</span> <span class='ocrx_word' id='word_1_54' title='bbox 1130 1107 1347 1160; x_wconf 74' lang='lat' dir='ltr'>vanitas</span> <span class='ocrx_word' id='word_1_55' title='bbox 1380 1107 1600 1173; x_wconf 85' lang='lat' dir='ltr'>(Eccles.</span> <span class='ocrx_word' id='word_1_56' title='bbox 1636 1125 1679 1172; x_wconf 81' lang='grc' dir='ltr'>ι,</span> <span class='ocrx_word' id='word_1_57' title='bbox 1709 1108 1784 1175; x_wconf 82' lang='lat'>2).</span> 
     </span>
    </p>
   </div>
   <div class='ocr_carea' id='block_1_9' title="bbox 134 1195 1785 1265">
    <p class='ocr_par' dir='ltr' id='par_1_9' title="bbox 134 1195 1785 1265">
     <span class='ocr_line' id='line_1_9' title="bbox 134 1195 1785 1265; baseline -0.002 -14"><span class='ocrx_word' id='word_1_58' title='bbox 134 1198 322 1251; x_wconf 85' lang='lat' dir='ltr'>Item:</span> <span class='ocrx_word' id='word_1_59' title='bbox 362 1197 622 1251; x_wconf 83' lang='lat' dir='ltr'>Universa</span> <span class='ocrx_word' id='word_1_60' title='bbox 651 1196 753 1249; x_wconf 84' lang='lat' dir='ltr'>sub</span> <span class='ocrx_word' id='word_1_61' title='bbox 785 1195 921 1260; x_wconf 87' lang='lat' dir='ltr'>sole,</span> <span class='ocrx_word' id='word_1_62' title='bbox 971 1197 1186 1249; x_wconf 68' lang='lat' dir='ltr'>vanitas</span> <span class='ocrx_word' id='word_1_63' title='bbox 1234 1195 1419 1262; x_wconf 87' lang='lat' dir='ltr'>(Ibid.,</span> <span class='ocrx_word' id='word_1_64' title='bbox 1475 1197 1584 1265; x_wconf 80' lang='grc'>14.)</span> <span class='ocrx_word' id='word_1_65' title='bbox 1644 1195 1785 1249; x_wconf 84' lang='lat' dir='ltr'>Item</span> 
     </span>
    </p>
   </div>
   <div class='ocr_carea' id='block_1_10' title="bbox 137 1284 1784 1355">
    <p class='ocr_par' dir='ltr' id='par_1_10' title="bbox 137 1284 1784 1355">
     <span class='ocr_line' id='line_1_10' title="bbox 137 1284 1784 1355; baseline -0.001 -16"><span class='ocrx_word' id='word_1_66' title='bbox 137 1284 485 1340; x_wconf 82' lang='lat' dir='ltr'>Psalmista:</span> <span class='ocrx_word' id='word_1_67' title='bbox 511 1286 772 1340; x_wconf 83' lang='lat' dir='ltr'>Universa</span> <span class='ocrx_word' id='word_1_68' title='bbox 796 1286 1213 1355; x_wconf 83' lang='lat' dir='ltr'>vanitas,omnis</span> <span class='ocrx_word' id='word_1_69' title='bbox 1236 1284 1391 1338; x_wconf 84' lang='lat' dir='ltr'>homo</span> <span class='ocrx_word' id='word_1_70' title='bbox 1414 1287 1593 1339; x_wconf 71' lang='lat' dir='ltr'>vivens</span> <span class='ocrx_word' id='word_1_71' title='bbox 1619 1286 1784 1354; x_wconf 81' lang='lat' dir='ltr'>(Psal.</span> 
     </span>
    </p>
   </div>
   <div class='ocr_carea' id='block_1_11' title="bbox 138 1373 1784 1445">
    <p class='ocr_par' dir='ltr' id='par_1_11' title="bbox 138 1373 1784 1445">
     <span class='ocr_line' id='line_1_11' title="bbox 138 1373 1784 1445; baseline -0.001 -16"><span class='ocrx_word' id='word_1_72' title='bbox 138 1391 378 1437; x_wconf 81' lang='lat' dir='ltr'>xxxvm,</span> <span class='ocrx_word' id='word_1_73' title='bbox 407 1373 499 1444; x_wconf 79' lang='lat'>6);</span> <span class='ocrx_word' id='word_1_74' title='bbox 532 1373 583 1428; x_wconf 88' lang='lat' dir='ltr'>si</span> <span class='ocrx_word' id='word_1_75' title='bbox 615 1390 750 1445; x_wconf 89' lang='lat' dir='ltr'>ergo</span> <span class='ocrx_word' id='word_1_76' title='bbox 786 1373 1058 1428; x_wconf 89' lang='lat' dir='ltr'>universa</span> <span class='ocrx_word' id='word_1_77' title='bbox 1090 1373 1317 1427; x_wconf 86' lang='lat' dir='ltr'>vanitas</span> <span class='ocrx_word' id='word_1_78' title='bbox 1366 1374 1555 1429; x_wconf 89' lang='lat' dir='ltr'>omnis</span> <span class='ocrx_word' id='word_1_79' title='bbox 1586 1373 1784 1439; x_wconf 88' lang='lat' dir='ltr'>homo,</span> 
     </span>
    </p>
   </div>
   <div class='ocr_carea' id='block_1_12' title="bbox 139 1461 1788 1526">
    <p class='ocr_par' dir='ltr' id='par_1_12' title="bbox 139 1461 1788 1526">
     <span class='ocr_line' id='line_1_12' title="bbox 139 1461 1788 1526; baseline -0.001 -8"><span class='ocrx_word' id='word_1_80' title='bbox 139 1468 192 1519; x_wconf 88' lang='lat' dir='ltr'>et</span> <span class='ocrx_word' id='word_1_81' title='bbox 222 1462 495 1517; x_wconf 90' lang='lat' dir='ltr'>universa</span> <span class='ocrx_word' id='word_1_82' title='bbox 524 1462 635 1516; x_wconf 86' lang='lat' dir='ltr'>sub</span> <span class='ocrx_word' id='word_1_83' title='bbox 668 1461 790 1517; x_wconf 89' lang='lat' dir='ltr'>sole</span> <span class='ocrx_word' id='word_1_84' title='bbox 846 1462 1092 1526; x_wconf 84' lang='lat' dir='ltr'>vanitas,</span> <span class='ocrx_word' id='word_1_85' title='bbox 1140 1461 1525 1517; x_wconf 85' lang='lat' dir='ltr'>nihilominus</span> <span class='ocrx_word' id='word_1_86' title='bbox 1563 1462 1788 1517; x_wconf 75' lang='lat' dir='ltr'>vanitas</span> 
     </span>
    </p>
   </div>
   <div class='ocr_carea' id='block_1_13' title="bbox 140 1551 1790 1622">
    <p class='ocr_par' dir='ltr' id='par_1_13' title="bbox 140 1551 1790 1622">
     <span class='ocr_line' id='line_1_13' title="bbox 140 1551 1790 1622; baseline -0.001 -15"><span class='ocrx_word' id='word_1_87' title='bbox 140 1552 465 1607; x_wconf 85' lang='lat' dir='ltr'>vanitatum</span> <span class='ocrx_word' id='word_1_88' title='bbox 498 1556 588 1607; x_wconf 90' lang='lat' dir='ltr'>est</span> <span class='ocrx_word' id='word_1_89' title='bbox 617 1552 811 1605; x_wconf 86' lang='lat' dir='ltr'>homo.</span> <span class='ocrx_word' id='word_1_90' title='bbox 850 1551 915 1605; x_wconf 90' lang='lat' dir='ltr'>Et</span> <span class='ocrx_word' id='word_1_91' title='bbox 966 1568 1162 1607; x_wconf 81' lang='lat' dir='ltr'>revera</span> <span class='ocrx_word' id='word_1_92' title='bbox 1205 1551 1348 1605; x_wconf 88' lang='lat' dir='ltr'>nihil</span> <span class='ocrx_word' id='word_1_93' title='bbox 1394 1552 1527 1622; x_wconf 87' lang='lat' dir='ltr'>plus</span> <span class='ocrx_word' id='word_1_94' title='bbox 1552 1551 1790 1606; x_wconf 86' lang='lat' dir='ltr'>homine</span> 
     </span>
    </p>
   </div>
   <div class='ocr_carea' id='block_1_14' title="bbox 142 1639 1786 1711">
    <p class='ocr_par' dir='ltr' id='par_1_14' title="bbox 142 1639 1786 1711">
     <span class='ocr_line' id='line_1_14' title="bbox 142 1639 1786 1711; baseline -0.001 -16"><span class='ocrx_word' id='word_1_95' title='bbox 142 1641 445 1710; x_wconf 88' lang='lat' dir='ltr'>vanum,in</span> <span class='ocrx_word' id='word_1_96' title='bbox 469 1639 801 1711; x_wconf 88' lang='lat' dir='ltr'>receptione</span> <span class='ocrx_word' id='word_1_97' title='bbox 829 1640 1182 1705; x_wconf 90' lang='lat' dir='ltr'>ciborum,in</span> <span class='ocrx_word' id='word_1_98' title='bbox 1203 1639 1545 1711; x_wconf 86' lang='lat' dir='ltr'>digestionis</span> <span class='ocrx_word' id='word_1_99' title='bbox 1569 1641 1786 1707; x_wconf 84' lang='lat' dir='ltr'>foetore,</span> 
     </span>
    </p>
   </div>
   <div class='ocr_carea' id='block_1_15' title="bbox 142 1728 1791 1800">
    <p class='ocr_par' dir='ltr' id='par_1_15' title="bbox 142 1728 1791 1800">
     <span class='ocr_line' id='line_1_15' title="bbox 142 1728 1791 1800; baseline 0 -16"><span class='ocrx_word' id='word_1_100' title='bbox 142 1730 195 1784; x_wconf 89' lang='lat' dir='ltr'>in</span> <span class='ocrx_word' id='word_1_101' title='bbox 218 1730 438 1784; x_wconf 83' lang='lat' dir='ltr'>rubore</span> <span class='ocrx_word' id='word_1_102' title='bbox 459 1734 515 1783; x_wconf 88' lang='lat' dir='ltr'>et</span> <span class='ocrx_word' id='word_1_103' title='bbox 536 1728 809 1785; x_wconf 83' lang='lat' dir='ltr'>sordibus</span> <span class='ocrx_word' id='word_1_104' title='bbox 829 1730 1199 1799; x_wconf 70' lang='lat' dir='ltr'>procreanda:</span> <span class='ocrx_word' id='word_1_105' title='bbox 1224 1728 1527 1799; x_wconf 90' lang='lat' dir='ltr'>sobolis,et</span> <span class='ocrx_word' id='word_1_106' title='bbox 1552 1728 1791 1800; x_wconf 85' lang='lat' dir='ltr'>reliquis</span> 
     </span>
    </p>
   </div>
   <div class='ocr_carea' id='block_1_16' title="bbox 141 1816 1867 1915">
    <p class='ocr_par' dir='ltr' id='par_1_16' title="bbox 141 1816 1867 1915">
     <span class='ocr_line' id='line_1_16' title="bbox 141 1816 1867 1915; baseline -0.002 -43"><span class='ocrx_word' id='word_1_107' title='bbox 141 1816 514 1889; x_wconf 89' lang='lat' dir='ltr'>bujusmodi.</span> <span class='ocrx_word' id='word_1_108' title='bbox 547 1816 881 1871; x_wconf 87' lang='lat' dir='ltr'>Creaturam</span> <span class='ocrx_word' id='word_1_109' title='bbox 906 1833 1039 1871; x_wconf 90' lang='lat' dir='ltr'>vero</span> <span class='ocrx_word' id='word_1_110' title='bbox 1062 1816 1472 1872; x_wconf 88' lang='lat' dir='ltr'>intellexerunt</span> <span class='ocrx_word' id='word_1_111' title='bbox 1496 1816 1790 1882; x_wconf 90' lang='lat' dir='ltr'>solem,lu-</span> <span class='ocrx_word' id='word_1_112' title='bbox 1823 1852 1867 1915; x_wconf 82' lang='lat' dir='ltr'><strong>B</strong></span> 
     </span>
    </p>
   </div>
   <div class='ocr_carea' id='block_1_17' title="bbox 145 1906 1786 1977">
    <p class='ocr_par' dir='ltr' id='par_1_17' title="bbox 145 1906 1786 1977">
     <span class='ocr_line' id='line_1_17' title="bbox 145 1906 1786 1977; baseline 0 -16"><span class='ocrx_word' id='word_1_113' title='bbox 145 1923 275 1962; x_wconf 88' lang='lat' dir='ltr'>nam</span> <span class='ocrx_word' id='word_1_114' title='bbox 310 1911 368 1961; x_wconf 86' lang='lat' dir='ltr'>et</span> <span class='ocrx_word' id='word_1_115' title='bbox 399 1912 621 1969; x_wconf 68' lang='lat' dir='ltr'>caetera,</span> <span class='ocrx_word' id='word_1_116' title='bbox 656 1923 779 1977; x_wconf 70' lang='lat' dir='ltr'>quae</span> <span class='ocrx_word' id='word_1_117' title='bbox 808 1906 861 1959; x_wconf 82' lang='lat' dir='ltr'>in</span> <span class='ocrx_word' id='word_1_118' title='bbox 898 1922 961 1961; x_wconf 86' lang='lat' dir='ltr'>eo</span> <span class='ocrx_word' id='word_1_119' title='bbox 992 1906 1229 1960; x_wconf 87' lang='lat' dir='ltr'>vanitati</span> <span class='ocrx_word' id='word_1_120' title='bbox 1280 1907 1546 1977; x_wconf 86' lang='lat' dir='ltr'>subjecta</span> <span class='ocrx_word' id='word_1_121' title='bbox 1584 1907 1786 1961; x_wconf 90' lang='lat' dir='ltr'>dicun-</span> 
     </span>
    </p>
   </div>
   <div class='ocr_carea' id='block_1_18' title="bbox 143 1993 1791 2067">
    <p class='ocr_par' dir='ltr' id='par_1_18' title="bbox 143 1993 1791 2067">
     <span class='ocr_line' id='line_1_18' title="bbox 143 1993 1791 2067; baseline 0 -18"><span class='ocrx_word' id='word_1_122' title='bbox 143 2002 233 2049; x_wconf 90' lang='lat' dir='ltr'>tur</span> <span class='ocrx_word' id='word_1_123' title='bbox 259 1993 543 2067; x_wconf 89' lang='lat' dir='ltr'>quoniam</span> <span class='ocrx_word' id='word_1_124' title='bbox 576 2000 813 2065; x_wconf 85' lang='lat' dir='ltr'>propter</span> <span class='ocrx_word' id='word_1_125' title='bbox 844 1994 1113 2049; x_wconf 88' lang='lat' dir='ltr'>homines</span> <span class='ocrx_word' id='word_1_126' title='bbox 1155 1996 1305 2050; x_wconf 84' lang='lat' dir='ltr'>facta</span> <span class='ocrx_word' id='word_1_127' title='bbox 1357 2001 1513 2050; x_wconf 89' lang='lat' dir='ltr'>sunt.</span> <span class='ocrx_word' id='word_1_128' title='bbox 1552 1996 1791 2067; x_wconf 84' lang='lat' dir='ltr'>PrOpter</span> 
     </span>
    </p>
   </div>
   <div class='ocr_carea' id='block_1_19' title="bbox 147 2082 1791 2154">
    <p class='ocr_par' dir='ltr' id='par_1_19' title="bbox 147 2082 1791 2154">
     <span class='ocr_line' id='line_1_19' title="bbox 147 2082 1791 2154; baseline -0.001 -15"><span class='ocrx_word' id='word_1_129' title='bbox 147 2084 414 2139; x_wconf 87' lang='lat' dir='ltr'>homines</span> <span class='ocrx_word' id='word_1_130' title='bbox 440 2084 660 2154; x_wconf 89' lang='lat' dir='ltr'>quippe</span> <span class='ocrx_word' id='word_1_131' title='bbox 691 2082 774 2137; x_wconf 89' lang='lat' dir='ltr'>sol</span> <span class='ocrx_word' id='word_1_132' title='bbox 829 2083 1014 2138; x_wconf 91' lang='lat' dir='ltr'>oritur</span> <span class='ocrx_word' id='word_1_133' title='bbox 1061 2088 1117 2137; x_wconf 87' lang='lat' dir='ltr'>et</span> <span class='ocrx_word' id='word_1_134' title='bbox 1148 2083 1380 2149; x_wconf 83' lang='lat' dir='ltr'>occidit,</span> <span class='ocrx_word' id='word_1_135' title='bbox 1422 2084 1693 2139; x_wconf 84' lang='lat' dir='ltr'>similiter</span> <span class='ocrx_word' id='word_1_136' title='bbox 1736 2088 1791 2138; x_wconf 87' lang='lat' dir='ltr'>et</span> 
     </span>
    </p>
   </div>
   <div class='ocr_carea' id='block_1_20' title="bbox 146 2171 1791 2242">
    <p class='ocr_par' dir='ltr' id='par_1_20' title="bbox 146 2171 1791 2242">
     <span class='ocr_line' id='line_1_20' title="bbox 146 2171 1791 2242; baseline 0.001 -16"><span class='ocrx_word' id='word_1_137' title='bbox 146 2178 345 2227; x_wconf 81' lang='lat' dir='ltr'>caetera</span> <span class='ocrx_word' id='word_1_138' title='bbox 366 2178 547 2227; x_wconf 89' lang='lat' dir='ltr'>astra.</span> <span class='ocrx_word' id='word_1_139' title='bbox 563 2172 680 2227; x_wconf 83' lang='lat' dir='ltr'>Cur</span> <span class='ocrx_word' id='word_1_140' title='bbox 702 2187 836 2242; x_wconf 87' lang='lat' dir='ltr'>ergo</span> <span class='ocrx_word' id='word_1_141' title='bbox 859 2171 1122 2242; x_wconf 89' lang='lat' dir='ltr'>sequitur</span> <span class='ocrx_word' id='word_1_142' title='bbox 1140 2188 1247 2227; x_wconf 77' lang='lat' dir='ltr'>non</span> <span class='ocrx_word' id='word_1_143' title='bbox 1270 2174 1473 2235; x_wconf 84' lang='lat' dir='ltr'>volens,</span> <span class='ocrx_word' id='word_1_144' title='bbox 1505 2190 1637 2227; x_wconf 91' lang='lat' dir='ltr'>cum</span> <span class='ocrx_word' id='word_1_145' title='bbox 1671 2173 1791 2227; x_wconf 72' lang='lat' dir='ltr'>haec</span> 
     </span>
    </p>
   </div>
   <div class='ocr_carea' id='block_1_21' title="bbox 144 2260 1790 2333">
    <p class='ocr_par' dir='ltr' id='par_1_21' title="bbox 144 2260 1790 2333">
     <span class='ocr_line' id='line_1_21' title="bbox 144 2260 1790 2333; baseline 0 -16"><span class='ocrx_word' id='word_1_146' title='bbox 144 2262 340 2317; x_wconf 88' lang='lat' dir='ltr'>omnia</span> <span class='ocrx_word' id='word_1_147' title='bbox 360 2260 685 2315; x_wconf 89' lang='lat' dir='ltr'>inanimata</span> <span class='ocrx_word' id='word_1_148' title='bbox 704 2260 860 2315; x_wconf 79' lang='lat' dir='ltr'>sint?</span> <span class='ocrx_word' id='word_1_149' title='bbox 876 2260 999 2314; x_wconf 91' lang='lat' dir='ltr'>Nisi</span> <span class='ocrx_word' id='word_1_150' title='bbox 1023 2261 1166 2316; x_wconf 83' lang='lat' dir='ltr'>forte</span> <span class='ocrx_word' id='word_1_151' title='bbox 1190 2264 1511 2317; x_wconf 91' lang='lat' dir='ltr'>secundum</span> <span class='ocrx_word' id='word_1_152' title='bbox 1537 2262 1790 2333; x_wconf 88' lang='lat' dir='ltr'>philoso-</span> 
     </span>
    </p>
   </div>
   <div class='ocr_carea' id='block_1_22' title="bbox 143 2348 1791 2421">
    <p class='ocr_par' dir='ltr' id='par_1_22' title="bbox 143 2348 1791 2421">
     <span class='ocr_line' id='line_1_22' title="bbox 143 2348 1791 2421; baseline 0.001 -17"><span class='ocrx_word' id='word_1_153' title='bbox 143 2350 393 2421; x_wconf 91' lang='lat' dir='ltr'>phorum</span> <span class='ocrx_word' id='word_1_154' title='bbox 420 2349 753 2419; x_wconf 87' lang='lat' dir='ltr'>opinionem</span> <span class='ocrx_word' id='word_1_155' title='bbox 778 2348 1260 2421; x_wconf 89' lang='lat' dir='ltr'>accipiamus,qui</span> <span class='ocrx_word' id='word_1_156' title='bbox 1284 2350 1403 2405; x_wconf 64' lang='lat' dir='ltr'>haec</span> <span class='ocrx_word' id='word_1_157' title='bbox 1427 2351 1624 2405; x_wconf 87' lang='lat' dir='ltr'>omnia</span> <span class='ocrx_word' id='word_1_158' title='bbox 1668 2351 1791 2405; x_wconf 89' lang='lat' dir='ltr'>ani-</span> 
     </span>
    </p>
   </div>
   <div class='ocr_carea' id='block_1_23' title="bbox 144 2438 1793 2511">
    <p class='ocr_par' dir='ltr' id='par_1_23' title="bbox 144 2438 1793 2511">
     <span class='ocr_line' id='line_1_23' title="bbox 144 2438 1793 2511; baseline 0.002 -19"><span class='ocrx_word' id='word_1_159' title='bbox 144 2444 301 2493; x_wconf 89' lang='lat' dir='ltr'>mata</span> <span class='ocrx_word' id='word_1_160' title='bbox 331 2442 633 2503; x_wconf 83' lang='lat' dir='ltr'>asserunt,</span> <span class='ocrx_word' id='word_1_161' title='bbox 664 2442 720 2492; x_wconf 91' lang='lat' dir='ltr'>et</span> <span class='ocrx_word' id='word_1_162' title='bbox 748 2438 959 2493; x_wconf 91' lang='lat' dir='ltr'>idcirco</span> <span class='ocrx_word' id='word_1_163' title='bbox 990 2438 1209 2493; x_wconf 89' lang='lat' dir='ltr'>dictum</span> <span class='ocrx_word' id='word_1_164' title='bbox 1239 2438 1793 2511; x_wconf 86' lang='lat' dir='ltr'>intelligamus,pro-</span> 
     </span>
    </p>
   </div>
   <div class='ocr_carea' id='block_1_24' title="bbox 138 2526 1795 2599">
    <p class='ocr_par' dir='ltr' id='par_1_24' title="bbox 138 2526 1795 2599">
     <span class='ocr_line' id='line_1_24' title="bbox 138 2526 1795 2599; baseline 0.002 -19"><span class='ocrx_word' id='word_1_165' title='bbox 138 2533 264 2597; x_wconf 81' lang='lat' dir='ltr'>pter</span> <span class='ocrx_word' id='word_1_166' title='bbox 293 2543 425 2582; x_wconf 89' lang='lat' dir='ltr'>eum</span> <span class='ocrx_word' id='word_1_167' title='bbox 458 2526 557 2596; x_wconf 79' lang='lat' dir='ltr'>qui</span> <span class='ocrx_word' id='word_1_168' title='bbox 583 2527 807 2597; x_wconf 77' lang='lat' dir='ltr'>subjecit</span> <span class='ocrx_word' id='word_1_169' title='bbox 837 2529 897 2581; x_wconf 84' lang='lat' dir='ltr'>in</span> <span class='ocrx_word' id='word_1_170' title='bbox 926 2543 1039 2597; x_wconf 83' lang='lat' dir='ltr'>spe,</span> <span class='ocrx_word' id='word_1_171' title='bbox 1065 2530 1217 2598; x_wconf 88' lang='lat' dir='ltr'>quod</span> <span class='ocrx_word' id='word_1_172' title='bbox 1252 2545 1413 2599; x_wconf 88' lang='lat' dir='ltr'>spem</span> <span class='ocrx_word' id='word_1_173' title='bbox 1448 2528 1702 2583; x_wconf 87' lang='lat' dir='ltr'>habeant</span> <span class='ocrx_word' id='word_1_174' title='bbox 1732 2533 1795 2583; x_wconf 89' lang='lat' dir='ltr'>ut</span> 
     </span>
    </p>
   </div>
   <div class='ocr_carea' id='block_1_25' title="bbox 144 2614 1794 2688">
    <p class='ocr_par' dir='ltr' id='par_1_25' title="bbox 144 2614 1794 2688">
     <span class='ocr_line' id='line_1_25' title="bbox 144 2614 1794 2688; baseline 0.001 -18"><span class='ocrx_word' id='word_1_175' title='bbox 144 2616 211 2670; x_wconf 88' lang='lat' dir='ltr'>ab</span> <span class='ocrx_word' id='word_1_176' title='bbox 246 2616 354 2670; x_wconf 91' lang='lat' dir='ltr'>hac</span> <span class='ocrx_word' id='word_1_177' title='bbox 387 2614 669 2670; x_wconf 82' lang='lat' dir='ltr'>servitute</span> <span class='ocrx_word' id='word_1_178' title='bbox 714 2615 1049 2669; x_wconf 87' lang='lat' dir='ltr'>liberentur.</span> <span class='ocrx_word' id='word_1_179' title='bbox 1112 2616 1220 2670; x_wconf 86' lang='lat' dir='ltr'>Sed</span> <span class='ocrx_word' id='word_1_180' title='bbox 1254 2616 1360 2671; x_wconf 89' lang='lat' dir='ltr'>istc</span> <span class='ocrx_word' id='word_1_181' title='bbox 1394 2633 1623 2683; x_wconf 87' lang='lat' dir='ltr'>sensus,</span> <span class='ocrx_word' id='word_1_182' title='bbox 1658 2617 1794 2688; x_wconf 90' lang='lat' dir='ltr'>quia</span> 
     </span>
    </p>
   </div>
   <div class='ocr_carea' id='block_1_26' title="bbox 140 2703 1793 2775">
    <p class='ocr_par' dir='ltr' id='par_1_26' title="bbox 140 2703 1793 2775">
     <span class='ocr_line' id='line_1_26' title="bbox 140 2703 1793 2775; baseline 0.002 -17"><span class='ocrx_word' id='word_1_183' title='bbox 140 2704 314 2759; x_wconf 88' lang='lat' dir='ltr'>errori</span> <span class='ocrx_word' id='word_1_184' title='bbox 338 2703 568 2759; x_wconf 90' lang='lat' dir='ltr'>vicinus</span> <span class='ocrx_word' id='word_1_185' title='bbox 588 2706 697 2771; x_wconf 90' lang='lat' dir='ltr'>est,</span> <span class='ocrx_word' id='word_1_186' title='bbox 724 2703 989 2758; x_wconf 86' lang='lat' dir='ltr'>funditus</span> <span class='ocrx_word' id='word_1_187' title='bbox 1010 2706 1528 2775; x_wconf 89' lang='lat' dir='ltr'>estrepudiandus.</span> <span class='ocrx_word' id='word_1_188' title='bbox 1549 2706 1660 2760; x_wconf 85' lang='lat' dir='ltr'>Alii</span> <span class='ocrx_word' id='word_1_189' title='bbox 1692 2724 1793 2762; x_wconf 91' lang='lat' dir='ltr'>au-</span> 
     </span>
    </p>
   </div>
   <div class='ocr_carea' id='block_1_27' title="bbox 142 2792 1792 2865">
    <p class='ocr_par' dir='ltr' id='par_1_27' title="bbox 142 2792 1792 2865">
     <span class='ocr_line' id='line_1_27' title="bbox 142 2792 1792 2865; baseline 0.001 -18"><span class='ocrx_word' id='word_1_190' title='bbox 142 2798 345 2860; x_wconf 89' lang='lat' dir='ltr'>tem,ut</span> <span class='ocrx_word' id='word_1_191' title='bbox 373 2792 660 2865; x_wconf 87' lang='lat' dir='ltr'>Origenes</span> <span class='ocrx_word' id='word_1_192' title='bbox 682 2792 851 2863; x_wconf 79' lang='lat'>(288),</span> <span class='ocrx_word' id='word_1_193' title='bbox 884 2796 1135 2847; x_wconf 82' lang='lat' dir='ltr'>creatura</span> <span class='ocrx_word' id='word_1_194' title='bbox 1168 2794 1313 2863; x_wconf 72' lang='lat'>(289)</span> <span class='ocrx_word' id='word_1_195' title='bbox 1350 2794 1599 2865; x_wconf 85' lang='lat' dir='ltr'>Angelos</span> <span class='ocrx_word' id='word_1_196' title='bbox 1644 2794 1792 2849; x_wconf 88' lang='lat' dir='ltr'>acci-</span> 
     </span>
    </p>
   </div>
   <div class='ocr_carea' id='block_1_28' title="bbox 142 2880 1797 2954">
    <p class='ocr_par' dir='ltr' id='par_1_28' title="bbox 142 2880 1797 2954">
     <span class='ocr_line' id='line_1_28' title="bbox 142 2880 1797 2954; baseline 0.002 -19"><span class='ocrx_word' id='word_1_197' title='bbox 142 2882 325 2952; x_wconf 88' lang='lat' dir='ltr'>piunt,</span> <span class='ocrx_word' id='word_1_198' title='bbox 360 2899 513 2954; x_wconf 89' lang='lat' dir='ltr'>quos</span> <span class='ocrx_word' id='word_1_199' title='bbox 545 2880 717 2936; x_wconf 90' lang='lat' dir='ltr'>bellis</span> <span class='ocrx_word' id='word_1_200' title='bbox 746 2880 996 2951; x_wconf 84' lang='lat' dir='ltr'>legimus</span> <span class='ocrx_word' id='word_1_201' title='bbox 1026 2882 1349 2952; x_wconf 69' lang='lat' dir='ltr'>praefuisse.</span> <span class='ocrx_word' id='word_1_202' title='bbox 1379 2884 1448 2937; x_wconf 88' lang='lat' dir='ltr'>Et</span> <span class='ocrx_word' id='word_1_203' title='bbox 1478 2899 1675 2938; x_wconf 88' lang='lat' dir='ltr'>revera</span> <span class='ocrx_word' id='word_1_204' title='bbox 1714 2884 1797 2938; x_wconf 90' lang='lat' dir='ltr'>ni-</span> 
     </span>
    </p>
   </div>
   <div class='ocr_carea' id='block_1_29' title="bbox 140 2969 1798 3041">
    <p class='ocr_par' dir='ltr' id='par_1_29' title="bbox 140 2969 1798 3041">
     <span class='ocr_line' id='line_1_29' title="bbox 140 2969 1798 3041; baseline 0.002 -18"><span class='ocrx_word' id='word_1_205' title='bbox 140 2970 219 3024; x_wconf 85' lang='lat' dir='ltr'>hil</span> <span class='ocrx_word' id='word_1_206' title='bbox 237 2970 449 3025; x_wconf 89' lang='lat' dir='ltr'>vanius</span> <span class='ocrx_word' id='word_1_207' title='bbox 468 2969 619 3025; x_wconf 93' lang='lat' dir='ltr'>bello</span> <span class='ocrx_word' id='word_1_208' title='bbox 642 2971 817 3041; x_wconf 74' lang='lat'>(290),</span> <span class='ocrx_word' id='word_1_209' title='bbox 850 2969 907 3024; x_wconf 90' lang='lat' dir='ltr'>in</span> <span class='ocrx_word' id='word_1_210' title='bbox 931 2987 1043 3041; x_wconf 91' lang='lat' dir='ltr'>quo</span> <span class='ocrx_word' id='word_1_211' title='bbox 1073 2970 1247 3025; x_wconf 90' lang='lat' dir='ltr'>homo</span> <span class='ocrx_word' id='word_1_212' title='bbox 1292 2972 1363 3026; x_wconf 90' lang='lat' dir='ltr'>ad</span> <span class='ocrx_word' id='word_1_213' title='bbox 1413 2971 1522 3027; x_wconf 91' lang='lat' dir='ltr'>hoc</span> <span class='ocrx_word' id='word_1_214' title='bbox 1570 2972 1798 3027; x_wconf 87' lang='lat' dir='ltr'>laborat</span> 
     </span>
    </p>
   </div>
   <div class='ocr_carea' id='block_1_30' title="bbox 138 3057 1798 3133">
    <p class='ocr_par' dir='ltr' id='par_1_30' title="bbox 138 3057 1798 3133">
     <span class='ocr_line' id='line_1_30' title="bbox 138 3057 1798 3133; baseline 0.002 -20"><span class='ocrx_word' id='word_1_215' title='bbox 138 3065 201 3113; x_wconf 90' lang='lat' dir='ltr'>ut</span> <span class='ocrx_word' id='word_1_216' title='bbox 222 3077 340 3114; x_wconf 91' lang='lat' dir='ltr'>non</span> <span class='ocrx_word' id='word_1_217' title='bbox 365 3059 465 3115; x_wconf 85' lang='lat' dir='ltr'>sit.</span> <span class='ocrx_word' id='word_1_218' title='bbox 485 3059 541 3114; x_wconf 90' lang='lat' dir='ltr'>Si</span> <span class='ocrx_word' id='word_1_219' title='bbox 566 3063 767 3115; x_wconf 89' lang='lat' dir='ltr'>autem</span> <span class='ocrx_word' id='word_1_220' title='bbox 790 3059 993 3131; x_wconf 84' lang='lat' dir='ltr'>Angeli</span> <span class='ocrx_word' id='word_1_221' title='bbox 1016 3057 1182 3115; x_wconf 89' lang='lat' dir='ltr'>bellis</span> <span class='ocrx_word' id='word_1_222' title='bbox 1203 3061 1503 3132; x_wconf 65' lang='lat' dir='ltr'>praefuisse</span> <span class='ocrx_word' id='word_1_223' title='bbox 1522 3060 1798 3133; x_wconf 87' lang='lat' dir='ltr'>leguntur</span> 
     </span>
    </p>
   </div>
   <div class='ocr_carea' id='block_1_31' title="bbox 137 3147 1793 3222">
    <p class='ocr_par' dir='ltr' id='par_1_31' title="bbox 137 3147 1793 3222">
     <span class='ocr_line' id='line_1_31' title="bbox 137 3147 1793 3222; baseline 0.003 -21"><span class='ocrx_word' id='word_1_224' title='bbox 137 3152 199 3202; x_wconf 90' lang='lat' dir='ltr'>ut</span> <span class='ocrx_word' id='word_1_225' title='bbox 228 3148 513 3222; x_wconf 86' lang='lat' dir='ltr'>Origenes</span> <span class='ocrx_word' id='word_1_226' title='bbox 545 3147 755 3203; x_wconf 90' lang='lat' dir='ltr'>multis</span> <span class='ocrx_word' id='word_1_227' title='bbox 776 3148 1196 3221; x_wconf 88' lang='lat' dir='ltr'>Prophetarum</span> <span class='ocrx_word' id='word_1_228' title='bbox 1228 3154 1285 3204; x_wconf 90' lang='lat' dir='ltr'>et</span> <span class='ocrx_word' id='word_1_229' title='bbox 1315 3150 1565 3205; x_wconf 82' lang='lat' dir='ltr'>maxime</span> <span class='ocrx_word' id='word_1_230' title='bbox 1585 3151 1793 3206; x_wconf 89' lang='lat' dir='ltr'>Danie-</span> 
     </span>
    </p>
   </div>
   <div class='ocr_carea' id='block_1_32' title="bbox 738 350 2946 415">
    <p class='ocr_par' dir='ltr' id='par_1_32' title="bbox 738 350 2946 415">
     <span class='ocr_line' id='line_1_32' title="bbox 738 350 2946 415; baseline 0.001 -4"><span class='ocrx_word' id='word_1_231' title='bbox 738 350 1158 412; x_wconf 84' lang='lat' dir='ltr'>EXPOSITIO</span> <span class='ocrx_word' id='word_1_232' title='bbox 1204 353 1279 411; x_wconf 87' lang='grc' dir='ltr'>ΙΝ</span> <span class='ocrx_word' id='word_1_233' title='bbox 1328 352 1756 412; x_wconf 82' lang='lat' dir='ltr'>EPISTOLAS</span> <span class='ocrx_word' id='word_1_234' title='bbox 1805 354 2164 413; x_wconf 83' lang='lat' dir='ltr'>PAULL—</span> <span class='ocrx_word' id='word_1_235' title='bbox 2197 355 2272 413; x_wconf 86' lang='grc' dir='ltr'>ΙΝ</span> <span class='ocrx_word' id='word_1_236' title='bbox 2319 355 2562 414; x_wconf 84' lang='lat' dir='ltr'>EPIST.</span> <span class='ocrx_word' id='word_1_237' title='bbox 2611 354 2710 414; x_wconf 84' lang='lat' dir='ltr'>AD</span> <span class='ocrx_word' id='word_1_238' title='bbox 2758 356 2946 415; x_wconf 80' lang='lat' dir='ltr'>ROM.</span> 
     </span>
    </p>
   </div>
   <div class='ocr_carea' id='block_1_33' title="bbox 129 480 2317 554">
    <p class='ocr_par' dir='ltr' id='par_1_33' title="bbox 129 480 2317 554">
     <span class='ocr_line' id='line_1_33' title="bbox 129 480 2317 554; baseline -0.002 -15"><span class='ocrx_word' id='word_1_239' title='bbox 129 488 207 540; x_wconf 85' lang='lat' dir='ltr'>est</span> <span class='ocrx_word' id='word_1_240' title='bbox 236 480 757 554; x_wconf 85' lang='lat' dir='ltr'>pulchritudinem</span> <span class='ocrx_word' id='word_1_241' title='bbox 802 482 1099 554; x_wconf 88' lang='lat' dir='ltr'>imaginis.</span> <span class='ocrx_word' id='word_1_242' title='bbox 1162 483 1473 554; x_wconf 78' lang='lat' dir='ltr'>Sequitur:</span> <span class='ocrx_word' id='word_1_243' title='bbox 1546 485 1781 537; x_wconf 76' lang='lat' dir='ltr'>l’anitati</span> <span class='ocrx_word' id='word_1_244' title='bbox 1811 485 1862 549; x_wconf 81' lang='grc' dir='ltr'><strong>Α</strong></span> <span class='ocrx_word' id='word_1_245' title='bbox 1895 484 2121 551; x_wconf 82' lang='lat' dir='ltr'>(Cotoss.</span> <span class='ocrx_word' id='word_1_246' title='bbox 2160 504 2196 549; x_wconf 85' lang='lat'>1,</span> <span class='ocrx_word' id='word_1_247' title='bbox 2229 486 2317 553; x_wconf 70' lang='lat'>23)</span> 
     </span>
    </p>
   </div>
   <div class='ocr_carea' id='block_1_34' title="bbox 3424 362 3539 422">
    <p class='ocr_par' dir='ltr' id='par_1_34' title="bbox 3424 362 3539 422">
     <span class='ocr_line' id='line_1_34' title="bbox 3424 362 3539 422; baseline 0 0"><span class='ocrx_word' id='word_1_248' title='bbox 3424 362 3539 422; x_wconf 75' lang='grc'>206</span> 
     </span>
    </p>
   </div>
   <div class='ocr_carea' id='block_1_35' title="bbox 2347 485 3547 557">
    <p class='ocr_par' dir='ltr' id='par_1_35' title="bbox 2347 485 3547 557">
     <span class='ocr_line' id='line_1_35' title="bbox 2347 485 3547 557; baseline 0.006 -18"><span class='ocrx_word' id='word_1_249' title='bbox 2347 512 2357 547; x_wconf 89' lang='grc'>;</span> <span class='ocrx_word' id='word_1_250' title='bbox 2395 486 2447 539; x_wconf 94' lang='lat' dir='ltr'>id</span> <span class='ocrx_word' id='word_1_251' title='bbox 2482 491 2567 540; x_wconf 89' lang='lat' dir='ltr'>cst</span> <span class='ocrx_word' id='word_1_252' title='bbox 2600 486 2655 539; x_wconf 92' lang='lat' dir='ltr'>in</span> <span class='ocrx_word' id='word_1_253' title='bbox 2688 485 2945 551; x_wconf 83' lang='lat' dir='ltr'>homine,</span> <span class='ocrx_word' id='word_1_254' title='bbox 2967 486 3066 557; x_wconf 90' lang='lat' dir='ltr'>qui</span> <span class='ocrx_word' id='word_1_255' title='bbox 3098 489 3291 545; x_wconf 90' lang='lat' dir='ltr'>omnis</span> <span class='ocrx_word' id='word_1_256' title='bbox 3321 496 3547 546; x_wconf 88' lang='lat' dir='ltr'>creatu-</span> 
     </span>
    </p>
   </div>
   <div class='ocr_carea' id='block_1_36' title="bbox 1898 574 3542 646">
    <p class='ocr_par' dir='ltr' id='par_1_36' title="bbox 1898 574 3542 646">
     <span class='ocr_line' id='line_1_36' title="bbox 1898 574 3542 646; baseline 0.005 -19"><span class='ocrx_word' id='word_1_257' title='bbox 1898 591 1959 627; x_wconf 93' lang='lat' dir='ltr'>ra</span> <span class='ocrx_word' id='word_1_258' title='bbox 1990 574 2222 639; x_wconf 86' lang='lat' dir='ltr'>dicitur,</span> <span class='ocrx_word' id='word_1_259' title='bbox 2258 593 2368 628; x_wconf 84' lang='lat' dir='ltr'>non</span> <span class='ocrx_word' id='word_1_260' title='bbox 2403 577 2558 646; x_wconf 87' lang='lat' dir='ltr'>quod</span> <span class='ocrx_word' id='word_1_261' title='bbox 2592 590 2824 631; x_wconf 90' lang='lat' dir='ltr'>omnem</span> <span class='ocrx_word' id='word_1_262' title='bbox 2860 581 3183 632; x_wconf 87' lang='lat' dir='ltr'>creaturam</span> <span class='ocrx_word' id='word_1_263' title='bbox 3218 579 3277 633; x_wconf 91' lang='lat' dir='ltr'>in</span> <span class='ocrx_word' id='word_1_264' title='bbox 3309 596 3369 633; x_wconf 88' lang='lat' dir='ltr'>se</span> <span class='ocrx_word' id='word_1_265' title='bbox 3398 595 3542 635; x_wconf 89' lang='lat' dir='ltr'>con-</span> 
     </span>
    </p>
   </div>
   <div class='ocr_carea' id='block_1_37' title="bbox 1896 663 3541 737">
    <p class='ocr_par' dir='ltr' id='par_1_37' title="bbox 1896 663 3541 737">
     <span class='ocr_line' id='line_1_37' title="bbox 1896 663 3541 737; baseline 0.005 -22"><span class='ocrx_word' id='word_1_266' title='bbox 1896 663 2203 725; x_wconf 77' lang='lat' dir='ltr'>tineat,sed</span> <span class='ocrx_word' id='word_1_267' title='bbox 2239 664 2377 734; x_wconf 89' lang='lat' dir='ltr'>quia</span> <span class='ocrx_word' id='word_1_268' title='bbox 2411 666 2622 735; x_wconf 88' lang='lat' dir='ltr'>partim</span> <span class='ocrx_word' id='word_1_269' title='bbox 2655 668 2743 719; x_wconf 90' lang='lat' dir='ltr'>est</span> <span class='ocrx_word' id='word_1_270' title='bbox 2771 665 3110 735; x_wconf 89' lang='lat' dir='ltr'>corporalis,</span> <span class='ocrx_word' id='word_1_271' title='bbox 3169 668 3383 737; x_wconf 85' lang='lat' dir='ltr'>partim</span> <span class='ocrx_word' id='word_1_272' title='bbox 3414 669 3541 724; x_wconf 88' lang='lat' dir='ltr'>ani-</span> 
     </span>
    </p>
   </div>
   <div class='ocr_carea' id='block_1_38' title="bbox 1897 751 3542 827">
    <p class='ocr_par' dir='ltr' id='par_1_38' title="bbox 1897 751 3542 827">
     <span class='ocr_line' id='line_1_38' title="bbox 1897 751 3542 827; baseline 0.004 -22"><span class='ocrx_word' id='word_1_273' title='bbox 1897 751 2089 814; x_wconf 85' lang='lat' dir='ltr'>malis,</span> <span class='ocrx_word' id='word_1_274' title='bbox 2128 753 2339 821; x_wconf 86' lang='lat' dir='ltr'>partim</span> <span class='ocrx_word' id='word_1_275' title='bbox 2374 752 2694 822; x_wconf 88' lang='lat' dir='ltr'>spiritalis:</span> <span class='ocrx_word' id='word_1_276' title='bbox 2729 753 3046 823; x_wconf 87' lang='lat' dir='ltr'>corporalis</span> <span class='ocrx_word' id='word_1_277' title='bbox 3078 754 3292 825; x_wconf 88' lang='lat' dir='ltr'>quippe</span> <span class='ocrx_word' id='word_1_278' title='bbox 3336 772 3437 827; x_wconf 90' lang='lat' dir='ltr'>per</span> <span class='ocrx_word' id='word_1_279' title='bbox 3463 756 3542 812; x_wconf 87' lang='lat' dir='ltr'>lo-</span> 
     </span>
    </p>
   </div>
   <div class='ocr_carea' id='block_1_39' title="bbox 1896 840 3540 914">
    <p class='ocr_par' dir='ltr' id='par_1_39' title="bbox 1896 840 3540 914">
     <span class='ocr_line' id='line_1_39' title="bbox 1896 840 3540 914; baseline 0.004 -22"><span class='ocrx_word' id='word_1_280' title='bbox 1896 855 1961 892; x_wconf 89' lang='lat' dir='ltr'>ca</span> <span class='ocrx_word' id='word_1_281' title='bbox 1995 840 2273 903; x_wconf 85' lang='lat' dir='ltr'>tenditur,</span> <span class='ocrx_word' id='word_1_282' title='bbox 2308 841 2578 895; x_wconf 88' lang='lat' dir='ltr'>animalis</span> <span class='ocrx_word' id='word_1_283' title='bbox 2627 841 2988 912; x_wconf 87' lang='lat' dir='ltr'>corporalem</span> <span class='ocrx_word' id='word_1_284' title='bbox 3034 842 3325 909; x_wconf 78' lang='lat' dir='ltr'>viviﬁcat;</span> <span class='ocrx_word' id='word_1_285' title='bbox 3369 844 3540 914; x_wconf 87' lang='lat' dir='ltr'>spiri-</span> 
     </span>
    </p>
   </div>
   <div class='ocr_carea' id='block_1_40' title="bbox 1894 927 3539 999">
    <p class='ocr_par' dir='ltr' id='par_1_40' title="bbox 1894 927 3539 999">
     <span class='ocr_line' id='line_1_40' title="bbox 1894 927 3539 999; baseline 0.005 -20"><span class='ocrx_word' id='word_1_286' title='bbox 1894 927 2029 981; x_wconf 84' lang='lat' dir='ltr'>talis</span> <span class='ocrx_word' id='word_1_287' title='bbox 2062 928 2372 983; x_wconf 88' lang='lat' dir='ltr'>animalem</span> <span class='ocrx_word' id='word_1_288' title='bbox 2410 930 2571 999; x_wconf 87' lang='lat' dir='ltr'>regit,</span> <span class='ocrx_word' id='word_1_289' title='bbox 2605 935 2659 984; x_wconf 90' lang='lat' dir='ltr'>et</span> <span class='ocrx_word' id='word_1_290' title='bbox 2691 936 2829 984; x_wconf 91' lang='lat' dir='ltr'>tunc</span> <span class='ocrx_word' id='word_1_291' title='bbox 2864 931 3029 995; x_wconf 86' lang='lat' dir='ltr'>bene,</span> <span class='ocrx_word' id='word_1_292' title='bbox 3061 947 3192 985; x_wconf 91' lang='lat' dir='ltr'>cum</span> <span class='ocrx_word' id='word_1_293' title='bbox 3228 947 3289 987; x_wconf 88' lang='lat' dir='ltr'>se</span> <span class='ocrx_word' id='word_1_294' title='bbox 3310 932 3427 987; x_wconf 91' lang='lat' dir='ltr'>Deo</span> <span class='ocrx_word' id='word_1_295' title='bbox 3450 949 3539 988; x_wconf 85' lang='lat' dir='ltr'>re-</span> 
     </span>
    </p>
   </div>
   <div class='ocr_carea' id='block_1_41' title="bbox 1896 1018 3540 1091">
    <p class='ocr_par' dir='ltr' id='par_1_41' title="bbox 1896 1018 3540 1091">
     <span class='ocr_line' id='line_1_41' title="bbox 1896 1018 3540 1091; baseline 0.004 -22"><span class='ocrx_word' id='word_1_296' title='bbox 1896 1018 2152 1087; x_wconf 86' lang='lat' dir='ltr'>gendum</span> <span class='ocrx_word' id='word_1_297' title='bbox 2188 1019 2443 1087; x_wconf 72' lang='lat' dir='ltr'>subjicit.</span> <span class='ocrx_word' id='word_1_298' title='bbox 2496 1024 2680 1073; x_wconf 81' lang='lat' dir='ltr'>llomo</span> <span class='ocrx_word' id='word_1_299' title='bbox 2731 1020 2909 1090; x_wconf 90' lang='lat' dir='ltr'>igitur</span> <span class='ocrx_word' id='word_1_300' title='bbox 2940 1019 3147 1091; x_wconf 87' lang='lat' dir='ltr'>spiritu</span> <span class='ocrx_word' id='word_1_301' title='bbox 3178 1021 3380 1087; x_wconf 87' lang='lat' dir='ltr'>sentit,</span> <span class='ocrx_word' id='word_1_302' title='bbox 3413 1022 3540 1076; x_wconf 85' lang='lat' dir='ltr'>ani-</span> 
     </span>
    </p>
   </div>
   <div class='ocr_carea' id='block_1_42' title="bbox 1898 1106 3540 1179">
    <p class='ocr_par' dir='ltr' id='par_1_42' title="bbox 1898 1106 3540 1179">
     <span class='ocr_line' id='line_1_42' title="bbox 1898 1106 3540 1179; baseline 0.003 -20"><span class='ocrx_word' id='word_1_303' title='bbox 1898 1123 1993 1159; x_wconf 90' lang='lat' dir='ltr'>ma</span> <span class='ocrx_word' id='word_1_304' title='bbox 2025 1106 2368 1171; x_wconf 85' lang='lat' dir='ltr'>viviticatur,</span> <span class='ocrx_word' id='word_1_305' title='bbox 2405 1106 2670 1163; x_wconf 90' lang='lat' dir='ltr'>localiter</span> <span class='ocrx_word' id='word_1_306' title='bbox 2714 1125 2951 1179; x_wconf 90' lang='lat' dir='ltr'>corpore</span> <span class='ocrx_word' id='word_1_307' title='bbox 3002 1114 3285 1163; x_wconf 86' lang='lat' dir='ltr'>movetur.</span> <span class='ocrx_word' id='word_1_308' title='bbox 3329 1110 3540 1165; x_wconf 86' lang='lat' dir='ltr'>Beatus</span> 
     </span>
    </p>
   </div>
   <div class='ocr_carea' id='block_1_43' title="bbox 1895 1196 3539 1267">
    <p class='ocr_par' dir='ltr' id='par_1_43' title="bbox 1895 1196 3539 1267">
     <span class='ocr_line' id='line_1_43' title="bbox 1895 1196 3539 1267; baseline 0.004 -20"><span class='ocrx_word' id='word_1_309' title='bbox 1895 1212 2029 1249; x_wconf 90' lang='lat' dir='ltr'>vero</span> <span class='ocrx_word' id='word_1_310' title='bbox 2057 1196 2366 1265; x_wconf 77' lang='lat' dir='ltr'>Gregorius</span> <span class='ocrx_word' id='word_1_311' title='bbox 2399 1197 2540 1251; x_wconf 86' lang='lat' dir='ltr'>dicit</span> <span class='ocrx_word' id='word_1_312' title='bbox 2570 1198 2725 1267; x_wconf 91' lang='lat' dir='ltr'>quod</span> <span class='ocrx_word' id='word_1_313' title='bbox 2757 1198 2886 1252; x_wconf 87' lang='lat' dir='ltr'>ideo</span> <span class='ocrx_word' id='word_1_314' title='bbox 2917 1198 3090 1253; x_wconf 89' lang='lat' dir='ltr'>homo</span> <span class='ocrx_word' id='word_1_315' title='bbox 3139 1198 3333 1253; x_wconf 86' lang='lat' dir='ltr'>omnis</span> <span class='ocrx_word' id='word_1_316' title='bbox 3382 1214 3539 1253; x_wconf 89' lang='lat' dir='ltr'>crea-</span> 
     </span>
    </p>
   </div>
   <div class='ocr_carea' id='block_1_44' title="bbox 1896 1284 3539 1357">
    <p class='ocr_par' dir='ltr' id='par_1_44' title="bbox 1896 1284 3539 1357">
     <span class='ocr_line' id='line_1_44' title="bbox 1896 1284 3539 1357; baseline 0.004 -20"><span class='ocrx_word' id='word_1_317' title='bbox 1896 1289 2027 1337; x_wconf 89' lang='lat' dir='ltr'>tura</span> <span class='ocrx_word' id='word_1_318' title='bbox 2056 1284 2288 1350; x_wconf 89' lang='lat' dir='ltr'>dicitur,</span> <span class='ocrx_word' id='word_1_319' title='bbox 2323 1285 2460 1357; x_wconf 86' lang='lat' dir='ltr'>quia</span> <span class='ocrx_word' id='word_1_320' title='bbox 2490 1286 2667 1341; x_wconf 87' lang='lat' dir='ltr'>habet</span> <span class='ocrx_word' id='word_1_321' title='bbox 2717 1286 2939 1357; x_wconf 89' lang='lat' dir='ltr'>aliquid</span> <span class='ocrx_word' id='word_1_322' title='bbox 2991 1286 3183 1342; x_wconf 90' lang='lat' dir='ltr'>omnis</span> <span class='ocrx_word' id='word_1_323' title='bbox 3223 1294 3539 1356; x_wconf 71' lang='lat' dir='ltr'>creaturis;</span> 
     </span>
    </p>
   </div>
   <div class='ocr_carea' id='block_1_45' title="bbox 1896 1372 3541 1447">
    <p class='ocr_par' dir='ltr' id='par_1_45' title="bbox 1896 1372 3541 1447">
     <span class='ocr_line' id='line_1_45' title="bbox 1896 1372 3541 1447; baseline 0.004 -21"><span class='ocrx_word' id='word_1_324' title='bbox 1896 1372 2071 1428; x_wconf 86' lang='lat' dir='ltr'>habet</span> <span class='ocrx_word' id='word_1_325' title='bbox 2101 1374 2256 1428; x_wconf 88' lang='lat' dir='ltr'>enim</span> <span class='ocrx_word' id='word_1_326' title='bbox 2288 1375 2606 1429; x_wconf 86' lang='lat' dir='ltr'>essentiam</span> <span class='ocrx_word' id='word_1_327' title='bbox 2660 1392 2795 1433; x_wconf 88' lang='lat' dir='ltr'>cum</span> <span class='ocrx_word' id='word_1_328' title='bbox 2842 1374 3157 1447; x_wconf 84' lang='lat' dir='ltr'>lapidibus,</span> <span class='ocrx_word' id='word_1_329' title='bbox 3189 1376 3379 1432; x_wconf 88' lang='lat' dir='ltr'>vivere</span> <span class='ocrx_word' id='word_1_330' title='bbox 3408 1392 3541 1432; x_wconf 89' lang='lat' dir='ltr'>cum</span> 
     </span>
    </p>
   </div>
   <div class='ocr_carea' id='block_1_46' title="bbox 1898 1462 3547 1534">
    <p class='ocr_par' dir='ltr' id='par_1_46' title="bbox 1898 1462 3547 1534">
     <span class='ocr_line' id='line_1_46' title="bbox 1898 1462 3547 1534; baseline 0.002 -18"><span class='ocrx_word' id='word_1_331' title='bbox 1898 1462 2227 1529; x_wconf 86' lang='lat' dir='ltr'>arboribus,</span> <span class='ocrx_word' id='word_1_332' title='bbox 2260 1468 2316 1517; x_wconf 87' lang='lat' dir='ltr'>et</span> <span class='ocrx_word' id='word_1_333' title='bbox 2348 1464 2564 1534; x_wconf 89' lang='lat' dir='ltr'>herbis,</span> <span class='ocrx_word' id='word_1_334' title='bbox 2599 1465 2815 1520; x_wconf 87' lang='lat' dir='ltr'>sentire</span> <span class='ocrx_word' id='word_1_335' title='bbox 2870 1482 3003 1519; x_wconf 92' lang='lat' dir='ltr'>cum</span> <span class='ocrx_word' id='word_1_336' title='bbox 3053 1464 3241 1520; x_wconf 89' lang='lat' dir='ltr'>brutis</span> <span class='ocrx_word' id='word_1_337' title='bbox 3272 1465 3547 1521; x_wconf 85' lang='lat' dir='ltr'>animali-</span> 
     </span>
    </p>
   </div>
   <div class='ocr_carea' id='block_1_47' title="bbox 1898 1550 3548 1625">
    <p class='ocr_par' dir='ltr' id='par_1_47' title="bbox 1898 1550 3548 1625">
     <span class='ocr_line' id='line_1_47' title="bbox 1898 1550 3548 1625; baseline 0.004 -21"><span class='ocrx_word' id='word_1_338' title='bbox 1898 1550 2029 1613; x_wconf 87' lang='lat' dir='ltr'>bus,</span> <span class='ocrx_word' id='word_1_339' title='bbox 2065 1552 2393 1607; x_wconf 90' lang='lat' dir='ltr'>discernere</span> <span class='ocrx_word' id='word_1_340' title='bbox 2424 1570 2557 1607; x_wconf 92' lang='lat' dir='ltr'>cum</span> <span class='ocrx_word' id='word_1_341' title='bbox 2595 1554 2851 1625; x_wconf 84' lang='lat' dir='ltr'>Angelis.</span> <span class='ocrx_word' id='word_1_342' title='bbox 2887 1554 3017 1609; x_wconf 68' lang='lat' dir='ltr'>Haec</span> <span class='ocrx_word' id='word_1_343' title='bbox 3058 1554 3237 1625; x_wconf 89' lang='lat' dir='ltr'>igitur</span> <span class='ocrx_word' id='word_1_344' title='bbox 3282 1559 3548 1611; x_wconf 85' lang='lat' dir='ltr'>creatura</span> 
     </span>
    </p>
   </div>
   <div class='ocr_carea' id='block_1_48' title="bbox 1895 1640 3546 1711">
    <p class='ocr_par' dir='ltr' id='par_1_48' title="bbox 1895 1640 3546 1711">
     <span class='ocr_line' id='line_1_48' title="bbox 1895 1640 3546 1711; baseline 0.004 -18"><span class='ocrx_word' id='word_1_345' title='bbox 1895 1640 2137 1694; x_wconf 87' lang='lat' dir='ltr'>vanitati</span> <span class='ocrx_word' id='word_1_346' title='bbox 2171 1641 2436 1709; x_wconf 87' lang='lat' dir='ltr'>subjecta</span> <span class='ocrx_word' id='word_1_347' title='bbox 2466 1647 2572 1711; x_wconf 89' lang='lat' dir='ltr'>est,</span> <span class='ocrx_word' id='word_1_348' title='bbox 2596 1642 2653 1697; x_wconf 89' lang='lat' dir='ltr'>id</span> <span class='ocrx_word' id='word_1_349' title='bbox 2682 1647 2770 1697; x_wconf 88' lang='lat' dir='ltr'>est</span> <span class='ocrx_word' id='word_1_350' title='bbox 2801 1643 2994 1709; x_wconf 89' lang='lat' dir='ltr'>morti,</span> <span class='ocrx_word' id='word_1_351' title='bbox 3017 1647 3074 1697; x_wconf 90' lang='lat' dir='ltr'>et</span> <span class='ocrx_word' id='word_1_352' title='bbox 3102 1643 3434 1699; x_wconf 85' lang='lat' dir='ltr'>inﬁrmitati</span> <span class='ocrx_word' id='word_1_353' title='bbox 3458 1643 3546 1700; x_wconf 90' lang='lat' dir='ltr'>vel</span> 
     </span>
    </p>
   </div>
   <div class='ocr_carea' id='block_1_49' title="bbox 1900 1728 3547 1803">
    <p class='ocr_par' dir='ltr' id='par_1_49' title="bbox 1900 1728 3547 1803">
     <span class='ocr_line' id='line_1_49' title="bbox 1900 1728 3547 1803; baseline 0.004 -22"><span class='ocrx_word' id='word_1_354' title='bbox 1900 1728 2072 1783; x_wconf 89' lang='lat' dir='ltr'>alicui</span> <span class='ocrx_word' id='word_1_355' title='bbox 2106 1729 2378 1795; x_wconf 77' lang='lat' dir='ltr'>miseriae,</span> <span class='ocrx_word' id='word_1_356' title='bbox 2412 1731 2501 1784; x_wconf 90' lang='lat' dir='ltr'>cui</span> <span class='ocrx_word' id='word_1_357' title='bbox 2536 1731 2709 1785; x_wconf 88' lang='lat' dir='ltr'>homo</span> <span class='ocrx_word' id='word_1_358' title='bbox 2739 1737 2975 1802; x_wconf 88' lang='lat' dir='ltr'>propter</span> <span class='ocrx_word' id='word_1_359' title='bbox 3006 1737 3307 1803; x_wconf 87' lang='lat' dir='ltr'>peccatum</span> <span class='ocrx_word' id='word_1_360' title='bbox 3338 1732 3547 1789; x_wconf 88' lang='lat' dir='ltr'>subdi-</span> 
     </span>
    </p>
   </div>
   <div class='ocr_carea' id='block_1_50' title="bbox 1900 1818 3544 1889">
    <p class='ocr_par' dir='ltr' id='par_1_50' title="bbox 1900 1818 3544 1889">
     <span class='ocr_line' id='line_1_50' title="bbox 1900 1818 3544 1889; baseline 0.004 -19"><span class='ocrx_word' id='word_1_361' title='bbox 1900 1821 1995 1871; x_wconf 90' lang='lat' dir='ltr'>tus</span> <span class='ocrx_word' id='word_1_362' title='bbox 2026 1821 2151 1883; x_wconf 90' lang='lat' dir='ltr'>est;</span> <span class='ocrx_word' id='word_1_363' title='bbox 2189 1818 2342 1871; x_wconf 89' lang='lat' dir='ltr'>unde</span> <span class='ocrx_word' id='word_1_364' title='bbox 2374 1818 2615 1889; x_wconf 88' lang='lat' dir='ltr'>pulchre</span> <span class='ocrx_word' id='word_1_365' title='bbox 2649 1819 2977 1889; x_wconf 84' lang='lat' dir='ltr'>subjungit,</span> <span class='ocrx_word' id='word_1_366' title='bbox 2998 1835 3105 1873; x_wconf 81' lang='lat' dir='ltr'>non</span> <span class='ocrx_word' id='word_1_367' title='bbox 3138 1820 3544 1876; x_wconf 82' lang='lat' dir='ltr'>volens.Homo</span> 
     </span>
    </p>
   </div>
   <div class='ocr_carea' id='block_1_51' title="bbox 1898 1905 3545 1977">
    <p class='ocr_par' dir='ltr' id='par_1_51' title="bbox 1898 1905 3545 1977">
     <span class='ocr_line' id='line_1_51' title="bbox 1898 1905 3545 1977; baseline 0.002 -18"><span class='ocrx_word' id='word_1_368' title='bbox 1898 1905 2135 1971; x_wconf 86' lang='lat' dir='ltr'>etenim,</span> <span class='ocrx_word' id='word_1_369' title='bbox 2170 1906 2308 1976; x_wconf 88' lang='lat' dir='ltr'>quia</span> <span class='ocrx_word' id='word_1_370' title='bbox 2339 1912 2545 1976; x_wconf 88' lang='lat' dir='ltr'>sponte</span> <span class='ocrx_word' id='word_1_371' title='bbox 2596 1907 2872 1977; x_wconf 82' lang='lat' dir='ltr'>peccavit,</span> <span class='ocrx_word' id='word_1_372' title='bbox 2907 1923 3020 1961; x_wconf 91' lang='lat' dir='ltr'>non</span> <span class='ocrx_word' id='word_1_373' title='bbox 3067 1911 3276 1977; x_wconf 86' lang='lat' dir='ltr'>sponte</span> <span class='ocrx_word' id='word_1_374' title='bbox 3306 1908 3545 1963; x_wconf 82' lang='lat' dir='ltr'>vanitati</span> 
     </span>
    </p>
   </div>
   <div class='ocr_carea' id='block_1_52' title="bbox 1898 1994 3543 2065">
    <p class='ocr_par' dir='ltr' id='par_1_52' title="bbox 1898 1994 3543 2065">
     <span class='ocr_line' id='line_1_52' title="bbox 1898 1994 3543 2065; baseline -0.001 -15"><span class='ocrx_word' id='word_1_375' title='bbox 1898 1996 2171 2050; x_wconf 88' lang='lat' dir='ltr'>subditus</span> <span class='ocrx_word' id='word_1_376' title='bbox 2201 1998 2306 2049; x_wconf 86' lang='lat' dir='ltr'>est.</span> <span class='ocrx_word' id='word_1_377' title='bbox 2344 1994 2441 2049; x_wconf 82' lang='lat' dir='ltr'>Vel</span> <span class='ocrx_word' id='word_1_378' title='bbox 2472 1994 2603 2050; x_wconf 88' lang='lat' dir='ltr'>ideo</span> <span class='ocrx_word' id='word_1_379' title='bbox 2623 1994 2818 2051; x_wconf 81' lang='lat' dir='ltr'>nolens</span> <span class='ocrx_word' id='word_1_380' title='bbox 2839 1994 2999 2059; x_wconf 90' lang='lat' dir='ltr'>dicit,</span> <span class='ocrx_word' id='word_1_381' title='bbox 3044 1994 3181 2065; x_wconf 88' lang='lat' dir='ltr'>quia</span> <span class='ocrx_word' id='word_1_382' title='bbox 3217 1996 3403 2049; x_wconf 87' lang='lat' dir='ltr'>sancti</span> <span class='ocrx_word' id='word_1_383' title='bbox 3434 1996 3543 2049; x_wconf 90' lang='lat' dir='ltr'>viri</span> 
     </span>
    </p>
   </div>
   <div class='ocr_carea' id='block_1_53' title="bbox 1900 2082 3543 2155">
    <p class='ocr_par' dir='ltr' id='par_1_53' title="bbox 1900 2082 3543 2155">
     <span class='ocr_line' id='line_1_53' title="bbox 1900 2082 3543 2155; baseline -0.001 -17"><span class='ocrx_word' id='word_1_384' title='bbox 1900 2084 2145 2155; x_wconf 89' lang='lat' dir='ltr'>cupiunt</span> <span class='ocrx_word' id='word_1_385' title='bbox 2175 2084 2411 2138; x_wconf 81' lang='lat' dir='ltr'>dissolvi</span> <span class='ocrx_word' id='word_1_386' title='bbox 2444 2087 2501 2137; x_wconf 92' lang='lat' dir='ltr'>et</span> <span class='ocrx_word' id='word_1_387' title='bbox 2530 2100 2657 2138; x_wconf 89' lang='lat' dir='ltr'>esse</span> <span class='ocrx_word' id='word_1_388' title='bbox 2686 2099 2817 2138; x_wconf 88' lang='lat' dir='ltr'>cum</span> <span class='ocrx_word' id='word_1_389' title='bbox 2836 2082 3067 2137; x_wconf 85' lang='lat' dir='ltr'>Christo</span> <span class='ocrx_word' id='word_1_390' title='bbox 3090 2083 3357 2154; x_wconf 78' lang='lat' dir='ltr'>(Philipp.</span> <span class='ocrx_word' id='word_1_391' title='bbox 3376 2101 3413 2149; x_wconf 83' lang='lat'>1,</span> <span class='ocrx_word' id='word_1_392' title='bbox 3434 2082 3543 2152; x_wconf 84' lang='lat'>23),</span> 
     </span>
    </p>
   </div>
   <div class='ocr_carea' id='block_1_54' title="bbox 1902 2171 3549 2229">
    <p class='ocr_par' dir='ltr' id='par_1_54' title="bbox 1902 2171 3549 2229">
     <span class='ocr_line' id='line_1_54' title="bbox 1902 2171 3549 2229; baseline -0.001 0"><span class='ocrx_word' id='word_1_393' title='bbox 1902 2174 2000 2229; x_wconf 88' lang='lat' dir='ltr'>sed</span> <span class='ocrx_word' id='word_1_394' title='bbox 2034 2172 2213 2227; x_wconf 85' lang='lat' dir='ltr'>coacti</span> <span class='ocrx_word' id='word_1_395' title='bbox 2246 2177 2301 2226; x_wconf 88' lang='lat' dir='ltr'>et</span> <span class='ocrx_word' id='word_1_396' title='bbox 2332 2172 2597 2228; x_wconf 88' lang='lat' dir='ltr'>nolentes</span> <span class='ocrx_word' id='word_1_397' title='bbox 2628 2172 2719 2226; x_wconf 88' lang='lat' dir='ltr'>his</span> <span class='ocrx_word' id='word_1_398' title='bbox 2752 2171 3003 2227; x_wconf 88' lang='lat' dir='ltr'>miseriis</span> <span class='ocrx_word' id='word_1_399' title='bbox 3026 2171 3243 2227; x_wconf 88' lang='lat' dir='ltr'>subditi</span> <span class='ocrx_word' id='word_1_400' title='bbox 3266 2176 3424 2227; x_wconf 89' lang='lat' dir='ltr'>sunt.</span> <span class='ocrx_word' id='word_1_401' title='bbox 3444 2172 3549 2228; x_wconf 84' lang='lat' dir='ltr'>Sed</span> 
     </span>
    </p>
   </div>
   <div class='ocr_carea' id='block_1_55' title="bbox 1899 2263 3655 2335">
    <p class='ocr_par' dir='ltr' id='par_1_55' title="bbox 1899 2263 3655 2335">
     <span class='ocr_line' id='line_1_55' title="bbox 1899 2263 3655 2335; baseline 0.001 -18"><span class='ocrx_word' id='word_1_402' title='bbox 1899 2268 2121 2335; x_wconf 83' lang='lat' dir='ltr'>propter</span> <span class='ocrx_word' id='word_1_403' title='bbox 2150 2280 2274 2317; x_wconf 86' lang='lat' dir='ltr'>eum</span> <span class='ocrx_word' id='word_1_404' title='bbox 2304 2266 2400 2334; x_wconf 85' lang='lat' dir='ltr'>qui</span> <span class='ocrx_word' id='word_1_405' title='bbox 2428 2263 2654 2333; x_wconf 83' lang='lat' dir='ltr'>subjecit</span> <span class='ocrx_word' id='word_1_406' title='bbox 2681 2264 2742 2317; x_wconf 80' lang='lat' dir='ltr'>in</span> <span class='ocrx_word' id='word_1_407' title='bbox 2768 2279 2878 2333; x_wconf 89' lang='lat' dir='ltr'>spe.</span> <span class='ocrx_word' id='word_1_408' title='bbox 2914 2263 3151 2333; x_wconf 88' lang='lat' dir='ltr'>Propter</span> <span class='ocrx_word' id='word_1_409' title='bbox 3202 2278 3335 2317; x_wconf 88' lang='lat' dir='ltr'>eum</span> <span class='ocrx_word' id='word_1_410' title='bbox 3381 2263 3545 2331; x_wconf 87' lang='lat' dir='ltr'>dicit,</span> <span class='ocrx_word' id='word_1_411' title='bbox 3646 2310 3655 2323; x_wconf 81' lang='lat'>.</span> 
     </span>
    </p>
   </div>
   <div class='ocr_carea' id='block_1_56' title="bbox 1902 2350 3548 2423">
    <p class='ocr_par' dir='ltr' id='par_1_56' title="bbox 1902 2350 3548 2423">
     <span class='ocr_line' id='line_1_56' title="bbox 1902 2350 3548 2423; baseline -0.002 -16"><span class='ocrx_word' id='word_1_412' title='bbox 1902 2354 1958 2407; x_wconf 93' lang='lat' dir='ltr'>id</span> <span class='ocrx_word' id='word_1_413' title='bbox 1990 2357 2100 2419; x_wconf 90' lang='lat' dir='ltr'>est,</span> <span class='ocrx_word' id='word_1_414' title='bbox 2134 2357 2371 2423; x_wconf 90' lang='lat' dir='ltr'>propter</span> <span class='ocrx_word' id='word_1_415' title='bbox 2392 2352 2689 2422; x_wconf 86' lang='lat' dir='ltr'>justitiam</span> <span class='ocrx_word' id='word_1_416' title='bbox 2720 2357 2776 2407; x_wconf 91' lang='lat' dir='ltr'>et</span> <span class='ocrx_word' id='word_1_417' title='bbox 2806 2351 3178 2407; x_wconf 88' lang='lat' dir='ltr'>clementiam</span> <span class='ocrx_word' id='word_1_418' title='bbox 3212 2350 3371 2407; x_wconf 90' lang='lat' dir='ltr'>illius</span> <span class='ocrx_word' id='word_1_419' title='bbox 3424 2351 3548 2421; x_wconf 86' lang='lat' dir='ltr'>qui,</span> 
     </span>
    </p>
   </div>
   <div class='ocr_carea' id='block_1_57' title="bbox 1904 2438 3553 2512">
    <p class='ocr_par' dir='ltr' id='par_1_57' title="bbox 1904 2438 3553 2512">
     <span class='ocr_line' id='line_1_57' title="bbox 1904 2438 3553 2512; baseline 0 -17"><span class='ocrx_word' id='word_1_420' title='bbox 1904 2458 2007 2497; x_wconf 91' lang='lat' dir='ltr'>nec</span> <span class='ocrx_word' id='word_1_421' title='bbox 2039 2445 2341 2512; x_wconf 89' lang='lat' dir='ltr'>peccatum</span> <span class='ocrx_word' id='word_1_422' title='bbox 2374 2440 2732 2510; x_wconf 89' lang='lat' dir='ltr'>impunitum</span> <span class='ocrx_word' id='word_1_423' title='bbox 2765 2439 3023 2510; x_wconf 87' lang='lat' dir='ltr'>reliquit,</span> <span class='ocrx_word' id='word_1_424' title='bbox 3074 2455 3180 2495; x_wconf 91' lang='lat' dir='ltr'>nec</span> <span class='ocrx_word' id='word_1_425' title='bbox 3226 2438 3553 2495; x_wconf 88' lang='lat' dir='ltr'>insanabile</span> 
     </span>
    </p>
   </div>
   <div class='ocr_carea' id='block_1_58' title="bbox 1903 2528 3551 2602">
    <p class='ocr_par' dir='ltr' id='par_1_58' title="bbox 1903 2528 3551 2602">
     <span class='ocr_line' id='line_1_58' title="bbox 1903 2528 3551 2602; baseline 0.001 -19"><span class='ocrx_word' id='word_1_426' title='bbox 1903 2532 2022 2585; x_wconf 84' lang='lat' dir='ltr'>fore</span> <span class='ocrx_word' id='word_1_427' title='bbox 2054 2529 2339 2600; x_wconf 88' lang='lat' dir='ltr'>permisit.</span> <span class='ocrx_word' id='word_1_428' title='bbox 2374 2528 2475 2583; x_wconf 87' lang='lat' dir='ltr'>Vel</span> <span class='ocrx_word' id='word_1_429' title='bbox 2511 2533 2744 2600; x_wconf 90' lang='lat' dir='ltr'>propter</span> <span class='ocrx_word' id='word_1_430' title='bbox 2774 2545 2908 2583; x_wconf 90' lang='lat' dir='ltr'>eum</span> <span class='ocrx_word' id='word_1_431' title='bbox 2940 2529 3042 2599; x_wconf 90' lang='lat' dir='ltr'>qui</span> <span class='ocrx_word' id='word_1_432' title='bbox 3074 2529 3323 2600; x_wconf 90' lang='lat' dir='ltr'>subjecit</span> <span class='ocrx_word' id='word_1_433' title='bbox 3355 2528 3414 2583; x_wconf 90' lang='lat' dir='ltr'>in</span> <span class='ocrx_word' id='word_1_434' title='bbox 3448 2545 3551 2602; x_wconf 86' lang='lat' dir='ltr'>spe</span> 
     </span>
    </p>
   </div>
   <div class='ocr_carea' id='block_1_59' title="bbox 1903 2617 3550 2690">
    <p class='ocr_par' dir='ltr' id='par_1_59' title="bbox 1903 2617 3550 2690">
     <span class='ocr_line' id='line_1_59' title="bbox 1903 2617 3550 2690; baseline 0 -17"><span class='ocrx_word' id='word_1_435' title='bbox 1903 2619 2066 2683; x_wconf 83' lang='lat' dir='ltr'>dixit,</span> <span class='ocrx_word' id='word_1_436' title='bbox 2100 2619 2238 2689; x_wconf 86' lang='lat' dir='ltr'>quia</span> <span class='ocrx_word' id='word_1_437' title='bbox 2270 2618 2324 2672; x_wconf 91' lang='lat' dir='ltr'>in</span> <span class='ocrx_word' id='word_1_438' title='bbox 2360 2634 2462 2690; x_wconf 89' lang='lat' dir='ltr'>spe</span> <span class='ocrx_word' id='word_1_439' title='bbox 2492 2618 2711 2672; x_wconf 88' lang='lat' dir='ltr'>habent</span> <span class='ocrx_word' id='word_1_440' title='bbox 2740 2617 2905 2673; x_wconf 91' lang='lat' dir='ltr'>electi</span> <span class='ocrx_word' id='word_1_441' title='bbox 2937 2621 3002 2672; x_wconf 89' lang='lat' dir='ltr'>ut</span> <span class='ocrx_word' id='word_1_442' title='bbox 3032 2634 3065 2673; x_wconf 92' lang='lat' dir='ltr'>a</span> <span class='ocrx_word' id='word_1_443' title='bbox 3112 2618 3394 2673; x_wconf 86' lang='lat' dir='ltr'>servitute</span> <span class='ocrx_word' id='word_1_444' title='bbox 3423 2634 3550 2673; x_wconf 91' lang='lat' dir='ltr'>cor-</span> 
     </span>
    </p>
   </div>
   <div class='ocr_carea' id='block_1_60' title="bbox 1905 2706 2567 2777">
    <p class='ocr_par' dir='ltr' id='par_1_60' title="bbox 1905 2706 2567 2777">
     <span class='ocr_line' id='line_1_60' title="bbox 1905 2706 2567 2777; baseline -0.002 -15"><span class='ocrx_word' id='word_1_445' title='bbox 1905 2726 1969 2762; x_wconf 89' lang='lat' dir='ltr'>ru</span> <span class='ocrx_word' id='word_1_446' title='bbox 1982 2707 2198 2777; x_wconf 85' lang='lat' dir='ltr'>ptionis</span> <span class='ocrx_word' id='word_1_447' title='bbox 2230 2706 2567 2761; x_wconf 89' lang='lat' dir='ltr'>liberentur.</span> 
     </span>
    </p>
   </div>
   <div class='ocr_carea' id='block_1_61' title="bbox 1980 2796 3554 2868">
    <p class='ocr_par' dir='ltr' id='par_1_61' title="bbox 1980 2796 3554 2868">
     <span class='ocr_line' id='line_1_61' title="bbox 1980 2796 3554 2868; baseline 0 -17"><span class='ocrx_word' id='word_1_448' title='bbox 1980 2796 2161 2867; x_wconf 88' lang='lat' dir='ltr'>Igitur</span> <span class='ocrx_word' id='word_1_449' title='bbox 2191 2796 2327 2867; x_wconf 86' lang='lat' dir='ltr'>quia</span> <span class='ocrx_word' id='word_1_450' title='bbox 2358 2813 2522 2867; x_wconf 88' lang='lat' dir='ltr'>spem</span> <span class='ocrx_word' id='word_1_451' title='bbox 2555 2796 2797 2862; x_wconf 85' lang='lat' dir='ltr'>dixerat,</span> <span class='ocrx_word' id='word_1_452' title='bbox 2832 2800 2897 2850; x_wconf 88' lang='lat' dir='ltr'>ut</span> <span class='ocrx_word' id='word_1_453' title='bbox 2928 2812 3055 2868; x_wconf 70' lang='lat' dir='ltr'>quas</span> <span class='ocrx_word' id='word_1_454' title='bbox 3087 2800 3243 2851; x_wconf 86' lang='lat' dir='ltr'>esset</span> <span class='ocrx_word' id='word_1_455' title='bbox 3288 2796 3554 2851; x_wconf 85' lang='lat' dir='ltr'>ostende-</span> 
     </span>
    </p>
   </div>
   <div class='ocr_carea' id='block_1_62' title="bbox 1905 2884 3552 2954">
    <p class='ocr_par' dir='ltr' id='par_1_62' title="bbox 1905 2884 3552 2954">
     <span class='ocr_line' id='line_1_62' title="bbox 1905 2884 3552 2954; baseline 0 -14"><span class='ocrx_word' id='word_1_456' title='bbox 1905 2890 2012 2950; x_wconf 89' lang='lat' dir='ltr'>ret,</span> <span class='ocrx_word' id='word_1_457' title='bbox 2046 2884 2385 2954; x_wconf 85' lang='lat' dir='ltr'>subjunxit:</span> <span class='ocrx_word' id='word_1_458' title='bbox 2422 2885 2561 2951; x_wconf 84' lang='lat' dir='ltr'>Quia</span> <span class='ocrx_word' id='word_1_459' title='bbox 2591 2888 2639 2939; x_wconf 85' lang='lat' dir='ltr'>et</span> <span class='ocrx_word' id='word_1_460' title='bbox 2670 2886 2790 2954; x_wconf 77' lang='lat' dir='ltr'>ipsa</span> <span class='ocrx_word' id='word_1_461' title='bbox 2840 2894 3105 2940; x_wconf 84' lang='lat' dir='ltr'>creatura</span> <span class='ocrx_word' id='word_1_462' title='bbox 3160 2886 3488 2941; x_wconf 83' lang='lat' dir='ltr'>liberabitur</span> <span class='ocrx_word' id='word_1_463' title='bbox 3517 2902 3552 2940; x_wconf 89' lang='lat' dir='ltr'>a</span> 
     </span>
    </p>
   </div>
   <div class='ocr_carea' id='block_1_63' title="bbox 1902 2973 3554 3045">
    <p class='ocr_par' dir='ltr' id='par_1_63' title="bbox 1902 2973 3554 3045">
     <span class='ocr_line' id='line_1_63' title="bbox 1902 2973 3554 3045; baseline -0.001 -15"><span class='ocrx_word' id='word_1_464' title='bbox 1902 2977 2163 3031; x_wconf 84' lang='lat' dir='ltr'>servitute</span> <span class='ocrx_word' id='word_1_465' title='bbox 2190 2976 2577 3045; x_wconf 84' lang='lat' dir='ltr'>corruptionis.</span> <span class='ocrx_word' id='word_1_466' title='bbox 2613 2973 2718 3028; x_wconf 90' lang='lat' dir='ltr'>Ubi</span> <span class='ocrx_word' id='word_1_467' title='bbox 2769 2973 3091 3028; x_wconf 86' lang='lat' dir='ltr'>notandum</span> <span class='ocrx_word' id='word_1_468' title='bbox 3143 2974 3281 3043; x_wconf 89' lang='lat' dir='ltr'>quia</span> <span class='ocrx_word' id='word_1_469' title='bbox 3320 2990 3435 3029; x_wconf 90' lang='lat' dir='ltr'>non</span> <span class='ocrx_word' id='word_1_470' title='bbox 3467 2973 3554 3028; x_wconf 87' lang='lat' dir='ltr'>ait</span> 
     </span>
    </p>
   </div>
   <div class='ocr_carea' id='block_1_64' title="bbox 1904 3060 3553 3133">
    <p class='ocr_par' dir='ltr' id='par_1_64' title="bbox 1904 3060 3553 3133">
     <span class='ocr_line' id='line_1_64' title="bbox 1904 3060 3553 3133; baseline -0.001 -16"><span class='ocrx_word' id='word_1_471' title='bbox 1904 3068 2135 3117; x_wconf 90' lang='lat' dir='ltr'>tantum</span> <span class='ocrx_word' id='word_1_472' title='bbox 2169 3062 2315 3133; x_wconf 88' lang='lat' dir='ltr'>ipsa,</span> <span class='ocrx_word' id='word_1_473' title='bbox 2337 3063 2438 3117; x_wconf 91' lang='lat' dir='ltr'>sed</span> <span class='ocrx_word' id='word_1_474' title='bbox 2470 3066 2521 3117; x_wconf 87' lang='lat' dir='ltr'>et</span> <span class='ocrx_word' id='word_1_475' title='bbox 2550 3062 2693 3131; x_wconf 86' lang='lat' dir='ltr'>ipsa,</span> <span class='ocrx_word' id='word_1_476' title='bbox 2726 3066 2962 3133; x_wconf 89' lang='lat' dir='ltr'>propter</span> <span class='ocrx_word' id='word_1_477' title='bbox 2992 3079 3091 3117; x_wconf 91' lang='lat' dir='ltr'>eos</span> <span class='ocrx_word' id='word_1_478' title='bbox 3121 3062 3220 3133; x_wconf 90' lang='lat' dir='ltr'>qui</span> <span class='ocrx_word' id='word_1_479' title='bbox 3272 3060 3553 3117; x_wconf 88' lang='lat' dir='ltr'>credituri</span> 
     </span>
    </p>
   </div>
   <div class='ocr_carea' id='block_1_65' title="bbox 1906 3149 3548 3221">
    <p class='ocr_par' dir='ltr' id='par_1_65' title="bbox 1906 3149 3548 3221">
     <span class='ocr_line' id='line_1_65' title="bbox 1906 3149 3548 3221; baseline -0.001 -14"><span class='ocrx_word' id='word_1_480' title='bbox 1906 3156 2090 3217; x_wconf 89' lang='lat' dir='ltr'>erant,</span> <span class='ocrx_word' id='word_1_481' title='bbox 2122 3155 2178 3206; x_wconf 88' lang='lat' dir='ltr'>et</span> <span class='ocrx_word' id='word_1_482' title='bbox 2208 3151 2513 3207; x_wconf 88' lang='lat' dir='ltr'>liberandi.</span> <span class='ocrx_word' id='word_1_483' title='bbox 2549 3152 2668 3221; x_wconf 86' lang='lat' dir='ltr'>Ipsa</span> <span class='ocrx_word' id='word_1_484' title='bbox 2696 3154 2950 3205; x_wconf 80' lang='lat' dir='ltr'>creatura</span> <span class='ocrx_word' id='word_1_485' title='bbox 2979 3150 3139 3217; x_wconf 90' lang='lat' dir='ltr'>dicit,</span> <span class='ocrx_word' id='word_1_486' title='bbox 3172 3149 3229 3203; x_wconf 89' lang='lat' dir='ltr'>id</span> <span class='ocrx_word' id='word_1_487' title='bbox 3279 3154 3369 3205; x_wconf 90' lang='lat' dir='ltr'>est</span> <span class='ocrx_word' id='word_1_488' title='bbox 3419 3150 3548 3220; x_wconf 89' lang='lat' dir='ltr'>ipse</span> 
     </span>
    </p>
   </div>
   <div class='ocr_carea' id='block_1_66' title="bbox 135 3221 3549 3323">
    <p class='ocr_par' dir='ltr' id='par_1_66' title="bbox 135 3221 3549 3323">
     <span class='ocr_line' id='line_1_66' title="bbox 135 3221 3549 3323; baseline 0.001 -35"><span class='ocrx_word' id='word_1_489' title='bbox 135 3236 208 3291; x_wconf 92' lang='lat' dir='ltr'>lis</span> <span class='ocrx_word' id='word_1_490' title='bbox 231 3238 596 3293; x_wconf 88' lang='lat' dir='ltr'>testimoniis</span> <span class='ocrx_word' id='word_1_491' title='bbox 613 3236 823 3291; x_wconf 90' lang='lat' dir='ltr'>nititur</span> <span class='ocrx_word' id='word_1_492' title='bbox 836 3237 1157 3308; x_wconf 86' lang='lat' dir='ltr'>approbare</span> <span class='ocrx_word' id='word_1_493' title='bbox 1178 3238 1545 3305; x_wconf 89' lang='lat' dir='ltr'>;hominibus</span> <span class='ocrx_word' id='word_1_494' title='bbox 1570 3241 1795 3311; x_wconf 88' lang='lat' dir='ltr'>subjec-</span> <span class='ocrx_word' id='word_1_495' title='bbox 1824 3221 1866 3286; x_wconf 64' lang='grc' dir='ltr'>(ἶ</span> <span class='ocrx_word' id='word_1_496' title='bbox 1906 3242 2100 3296; x_wconf 87' lang='lat' dir='ltr'>homo.</span> <span class='ocrx_word' id='word_1_497' title='bbox 2137 3240 2267 3310; x_wconf 88' lang='lat' dir='ltr'>Ipsa</span> <span class='ocrx_word' id='word_1_498' title='bbox 2291 3244 2575 3308; x_wconf 86' lang='lat' dir='ltr'>creatura,</span> <span class='ocrx_word' id='word_1_499' title='bbox 2600 3238 2739 3309; x_wconf 89' lang='lat' dir='ltr'>quia</span> <span class='ocrx_word' id='word_1_500' title='bbox 2760 3239 3009 3292; x_wconf 88' lang='lat' dir='ltr'>necdum</span> <span class='ocrx_word' id='word_1_501' title='bbox 3040 3242 3129 3293; x_wconf 89' lang='lat' dir='ltr'>est</span> <span class='ocrx_word' id='word_1_502' title='bbox 3150 3238 3404 3309; x_wconf 81' lang='lat' dir='ltr'>perfecta</span> <span class='ocrx_word' id='word_1_503' title='bbox 3433 3238 3549 3293; x_wconf 86' lang='lat' dir='ltr'>for-</span> 
     </span>
    </p>
   </div>
   <div class='ocr_carea' id='block_1_67' title="bbox 136 3326 1798 3398">
    <p class='ocr_par' dir='ltr' id='par_1_67' title="bbox 136 3326 1798 3398">
     <span class='ocr_line' id='line_1_67' title="bbox 136 3326 1798 3398; baseline 0.002 -18"><span class='ocrx_word' id='word_1_504' title='bbox 136 3326 175 3380; x_wconf 91' lang='lat' dir='ltr'>ti</span> <span class='ocrx_word' id='word_1_505' title='bbox 210 3332 391 3394; x_wconf 89' lang='lat' dir='ltr'>sunt;</span> <span class='ocrx_word' id='word_1_506' title='bbox 420 3327 576 3381; x_wconf 90' lang='lat' dir='ltr'>unde</span> <span class='ocrx_word' id='word_1_507' title='bbox 594 3331 651 3381; x_wconf 91' lang='lat' dir='ltr'>et</span> <span class='ocrx_word' id='word_1_508' title='bbox 674 3326 846 3380; x_wconf 86' lang='lat' dir='ltr'>subdi</span> <span class='ocrx_word' id='word_1_509' title='bbox 872 3342 985 3380; x_wconf 89' lang='lat' dir='ltr'>non</span> <span class='ocrx_word' id='word_1_510' title='bbox 1009 3328 1156 3398; x_wconf 78' lang='lat'>(291)</span> <span class='ocrx_word' id='word_1_511' title='bbox 1178 3326 1383 3382; x_wconf 91' lang='lat' dir='ltr'>volunt</span> <span class='ocrx_word' id='word_1_512' title='bbox 1408 3345 1420 3383; x_wconf 91' lang='lat'><strong>:</strong></span> <span class='ocrx_word' id='word_1_513' title='bbox 1447 3328 1564 3383; x_wconf 84' lang='lat' dir='ltr'>Non</span> <span class='ocrx_word' id='word_1_514' title='bbox 1616 3330 1798 3384; x_wconf 85' lang='lat' dir='ltr'>volens</span> 
     </span>
    </p>
   </div>
   <div class='ocr_carea' id='block_1_68' title="bbox 135 3413 1797 3487">
    <p class='ocr_par' dir='ltr' id='par_1_68' title="bbox 135 3413 1797 3487">
     <span class='ocr_line' id='line_1_68' title="bbox 135 3413 1797 3487; baseline 0.003 -19"><span class='ocrx_word' id='word_1_515' title='bbox 135 3414 227 3469; x_wconf 85' lang='lat' dir='ltr'>sed</span> <span class='ocrx_word' id='word_1_516' title='bbox 254 3423 491 3487; x_wconf 88' lang='lat' dir='ltr'>propter</span> <span class='ocrx_word' id='word_1_517' title='bbox 522 3431 652 3468; x_wconf 85' lang='lat' dir='ltr'>eum</span> <span class='ocrx_word' id='word_1_518' title='bbox 684 3415 779 3483; x_wconf 90' lang='lat' dir='ltr'>qui</span> <span class='ocrx_word' id='word_1_519' title='bbox 806 3413 1039 3483; x_wconf 87' lang='lat' dir='ltr'>subjecit</span> <span class='ocrx_word' id='word_1_520' title='bbox 1068 3417 1127 3469; x_wconf 88' lang='lat' dir='ltr'>in</span> <span class='ocrx_word' id='word_1_521' title='bbox 1154 3432 1281 3486; x_wconf 88' lang='lat' dir='ltr'>spe;</span> <span class='ocrx_word' id='word_1_522' title='bbox 1325 3416 1600 3486; x_wconf 90' lang='lat' dir='ltr'>quoniam</span> <span class='ocrx_word' id='word_1_523' title='bbox 1634 3434 1797 3473; x_wconf 86' lang='lat' dir='ltr'>coac-</span> 
     </span>
    </p>
   </div>
   <div class='ocr_carea' id='block_1_69' title="bbox 132 3502 1801 3573">
    <p class='ocr_par' dir='ltr' id='par_1_69' title="bbox 132 3502 1801 3573">
     <span class='ocr_line' id='line_1_69' title="bbox 132 3502 1801 3573; baseline 0.003 -18"><span class='ocrx_word' id='word_1_524' title='bbox 132 3503 199 3568; x_wconf 90' lang='lat' dir='ltr'>ti,</span> <span class='ocrx_word' id='word_1_525' title='bbox 234 3521 269 3558; x_wconf 88' lang='lat' dir='ltr'>a</span> <span class='ocrx_word' id='word_1_526' title='bbox 333 3503 432 3557; x_wconf 90' lang='lat' dir='ltr'>sui</span> <span class='ocrx_word' id='word_1_527' title='bbox 493 3502 785 3556; x_wconf 86' lang='lat' dir='ltr'>Creatoris</span> <span class='ocrx_word' id='word_1_528' title='bbox 841 3502 1330 3573; x_wconf 85' lang='lat' dir='ltr'>contemplatione</span> <span class='ocrx_word' id='word_1_529' title='bbox 1372 3504 1701 3571; x_wconf 67' lang='lat' dir='ltr'>discedunt,</span> <span class='ocrx_word' id='word_1_530' title='bbox 1738 3511 1801 3560; x_wconf 85' lang='lat' dir='ltr'>ut</span> 
     </span>
    </p>
   </div>
   <div class='ocr_carea' id='block_1_70' title="bbox 137 3590 1800 3663">
    <p class='ocr_par' dir='ltr' id='par_1_70' title="bbox 137 3590 1800 3663">
     <span class='ocr_line' id='line_1_70' title="bbox 137 3590 1800 3663; baseline 0.002 -18"><span class='ocrx_word' id='word_1_531' title='bbox 137 3590 501 3647; x_wconf 88' lang='lat' dir='ltr'>hominibus</span> <span class='ocrx_word' id='word_1_532' title='bbox 524 3590 882 3645; x_wconf 88' lang='lat' dir='ltr'>famulentur</span> <span class='ocrx_word' id='word_1_533' title='bbox 901 3596 957 3645; x_wconf 89' lang='lat' dir='ltr'>et</span> <span class='ocrx_word' id='word_1_534' title='bbox 996 3608 1161 3663; x_wconf 90' lang='lat' dir='ltr'>spem</span> <span class='ocrx_word' id='word_1_535' title='bbox 1186 3592 1459 3659; x_wconf 88' lang='lat' dir='ltr'>habeant,</span> <span class='ocrx_word' id='word_1_536' title='bbox 1486 3599 1547 3647; x_wconf 89' lang='lat' dir='ltr'>ut</span> <span class='ocrx_word' id='word_1_537' title='bbox 1595 3595 1665 3648; x_wconf 90' lang='lat' dir='ltr'>ab</span> <span class='ocrx_word' id='word_1_538' title='bbox 1698 3594 1800 3649; x_wconf 91' lang='lat' dir='ltr'>ho-</span> 
     </span>
    </p>
   </div>
   <div class='ocr_carea' id='block_1_71' title="bbox 136 3679 1801 3753">
    <p class='ocr_par' dir='ltr' id='par_1_71' title="bbox 136 3679 1801 3753">
     <span class='ocr_line' id='line_1_71' title="bbox 136 3679 1801 3753; baseline 0.002 -19"><span class='ocrx_word' id='word_1_539' title='bbox 136 3680 379 3734; x_wconf 89' lang='lat' dir='ltr'>minum</span> <span class='ocrx_word' id='word_1_540' title='bbox 406 3681 686 3735; x_wconf 84' lang='lat' dir='ltr'>servitute</span> <span class='ocrx_word' id='word_1_541' title='bbox 708 3679 1257 3736; x_wconf 84' lang='lat' dir='ltr'>liberentur.Restat</span> <span class='ocrx_word' id='word_1_542' title='bbox 1277 3698 1434 3753; x_wconf 88' lang='lat' dir='ltr'>ergo,</span> <span class='ocrx_word' id='word_1_543' title='bbox 1460 3684 1801 3738; x_wconf 89' lang='lat' dir='ltr'>uthomines</span> 
     </span>
    </p>
   </div>
   <div class='ocr_carea' id='block_1_72' title="bbox 132 3768 1799 3843">
    <p class='ocr_par' dir='ltr' id='par_1_72' title="bbox 132 3768 1799 3843">
     <span class='ocr_line' id='line_1_72' title="bbox 132 3768 1799 3843; baseline 0.002 -20"><span class='ocrx_word' id='word_1_544' title='bbox 132 3768 435 3825; x_wconf 88' lang='lat' dir='ltr'>beatiores</span> <span class='ocrx_word' id='word_1_545' title='bbox 467 3769 709 3840; x_wconf 83' lang='lat' dir='ltr'>Angelis</span> <span class='ocrx_word' id='word_1_546' title='bbox 740 3768 1138 3842; x_wconf 89' lang='lat' dir='ltr'>intelligamus</span> <span class='ocrx_word' id='word_1_547' title='bbox 1164 3788 1177 3837; x_wconf 91' lang='lat'>;</span> <span class='ocrx_word' id='word_1_548' title='bbox 1211 3773 1532 3841; x_wconf 63' lang='lat' dir='ltr'>praesertim</span> <span class='ocrx_word' id='word_1_549' title='bbox 1556 3790 1675 3837; x_wconf 90' lang='lat' dir='ltr'>eos,</span> <span class='ocrx_word' id='word_1_550' title='bbox 1700 3774 1799 3843; x_wconf 89' lang='lat' dir='ltr'>qui</span> 
     </span>
    </p>
   </div>
   <div class='ocr_carea' id='block_1_73' title="bbox 126 3858 1803 3931">
    <p class='ocr_par' dir='ltr' id='par_1_73' title="bbox 126 3858 1803 3931">
     <span class='ocr_line' id='line_1_73' title="bbox 126 3858 1803 3931; baseline 0.002 -18"><span class='ocrx_word' id='word_1_551' title='bbox 126 3858 255 3927; x_wconf 88' lang='lat' dir='ltr'>jam</span> <span class='ocrx_word' id='word_1_552' title='bbox 291 3859 704 3930; x_wconf 89' lang='lat' dir='ltr'>requiescunt,</span> <span class='ocrx_word' id='word_1_553' title='bbox 738 3862 804 3913; x_wconf 90' lang='lat' dir='ltr'>ut</span> <span class='ocrx_word' id='word_1_554' title='bbox 834 3858 1082 3914; x_wconf 87' lang='lat' dir='ltr'>Lazarus</span> <span class='ocrx_word' id='word_1_555' title='bbox 1113 3859 1171 3914; x_wconf 92' lang='lat' dir='ltr'>in</span> <span class='ocrx_word' id='word_1_556' title='bbox 1191 3861 1323 3915; x_wconf 91' lang='lat' dir='ltr'>sinu</span> <span class='ocrx_word' id='word_1_557' title='bbox 1348 3861 1685 3931; x_wconf 72' lang='lat' dir='ltr'>Abrahae,ut</span> <span class='ocrx_word' id='word_1_558' title='bbox 1707 3862 1803 3917; x_wconf 89' lang='lat' dir='ltr'>ille</span> 
     </span>
    </p>
   </div>
   <div class='ocr_carea' id='block_1_74' title="bbox 132 3946 1801 4020">
    <p class='ocr_par' dir='ltr' id='par_1_74' title="bbox 132 3946 1801 4020">
     <span class='ocr_line' id='line_1_74' title="bbox 132 3946 1801 4020; baseline 0.004 -19"><span class='ocrx_word' id='word_1_559' title='bbox 132 3947 495 4004; x_wconf 85' lang='lat' dir='ltr'>venerabilis</span> <span class='ocrx_word' id='word_1_560' title='bbox 528 3947 701 4017; x_wconf 88' lang='lat' dir='ltr'>latro,</span> <span class='ocrx_word' id='word_1_561' title='bbox 735 3946 858 4019; x_wconf 91' lang='lat' dir='ltr'>qui,</span> <span class='ocrx_word' id='word_1_562' title='bbox 920 3964 985 4002; x_wconf 92' lang='lat' dir='ltr'>eo</span> <span class='ocrx_word' id='word_1_563' title='bbox 1045 3949 1160 4016; x_wconf 89' lang='lat' dir='ltr'>die,</span> <span class='ocrx_word' id='word_1_564' title='bbox 1193 3966 1308 4020; x_wconf 88' lang='lat' dir='ltr'>quo</span> <span class='ocrx_word' id='word_1_565' title='bbox 1357 3950 1625 4020; x_wconf 88' lang='lat' dir='ltr'>credidit,</span> <span class='ocrx_word' id='word_1_566' title='bbox 1668 3968 1801 4007; x_wconf 90' lang='lat' dir='ltr'>cum</span> 
     </span>
    </p>
   </div>
   <div class='ocr_carea' id='block_1_75' title="bbox 132 4035 1801 4107">
    <p class='ocr_par' dir='ltr' id='par_1_75' title="bbox 132 4035 1801 4107">
     <span class='ocr_line' id='line_1_75' title="bbox 132 4035 1801 4107; baseline 0.003 -18"><span class='ocrx_word' id='word_1_567' title='bbox 132 4040 246 4091; x_wconf 91' lang='lat' dir='ltr'>Deo</span> <span class='ocrx_word' id='word_1_568' title='bbox 278 4036 652 4092; x_wconf 89' lang='lat' dir='ltr'>constitutus</span> <span class='ocrx_word' id='word_1_569' title='bbox 685 4040 775 4090; x_wconf 91' lang='lat' dir='ltr'>est</span> <span class='ocrx_word' id='word_1_570' title='bbox 804 4035 861 4089; x_wconf 93' lang='lat' dir='ltr'>in</span> <span class='ocrx_word' id='word_1_571' title='bbox 921 4036 1219 4093; x_wconf 89' lang='lat' dir='ltr'>Paradiso.</span> <span class='ocrx_word' id='word_1_572' title='bbox 1255 4039 1388 4107; x_wconf 88' lang='lat' dir='ltr'>Sed,</span> <span class='ocrx_word' id='word_1_573' title='bbox 1421 4045 1478 4093; x_wconf 88' lang='lat' dir='ltr'>et</span> <span class='ocrx_word' id='word_1_574' title='bbox 1524 4039 1619 4094; x_wconf 93' lang='lat' dir='ltr'>hic</span> <span class='ocrx_word' id='word_1_575' title='bbox 1650 4041 1801 4095; x_wconf 81' lang='lat' dir='ltr'>refu-</span> 
     </span>
    </p>
   </div>
   <div class='ocr_carea' id='block_1_76' title="bbox 130 4125 1805 4197">
    <p class='ocr_par' dir='ltr' id='par_1_76' title="bbox 130 4125 1805 4197">
     <span class='ocr_line' id='line_1_76' title="bbox 130 4125 1805 4197; baseline 0.003 -18"><span class='ocrx_word' id='word_1_576' title='bbox 130 4129 341 4180; x_wconf 88' lang='lat' dir='ltr'>tantus</span> <span class='ocrx_word' id='word_1_577' title='bbox 374 4128 470 4180; x_wconf 92' lang='lat' dir='ltr'>est</span> <span class='ocrx_word' id='word_1_578' title='bbox 499 4140 738 4179; x_wconf 89' lang='lat' dir='ltr'>sensus.</span> <span class='ocrx_word' id='word_1_579' title='bbox 765 4125 960 4196; x_wconf 88' lang='lat' dir='ltr'>Longe</span> <span class='ocrx_word' id='word_1_580' title='bbox 990 4142 1126 4197; x_wconf 89' lang='lat' dir='ltr'>ergo</span> <span class='ocrx_word' id='word_1_581' title='bbox 1158 4125 1331 4180; x_wconf 87' lang='lat' dir='ltr'>aliter</span> <span class='ocrx_word' id='word_1_582' title='bbox 1363 4127 1484 4182; x_wconf 64' lang='lat' dir='ltr'>haec</span> <span class='ocrx_word' id='word_1_583' title='bbox 1515 4130 1805 4184; x_wconf 89' lang='lat' dir='ltr'>sententia</span> 
     </span>
    </p>
   </div>
   <div class='ocr_carea' id='block_1_77' title="bbox 128 4212 1801 4286">
    <p class='ocr_par' dir='ltr' id='par_1_77' title="bbox 128 4212 1801 4286">
     <span class='ocr_line' id='line_1_77' title="bbox 128 4212 1801 4286; baseline 0.004 -20"><span class='ocrx_word' id='word_1_584' title='bbox 128 4213 533 4285; x_wconf 88' lang='lat' dir='ltr'>intelligenda</span> <span class='ocrx_word' id='word_1_585' title='bbox 585 4221 696 4267; x_wconf 90' lang='lat' dir='ltr'>est.</span> <span class='ocrx_word' id='word_1_586' title='bbox 758 4212 1180 4286; x_wconf 89' lang='lat' dir='ltr'>Unusquisque</span> <span class='ocrx_word' id='word_1_587' title='bbox 1260 4215 1415 4269; x_wconf 92' lang='lat' dir='ltr'>enim</span> <span class='ocrx_word' id='word_1_588' title='bbox 1475 4217 1801 4285; x_wconf 89' lang='lat' dir='ltr'>doctorum,</span> 
     </span>
    </p>
   </div>
   <div class='ocr_carea' id='block_1_78' title="bbox 131 4301 1802 4374">
    <p class='ocr_par' dir='ltr' id='par_1_78' title="bbox 131 4301 1802 4374">
     <span class='ocr_line' id='line_1_78' title="bbox 131 4301 1802 4374; baseline 0.002 -17"><span class='ocrx_word' id='word_1_589' title='bbox 131 4304 288 4374; x_wconf 85' lang='lat' dir='ltr'>quod</span> <span class='ocrx_word' id='word_1_590' title='bbox 314 4302 557 4368; x_wconf 88' lang='lat' dir='ltr'>habuit,</span> <span class='ocrx_word' id='word_1_591' title='bbox 582 4302 692 4357; x_wconf 88' lang='lat' dir='ltr'>hoc</span> <span class='ocrx_word' id='word_1_592' title='bbox 714 4301 776 4356; x_wconf 88' lang='lat' dir='ltr'>in</span> <span class='ocrx_word' id='word_1_593' title='bbox 799 4302 1044 4358; x_wconf 89' lang='lat' dir='ltr'>donaria</span> <span class='ocrx_word' id='word_1_594' title='bbox 1065 4303 1165 4358; x_wconf 86' lang='lat' dir='ltr'>Dei</span> <span class='ocrx_word' id='word_1_595' title='bbox 1189 4304 1474 4360; x_wconf 89' lang='lat' dir='ltr'>contulit:</span> <span class='ocrx_word' id='word_1_596' title='bbox 1506 4304 1671 4360; x_wconf 90' lang='lat' dir='ltr'>Alius</span> <span class='ocrx_word' id='word_1_597' title='bbox 1701 4324 1802 4361; x_wconf 87' lang='lat' dir='ltr'>au-</span> 
     </span>
    </p>
   </div>
   <div class='ocr_carea' id='block_1_79' title="bbox 131 4390 1803 4463">
    <p class='ocr_par' dir='ltr' id='par_1_79' title="bbox 131 4390 1803 4463">
     <span class='ocr_line' id='line_1_79' title="bbox 131 4390 1803 4463; baseline 0.003 -19"><span class='ocrx_word' id='word_1_598' title='bbox 131 4407 283 4459; x_wconf 92' lang='lat' dir='ltr'>rum,</span> <span class='ocrx_word' id='word_1_599' title='bbox 320 4391 483 4447; x_wconf 88' lang='lat' dir='ltr'>alius</span> <span class='ocrx_word' id='word_1_600' title='bbox 517 4394 855 4463; x_wconf 88' lang='lat' dir='ltr'>argentum,</span> <span class='ocrx_word' id='word_1_601' title='bbox 888 4390 1040 4446; x_wconf 89' lang='lat' dir='ltr'>alius</span> <span class='ocrx_word' id='word_1_602' title='bbox 1072 4393 1309 4463; x_wconf 87' lang='lat' dir='ltr'>ferrum,</span> <span class='ocrx_word' id='word_1_603' title='bbox 1335 4397 1440 4447; x_wconf 90' lang='lat' dir='ltr'>etc.</span> <span class='ocrx_word' id='word_1_604' title='bbox 1467 4394 1590 4448; x_wconf 92' lang='lat' dir='ltr'>Non</span> <span class='ocrx_word' id='word_1_605' title='bbox 1614 4394 1803 4449; x_wconf 83' lang='lat' dir='ltr'>solum</span> 
     </span>
    </p>
   </div>
   <div class='ocr_carea' id='block_1_80' title="bbox 131 4479 1802 4553">
    <p class='ocr_par' dir='ltr' id='par_1_80' title="bbox 131 4479 1802 4553">
     <span class='ocr_line' id='line_1_80' title="bbox 131 4479 1802 4553; baseline 0.002 -20"><span class='ocrx_word' id='word_1_606' title='bbox 131 4484 327 4535; x_wconf 88' lang='lat' dir='ltr'>autem</span> <span class='ocrx_word' id='word_1_607' title='bbox 354 4480 612 4546; x_wconf 85' lang='lat' dir='ltr'>hoc,sed</span> <span class='ocrx_word' id='word_1_608' title='bbox 638 4480 811 4534; x_wconf 85' lang='lat' dir='ltr'>etiam</span> <span class='ocrx_word' id='word_1_609' title='bbox 831 4479 890 4533; x_wconf 90' lang='lat' dir='ltr'>in</span> <span class='ocrx_word' id='word_1_610' title='bbox 910 4480 1066 4534; x_wconf 91' lang='lat' dir='ltr'>omni</span> <span class='ocrx_word' id='word_1_611' title='bbox 1092 4498 1271 4536; x_wconf 80' lang='lat' dir='ltr'>sacrae</span> <span class='ocrx_word' id='word_1_612' title='bbox 1316 4481 1627 4553; x_wconf 65' lang='lat' dir='ltr'>Scriptura:</span> <span class='ocrx_word' id='word_1_613' title='bbox 1658 4483 1802 4551; x_wconf 88' lang='lat' dir='ltr'>loce,</span> 
     </span>
    </p>
   </div>
   <div class='ocr_carea' id='block_1_81' title="bbox 1908 3325 3551 3390">
    <p class='ocr_par' dir='ltr' id='par_1_81' title="bbox 1908 3325 3551 3390">
     <span class='ocr_line' id='line_1_81' title="bbox 1908 3325 3551 3390; baseline -0.002 -6"><span class='ocrx_word' id='word_1_614' title='bbox 1908 3346 2003 3384; x_wconf 90' lang='lat' dir='ltr'>ma</span> <span class='ocrx_word' id='word_1_615' title='bbox 2035 3328 2286 3382; x_wconf 76' lang='lat' dir='ltr'>filiorum</span> <span class='ocrx_word' id='word_1_616' title='bbox 2323 3327 2546 3390; x_wconf 88' lang='lat' dir='ltr'>Dei,sed</span> <span class='ocrx_word' id='word_1_617' title='bbox 2582 3330 2822 3380; x_wconf 85' lang='lat' dir='ltr'>vocatur</span> <span class='ocrx_word' id='word_1_618' title='bbox 2852 3330 3079 3379; x_wconf 89' lang='lat' dir='ltr'>tantum</span> <span class='ocrx_word' id='word_1_619' title='bbox 3114 3325 3551 3381; x_wconf 87' lang='lat' dir='ltr'>creatura.Nam</span> 
     </span>
    </p>
   </div>
   <div class='ocr_carea' id='block_1_82' title="bbox 1908 3413 3555 3486">
    <p class='ocr_par' dir='ltr' id='par_1_82' title="bbox 1908 3413 3555 3486">
     <span class='ocr_line' id='line_1_82' title="bbox 1908 3413 3555 3486; baseline -0.002 -13"><span class='ocrx_word' id='word_1_620' title='bbox 1908 3435 2041 3472; x_wconf 91' lang='lat' dir='ltr'>cum</span> <span class='ocrx_word' id='word_1_621' title='bbox 2074 3417 2177 3485; x_wconf 87' lang='lat' dir='ltr'>ait,</span> <span class='ocrx_word' id='word_1_622' title='bbox 2212 3420 2260 3470; x_wconf 91' lang='lat' dir='ltr'>et</span> <span class='ocrx_word' id='word_1_623' title='bbox 2290 3418 2429 3486; x_wconf 81' lang='lat' dir='ltr'>ipsa,</span> <span class='ocrx_word' id='word_1_624' title='bbox 2463 3414 2767 3469; x_wconf 87' lang='lat' dir='ltr'>subaudiri</span> <span class='ocrx_word' id='word_1_625' title='bbox 2815 3413 3016 3482; x_wconf 89' lang='lat' dir='ltr'>voluit,</span> <span class='ocrx_word' id='word_1_626' title='bbox 3053 3414 3555 3484; x_wconf 89' lang='lat' dir='ltr'>quemadmodum</span> 
     </span>
    </p>
   </div>
   <div class='ocr_carea' id='block_1_83' title="bbox 1911 3502 3554 3574">
    <p class='ocr_par' dir='ltr' id='par_1_83' title="bbox 1911 3502 3554 3574">
     <span class='ocr_line' id='line_1_83' title="bbox 1911 3502 3554 3574; baseline -0.002 -13"><span class='ocrx_word' id='word_1_627' title='bbox 1911 3524 2038 3574; x_wconf 90' lang='lat' dir='ltr'>nos,</span> <span class='ocrx_word' id='word_1_628' title='bbox 2072 3510 2137 3560; x_wconf 89' lang='lat' dir='ltr'>ut</span> <span class='ocrx_word' id='word_1_629' title='bbox 2166 3506 2245 3560; x_wconf 90' lang='lat' dir='ltr'>sit</span> <span class='ocrx_word' id='word_1_630' title='bbox 2274 3521 2485 3559; x_wconf 89' lang='lat' dir='ltr'>sensus</span> <span class='ocrx_word' id='word_1_631' title='bbox 2514 3521 2525 3557; x_wconf 91' lang='lat'>:</span> <span class='ocrx_word' id='word_1_632' title='bbox 2586 3520 2690 3558; x_wconf 89' lang='lat' dir='ltr'>nec</span> <span class='ocrx_word' id='word_1_633' title='bbox 2743 3504 2813 3557; x_wconf 89' lang='lat' dir='ltr'>de</span> <span class='ocrx_word' id='word_1_634' title='bbox 2863 3502 2955 3557; x_wconf 90' lang='lat' dir='ltr'>his</span> <span class='ocrx_word' id='word_1_635' title='bbox 2987 3503 3419 3574; x_wconf 89' lang='lat' dir='ltr'>desperandum</span> <span class='ocrx_word' id='word_1_636' title='bbox 3452 3502 3554 3573; x_wconf 88' lang='lat' dir='ltr'>qui</span> 
     </span>
    </p>
   </div>
   <div class='ocr_carea' id='block_1_84' title="bbox 1910 3591 3556 3663">
    <p class='ocr_par' dir='ltr' id='par_1_84' title="bbox 1910 3591 3556 3663">
     <span class='ocr_line' id='line_1_84' title="bbox 1910 3591 3556 3663; baseline -0.004 -12"><span class='ocrx_word' id='word_1_637' title='bbox 1910 3596 2160 3651; x_wconf 83' lang='lat' dir='ltr'>necdum</span> <span class='ocrx_word' id='word_1_638' title='bbox 2194 3594 2585 3663; x_wconf 86' lang='lat' dir='ltr'>crediderunt,</span> <span class='ocrx_word' id='word_1_639' title='bbox 2643 3593 2893 3648; x_wconf 91' lang='lat' dir='ltr'>necdum</span> <span class='ocrx_word' id='word_1_640' title='bbox 2956 3591 3056 3647; x_wconf 82' lang='lat' dir='ltr'>ﬁlii</span> <span class='ocrx_word' id='word_1_641' title='bbox 3116 3591 3215 3647; x_wconf 91' lang='lat' dir='ltr'>Dei</span> <span class='ocrx_word' id='word_1_642' title='bbox 3254 3595 3556 3661; x_wconf 85' lang='lat' dir='ltr'>vocantur,</span> 
     </span>
    </p>
   </div>
   <div class='ocr_carea' id='block_1_85' title="bbox 1911 3680 3562 3756">
    <p class='ocr_par' dir='ltr' id='par_1_85' title="bbox 1911 3680 3562 3756">
     <span class='ocr_line' id='line_1_85' title="bbox 1911 3680 3562 3756; baseline -0.001 -17"><span class='ocrx_word' id='word_1_643' title='bbox 1911 3684 2187 3756; x_wconf 89' lang='lat' dir='ltr'>quoniam</span> <span class='ocrx_word' id='word_1_644' title='bbox 2221 3687 2276 3738; x_wconf 90' lang='lat' dir='ltr'>et</span> <span class='ocrx_word' id='word_1_645' title='bbox 2308 3682 2417 3754; x_wconf 91' lang='lat' dir='ltr'>ipsi</span> <span class='ocrx_word' id='word_1_646' title='bbox 2450 3682 2708 3747; x_wconf 90' lang='lat' dir='ltr'>credent,</span> <span class='ocrx_word' id='word_1_647' title='bbox 2742 3686 2798 3737; x_wconf 90' lang='lat' dir='ltr'>et</span> <span class='ocrx_word' id='word_1_648' title='bbox 2823 3682 2895 3736; x_wconf 88' lang='lat' dir='ltr'>ab</span> <span class='ocrx_word' id='word_1_649' title='bbox 2926 3681 3035 3736; x_wconf 88' lang='lat' dir='ltr'>hac</span> <span class='ocrx_word' id='word_1_650' title='bbox 3084 3680 3359 3737; x_wconf 87' lang='lat' dir='ltr'>servitute</span> <span class='ocrx_word' id='word_1_651' title='bbox 3411 3680 3562 3737; x_wconf 88' lang='lat' dir='ltr'>libe-</span> 
     </span>
    </p>
   </div>
   <div class='ocr_carea' id='block_1_86' title="bbox 1912 3769 3560 3842">
    <p class='ocr_par' dir='ltr' id='par_1_86' title="bbox 1912 3769 3560 3842">
     <span class='ocr_line' id='line_1_86' title="bbox 1912 3769 3560 3842; baseline -0.001 -15"><span class='ocrx_word' id='word_1_652' title='bbox 1912 3776 2220 3837; x_wconf 86' lang='lat' dir='ltr'>rabuntur,</span> <span class='ocrx_word' id='word_1_653' title='bbox 2256 3772 2408 3827; x_wconf 91' lang='lat' dir='ltr'>sicut</span> <span class='ocrx_word' id='word_1_654' title='bbox 2438 3789 2564 3837; x_wconf 79' lang='lat' dir='ltr'>nos,</span> <span class='ocrx_word' id='word_1_655' title='bbox 2585 3770 2683 3841; x_wconf 90' lang='lat' dir='ltr'>qui</span> <span class='ocrx_word' id='word_1_656' title='bbox 2706 3771 2834 3842; x_wconf 89' lang='lat' dir='ltr'>jam</span> <span class='ocrx_word' id='word_1_657' title='bbox 2856 3769 2960 3824; x_wconf 75' lang='lat' dir='ltr'>filii</span> <span class='ocrx_word' id='word_1_658' title='bbox 2985 3769 3086 3826; x_wconf 89' lang='lat' dir='ltr'>Dei</span> <span class='ocrx_word' id='word_1_659' title='bbox 3117 3786 3560 3842; x_wconf 87' lang='lat' dir='ltr'>sumus,quam-</span> 
     </span>
    </p>
   </div>
   <div class='ocr_carea' id='block_1_87' title="bbox 1910 3859 3104 3933">
    <p class='ocr_par' dir='ltr' id='par_1_87' title="bbox 1910 3859 3104 3933">
     <span class='ocr_line' id='line_1_87' title="bbox 1910 3859 3104 3933; baseline -0.003 -15"><span class='ocrx_word' id='word_1_660' title='bbox 1910 3863 1997 3918; x_wconf 90' lang='lat' dir='ltr'>vis</span> <span class='ocrx_word' id='word_1_661' title='bbox 2030 3862 2287 3916; x_wconf 91' lang='lat' dir='ltr'>nondum</span> <span class='ocrx_word' id='word_1_662' title='bbox 2323 3861 2657 3933; x_wconf 89' lang='lat' dir='ltr'>apparuerit</span> <span class='ocrx_word' id='word_1_663' title='bbox 2688 3860 2832 3932; x_wconf 88' lang='lat' dir='ltr'>quid</span> <span class='ocrx_word' id='word_1_664' title='bbox 2863 3859 3104 3915; x_wconf 83' lang='lat' dir='ltr'>erimus.</span> 
     </span>
    </p>
   </div>
   <div class='ocr_carea' id='block_1_88' title="bbox 1983 3948 3562 4019">
    <p class='ocr_par' dir='ltr' id='par_1_88' title="bbox 1983 3948 3562 4019">
     <span class='ocr_line' id='line_1_88' title="bbox 1983 3948 3562 4019; baseline -0.001 -14"><span class='ocrx_word' id='word_1_665' title='bbox 1983 3954 2105 4016; x_wconf 90' lang='lat' dir='ltr'>Quo</span> <span class='ocrx_word' id='word_1_666' title='bbox 2136 3954 2328 4006; x_wconf 86' lang='lat' dir='ltr'>autem</span> <span class='ocrx_word' id='word_1_667' title='bbox 2364 3950 2592 4005; x_wconf 86' lang='lat' dir='ltr'>liberati</span> <span class='ocrx_word' id='word_1_668' title='bbox 2624 3950 3003 4004; x_wconf 81' lang='lat' dir='ltr'>transibunt?</span> <span class='ocrx_word' id='word_1_669' title='bbox 3032 3952 3095 4004; x_wconf 84' lang='lat' dir='ltr'>In</span> <span class='ocrx_word' id='word_1_670' title='bbox 3124 3950 3454 4019; x_wconf 84' lang='lat' dir='ltr'>libertatem,</span> <span class='ocrx_word' id='word_1_671' title='bbox 3474 3948 3562 4004; x_wconf 90' lang='lat' dir='ltr'>in-</span> 
     </span>
    </p>
   </div>
   <div class='ocr_carea' id='block_1_89' title="bbox 1913 4036 3559 4111">
    <p class='ocr_par' dir='ltr' id='par_1_89' title="bbox 1913 4036 3559 4111">
     <span class='ocr_line' id='line_1_89' title="bbox 1913 4036 3559 4111; baseline -0.001 -17"><span class='ocrx_word' id='word_1_672' title='bbox 1913 4040 2065 4111; x_wconf 91' lang='lat' dir='ltr'>quit,</span> <span class='ocrx_word' id='word_1_673' title='bbox 2087 4040 2285 4107; x_wconf 71' lang='lat' dir='ltr'>gloria:</span> <span class='ocrx_word' id='word_1_674' title='bbox 2314 4038 2561 4106; x_wconf 82' lang='lat' dir='ltr'>ﬁliorum</span> <span class='ocrx_word' id='word_1_675' title='bbox 2588 4038 2707 4091; x_wconf 88' lang='lat' dir='ltr'>Dei.</span> <span class='ocrx_word' id='word_1_676' title='bbox 2742 4037 2811 4090; x_wconf 86' lang='lat' dir='ltr'>Et</span> <span class='ocrx_word' id='word_1_677' title='bbox 2840 4041 2930 4091; x_wconf 87' lang='lat' dir='ltr'>est</span> <span class='ocrx_word' id='word_1_678' title='bbox 2960 4053 3203 4092; x_wconf 89' lang='lat' dir='ltr'>sensus:</span> <span class='ocrx_word' id='word_1_679' title='bbox 3237 4036 3349 4108; x_wconf 88' lang='lat' dir='ltr'>ipsi</span> <span class='ocrx_word' id='word_1_680' title='bbox 3380 4037 3559 4092; x_wconf 87' lang='lat' dir='ltr'>etiam</span> 
     </span>
    </p>
   </div>
   <div class='ocr_carea' id='block_1_90' title="bbox 1912 4123 3562 4195">
    <p class='ocr_par' dir='ltr' id='par_1_90' title="bbox 1912 4123 3562 4195">
     <span class='ocr_line' id='line_1_90' title="bbox 1912 4123 3562 4195; baseline -0.001 -13"><span class='ocrx_word' id='word_1_681' title='bbox 1912 4145 1980 4183; x_wconf 84' lang='lat' dir='ltr'>ex</span> <span class='ocrx_word' id='word_1_682' title='bbox 2011 4127 2192 4181; x_wconf 80' lang='lat' dir='ltr'>servis</span> <span class='ocrx_word' id='word_1_683' title='bbox 2250 4125 2439 4194; x_wconf 91' lang='lat' dir='ltr'>liberi,</span> <span class='ocrx_word' id='word_1_684' title='bbox 2472 4141 2541 4179; x_wconf 80' lang='lat' dir='ltr'>ex</span> <span class='ocrx_word' id='word_1_685' title='bbox 2580 4123 2827 4178; x_wconf 88' lang='lat' dir='ltr'>mortuis</span> <span class='ocrx_word' id='word_1_686' title='bbox 2859 4128 3031 4178; x_wconf 89' lang='lat' dir='ltr'>erunt</span> <span class='ocrx_word' id='word_1_687' title='bbox 3084 4124 3323 4195; x_wconf 88' lang='lat' dir='ltr'>gloriosi</span> <span class='ocrx_word' id='word_1_688' title='bbox 3354 4125 3412 4178; x_wconf 91' lang='lat' dir='ltr'>in</span> <span class='ocrx_word' id='word_1_689' title='bbox 3444 4124 3562 4181; x_wconf 82' lang='lat' dir='ltr'>vita</span> 
     </span>
    </p>
   </div>
   <div class='ocr_carea' id='block_1_91' title="bbox 1913 4211 2977 4285">
    <p class='ocr_par' dir='ltr' id='par_1_91' title="bbox 1913 4211 2977 4285">
     <span class='ocr_line' id='line_1_91' title="bbox 1913 4211 2977 4285; baseline -0.007 -13"><span class='ocrx_word' id='word_1_690' title='bbox 1913 4221 2148 4281; x_wconf 62' lang='lat' dir='ltr'>aeterna,</span> <span class='ocrx_word' id='word_1_691' title='bbox 2184 4230 2360 4285; x_wconf 91' lang='lat' dir='ltr'>quam</span> <span class='ocrx_word' id='word_1_692' title='bbox 2395 4214 2695 4268; x_wconf 88' lang='lat' dir='ltr'>habebunt</span> <span class='ocrx_word' id='word_1_693' title='bbox 2724 4211 2826 4265; x_wconf 82' lang='lat' dir='ltr'>ﬁlii</span> <span class='ocrx_word' id='word_1_694' title='bbox 2857 4211 2977 4265; x_wconf 92' lang='lat' dir='ltr'>Dei.</span> 
     </span>
    </p>
   </div>
   <div class='ocr_carea' id='block_1_92' title="bbox 1982 4299 3559 4373">
    <p class='ocr_par' dir='ltr' id='par_1_92' title="bbox 1982 4299 3559 4373">
     <span class='ocr_line' id='line_1_92' title="bbox 1982 4299 3559 4373; baseline -0.001 -15"><span class='ocrx_word' id='word_1_695' title='bbox 1982 4306 2199 4359; x_wconf 85' lang='lat' dir='ltr'>Scimus</span> <span class='ocrx_word' id='word_1_696' title='bbox 2228 4306 2379 4358; x_wconf 85' lang='lat' dir='ltr'>enim</span> <span class='ocrx_word' id='word_1_697' title='bbox 2404 4302 2543 4373; x_wconf 88' lang='lat' dir='ltr'>quod</span> <span class='ocrx_word' id='word_1_698' title='bbox 2588 4303 2767 4357; x_wconf 81' lang='lat' dir='ltr'>omnis</span> <span class='ocrx_word' id='word_1_699' title='bbox 2811 4310 3085 4366; x_wconf 80' lang='lat' dir='ltr'>creatura,</span> <span class='ocrx_word' id='word_1_700' title='bbox 3132 4305 3240 4355; x_wconf 90' lang='lat' dir='ltr'>etc.</span> <span class='ocrx_word' id='word_1_701' title='bbox 3274 4299 3559 4371; x_wconf 88' lang='lat' dir='ltr'>Superius</span> 
     </span>
    </p>
   </div>
   <div class='ocr_carea' id='block_1_93' title="bbox 1915 4388 3565 4460">
    <p class='ocr_par' dir='ltr' id='par_1_93' title="bbox 1915 4388 3565 4460">
     <span class='ocr_line' id='line_1_93' title="bbox 1915 4388 3565 4460; baseline -0.002 -11"><span class='ocrx_word' id='word_1_702' title='bbox 1915 4394 1997 4449; x_wconf 89' lang='lat' dir='ltr'>ait</span> <span class='ocrx_word' id='word_1_703' title='bbox 2023 4396 2276 4459; x_wconf 68' lang='lat' dir='ltr'>aestimo;</span> <span class='ocrx_word' id='word_1_704' title='bbox 2309 4409 2462 4447; x_wconf 90' lang='lat' dir='ltr'>nunc</span> <span class='ocrx_word' id='word_1_705' title='bbox 2492 4396 2687 4447; x_wconf 90' lang='lat' dir='ltr'>autem</span> <span class='ocrx_word' id='word_1_706' title='bbox 2717 4392 2937 4445; x_wconf 85' lang='lat' dir='ltr'>scimus.</span> <span class='ocrx_word' id='word_1_707' title='bbox 2971 4388 3135 4444; x_wconf 89' lang='lat' dir='ltr'>Sicut</span> <span class='ocrx_word' id='word_1_708' title='bbox 3180 4403 3316 4460; x_wconf 88' lang='lat' dir='ltr'>ergo</span> <span class='ocrx_word' id='word_1_709' title='bbox 3364 4388 3473 4443; x_wconf 88' lang='lat' dir='ltr'>hoc</span> <span class='ocrx_word' id='word_1_710' title='bbox 3503 4394 3565 4446; x_wconf 88' lang='lat' dir='ltr'>et</span> 
     </span>
    </p>
   </div>
   <div class='ocr_carea' id='block_1_94' title="bbox 1915 4477 3565 4550">
    <p class='ocr_par' dir='ltr' id='par_1_94' title="bbox 1915 4477 3565 4550">
     <span class='ocr_line' id='line_1_94' title="bbox 1915 4477 3565 4550; baseline -0.002 -12"><span class='ocrx_word' id='word_1_711' title='bbox 1915 4483 2059 4538; x_wconf 90' lang='lat' dir='ltr'>illud</span> <span class='ocrx_word' id='word_1_712' title='bbox 2104 4482 2505 4537; x_wconf 79' lang='lat' dir='ltr'>confirmativa</span> <span class='ocrx_word' id='word_1_713' title='bbox 2554 4481 2775 4536; x_wconf 90' lang='lat' dir='ltr'>dictum</span> <span class='ocrx_word' id='word_1_714' title='bbox 2822 4478 3068 4550; x_wconf 87' lang='lat' dir='ltr'>intelligi</span> <span class='ocrx_word' id='word_1_715' title='bbox 3121 4478 3311 4533; x_wconf 87' lang='lat' dir='ltr'>debet.</span> <span class='ocrx_word' id='word_1_716' title='bbox 3355 4477 3565 4536; x_wconf 86' lang='lat' dir='ltr'>Omnis</span> 
     </span>
    </p>
   </div>
   <div class='ocr_carea' id='block_1_95' title="bbox 131 4567 3569 4652">
    <p class='ocr_par' dir='ltr' id='par_1_95' title="bbox 131 4567 3569 4652">
     <span class='ocr_line' id='line_1_95' title="bbox 131 4567 3569 4652; baseline 0.001 -31"><span class='ocrx_word' id='word_1_717' title='bbox 131 4567 226 4623; x_wconf 90' lang='lat' dir='ltr'>ille</span> <span class='ocrx_word' id='word_1_718' title='bbox 260 4586 485 4625; x_wconf 87' lang='lat' dir='ltr'>sensus</span> <span class='ocrx_word' id='word_1_719' title='bbox 518 4574 616 4624; x_wconf 91' lang='lat' dir='ltr'>est</span> <span class='ocrx_word' id='word_1_720' title='bbox 643 4567 1053 4638; x_wconf 88' lang='lat' dir='ltr'>requirendus,</span> <span class='ocrx_word' id='word_1_721' title='bbox 1081 4569 1179 4640; x_wconf 90' lang='lat' dir='ltr'>qui</span> <span class='ocrx_word' id='word_1_722' title='bbox 1214 4570 1509 4625; x_wconf 66' lang='lat' dir='ltr'>catholicae</span> <span class='ocrx_word' id='word_1_723' title='bbox 1540 4571 1805 4627; x_wconf 80' lang='lat' dir='ltr'>ﬁdeinon</span> <span class='ocrx_word' id='word_1_724' title='bbox 1840 4588 1883 4652; x_wconf 82' lang='lat' dir='ltr'><strong>D</strong></span> <span class='ocrx_word' id='word_1_725' title='bbox 1917 4577 2111 4627; x_wconf 89' lang='lat' dir='ltr'>autem</span> <span class='ocrx_word' id='word_1_726' title='bbox 2166 4575 2449 4639; x_wconf 89' lang='lat' dir='ltr'>creatura,</span> <span class='ocrx_word' id='word_1_727' title='bbox 2478 4575 2542 4625; x_wconf 89' lang='lat' dir='ltr'>ut</span> <span class='ocrx_word' id='word_1_728' title='bbox 2570 4570 2792 4625; x_wconf 89' lang='lat' dir='ltr'>dictum</span> <span class='ocrx_word' id='word_1_729' title='bbox 2824 4568 3008 4639; x_wconf 88' lang='lat' dir='ltr'>est,in</span> <span class='ocrx_word' id='word_1_730' title='bbox 3032 4568 3267 4623; x_wconf 89' lang='lat' dir='ltr'>homine</span> <span class='ocrx_word' id='word_1_731' title='bbox 3297 4584 3569 4624; x_wconf 88' lang='lat' dir='ltr'>numera-</span> 
     </span>
    </p>
   </div>
   <div class='ocr_carea' id='block_1_96' title="bbox 133 4655 1810 4732">
    <p class='ocr_par' dir='ltr' id='par_1_96' title="bbox 133 4655 1810 4732">
     <span class='ocr_line' id='line_1_96' title="bbox 133 4655 1810 4732; baseline 0.002 -21"><span class='ocrx_word' id='word_1_732' title='bbox 133 4657 303 4729; x_wconf 89' lang='lat' dir='ltr'>obsit,</span> <span class='ocrx_word' id='word_1_733' title='bbox 339 4662 401 4713; x_wconf 88' lang='lat' dir='ltr'>et</span> <span class='ocrx_word' id='word_1_734' title='bbox 436 4656 743 4712; x_wconf 87' lang='lat' dir='ltr'>unitatem</span> <span class='ocrx_word' id='word_1_735' title='bbox 777 4655 1042 4712; x_wconf 67' lang='lat' dir='ltr'>Ecclesiae</span> <span class='ocrx_word' id='word_1_736' title='bbox 1074 4675 1190 4713; x_wconf 93' lang='lat' dir='ltr'>non</span> <span class='ocrx_word' id='word_1_737' title='bbox 1223 4659 1474 4713; x_wconf 88' lang='lat' dir='ltr'>scindat.</span> <span class='ocrx_word' id='word_1_738' title='bbox 1509 4662 1810 4732; x_wconf 88' lang='lat' dir='ltr'>Quaprop-</span> 
     </span>
    </p>
   </div>
   <div class='ocr_carea' id='block_1_97' title="bbox 132 4744 1814 4820">
    <p class='ocr_par' dir='ltr' id='par_1_97' title="bbox 132 4744 1814 4820">
     <span class='ocr_line' id='line_1_97' title="bbox 132 4744 1814 4820; baseline 0.002 -20"><span class='ocrx_word' id='word_1_739' title='bbox 132 4750 218 4801; x_wconf 88' lang='lat' dir='ltr'>ter</span> <span class='ocrx_word' id='word_1_740' title='bbox 246 4749 581 4803; x_wconf 88' lang='lat' dir='ltr'>sciendum</span> <span class='ocrx_word' id='word_1_741' title='bbox 618 4744 757 4816; x_wconf 89' lang='lat' dir='ltr'>quia</span> <span class='ocrx_word' id='word_1_742' title='bbox 808 4746 1015 4801; x_wconf 87' lang='lat' dir='ltr'>beatus</span> <span class='ocrx_word' id='word_1_743' title='bbox 1045 4748 1412 4818; x_wconf 86' lang='lat' dir='ltr'>Augustinus</span> <span class='ocrx_word' id='word_1_744' title='bbox 1444 4748 1591 4803; x_wconf 89' lang='lat' dir='ltr'>hanc</span> <span class='ocrx_word' id='word_1_745' title='bbox 1623 4766 1814 4820; x_wconf 66' lang='lat' dir='ltr'>queas-</span> 
     </span>
    </p>
   </div>
   <div class='ocr_carea' id='block_1_98' title="bbox 132 4833 1815 4908">
    <p class='ocr_par' dir='ltr' id='par_1_98' title="bbox 132 4833 1815 4908">
     <span class='ocr_line' id='line_1_98' title="bbox 132 4833 1815 4908; baseline 0.002 -19"><span class='ocrx_word' id='word_1_746' title='bbox 132 4836 351 4893; x_wconf 88' lang='lat' dir='ltr'>tionem</span> <span class='ocrx_word' id='word_1_747' title='bbox 389 4833 875 4907; x_wconf 78' lang='lat' dir='ltr'>profundissime</span> <span class='ocrx_word' id='word_1_748' title='bbox 898 4834 1269 4908; x_wconf 88' lang='lat' dir='ltr'>investigavit</span> <span class='ocrx_word' id='word_1_749' title='bbox 1291 4841 1351 4891; x_wconf 89' lang='lat' dir='ltr'>et</span> <span class='ocrx_word' id='word_1_750' title='bbox 1388 4838 1679 4893; x_wconf 88' lang='lat' dir='ltr'>enodavit.</span> <span class='ocrx_word' id='word_1_751' title='bbox 1714 4839 1815 4893; x_wconf 86' lang='lat' dir='ltr'>Di-</span> 
     </span>
    </p>
   </div>
   <div class='ocr_carea' id='block_1_99' title="bbox 134 4924 1816 4997">
    <p class='ocr_par' dir='ltr' id='par_1_99' title="bbox 134 4924 1816 4997">
     <span class='ocr_line' id='line_1_99' title="bbox 134 4924 1816 4997; baseline 0.002 -18"><span class='ocrx_word' id='word_1_752' title='bbox 134 4926 210 4980; x_wconf 90' lang='lat' dir='ltr'>cit</span> <span class='ocrx_word' id='word_1_753' title='bbox 239 4928 403 4982; x_wconf 88' lang='lat' dir='ltr'>enim</span> <span class='ocrx_word' id='word_1_754' title='bbox 440 4942 556 4997; x_wconf 88' lang='lat' dir='ltr'>per</span> <span class='ocrx_word' id='word_1_755' title='bbox 590 4928 923 4977; x_wconf 89' lang='lat' dir='ltr'>creaturam</span> <span class='ocrx_word' id='word_1_756' title='bbox 956 4924 1258 4980; x_wconf 88' lang='lat' dir='ltr'>hominem</span> <span class='ocrx_word' id='word_1_757' title='bbox 1312 4926 1671 4997; x_wconf 82' lang='lat' dir='ltr'>signiﬁcari;</span> <span class='ocrx_word' id='word_1_758' title='bbox 1714 4944 1816 4983; x_wconf 91' lang='lat' dir='ltr'>nec</span> 
     </span>
    </p>
   </div>
   <div class='ocr_carea' id='block_1_100' title="bbox 135 5012 1817 5086">
    <p class='ocr_par' dir='ltr' id='par_1_100' title="bbox 135 5012 1817 5086">
     <span class='ocr_line' id='line_1_100' title="bbox 135 5012 1817 5086; baseline 0.002 -19"><span class='ocrx_word' id='word_1_759' title='bbox 135 5014 325 5069; x_wconf 90' lang='lat' dir='ltr'>solum</span> <span class='ocrx_word' id='word_1_760' title='bbox 350 5032 465 5086; x_wconf 89' lang='lat' dir='ltr'>per</span> <span class='ocrx_word' id='word_1_761' title='bbox 487 5012 962 5081; x_wconf 87' lang='lat' dir='ltr'>creaturam,sed</span> <span class='ocrx_word' id='word_1_762' title='bbox 989 5013 1163 5067; x_wconf 84' lang='lat' dir='ltr'>etiam</span> <span class='ocrx_word' id='word_1_763' title='bbox 1191 5032 1291 5084; x_wconf 86' lang='lat' dir='ltr'>per</span> <span class='ocrx_word' id='word_1_764' title='bbox 1312 5033 1544 5070; x_wconf 88' lang='lat' dir='ltr'>omnem</span> <span class='ocrx_word' id='word_1_765' title='bbox 1588 5021 1817 5071; x_wconf 87' lang='lat' dir='ltr'>creatu-</span> 
     </span>
    </p>
   </div>
   <div class='ocr_carea' id='block_1_101' title="bbox 136 5100 1819 5173">
    <p class='ocr_par' dir='ltr' id='par_1_101' title="bbox 136 5100 1819 5173">
     <span class='ocr_line' id='line_1_101' title="bbox 136 5100 1819 5173; baseline 0.001 -16"><span class='ocrx_word' id='word_1_766' title='bbox 136 5105 485 5173; x_wconf 87' lang='lat' dir='ltr'>ram;unde</span> <span class='ocrx_word' id='word_1_767' title='bbox 511 5100 812 5157; x_wconf 89' lang='lat' dir='ltr'>Dominus</span> <span class='ocrx_word' id='word_1_768' title='bbox 836 5100 891 5154; x_wconf 92' lang='lat' dir='ltr'>in</span> <span class='ocrx_word' id='word_1_769' title='bbox 916 5102 1256 5173; x_wconf 79' lang='lat' dir='ltr'>Evangelia:</span> <span class='ocrx_word' id='word_1_770' title='bbox 1302 5106 1500 5159; x_wconf 85' lang='lat' dir='ltr'>Euntes</span> <span class='ocrx_word' id='word_1_771' title='bbox 1560 5107 1617 5159; x_wconf 88' lang='lat' dir='ltr'>in</span> <span class='ocrx_word' id='word_1_772' title='bbox 1662 5122 1819 5159; x_wconf 84' lang='lat' dir='ltr'>mun-</span> 
     </span>
    </p>
   </div>
   <div class='ocr_carea' id='block_1_102' title="bbox 136 5189 1818 5262">
    <p class='ocr_par' dir='ltr' id='par_1_102' title="bbox 136 5189 1818 5262">
     <span class='ocr_line' id='line_1_102' title="bbox 136 5189 1818 5262; baseline 0.002 -17"><span class='ocrx_word' id='word_1_773' title='bbox 136 5192 265 5247; x_wconf 89' lang='lat' dir='ltr'>dum</span> <span class='ocrx_word' id='word_1_774' title='bbox 298 5196 668 5259; x_wconf 86' lang='lat' dir='ltr'>universum,</span> <span class='ocrx_word' id='word_1_775' title='bbox 700 5189 996 5258; x_wconf 66' lang='lat' dir='ltr'>prwdicate</span> <span class='ocrx_word' id='word_1_776' title='bbox 1026 5192 1378 5262; x_wconf 71' lang='lat' dir='ltr'>Evaugelium</span> <span class='ocrx_word' id='word_1_777' title='bbox 1419 5195 1574 5247; x_wconf 83' lang='lat' dir='ltr'>omni</span> <span class='ocrx_word' id='word_1_778' title='bbox 1602 5198 1818 5248; x_wconf 87' lang='lat' dir='ltr'>creatu-</span> 
     </span>
    </p>
   </div>
   <div class='ocr_carea' id='block_1_103' title="bbox 139 5278 1817 5355">
    <p class='ocr_par' dir='ltr' id='par_1_103' title="bbox 139 5278 1817 5355">
     <span class='ocr_line' id='line_1_103' title="bbox 139 5278 1817 5355; baseline 0.001 -20"><span class='ocrx_word' id='word_1_779' title='bbox 139 5298 218 5339; x_wconf 68' lang='lat' dir='ltr'>ra:</span> <span class='ocrx_word' id='word_1_780' title='bbox 249 5283 441 5355; x_wconf 77' lang='lat' dir='ltr'>(Marc.</span> <span class='ocrx_word' id='word_1_781' title='bbox 481 5297 610 5350; x_wconf 80' lang='lat' dir='ltr'><strong>XVI,</strong></span> <span class='ocrx_word' id='word_1_782' title='bbox 652 5278 763 5348; x_wconf 82' lang='grc'>15.)</span> <span class='ocrx_word' id='word_1_783' title='bbox 824 5278 891 5331; x_wconf 87' lang='lat' dir='ltr'>Et</span> <span class='ocrx_word' id='word_1_784' title='bbox 943 5279 1095 5334; x_wconf 79' lang='lat' dir='ltr'>idem</span> <span class='ocrx_word' id='word_1_785' title='bbox 1146 5282 1495 5353; x_wconf 85' lang='lat' dir='ltr'>Apostolus:</span> <span class='ocrx_word' id='word_1_786' title='bbox 1533 5284 1669 5337; x_wconf 83' lang='lat' dir='ltr'>Cum</span> <span class='ocrx_word' id='word_1_787' title='bbox 1707 5286 1817 5354; x_wconf 82' lang='lat' dir='ltr'>cui,</span> 
     </span>
    </p>
   </div>
   <div class='ocr_carea' id='block_1_104' title="bbox 138 5369 1822 5443">
    <p class='ocr_par' dir='ltr' id='par_1_104' title="bbox 138 5369 1822 5443">
     <span class='ocr_line' id='line_1_104' title="bbox 138 5369 1822 5443; baseline 0.002 -19"><span class='ocrx_word' id='word_1_788' title='bbox 138 5372 454 5427; x_wconf 84' lang='lat' dir='ltr'>credidistis</span> <span class='ocrx_word' id='word_1_789' title='bbox 488 5371 556 5425; x_wconf 87' lang='lat' dir='ltr'>in</span> <span class='ocrx_word' id='word_1_790' title='bbox 590 5369 860 5422; x_wconf 82' lang='lat' dir='ltr'>universa</span> <span class='ocrx_word' id='word_1_791' title='bbox 912 5373 1185 5435; x_wconf 85' lang='lat' dir='ltr'>creatura,</span> <span class='ocrx_word' id='word_1_792' title='bbox 1243 5388 1369 5443; x_wconf 54' lang='lat' dir='ltr'>qum</span> <span class='ocrx_word' id='word_1_793' title='bbox 1424 5373 1525 5426; x_wconf 87' lang='lat' dir='ltr'>sub</span> <span class='ocrx_word' id='word_1_794' title='bbox 1583 5372 1715 5426; x_wconf 67' lang='lat' dir='ltr'>cwlo</span> <span class='ocrx_word' id='word_1_795' title='bbox 1744 5381 1822 5427; x_wconf 88' lang='lat' dir='ltr'>est</span> 
     </span>
    </p>
   </div>
   <div class='ocr_carea' id='block_1_105' title="bbox 211 5492 1250 5568">
    <p class='ocr_par' dir='ltr' id='par_1_105' title="bbox 211 5492 1250 5568">
     <span class='ocr_line' id='line_1_105' title="bbox 211 5492 1250 5568; baseline -0.002 -17"><span class='ocrx_word' id='word_1_796' title='bbox 211 5499 368 5568; x_wconf 80' lang='lat'>(287)</span> <span class='ocrx_word' id='word_1_797' title='bbox 400 5495 594 5567; x_wconf 89' lang='lat' dir='ltr'>Vulg.</span> <span class='ocrx_word' id='word_1_798' title='bbox 634 5492 868 5561; x_wconf 83' lang='lat' dir='ltr'>subjecit</span> <span class='ocrx_word' id='word_1_799' title='bbox 896 5495 1113 5568; x_wconf 84' lang='lat' dir='ltr'>eam_in</span> <span class='ocrx_word' id='word_1_800' title='bbox 1132 5512 1250 5568; x_wconf 81' lang='lat' dir='ltr'>spe.</span> 
     </span>
    </p>
   </div>
   <div class='ocr_carea' id='block_1_106' title="bbox 211 5564 1550 5638">
    <p class='ocr_par' dir='ltr' id='par_1_106' title="bbox 211 5564 1550 5638">
     <span class='ocr_line' id='line_1_106' title="bbox 211 5564 1550 5638; baseline -0.001 -14"><span class='ocrx_word' id='word_1_801' title='bbox 211 5564 365 5637; x_wconf 78' lang='lat'>(288)</span> <span class='ocrx_word' id='word_1_802' title='bbox 400 5569 467 5624; x_wconf 90' lang='lat' dir='ltr'>In</span> <span class='ocrx_word' id='word_1_803' title='bbox 507 5564 738 5633; x_wconf 63' lang='lat' dir='ltr'>Kutog.</span> <span class='ocrx_word' id='word_1_804' title='bbox 777 5578 1003 5634; x_wconf 88' lang='lat' dir='ltr'>semper</span> <span class='ocrx_word' id='word_1_805' title='bbox 1031 5564 1244 5638; x_wconf 81' lang='lat' dir='ltr'>legitur</span> <span class='ocrx_word' id='word_1_806' title='bbox 1278 5569 1550 5638; x_wconf 80' lang='lat' dir='ltr'>Origem&#39;s.</span> 
     </span>
    </p>
   </div>
   <div class='ocr_carea' id='block_1_107' title="bbox 213 5641 1162 5717">
    <p class='ocr_par' dir='ltr' id='par_1_107' title="bbox 213 5641 1162 5717">
     <span class='ocr_line' id='line_1_107' title="bbox 213 5641 1162 5717; baseline -0.004 -19"><span class='ocrx_word' id='word_1_807' title='bbox 213 5642 369 5717; x_wconf 78' lang='lat'>(289)</span> <span class='ocrx_word' id='word_1_808' title='bbox 404 5641 725 5709; x_wconf 81' lang='lat' dir='ltr'>Fortasse,</span> <span class='ocrx_word' id='word_1_809' title='bbox 756 5649 855 5707; x_wconf 82' lang='lat' dir='ltr'>pro</span> <span class='ocrx_word' id='word_1_810' title='bbox 887 5641 1162 5695; x_wconf 85' lang='lat' dir='ltr'>creatura.</span> 
     </span>
    </p>
   </div>
   <div class='ocr_carea' id='block_1_108' title="bbox 1922 4656 3567 4730">
    <p class='ocr_par' dir='ltr' id='par_1_108' title="bbox 1922 4656 3567 4730">
     <span class='ocr_line' id='line_1_108' title="bbox 1922 4656 3567 4730; baseline -0.002 -15"><span class='ocrx_word' id='word_1_811' title='bbox 1922 4666 2035 4715; x_wconf 89' lang='lat' dir='ltr'>tur.</span> <span class='ocrx_word' id='word_1_812' title='bbox 2068 4661 2405 4729; x_wconf 83' lang='lat' dir='ltr'>Ingemiscit,</span> <span class='ocrx_word' id='word_1_813' title='bbox 2466 4664 2519 4715; x_wconf 89' lang='lat' dir='ltr'>et</span> <span class='ocrx_word' id='word_1_814' title='bbox 2560 4660 2803 4730; x_wconf 85' lang='lat' dir='ltr'>parturit</span> <span class='ocrx_word' id='word_1_815' title='bbox 2842 4673 3009 4729; x_wconf 86' lang='lat' dir='ltr'>usque</span> <span class='ocrx_word' id='word_1_816' title='bbox 3038 4656 3218 4712; x_wconf 86' lang='lat' dir='ltr'>adhuc</span> <span class='ocrx_word' id='word_1_817' title='bbox 3246 4673 3265 4717; x_wconf 89' lang='lat'><strong><em>;</em></strong></span> <span class='ocrx_word' id='word_1_818' title='bbox 3298 4656 3567 4728; x_wconf 67' lang='lat' dir='ltr'>quaedam</span> 
     </span>
    </p>
   </div>
   <div class='ocr_carea' id='block_1_109' title="bbox 1924 4746 3569 4819">
    <p class='ocr_par' dir='ltr' id='par_1_109' title="bbox 1924 4746 3569 4819">
     <span class='ocr_line' id='line_1_109' title="bbox 1924 4746 3569 4819; baseline -0.001 -16"><span class='ocrx_word' id='word_1_819' title='bbox 1924 4747 2277 4819; x_wconf 80' lang='lat' dir='ltr'>exemplaria</span> <span class='ocrx_word' id='word_1_820' title='bbox 2308 4748 2525 4803; x_wconf 87' lang='lat' dir='ltr'>habent</span> <span class='ocrx_word' id='word_1_821' title='bbox 2553 4749 2941 4817; x_wconf 84' lang='lat' dir='ltr'>ingemiscit,et</span> <span class='ocrx_word' id='word_1_822' title='bbox 2971 4746 3131 4801; x_wconf 85' lang='lat' dir='ltr'>dolet.</span> <span class='ocrx_word' id='word_1_823' title='bbox 3153 4746 3248 4801; x_wconf 87' lang='lat' dir='ltr'>Sic</span> <span class='ocrx_word' id='word_1_824' title='bbox 3277 4762 3414 4819; x_wconf 87' lang='lat' dir='ltr'>ergo</span> <span class='ocrx_word' id='word_1_825' title='bbox 3443 4746 3569 4802; x_wconf 90' lang='lat' dir='ltr'>dic-</span> 
     </span>
    </p>
   </div>
   <div class='ocr_carea' id='block_1_110' title="bbox 1925 4836 3571 4909">
    <p class='ocr_par' dir='ltr' id='par_1_110' title="bbox 1925 4836 3571 4909">
     <span class='ocr_line' id='line_1_110' title="bbox 1925 4836 3571 4909; baseline -0.001 -17"><span class='ocrx_word' id='word_1_826' title='bbox 1925 4842 2050 4892; x_wconf 90' lang='lat' dir='ltr'>tum</span> <span class='ocrx_word' id='word_1_827' title='bbox 2082 4841 2188 4907; x_wconf 73' lang='lat' dir='ltr'>est,</span> <span class='ocrx_word' id='word_1_828' title='bbox 2222 4838 2387 4908; x_wconf 90' lang='lat' dir='ltr'>quasi</span> <span class='ocrx_word' id='word_1_829' title='bbox 2422 4836 2745 4893; x_wconf 89' lang='lat' dir='ltr'>diceretur:</span> <span class='ocrx_word' id='word_1_830' title='bbox 2780 4836 3133 4908; x_wconf 85' lang='lat' dir='ltr'>ingemiscit,</span> <span class='ocrx_word' id='word_1_831' title='bbox 3157 4840 3213 4891; x_wconf 88' lang='lat' dir='ltr'>et</span> <span class='ocrx_word' id='word_1_832' title='bbox 3238 4836 3406 4907; x_wconf 89' lang='lat' dir='ltr'>quasi</span> <span class='ocrx_word' id='word_1_833' title='bbox 3440 4853 3571 4909; x_wconf 85' lang='lat' dir='ltr'>par-</span> 
     </span>
    </p>
   </div>
   <div class='ocr_carea' id='block_1_111' title="bbox 1928 4925 3570 4997">
    <p class='ocr_par' dir='ltr' id='par_1_111' title="bbox 1928 4925 3570 4997">
     <span class='ocr_line' id='line_1_111' title="bbox 1928 4925 3570 4997; baseline 0.001 -17"><span class='ocrx_word' id='word_1_834' title='bbox 1928 4926 2151 4980; x_wconf 86' lang='lat' dir='ltr'>turiens</span> <span class='ocrx_word' id='word_1_835' title='bbox 2182 4926 2356 4981; x_wconf 88' lang='lat' dir='ltr'>dolet.</span> <span class='ocrx_word' id='word_1_836' title='bbox 2420 4926 2758 4997; x_wconf 86' lang='lat' dir='ltr'>Ingemiscit</span> <span class='ocrx_word' id='word_1_837' title='bbox 2813 4931 3007 4981; x_wconf 89' lang='lat' dir='ltr'>autem</span> <span class='ocrx_word' id='word_1_838' title='bbox 3066 4930 3331 4980; x_wconf 89' lang='lat' dir='ltr'>creatura</span> <span class='ocrx_word' id='word_1_839' title='bbox 3360 4926 3419 4980; x_wconf 91' lang='lat' dir='ltr'>in</span> <span class='ocrx_word' id='word_1_840' title='bbox 3450 4925 3570 4982; x_wconf 88' lang='lat' dir='ltr'>illis</span> 
     </span>
    </p>
   </div>
   <div class='ocr_carea' id='block_1_112' title="bbox 1927 5014 3569 5086">
    <p class='ocr_par' dir='ltr' id='par_1_112' title="bbox 1927 5014 3569 5086">
     <span class='ocr_line' id='line_1_112' title="bbox 1927 5014 3569 5086; baseline 0 -17"><span class='ocrx_word' id='word_1_841' title='bbox 1927 5016 2025 5086; x_wconf 89' lang='lat' dir='ltr'>qui</span> <span class='ocrx_word' id='word_1_842' title='bbox 2059 5016 2322 5069; x_wconf 88' lang='lat' dir='ltr'>nondum</span> <span class='ocrx_word' id='word_1_843' title='bbox 2357 5021 2496 5071; x_wconf 87' lang='lat' dir='ltr'>sunt</span> <span class='ocrx_word' id='word_1_844' title='bbox 2528 5014 2778 5070; x_wconf 85' lang='lat' dir='ltr'>liberati.</span> <span class='ocrx_word' id='word_1_845' title='bbox 2807 5014 3209 5085; x_wconf 88' lang='lat' dir='ltr'>lngemiscunt</span> <span class='ocrx_word' id='word_1_846' title='bbox 3237 5020 3433 5070; x_wconf 89' lang='lat' dir='ltr'>autem</span> <span class='ocrx_word' id='word_1_847' title='bbox 3465 5031 3569 5086; x_wconf 90' lang='lat' dir='ltr'>pro</span> 
     </span>
    </p>
   </div>
   <div class='ocr_carea' id='block_1_113' title="bbox 1926 5102 3573 5174">
    <p class='ocr_par' dir='ltr' id='par_1_113' title="bbox 1926 5102 3573 5174">
     <span class='ocr_line' id='line_1_113' title="bbox 1926 5102 3573 5174; baseline 0 -17"><span class='ocrx_word' id='word_1_848' title='bbox 1926 5102 2103 5158; x_wconf 89' lang='lat' dir='ltr'>variis</span> <span class='ocrx_word' id='word_1_849' title='bbox 2134 5104 2603 5167; x_wconf 75' lang='lat' dir='ltr'>difﬁcultatibus,</span> <span class='ocrx_word' id='word_1_850' title='bbox 2637 5108 2693 5157; x_wconf 92' lang='lat' dir='ltr'>et</span> <span class='ocrx_word' id='word_1_851' title='bbox 2750 5103 3050 5168; x_wconf 66' lang='lat' dir='ltr'>aerumnis,</span> <span class='ocrx_word' id='word_1_852' title='bbox 3084 5120 3232 5173; x_wconf 91' lang='lat' dir='ltr'>quas</span> <span class='ocrx_word' id='word_1_853' title='bbox 3270 5104 3573 5174; x_wconf 88' lang='lat' dir='ltr'>patiuntur</span> 
     </span>
    </p>
   </div>
   <div class='ocr_carea' id='block_1_114' title="bbox 1930 5191 3572 5263">
    <p class='ocr_par' dir='ltr' id='par_1_114' title="bbox 1930 5191 3572 5263">
     <span class='ocr_line' id='line_1_114' title="bbox 1930 5191 3572 5263; baseline 0.001 -17"><span class='ocrx_word' id='word_1_854' title='bbox 1930 5192 1985 5246; x_wconf 91' lang='lat' dir='ltr'>in</span> <span class='ocrx_word' id='word_1_855' title='bbox 2019 5192 2133 5247; x_wconf 86' lang='lat' dir='ltr'>vita</span> <span class='ocrx_word' id='word_1_856' title='bbox 2169 5193 2457 5263; x_wconf 65' lang='lat' dir='ltr'>praesenti.</span> <span class='ocrx_word' id='word_1_857' title='bbox 2496 5193 2560 5245; x_wconf 83' lang='lat' dir='ltr'>Et</span> <span class='ocrx_word' id='word_1_858' title='bbox 2591 5198 2743 5247; x_wconf 88' lang='lat' dir='ltr'>recte</span> <span class='ocrx_word' id='word_1_859' title='bbox 2765 5191 2847 5245; x_wconf 88' lang='lat' dir='ltr'>ait</span> <span class='ocrx_word' id='word_1_860' title='bbox 2876 5208 3043 5262; x_wconf 83' lang='lat' dir='ltr'>usque</span> <span class='ocrx_word' id='word_1_861' title='bbox 3073 5191 3267 5258; x_wconf 79' lang='lat' dir='ltr'>adhuc,</span> <span class='ocrx_word' id='word_1_862' title='bbox 3295 5191 3572 5263; x_wconf 88' lang='lat' dir='ltr'>quoniam</span> 
     </span>
    </p>
   </div>
   <div class='ocr_carea' id='block_1_115' title="bbox 1930 5279 3574 5351">
    <p class='ocr_par' dir='ltr' id='par_1_115' title="bbox 1930 5279 3574 5351">
     <span class='ocr_line' id='line_1_115' title="bbox 1930 5279 3574 5351; baseline 0.001 -16"><span class='ocrx_word' id='word_1_863' title='bbox 1930 5282 2037 5336; x_wconf 89' lang='lat' dir='ltr'>etsi</span> <span class='ocrx_word' id='word_1_864' title='bbox 2064 5285 2204 5335; x_wconf 89' lang='lat' dir='ltr'>sunt</span> <span class='ocrx_word' id='word_1_865' title='bbox 2236 5281 2335 5351; x_wconf 93' lang='lat' dir='ltr'>qui</span> <span class='ocrx_word' id='word_1_866' title='bbox 2359 5281 2485 5349; x_wconf 87' lang='lat' dir='ltr'>jam</span> <span class='ocrx_word' id='word_1_867' title='bbox 2518 5282 2914 5350; x_wconf 88' lang='lat' dir='ltr'>requiescunt,</span> <span class='ocrx_word' id='word_1_868' title='bbox 2946 5279 3117 5334; x_wconf 89' lang='lat' dir='ltr'>multi</span> <span class='ocrx_word' id='word_1_869' title='bbox 3152 5284 3347 5335; x_wconf 90' lang='lat' dir='ltr'>tamen</span> <span class='ocrx_word' id='word_1_870' title='bbox 3381 5280 3574 5337; x_wconf 88' lang='lat' dir='ltr'>adhuc</span> 
     </span>
    </p>
   </div>
   <div class='ocr_carea' id='block_1_116' title="bbox 1930 5367 2991 5439">
    <p class='ocr_par' dir='ltr' id='par_1_116' title="bbox 1930 5367 2991 5439">
     <span class='ocr_line' id='line_1_116' title="bbox 1930 5367 2991 5439; baseline -0.001 -15"><span class='ocrx_word' id='word_1_871' title='bbox 1930 5375 2069 5425; x_wconf 91' lang='lat' dir='ltr'>sunt</span> <span class='ocrx_word' id='word_1_872' title='bbox 2098 5368 2195 5439; x_wconf 91' lang='lat' dir='ltr'>qui</span> <span class='ocrx_word' id='word_1_873' title='bbox 2230 5369 2335 5423; x_wconf 84' lang='lat' dir='ltr'>has</span> <span class='ocrx_word' id='word_1_874' title='bbox 2368 5367 2634 5421; x_wconf 86' lang='lat' dir='ltr'>miserias</span> <span class='ocrx_word' id='word_1_875' title='bbox 2666 5370 2991 5439; x_wconf 85' lang='lat' dir='ltr'>patiuntur.</span> 
     </span>
    </p>
   </div>
   <div class='ocr_carea' id='block_1_117' title="bbox 2000 5490 3580 5564">
    <p class='ocr_par' dir='ltr' id='par_1_117' title="bbox 2000 5490 3580 5564">
     <span class='ocr_line' id='line_1_117' title="bbox 2000 5490 3580 5564; baseline 0.003 -18"><span class='ocrx_word' id='word_1_876' title='bbox 2000 5494 2148 5564; x_wconf 76' lang='lat'>(290)</span> <span class='ocrx_word' id='word_1_877' title='bbox 2182 5492 2266 5545; x_wconf 90' lang='lat' dir='ltr'>En</span> <span class='ocrx_word' id='word_1_878' title='bbox 2298 5490 2636 5564; x_wconf 74' lang='lat' dir='ltr'>przeclaram</span> <span class='ocrx_word' id='word_1_879' title='bbox 2669 5493 3016 5548; x_wconf 86' lang='lat' dir='ltr'>sententiam</span> <span class='ocrx_word' id='word_1_880' title='bbox 3048 5492 3299 5564; x_wconf 83' lang='lat' dir='ltr'>hujusce</span> <span class='ocrx_word' id='word_1_881' title='bbox 3324 5494 3580 5551; x_wconf 87' lang='lat' dir='ltr'>auctoris</span> 
     </span>
    </p>
   </div>
   <div class='ocr_carea' id='block_1_118' title="bbox 1931 5562 3491 5635">
    <p class='ocr_par' dir='ltr' id='par_1_118' title="bbox 1931 5562 3491 5635">
     <span class='ocr_line' id='line_1_118' title="bbox 1931 5562 3491 5635; baseline 0.003 -16"><span class='ocrx_word' id='word_1_882' title='bbox 1931 5562 2192 5635; x_wconf 84' lang='lat' dir='ltr'>dignam,</span> <span class='ocrx_word' id='word_1_883' title='bbox 2225 5568 2281 5617; x_wconf 90' lang='lat' dir='ltr'>et</span> <span class='ocrx_word' id='word_1_884' title='bbox 2313 5562 2672 5635; x_wconf 83' lang='lat' dir='ltr'>temporibus</span> <span class='ocrx_word' id='word_1_885' title='bbox 2703 5564 2829 5620; x_wconf 87' lang='lat' dir='ltr'>suis</span> <span class='ocrx_word' id='word_1_886' title='bbox 2860 5562 3491 5624; x_wconf 86' lang='lat' dir='ltr'>accomodatissimam.</span> 
     </span>
    </p>
   </div>
   <div class='ocr_carea' id='block_1_119' title="bbox 2028 5634 3241 5717">
    <p class='ocr_par' dir='ltr' id='par_1_119' title="bbox 2028 5634 3241 5717">
     <span class='ocr_line' id='line_1_119' title="bbox 2028 5634 3241 5717; baseline 0 -28"><span class='ocrx_word' id='word_1_887' title='bbox 2028 5637 2151 5709; x_wconf 77' lang='lat'>291)</span> <span class='ocrx_word' id='word_1_888' title='bbox 2189 5637 2245 5691; x_wconf 83' lang='lat' dir='ltr'>in</span> <span class='ocrx_word' id='word_1_889' title='bbox 2278 5634 2511 5709; x_wconf 84' lang='lat' dir='ltr'>Autog.,</span> <span class='ocrx_word' id='word_1_890' title='bbox 2543 5634 2668 5692; x_wconf 90' lang='lat' dir='ltr'>loco</span> <span class='ocrx_word' id='word_1_891' title='bbox 2698 5651 2831 5717; x_wconf 74' lang='lat' dir='ltr'>non,</span> <span class='ocrx_word' id='word_1_892' title='bbox 2860 5635 3075 5711; x_wconf 79' lang='lat' dir='ltr'>legitur</span> <span class='ocrx_word' id='word_1_893' title='bbox 3106 5636 3241 5690; x_wconf 84' lang='lat' dir='ltr'>tum.</span> 
     </span>
    </p>
   </div>
  </div>
