3996 6232
453 439 572 499 207

1452 426 1786 488 ATTONIS
1830 426 2412 488 VERCELLENSIS
2458 425 2812 486 EPISCOPI

3736 423 3862 486 208

527 569 647 625 Non
671 566 851 624 solum
869 566 1053 620 autem
1073 561 1192 627 illa,
1215 559 1273 614 id
1295 562 1384 614 est
1433 558 1626 614 omnis
1670 562 1955 621 creatura,
2005 557 2095 613 sed
2121 558 2176 624 Α
2207 557 2375 612 nobis
2397 556 2668 628 sumpsit,
2693 556 3086 625 resurrexit,et
3108 555 3280 610 oculos
3301 555 3674 623 conscendit;
3700 556 3864 610 unde

459 657 608 729 (292)
637 671 735 711 nos
761 656 894 726 ipsi,
917 668 982 708 ac
999 652 1048 708 si
1072 653 1269 721 aperte
1292 646 1509 702 diceret
1533 665 1545 703 :
1565 647 1648 701 illi
1671 664 1909 719 corpore
1938 646 2100 717 inge-

460 747 742 812 miscunt,
765 742 1044 816 quoniam
1065 738 1310 810 spiritus
1331 736 1390 791 in
1412 736 1722 804 eis,anima
1742 735 1920 792 simul
1955 737 2101 807 (293)

457 838 516 891 et
543 850 758 906 corpus
787 829 1084 887 dolet.Nos
1105 830 1324 891 autem,
1356 825 1456 896 qui
1505 826 1765 897 corporis
1805 825 2103 879 molestias

466 920 895 994 superavimus,
927 917 1118 972 carnis
1147 913 1650 985 concupiscentias
1679 913 1946 978 vicimus,
1981 911 2102 967 solo

464 1010 674 1084 spiritu
731 1007 1018 1073 dolemus,
1049 1004 1306 1076 exceptis
1356 1002 1638 1058 molestiis
1670 1013 2001 1072 corporum.
2035 1002 2104 1056 Et

463 1104 530 1154 ut
559 1096 889 1154 ostenderet
918 1094 1020 1166 qui
1066 1093 1206 1161 sint,
1239 1092 1486 1162 adjecit:
1533 1092 1818 1162 primitias
1872 1091 2102 1160 spiritus

456 1187 738 1252 habentes,
772 1184 832 1239 id
858 1188 968 1249 est,
1023 1182 1126 1254 qui
1187 1180 1544 1237 sacriﬁcium
1589 1179 1830 1250 spiritus
1872 1183 2104 1235 nostros

455 1274 572 1331 Deo
604 1272 952 1340 obtulimus,
984 1275 1043 1327 et
1070 1271 1130 1325 in
1161 1269 1376 1341 quibus
1407 1267 1649 1339 spiritus
1680 1268 1814 1338 igne
1854 1267 2104 1323 charita-

454 1363 532 1419 tis
560 1362 794 1418 accensi
824 1366 882 1416 et
913 1357 1325 1431 comprehensi
1354 1361 1514 1422 sunt,
1562 1373 1670 1412 nos
1716 1356 1945 1423 animas,
1977 1372 2104 1427 quae

459 1454 689 1508 mentes
747 1453 984 1505 nostras
1039 1446 1331 1519 primitias
1386 1445 1506 1501 Deo
1564 1445 1924 1500 obtulimus:
1977 1445 2105 1514 jam

461 1540 621 1598 enim
651 1536 1010 1596 sacriﬁcium
1039 1535 1132 1592 sui
1163 1534 1405 1606 spiritus
1422 1535 1537 1590 Deo
1568 1533 1877 1603 obtulerat,
1900 1533 2000 1604 qui
2022 1533 2107 1587 di-

463 1628 670 1685 cebat:
703 1629 892 1684 Mente
916 1626 1097 1682 servio
1130 1624 1239 1696 legi
1267 1625 1410 1686 Dei;
1439 1639 1608 1678 carne
1635 1628 1820 1678 autem
1850 1623 1959 1692 tegi
1981 1637 2105 1693 pec-

458 1718 574 1772 cati
601 1715 774 1788 (Rom.
807 1732 851 1781 ι,
880 1715 977 1783 9);
1035 1714 1213 1769 item:
1276 1713 1380 1768 Cui
1421 1713 1596 1768 servio
1643 1713 1705 1766 in
1749 1713 1947 1782 spiritu
1987 1725 2105 1764 meo

461 1806 638 1877 (Rom.
668 1821 770 1869 vu,
800 1804 915 1874 25).
949 1803 1078 1858 Sive
1135 1803 1262 1857 ideo
1314 1801 1496 1856 dicit:
1549 1801 1838 1855 Primitias
1873 1801 2106 1870 spiritus

463 1895 762 1960 habentes;
819 1891 957 1964 quia
1012 1890 1158 1962 ipsis
1206 1888 1394 1960 primo
1446 1889 1753 1942 mauiteste
1802 1889 1973 1942 datus
2017 1891 2107 1940 est

459 1983 709 2056 Spiritus
740 1984 1001 2038 sanctus.

527 2073 595 2127 Et
623 2072 732 2144 ipsi
759 2072 912 2126 intra
935 2083 1036 2124 nos
1066 2068 1478 2139 ingemiscimus
1497 2083 1516 2126 .'
1538 2066 1595 2121 id
1617 2065 1817 2133 est,illi
1841 2065 2102 2136 quidem,

459 2159 796 2218 exteriusin
817 2174 1081 2231 corpore,
1113 2173 1220 2212 nos
1244 2161 1442 2212 autem
1463 2157 1716 2211 exterius
1747 2159 1958 2226 praeter
1976 2169 2106 2209 cor-

461 2249 763 2323 pus.Unde
783 2253 980 2305 autem
1007 2247 1084 2302 sit
1100 2247 1214 2302 iste
1233 2245 1508 2317 gemitus,
1549 2245 1822 2310 ostendit,
1857 2244 2105 2314 subjun-

458 2354 643 2411 gens:
672 2338 1026 2409 Adoptionem
1075 2335 1319 2406 ﬁliorum
1381 2334 1532 2406 (294)
1591 2337 1978 2404 exspectantes,
2027 2349 2108 2388 re-

460 2426 826 2499 demptionem
852 2425 1093 2496 corporis
1119 2425 1316 2478 nostri.
1349 2423 1459 2478 Sed
1515 2423 1780 2493 nunquid
1833 2438 1944 2477 non
1981 2423 2107 2492 jam

461 2518 592 2573 erat
602 2515 940 2585 redemptus
953 2512 980 2568 ?
991 2511 1269 2584 Nunquid
1283 2528 1397 2567 non
1413 2511 1513 2566 Dei
1537 2510 1616 2565 ﬁli
1627 2527 1694 2566 us
1705 2511 1732 2565 ?
1746 2511 1878 2565 Erat
1900 2510 2071 2582 plane
2091 2526 2104 2564 :

461 2603 746 2678 quoniam
773 2602 892 2669 iam
913 2601 1182 2656 Christus
1201 2617 1307 2672 pro
1329 2616 1396 2655 eo
1418 2600 1767 2670 sanguinem
1813 2615 1987 2654 suum
2013 2599 2107 2652 fu-

463 2693 774 2764 derat,jam
798 2690 1007 2746 laxatis
1019 2690 1079 2745 in
1099 2689 1454 2761 baptismate
1468 2688 1850 2760 peccatis,per
1861 2689 2105 2759 gratiam

462 2781 654 2840 sancti
686 2779 940 2852 Spiritus
970 2778 1032 2833 in
1064 2777 1435 2848 adoptionem
1489 2777 1744 2832 ﬁliorum
1774 2777 2104 2831 transierat.

460 2869 766 2936 Quomodo
787 2883 926 2940 ergo
939 2866 1353 2938 exspectabat?
1365 2865 1766 2937 Scilicet,quia
1787 2865 2107 2936 redemptio

463 2959 612 3028 hac,
643 2963 701 3015 et
729 2956 964 3029 adoptio
1009 2956 1259 3011 necdum
1303 2955 1556 3027 perfecta
1603 2960 1726 3022 est;
1778 2955 2133 3029 perﬁcietur.

467 3054 689 3118 autem,
707 3062 843 3102 cum
866 3044 1112 3100 mortale
1131 3043 1242 3099 hoc
1262 3042 1669 3099 absorbebitur
1699 3044 1756 3098 in
1791 3043 1991 3098 vitam.
2015 3045 2110 3099 Ait

465 3138 664 3210 itaque
689 3152 702 3190 :
724 3135 1084 3206 Adoptionem
1112 3132 1360 3202 ﬁliorum
1388 3131 2109 3204 exspectantes,redemptio-

469 3243 596 3283 nem
623 3225 866 3297 corporis
892 3224 1071 3279 nostri
1087 3239 1109 3284 ;
1138 3237 1205 3277 ac
1226 3221 1275 3277 si
1297 3225 1561 3292 patenter
1589 3220 1838 3276 diceret:
1865 3222 2109 3293 Exspec-

469 3319 683 3383 tantes,
714 3292 782 3369 ut
809 3328 1022 3384 corpus
1074 3310 1422 3366 beneficium
1483 3309 1810 3381 adoptionis
1842 3292 2109 3382 accipiat,
2141 3292 2184 3360 C

468 3420 588 3477 qua
615 3401 801 3459 vocati
833 3417 1041 3456 sumus
1073 3398 1178 3454 ﬁlii
1212 3399 1330 3466 Dei,
1365 3403 1430 3453 ut
1485 3415 1591 3454 nos
1637 3403 1790 3454 totos
1837 3399 2112 3455 liberatos

465 3492 756 3561 ostendat,
788 3494 846 3546 et
873 3506 944 3545 ex
971 3489 1132 3545 omni
1162 3492 1324 3558 parte
1351 3487 1453 3544 Dei
1483 3487 1635 3543 ﬁlios
1666 3487 2019 3543 manifestet.

536 3581 954 3637 Verumtamen
985 3581 1214 3649 poterat
1242 3575 1455 3648 aliquis
1485 3576 1708 3632 dicere:
1743 3577 1788 3631 Ο
1817 3577 2110 3649 Apostole,

470 3669 615 3742 quid
635 3665 864 3740 gemis?
885 3665 1034 3732 Quid
1057 3663 1255 3720 doles?
1269 3664 1416 3729 Quid
1438 3664 1544 3720 tibi
1576 3665 1795 3736 profuit
1816 3665 2113 3721 Christus?

470 3757 770 3825 Quomodo
789 3761 847 3811 te
867 3753 1112 3810 salvavit
1132 3752 1397 3809 Salvator
1416 3753 1631 3823 tuus,si
1663 3753 1857 3808 adhuc
1887 3753 2114 3824 gemis?

473 3845 584 3911 Qui
614 3843 771 3901 enim
802 3842 1005 3915 gemit,
1053 3841 1407 3899 inﬁrmatur.
1450 3842 1599 3914 (295)
1655 3841 1737 3896 Ad
1789 3841 1911 3896 haec
1942 3841 2112 3913 quasi

475 3933 825 4006 respondet:
855 3933 962 4003 Spe
987 3932 1136 3986 enim
1161 3931 1304 3986 salvi
1328 3933 1469 4002 facti
1489 3946 1701 3986 sumus.
1748 3929 1854 3984 Ubi
1903 3935 2115 3985 notan-

476 4024 642 4094 dum,
672 4020 812 4094 quia
840 4036 955 4076 non
985 4020 1084 4088 ait,
1114 4035 1209 4092 spe
1233 4021 1378 4076 salvi
1398 4035 1612 4089 sumus,
1646 4019 1747 4073 sed
1776 4019 1919 4073 salvi
1959 4020 2111 4089 facti.

476 4111 680 4169 Salvos
701 4125 954 4182 namque
979 4126 1086 4165 nos
1119 4109 1256 4165 fecit
1279 4108 1550 4164 Christus
1571 4122 1673 4178 per
1704 4105 1998 4162 lavacrum
2036 4124 2117 4163 re-

476 4199 888 4275 generationis,
910 4203 968 4255 et
986 4197 1378 4254 renovationis
1402 4215 1415 4265 ;
1439 4197 1539 4253 sed
1564 4195 1827 4251 nondum
1869 4197 2119 4268 perfecta

478 4296 568 4349 est
596 4289 717 4345 haec
746 4287 927 4359 salus,
962 4288 1238 4360 quoniam
1270 4287 1534 4341 nondum
1582 4284 1870 4341 habemus
1917 4285 1974 4339 in
2017 4303 2114 4341 re:

479 4382 698 4454 quippe
723 4378 984 4434 nondum
1018 4376 1292 4448 apparuit
1320 4373 1460 4446 quid
1491 4373 1733 4430 erimus.
1783 4373 1948 4428 Nunc
1981 4392 2119 4446 ergo

476 4475 712 4542 tempus
734 4472 824 4524 est
851 4465 1010 4533 ﬁdei,
1041 4463 1320 4536 quoniam
1370 4479 1473 4533 per
1521 4462 1698 4517 ﬁdem
1731 4464 2029 4518 credentes
2060 4464 2118 4518 in

475 4560 777 4618 Christum
789 4551 1445 4622 salvamur.Nam,sicut
1466 4551 1618 4606 idem
1633 4549 1944 4621 Apostolus
1957 4552 2116 4608 dicit.

2136 1927 2180 1991 Β

2210 651 2268 700 et
2296 645 2453 701 salva
2503 647 2652 700 facta
2705 649 2814 700 est.
2871 645 3016 698 Hinc
3045 660 3180 715 ergo
3239 650 3296 698 et
3327 661 3432 699 nos
3464 645 3523 698 in
3581 660 3686 716 spe
3717 643 3870 699 salvi

2211 735 2348 791 facti
2379 751 2608 801 sumus,
2641 735 2919 804 quoniam
2970 751 3071 804 spe
3100 733 3423 788 certissime
3469 738 3764 802 tenemus,
3802 738 3871 787 ut

2211 825 2562 895 quandoque
2586 823 2654 878 ad
2690 823 2877 894 ipsam
2901 821 3358 878 immortalitatis
3380 820 3630 894 gloriam
3667 838 3870 893 perve-

2214 930 2469 968 ruamus.

2281 1045 2493 1101 Volens
2515 1045 2765 1115 denique
2788 1043 3099 1116 Apostolus
3125 1046 3427 1100 ostendere
3453 1061 3619 1117 spem
3655 1044 3714 1100 in
3749 1044 3871 1100 illis

2211 1136 2387 1191 rebus
2416 1151 2563 1201 esse,
2589 1152 2715 1205 quas
2749 1151 2861 1189 non
2884 1134 3173 1199 videntur,
3206 1133 3457 1205 adjecit:
3491 1138 3623 1205 Spes
3653 1137 3867 1200 autem,

2213 1240 2334 1296 qum
2363 1224 2578 1279 videtur
2604 1241 2716 1279 non
2744 1227 2819 1277 est
2848 1240 2988 1294 spes.
3023 1224 3267 1290 Rursus,
3303 1229 3365 1277 ut
3395 1225 3726 1279 ostenderet
3754 1223 3869 1278 dif-

2215 1314 2520 1369 ferentiam
2542 1313 2691 1368 inter
2721 1329 2883 1384 spem
2906 1318 2962 1366 et
2985 1329 3127 1378 rem,
3162 1313 3462 1382 subjuuxit
3489 1329 3501 1368 ε
3537 1312 3684 1380 Quid
3711 1315 3872 1368 enim

2215 1403 2352 1458 videt
2381 1403 2524 1474 quis,
2583 1401 2714 1472 quid
2767 1405 2947 1472 sperat
3001 1401 3195 1472 (206)?
3250 1400 3430 1456 Nemo
3479 1402 3634 1472 quod
3683 1401 3868 1472 videt,

2215 1497 2444 1563 sperat:
2481 1491 2638 1562 quia,
2671 1496 2772 1545 aut
2802 1490 3010 1554 oculis,
3033 1496 3136 1545 aut
3167 1491 3438 1546 manibus
3469 1494 3643 1546 tenet.
3675 1493 3741 1544 Si
3771 1508 3871 1546 au-

2216 1587 2341 1649 tem,
2373 1577 2512 1650 quod
2567 1593 2674 1632 non
2707 1577 2970 1644 videmus,
3030 1594 3336 1648 speramus,
3381 1594 3485 1649 per
3525 1580 3868 1648 patientiam

2213 1671 2604 1738 exspectamus.
2641 1666 2706 1721 Et
2726 1672 2815 1720 est
2843 1683 3052 1722 sensus
3083 1685 3096 1722 :
3133 1667 3216 1731 Si,
3239 1668 3394 1738 quod
3428 1684 3544 1722 non
3574 1667 3873 1735 videmus,

2214 1757 2500 1826 patienter
2529 1759 2956 1826 exspectamus,
2981 1759 3045 1810 ut
3066 1756 3418 1827 quandoque
3446 1755 3710 1811 obtinere
3741 1773 3876 1828 pos-

2215 1845 2422 1900 simus.
2454 1846 2760 1899 Evidenter
2788 1844 2984 1915 itaque
3015 1845 3326 1916 Apostolus
3349 1845 3456 1898 hoc
3489 1844 3644 1900 dicto
3676 1850 3873 1900 osten-

2212 1934 2347 1988 dere
2376 1933 2560 1988 voluit
2617 1933 2755 2004 quia
2803 1933 2988 1988 virtus
3039 1935 3160 2005 spei
3214 1934 3270 1988 in
3317 1935 3484 1990 nobis
3515 1934 3868 2005 patientiam

2215 2027 2473 2094 generat.
2510 2021 2795 2077 Patientia
2833 2026 3027 2077 autem
3078 2040 3192 2077 non
3224 2028 3314 2078 est
3359 2025 3416 2078 in
3453 2025 3752 2096 prosperis
3784 2041 3873 2079 re-

2213 2111 2346 2176 bus,
2379 2112 2594 2182 quibus
2627 2111 2897 2182 fruimur,
2933 2112 3033 2166 scd
3068 2111 3126 2166 in
3157 2112 3439 2181 adversis,
3472 2112 3691 2184 quibus
3723 2113 3875 2169 atﬁi-

2217 2216 2426 2254 clmur.

2289 2332 2489 2403 igitur,
2523 2332 2659 2403 quia
2687 2333 2912 2387 dixerat
2943 2333 3212 2404 superius
3239 2351 3250 2389 :
3287 2335 3402 2406 Ipse
3434 2336 3678 2406 Spiritus
3709 2340 3876 2393 testi-

2216 2422 2467 2476 monium
2485 2421 2670 2476 reddit
2693 2422 2920 2493 spiritui
2945 2431 3127 2477 nostro
3148 2440 3167 2483 :
3198 2423 3414 2479 idcirco
3445 2442 3602 2480 nunc
3632 2426 3878 2496 subjun-

2218 2511 2339 2566 xit:
2372 2509 2649 2564 Similiter
2679 2515 2896 2580 autem,
2929 2515 2984 2566 et
3011 2511 3254 2582 spiritus
3289 2513 3528 2583 adjuvat
3559 2514 3875 2571 inﬁrmita-

2220 2604 2336 2654 tem
2369 2604 2652 2665 nostram,
2679 2599 2734 2652 id
2759 2603 2867 2664 est,
2892 2600 3045 2654 sicut
3065 2601 3464 2656 testimonium
3499 2603 3692 2657 reddit
3712 2604 3798 2659 ita
3821 2610 3879 2660 et

2217 2687 2620 2743 inﬁrmitatem
2654 2691 2912 2743 nostram
2939 2689 3192 2758 adjuvat.
3219 2693 3298 2745 Ac
3332 2708 3432 2763 per
3463 2691 3573 2746 hoc
3593 2693 3873 2764 Spiritus,

2217 2794 2332 2832 non
2367 2780 2583 2845 noster,
2617 2776 2716 2830 sed
2746 2776 2998 2848 Spiritus
3037 2781 3274 2834 sanctus
3308 2780 3729 2853 intelligendus
3761 2789 3876 2838 est.

2218 2866 2648 2929 Inﬁrmitatem,
2700 2882 2814 2919 non
2865 2882 3195 2938 corporum,
3230 2869 3330 2924 sed
3379 2871 3672 2926 mentium
3707 2872 3872 2928 dicit.

2219 2954 2624 3011 Inﬁrmitatem
2646 2953 2815 3025 plane
2829 2955 3402 3028 vocatinsipientiam
3431 2977 3443 3015 :
3465 2976 3630 3015 mens
3649 2962 3869 3017 etenim

2219 3048 2418 3100 nostra
2448 3047 2721 3116 gravatur
2771 3043 3126 3116 insipientia,
3177 3047 3275 3102 sed
3329 3048 3583 3119 Spiritus
3627 3054 3872 3105 sanctus

2218 3134 2456 3203 adjuvat
2484 3133 2882 3188 inlirmitatem
2916 3138 3216 3204 nostram;
3253 3137 3408 3208 quia,
3443 3138 3582 3192 dum
3617 3139 3870 3195 charita-

2216 3225 2334 3278 tem
2359 3226 2416 3276 et
2438 3221 2600 3293 pium
2624 3221 2945 3293 spiritualis
2969 3225 3166 3294 gratim
3189 3225 3458 3280 affectum
3479 3226 3762 3293 infundit,
3783 3245 3870 3294 ea,

2221 3327 2347 3384 qua:
2377 3312 2740 3381 ignoramus,
2767 3311 3000 3367 revelat.
3037 3312 3198 3368 Unde
3218 3313 3550 3385 Apostolus,
3579 3319 3647 3370 ut
3677 3322 3874 3372 osten-

2222 3402 2383 3456 deret
2412 3417 2588 3471 quam
2613 3400 3018 3455 inﬁrmitatem
3044 3401 3271 3470 dixerit,
3297 3404 3509 3472 adjecit
3533 3421 3545 3458 :
3581 3406 3719 3460 Nam
3744 3407 3876 3477 quid

2223 3505 2455 3559 oremus,
2487 3492 2627 3543 sicut
2677 3494 2888 3556 oportet
2934 3493 3224 3546 nescimus.
3275 3491 3490 3562 Oratio,
3525 3509 3655 3565 quae
3689 3495 3876 3568 impe-

2220 3582 2338 3634 trat
2367 3578 2520 3650 quod
2545 3577 2705 3648 petit,
2739 3579 2980 3633 domum
3003 3579 3096 3634 Dei
3127 3597 3189 3635 se
3209 3597 3337 3635 esse
3363 3580 3659 3637 evidenter
3689 3590 3881 3641 osten-

2223 3669 2325 3722 dit.
2360 3668 2672 3740 Apostolus
2694 3668 2891 3738 itaque
2914 3672 2978 3722 ut
2995 3670 3329 3725 ostenderet
3348 3670 3522 3724 etiam
3547 3673 3875 3729 orationem

2223 3758 2375 3811 inter
2404 3772 2651 3811 munera
2671 3755 2771 3810 Dei
2798 3759 3144 3828 computari,
3177 3757 3293 3813 ait:
3327 3762 3472 3814 Nam
3495 3762 3628 3832 quid
3659 3779 3878 3818 oremus

2222 3846 2363 3902 sicut
2392 3849 2602 3913 oportet
2656 3846 2970 3900 nescimus:
3025 3846 3164 3916 quia
3221 3849 3375 3902 enim
3433 3866 3547 3906 non
3605 3850 3879 3907 videmus

2225 3950 2350 4005 quae
2409 3933 2835 4003 promittuntur
2889 3935 3056 4005 (297),
3116 3936 3413 3991 nescimus
3472 3954 3659 4005 orare,
3726 3939 3882 3995 sicut

2225 4026 2487 4093 oportet;
2522 4021 2577 4076 id
2611 4027 2717 4085 est,
2766 4039 2832 4076 ea
2893 4027 3081 4092 petere
3113 4040 3236 4095 quae
3295 4025 3462 4080 nobis
3517 4034 3791 4098 prosunt,
3824 4034 3884 4084 et

2227 4127 2499 4181 respuere
2541 4126 2668 4180 quae
2717 4111 2951 4164 obsunt.
3004 4112 3184 4167 Nemo
3230 4114 3445 4185 quippe
3493 4121 3648 4172 recte
3682 4118 3878 4189 sapit;

2228 4215 2400 4254 nemo
2433 4202 2582 4254 recte
2611 4198 2922 4271 intelligit;
2956 4216 3124 4256 nemo
3153 4207 3308 4256 recte
3346 4202 3590 4259 consilio
3622 4210 3681 4260 et
3713 4206 3884 4261 forti-

2227 4289 2427 4342 tudine
2451 4286 2671 4358 aliquid
2696 4292 3002 4358 operatur;
3029 4306 3198 4345 nemo
3225 4291 3476 4346 scienter
3496 4297 3587 4348 est
3604 4295 3761 4365 pius,
3789 4312 3889 4350 ne-

2230 4394 2342 4448 que
2359 4376 2450 4447 pie
2471 4375 2662 4431 sciens
2691 4395 2702 4442 ;
2729 4393 2898 4432 nemo
2917 4382 3076 4433 casto
3100 4381 3304 4434 timore
3327 4380 3508 4435 Deum
3533 4382 3750 4455 diligit,
3769 4385 3890 4440 nisi

2229 4465 2474 4536 accipiat
2504 4465 2774 4537 Spiritum
2799 4466 3116 4536 sapientiai,
3142 4471 3197 4522 et
3218 4469 3568 4538 intellectus,
3605 4473 3890 4544 spiritum

2229 4554 2452 4610 consilii
2482 4560 2537 4608 et
2559 4554 2936 4621 fortitudinis,
2956 4556 3229 4627 spiritum
3248 4557 3522 4626 scientiis,
3547 4565 3607 4615 et
3623 4561 3890 4632 pietatis,

473 4651 585 4707 Per
611 4648 774 4720 ﬁdem
803 4644 1182 4707 ambulamus,
1214 4644 1264 4696 et
1291 4655 1403 4695 non
1428 4655 1527 4710 per
1555 4641 1786 4710 speciem
1815 4641 1883 4711 (Il
1915 4640 2032 4696 Cor.
2061 4659 2116 4708 v,
2148 4660 2195 4724 D
2226 4648 2283 4698 et
2310 4642 2542 4697 timeris
2575 4641 2824 4697 Domini.
2874 4642 3152 4699 Similiter
3183 4663 3354 4701 nemo
3398 4647 3576 4704 habet
3604 4651 3892 4707 virtutem

472 4739 550 4812 7).
578 4736 739 4796 Fidei
770 4739 965 4790 autem
997 4745 1221 4786 merces
1251 4731 1341 4782 est
1379 4728 1538 4782 salus
1595 4728 1924 4784 animarum
1982 4747 2116 4786 nos-

473 4832 720 4894 trarum,
755 4823 857 4880 sed
888 4822 1009 4877 haec
1039 4819 1372 4874 animarum
1407 4815 1591 4885 salus,
1613 4823 1671 4872 et
1691 4834 1998 4890 corporum
2029 4837 2118 4876 re-

478 4914 738 4990 demptio
769 4911 1018 4968 necdum
1057 4906 1310 4977 perfecta
1337 4909 1463 4972 est;
1496 4905 1631 4975 quia
1660 4906 1716 4960 in
1750 4923 1852 4978 spe
1888 4912 2116 4963 tantum

476 5005 787 5070 habemus,
818 5003 877 5055 et
905 5013 1023 5052 non
1052 4995 1110 5049 in
1142 5009 1224 5049 re.
1258 4994 1479 5065 Corpus
1509 4995 1663 5050 enim
1687 4997 1838 5068 quod
1862 5013 2120 5052 corrum-

475 5093 638 5166 pitur
670 5090 825 5162 (Sap.
857 5103 936 5152 Ix,
984 5085 1095 5151 15),
1154 5088 1429 5155 aggravat
1479 5084 1761 5140 animam.
1823 5084 2123 5140 Praecessit

479 5187 677 5239 autem
710 5177 832 5231 haec
865 5171 1026 5229 salus
1055 5174 1113 5228 et
1138 5171 1459 5244 redemptio
1480 5173 1539 5227 in
1571 5173 1759 5246 capite
1789 5177 2124 5239 nostro,Do-

476 5271 640 5326 mino
661 5263 890 5322 scilicet
907 5260 1044 5317 Jesu
1078 5259 1328 5330 Christo;
1348 5262 1627 5334 quoniam
1649 5278 1805 5330 caro,
1844 5277 2023 5331 quam
2054 5278 2124 5318 ex

549 5426 701 5498 (292)
731 5421 1028 5498 Xulg._sed
1053 5429 1106 5478 et
1130 5437 1246 5478 nos.

548 5490 699 5565 (293)
732 5490 1018 5567 Notaihic,
1050 5499 1107 5550 et
1137 5493 1313 5567 paulo
1367 5491 1642 5566 superius
1686 5490 2122 5548 distinctionem

477 5567 787 5638 ﬁeriiiuter
815 5565 1104 5638 spiritum,
1135 5565 1193 5622 et
1222 5565 1505 5622 animam.

569 5637 698 5710 294)
717 5636 888 5710 Vulg.
917 5636 1174 5710 ﬁliorum,
1190 5638 1316 5694 Dei.

569 5703 694 5787 295)
722 5708 785 5770 In
812 5703 1020 5787 Autog.
1054 5725 1241 5788 marg.
1273 5725 1325 5766 ο.
1360 5703 1505 5763 ΧΧΙ.

2226 4747 2443 4800 veram,
2477 4730 2820 4785 charitatem
2854 4731 3161 4800 sinceram,
3195 4735 3621 4793 continentiam
3657 4739 3897 4813 religio-

2229 4837 2376 4888 sam,
2411 4818 2523 4875 nisi
2557 4819 2844 4890 acceperit
2873 4821 3145 4892 spiritum
3178 4824 3430 4890 virtutis,
3462 4831 3520 4881 et
3546 4827 3892 4898 oharitatis,

2228 4913 2285 4964 et
2313 4908 2702 4964 continentiae.
2730 4909 2921 4964 Simili
2948 4911 3118 4966 modo
3146 4928 3315 4967 nemo
3340 4919 3493 4970 recte
3523 4917 3732 4985 credit,
3773 4919 3895 4975 nisi

2228 4997 2440 5052 habeat
2479 4997 2752 5068 spiritum
2801 4999 2954 5053 ﬁdei.
2987 5000 3078 5054 Sic
3127 5001 3303 5056 etiam
3343 5020 3515 5059 nemo
3548 5012 3707 5062 recte
3737 5013 3894 5074 orat,

2229 5086 2342 5142 nisi
2375 5087 2622 5158 accipiat
2653 5087 2924 5158 spiritum
2964 5089 3279 5145 orationis:
3318 5109 3432 5147 non
3464 5095 3622 5164 quod
3659 5101 3747 5151 tot
3773 5097 3899 5152 sint

2229 5175 2494 5247 spiritus,
2527 5175 2780 5247 Spiritus
2811 5175 2963 5230 enim
3017 5185 3254 5233 sanctus
3286 5197 3439 5236 unus
3469 5185 3580 5247 est,
3615 5185 3717 5238 sed
3752 5185 3900 5255 quia

2230 5264 2349 5319 haec
2379 5265 2578 5320 omnia
2597 5266 2872 5335 operatur
2900 5282 3054 5320 unus
3077 5270 3251 5337 atque
3272 5267 3424 5323 idem
3449 5269 3730 5341 Spiritus,
3755 5273 3900 5328 divi-

2304 5424 2450 5500 (296)
2481 5423 2650 5495 Vulg.
2681 5439 2811 5477 nam
2861 5424 3000 5493 quod
3027 5425 3173 5480 videt
3205 5429 3356 5500 (quis,
3403 5429 3538 5499 quid
3565 5437 3780 5500 sperat.
3817 5433 3903 5488 Ex

2231 5493 2324 5575 his
2356 5494 2551 5575 etiam,
2585 5493 2708 5578 (jure
2731 5501 3080 5578 sequuntur,
3105 5493 3250 5578 satis
3271 5493 3540 5571 arguitur
3565 5493 3737 5569 {loco
3758 5505 3898 5578 quid

2232 5566 2562 5638 primarvice
2592 5565 2901 5637 legendum
2934 5568 3079 5638 quod
3105 5567 3271 5622 videt.

2305 5635 2451 5710 (297)
2482 5635 2691 5708 Autog.
2724 5650 2849 5708 quae
2871 5635 3238 5708 promittitur.
