3996 6232
134 370 244 432 209

757 370 1171 435 EXPOSITIO
1214 374 1294 435 IN
1339 372 1764 437 EPISTOLAS
1808 371 2066 434 PAULI.
2096 403 2172 415 —
2203 370 2279 432 IN
2324 369 2572 435 EPIST.
2619 371 2722 434 AD
2767 372 2959 435 ROM.

3440 381 3561 445 210

132 504 257 559 dens
306 502 562 574 singulis
612 510 778 576 prout
826 506 935 561 vult
983 508 1030 574 (l
1077 510 1199 562 Cor.
1255 524 1373 574 xm,
1410 509 1517 578 11).
1556 507 1801 577 Ideoque
1830 509 1886 574 Α
1917 521 2021 561 cur
2049 521 2183 573 ergo
2214 508 2299 560 tot
2328 505 2570 561 adversa
2600 506 2941 577 patiuntur?
2971 511 3086 563 Aut
3134 508 3271 581 quid
3324 510 3397 567 de
3443 510 3562 570 illis

134 593 455 665 Apostolus
508 594 590 648 ait
644 612 657 649 :
709 595 849 649 Nam
902 595 1031 665 quid
1086 612 1319 663 oremus,
1378 599 1517 651 sicut
1574 598 1794 666 oportet,

132 686 423 749 nescimus,
463 683 578 737 nisi
614 683 870 753 Spiritus
902 686 1086 739 sancti
1119 686 1305 755 gratia
1334 685 1442 740 hoc
1464 684 1702 739 tribuat.
1736 684 1796 738 In

134 771 567 843 temporalibus
598 789 737 843 ergo
771 773 967 838 rebus,
1003 778 1065 827 ut
1095 774 1235 827 dicit
1280 775 1484 828 beatus
1516 773 1797 844 Augusti-

135 879 260 921 nus.
296 860 454 915 nihil
490 862 674 915 ﬁxum
710 862 1025 931 petendum
1051 864 1321 931 est(208):
1358 862 1635 932 quoniam
1659 862 1795 932 quid

136 949 524 1022 expediat,vel
550 950 692 1020 quid
726 950 1211 1021 non,ignoramus
1244 968 1255 1004 :
1292 953 1446 1005 unde
1470 954 1799 1021 frequenter

134 1057 196 1095 ea
226 1042 653 1111 petimusque:
687 1039 855 1093 nobis
888 1039 1161 1109 prodesse
1194 1045 1494 1109 putamus,
1524 1046 1581 1095 et
1603 1045 1795 1094 tamen

136 1130 388 1196 obsunt;
427 1128 761 1183 econtrario
793 1146 859 1183 ea
892 1133 1084 1199 petere
1119 1128 1417 1195 nolumus,
1450 1147 1577 1200 qua:
1629 1130 1797 1184 nobis

135 1218 341 1273 obesse
374 1218 765 1281 credimus,et
794 1222 986 1271 tamen
1016 1218 1355 1289 prosunt.Et
1377 1218 1513 1288 quid
1548 1218 1793 1273 mirum:

135 1323 271 1361 cum
306 1306 434 1376 ipse
467 1308 780 1377 Apostolus
813 1312 898 1361 ter
926 1306 1241 1361 Dominum
1276 1308 1653 1377 rogaverit,ut
1676 1307 1793 1360 dis-

136 1396 371 1448 cederet
389 1395 465 1448 ab
487 1411 551 1449 eo
574 1395 820 1465 angelus
842 1397 1193 1467 Satanae,qui
1216 1413 1349 1450 eum
1372 1396 1796 1465 eolaphizabal‘.’

136 1484 253 1538 Nec
284 1488 481 1538 tamen
516 1484 827 1538 exauditus
857 1490 963 1554 est,
998 1486 1099 1539 sed
1133 1502 1480 1555 responsum
1530 1490 1617 1538 est
1661 1483 1742 1537 illi
1777 1500 1789 1537 :

139 1573 353 1641 Sufﬁcit
386 1574 493 1626 tibi
521 1576 707 1639 gratia
737 1590 854 1627 mea
868 1590 885 1625 :
900 1591 1033 1627 nam
1063 1576 1235 1628 virtus
1257 1575 1312 1627 in
1337 1574 1661 1641 inﬁrmitale
1678 1586 1795 1641 per-

139 1662 323 1730 ﬁcitur
354 1661 434 1729 (Il
469 1662 587 1715 Cor.
622 1664 872 1730 xu,8,9).
898 1661 1053 1715 Nihil
1088 1663 1303 1732 itaque,
1338 1668 1401 1717 ut
1424 1664 1549 1731 jam
1572 1662 1792 1715 dictum

141 1755 253 1816 est,
285 1749 346 1803 in
380 1749 803 1820 temporalibus
834 1750 1006 1804 rebus
1038 1750 1217 1804 ﬁxum
1250 1756 1445 1822 petere
1489 1749 1791 1813 debemus,

1908 593 2242 659 dicendum,
2276 593 2376 663 qui
2409 594 2481 648 ad
2509 598 2743 665 tempus
2772 595 3045 650 deviant?
3092 597 3194 653 His
3244 601 3559 671 respondet

1906 680 2218 754 Apostolus
2238 683 2482 737 :Scimus
2502 692 2683 737 autem
2702 686 2962 754 quoniam
2991 684 3360 754 diligentibus
3384 694 3557 747 Deum

1907 773 2100 826 omnia
2127 780 2487 841 cooperantur
2533 774 2593 826 in
2644 774 2863 827 bonum.
2908 773 3013 829 Ubi
3064 776 3387 832 notandum
3416 780 3558 849 quia

1908 877 2023 914 non
2074 861 2173 927 ait,
2223 860 2607 931 diligentibus
2649 862 2960 929 mundum,
2995 864 3096 919 sed
3127 865 3314 921 Deum.
3343 866 3557 925 Omnia

1907 954 2102 1003 autem
2136 948 2297 1013 dicit,
2328 956 2445 1003 tam
2476 950 2736 1013 adversa,
2769 967 2947 1020 quam
2998 969 3300 1025 prospera.
3350 955 3419 1011 Et
3467 962 3557 1013 est

1906 1054 2115 1093 sensus
2148 1054 2160 1091 :
2195 1038 2315 1107 llis,
2350 1039 2449 1109 qui
2482 1039 2666 1094 Deum
2694 1039 2967 1111 diligunt,
3002 1041 3200 1098 omnia
3230 1043 3290 1099 in
3333 1044 3554 1102 bonum

1906 1130 2310 1198 cooperantur,
2372 1128 2671 1197 quoniam,
2722 1130 2830 1183 etsi
2879 1130 2950 1185 ad
3006 1135 3241 1203 tempus
3299 1134 3552 1205 devient,

1906 1216 2104 1271 omnia
2134 1221 2326 1270 tamen
2362 1216 2511 1271 Deus
2541 1216 2600 1271 in
2634 1216 2867 1273 illorum
2900 1219 3117 1275 bonum
3149 1223 3451 1279 convertit.

1975 1304 2205 1374 Et,quia
2235 1310 2373 1359 sunt
2402 1304 2712 1377 aliqui,qui
2740 1308 2809 1361 ad
2834 1311 3068 1379 tempus
3090 1308 3273 1367 Deum
3296 1310 3553 1383 diligunt

1906 1409 2008 1447 nec
2036 1394 2093 1446 in
2128 1393 2460 1463 bono,quod
2492 1400 2812 1466 eruperunt,
2849 1404 3239 1466 perseverant,
3272 1405 3337 1455 ut
3355 1404 3549 1457 osten-

1904 1481 2064 1535 deret
2091 1484 2159 1536 de
2192 1482 2408 1552 quibus
2455 1482 2674 1538 diceret
2719 1485 2918 1541 subdit
2951 1502 2964 1540 :
2996 1487 3091 1541 llis
3120 1489 3217 1557 qui
3250 1490 3553 1546 secundum

1902 1573 2234 1641 propositum
2268 1574 2441 1626 vocati
2468 1580 2596 1627 sunt
2624 1576 2804 1629 sancti
2832 1593 2852 1628 :
2885 1574 2983 1629 ubi
3016 1577 3402 1647 propositum,
3434 1595 3550 1635 non

1905 1658 2162 1714 hominis
2192 1659 2349 1725 dicit,
2385 1661 2483 1715 sed
2520 1662 2645 1727 Dei;
2681 1662 2737 1716 id
2768 1667 2877 1730 est,
2899 1664 3157 1720 divinam
3180 1666 3553 1738 praedestina-

1905 1746 2142 1802 tionem.
2177 1747 2278 1803 His
2308 1764 2465 1819 ergo,
2481 1750 2580 1821 qui
2610 1752 2936 1807 secundum
2968 1755 3331 1824 propositum
3364 1756 3551 1813 vocati

142 1837 247 1891 sed
280 1841 400 1891 Deo
433 1837 621 1892 dicere
650 1854 663 1891 :
696 1838 960 1903 Domine,
991 1839 1129 1909 jube
1159 1840 1313 1909 quod
1344 1838 1451 1908 vis,
1475 1843 1532 1893 et
1561 1843 1624 1892 tu
1648 1838 1793 1906 ipse,
1828 1873 1874 1936 Β
1905 1841 2045 1891 sunt
2073 1836 2284 1906 sancti,
2315 1836 2513 1891 omnia
2560 1845 2947 1908 cooperantur
2990 1841 3048 1895 in
3098 1842 3355 1911 bonum;
3386 1845 3547 1917 quia,

145 1926 302 1997 quod
328 1927 527 1996 jubes,
562 1928 653 1992 da,
686 1926 825 1997 quia
854 1928 981 1982 sine
1012 1934 1067 1982 te
1100 1928 1243 1983 nihil
1277 1945 1591 1999 possumus
1625 1926 1793 1996 (209).

214 2015 317 2069 Sed
348 2018 465 2086 ipse
492 2016 736 2086 Spiritus
764 2018 1083 2084 interpellat
1128 2019 1273 2087 (300)
1314 2032 1413 2088 pro
1446 2017 1597 2072 nobis
1624 2016 1795 2085 gemi-

146 2107 305 2159 tibus.
342 2106 505 2171 Quod
541 2106 706 2172 dicit,
739 2105 1087 2176 interpellat,
1113 2104 1796 2176 nonitaintelligendum

149 2200 253 2258 est,
272 2194 443 2265 quasi
478 2194 733 2265 Spiritus
752 2200 990 2249 sanctus
1012 2194 1207 2265 aliquo
1230 2196 1378 2265 (301]
1408 2194 1798 2265 indigeat,aut

146 2282 375 2354 aliquas
393 2282 809 2348 molestias,vel
828 2283 1131 2353 angustias
1155 2283 1431 2353 patiatur;
1455 2300 1590 2337 nam
1610 2298 1797 2351 aequa-

142 2371 213 2424 lis
248 2372 406 2425 Patri
439 2376 497 2425 et
523 2372 661 2425 Filio
692 2373 862 2441 (302),
896 2372 1111 2443 quippe
1142 2388 1277 2427 cum
1308 2389 1425 2427 una
1457 2370 1532 2426 sit
1564 2371 1621 2425 in
1670 2371 1793 2425 Tri-

144 2459 325 2514 nitate
357 2460 747 2530 persona.Sed
772 2460 855 2514 sic
878 2461 1283 2531 accipiendum
1306 2460 1577 2528 est,sicut
1608 2458 1748 2513 illud
1776 2476 1788 2513 :

146 2551 331 2604 Tentat
363 2565 453 2603 vos
481 2549 742 2603 Dominus
788 2551 926 2603 Deus
958 2557 1147 2616 vester,
1201 2558 1259 2604 ut
1304 2552 1458 2617 sciat,
1483 2551 1534 2603 si
1556 2549 1794 2615 diligitis

145 2654 260 2692 eum
292 2638 488 2709 (Deut.
536 2654 660 2702 xm,
710 2639 791 2709 3);
847 2637 904 2692 id
956 2643 1062 2707 est,
1098 2643 1161 2691 ut
1191 2637 1341 2693 seire
1371 2654 1471 2692 vos
1504 2637 1703 2703 faciat;
1738 2642 1795 2693 et

147 2727 374 2781 sicutde
388 2728 594 2782 eodem
617 2726 837 2797 Spiritu
853 2726 1157 2781 alibiidem
1179 2726 1494 2797 Apostolus
1512 2726 1791 2797 loquitur,

147 2815 339 2871 dicens
374 2832 387 2869 :
424 2816 574 2871 Misit
605 2817 744 2869 Deus
774 2816 1043 2885 Spiritum
1075 2816 1214 2871 Filii
1234 2818 1321 2869 sui
1350 2816 1588 2871 incorda
1612 2819 1795 2870 nostra

147 2906 497 2972 clamantem,
543 2906 717 2970 Abba,
772 2909 936 2959 Pater
985 2905 1133 2974 (Gal.
1170 2922 1240 2971 ιν,
1274 2906 1350 2972 0).
1385 2904 1662 2959 Similiter
1687 2904 1795 2959 hoc

150 2993 288 3062 loco,
324 2995 663 3065 interpellat,
698 2994 859 3058 dicit,
894 2993 1263 3065 interpellare
1312 2994 1448 3047 facit
1496 3001 1731 3049 sanctos
1779 3011 1792 3049 :

148 3083 285 3137 dum
318 3070 476 3137 enim
508 3100 617 3139 nos
651 3088 861 3151 movet,
894 3083 1033 3138 dum
1068 3084 1139 3138 ad
1173 3083 1364 3137 cordis
1396 3082 1794 3154 compunctio-

147 3188 299 3239 nem,
333 3173 404 3226 ad
436 3172 751 3243 laerymas,
802 3172 871 3225 ad
923 3172 1245 3227 orationem
1296 3172 1523 3240 excitat,
1557 3176 1623 3226 ut
1662 3188 1793 3225 cum

146 3237 462 3331 gemitibus
495 3237 797 3331 petamus;
840 3260 1017 3331 quod,
1048 3259 1175 3330 ipso
1227 3237 1517 3328 movente,
1545 3261 1799 3332 agimus,
1831 3237 1874 3303 (ἶ

148 3349 269 3420 ipse
300 3365 477 3419 agere
511 3349 726 3403 dicitur
761 3366 773 3403 :
808 3365 874 3403 eo
906 3348 1171 3403 videlicet
1200 3352 1508 3420 tropo,quo
1541 3348 1800 3405 solemus

147 3439 335 3492 dicere
370 3440 573 3491 laetum
615 3438 789 3507 diem,
823 3437 921 3508 qui
972 3454 1077 3492 nos
1124 3437 1286 3491 laetos
1336 3438 1491 3493 facit.
1550 3439 1615 3492 Et
1663 3438 1803 3508 quia

145 3526 411 3596 Spiritus
444 3529 687 3579 sanctus
717 3525 866 3580 idem
899 3525 1275 3580 invisibiliter
1307 3526 1407 3590 ait,
1455 3543 1557 3580 nec
1610 3526 1802 3581 verbis

151 3612 433 3685 explicari
461 3618 678 3684 potest:
704 3613 829 3669 ideo
852 3614 1167 3685 Apostolus
1190 3614 1805 3684 subjunxit,inen.arra-

155 3704 379 3757 bilibus.
433 3702 661 3756 Poterat
707 3708 899 3758 autem
951 3702 1166 3774 aliquis
1216 3703 1451 3758 dicere:
1488 3703 1648 3758 Unde
1694 3703 1804 3757 hoc

156 3792 553 3856 nostriPQUis
607 3792 714 3846 hoc
762 3792 1252 3863 comprehendere
1299 3792 1525 3863 potest?
1555 3793 1641 3847 Ad
1685 3792 1804 3847 haec

156 3880 467 3951 Apostolus
521 3899 533 3935 :
592 3882 699 3947 Qui
728 3889 915 3935 autem
963 3885 1248 3935 scrutatur
1292 3880 1475 3945 corda,
1524 3885 1624 3936 scit
1673 3880 1806 3951 quid

155 3969 417 4025 desideret
446 3970 725 4040 Spiritus,
759 3985 823 4023 ac
854 3970 902 4023 si
944 3968 1161 4024 diceret
1196 3987 1208 4024 :
1242 3970 1348 4033 Qui
1400 3970 1661 4025 omnium
1713 3986 1804 4025 se-

155 4064 309 4113 creta
337 4056 727 4127 intuetur,ille
758 4056 866 4112 scit
888 4057 1027 4128 quid
1061 4058 1349 4113 desideret
1379 4059 1631 4128 Spiritus
1652 4060 1801 4129 ejus;

154 4146 207 4200 id
239 4152 347 4214 est,
382 4146 634 4202 salutem
669 4152 725 4200 et
765 4146 1222 4217 redemptionem
1263 4147 1504 4201 humani
1554 4146 1803 4219 generis.

156 4242 299 4289 Dum
326 4236 484 4290 enim
520 4234 780 4290 charitas
810 4233 1093 4304 spiritalis
1119 4234 1315 4306 gratia:
1351 4235 1512 4306 pium
1550 4236 1808 4290 infundit

155 4322 719 4395 all‘eetum,postulat
755 4339 859 4393 pro
893 4322 1143 4388 sanctis;
1176 4322 1231 4378 id
1265 4327 1374 4393 est,
1390 4324 1686 4394 postulare
1708 4340 1806 4379 eos

154 4412 285 4467 facit
316 4430 488 4467 suam
522 4411 778 4466 salutem
810 4415 867 4465 et
897 4412 1378 4481 redemptionem.
1429 4413 1499 4466 Et
1542 4412 1651 4467 hoc
1694 4418 1804 4476 est,

153 4502 299 4570 quod
331 4502 609 4571 sequitur
642 4518 655 4555 :
689 4502 836 4569 Quia
863 4502 1162 4555 secundum
1209 4502 1378 4555 Deum
1422 4502 1663 4572 postulat
1709 4517 1807 4573 pro

1907 1925 2015 1980 etsi
2045 1925 2115 1979 ad
2148 1929 2380 1996 tempus
2411 1926 2754 1993 exorbitent,
2786 1927 3040 1985 humiles
3070 1936 3459 1999 revertuntur,
3490 1937 3552 1990 et

1906 2013 2193 2069 doctiores
2214 2032 2225 2068 :
2245 2014 2483 2069 discunt
2502 2031 2758 2086 namque
2787 2016 2846 2071 in
2880 2017 3024 2088 ipsis
3051 2018 3177 2075 suis
3207 2020 3396 2076 ruinis
3414 2038 3551 2078 cum

1907 2103 2116 2158 timore
2145 2108 2204 2159 et
2232 2107 2481 2159 tremore
2510 2120 2678 2159 suam
2710 2106 2906 2175 potius
2937 2107 3164 2177 operari
3187 2108 3464 2165 salutem.

1978 2192 2140 2257 Quod
2169 2191 2331 2257 dicit,
2362 2194 2544 2247 vocati
2570 2196 2702 2247 sunt
2729 2196 2929 2262 sancti,
2960 2210 3074 2250 non
3106 2195 3551 2268 intelligendum

1904 2285 2012 2347 est,
2048 2282 2201 2351 quod
2234 2281 2421 2336 sancti
2453 2286 2671 2347 essent,
2698 2298 2833 2337 cum
2862 2284 3047 2339 vocati
3080 2289 3221 2340 sunt
3252 2301 3265 2339 :
3299 2286 3401 2342 sed
3451 2303 3550 2343 vo-

1903 2369 2015 2425 cati
2049 2370 2182 2424 l‘acti
2215 2375 2353 2425 sunt
2381 2370 2566 2426 sancti
2596 2370 2766 2441 (303).

1978 2459 2044 2512 Et
2077 2458 2214 2529 quia
2243 2458 2706 2523 dixit,secundum
2729 2462 3071 2531 propositum
3102 2477 3114 2515 :
3152 2466 3218 2516 ut
3245 2461 3356 2520 hoc
3384 2478 3553 2535 aper-

1905 2546 2023 2602 tius
2072 2549 2426 2615 ostenderet,
2478 2549 2692 2619 adjecit
2742 2566 2757 2604 :
2810 2550 2949 2605 Nam
2991 2566 3122 2622 quos
3160 2553 3464 2621 praesciuit,
3503 2561 3556 2609 et

1900 2636 2315 2708 praedestinavit
2346 2638 2673 2711 con/armes,
2696 2639 2973 2695 etc.8icut
2997 2638 3340 2711 Fulgentius
3360 2641 3505 2698 dicit
3532 2657 3549 2697 :

1906 2725 2273 2781 Praescientia
2320 2726 2427 2781 hoc
2476 2727 2656 2782 distat
2704 2745 2736 2781 a
2784 2728 3337 2798 praedestinatione:
3392 2731 3549 2803 quod

1905 2814 2267 2885 praescientia
2294 2819 2414 2870 tam
2446 2815 2503 2871 in
2536 2816 2708 2872 bonis
2736 2821 2826 2873 est
2854 2833 3031 2888 quam
3060 2817 3122 2873 in
3152 2818 3354 2885 malis;
3405 2836 3550 2891 pras-

1904 2904 2215 2959 destinatio
2229 2910 2427 2959 autem
2443 2908 2672 2960 tantum
2688 2905 2747 2961 in
2761 2906 3353 2965 bonis.Praasciuntur
3365 2908 3545 2977 enim,

1905 2997 2024 3047 tam
2055 2993 2212 3059 boni,
2248 3011 2425 3064 quam
2458 2992 2626 3059 mali;
2657 2994 3147 3065 praedestinantur
3176 3000 3373 3052 autem
3417 3001 3553 3053 tan-

1904 3080 2211 3136 tummodo
2226 3081 2664 3152 boni,quoniam
2694 3086 2840 3138 Deus
2863 3084 3156 3139 neminem
3178 3084 3557 3156 prmdestinat

1910 3171 1981 3224 ad
2032 3168 2273 3225 malum.
2310 3170 2741 3227 Pradestinatio
2778 3172 2975 3243 itaque
3020 3171 3147 3227 sine
3194 3173 3559 3243 prmeeientia

1912 3276 2039 3314 esse
2071 3276 2184 3313 non
2211 3264 2403 3331 potest
2428 3259 2709 3330 quoniam
2739 3260 2893 3316 Deus
2914 3277 2982 3316 ea
3001 3264 3233 3316 tantum
3256 3261 3558 3333 prodesti-

1913 3348 2146 3403 natione
2176 3348 2617 3418 praescivit,quaa
2639 3348 2763 3418 ipse
2782 3352 2907 3404 erat
2935 3348 3223 3417 facturus;
3258 3349 3562 3420 pression-

1912 3436 1993 3491 tia
2025 3453 2155 3490 vero
2188 3440 2378 3507 potest
2409 3452 2537 3491 esse
2567 3435 2696 3491 sine
2726 3436 3255 3507 praadeetinatione,
3278 3436 3560 3509 quoniam

1912 3542 1980 3579 ea
2010 3524 2185 3579 etiam
2218 3524 2372 3579 Deus
2404 3524 2693 3595 praseivit
2719 3542 2847 3595 qua:
2877 3524 3137 3581 facturus
3168 3542 3284 3581 non
3313 3529 3460 3600 erat,
3495 3532 3563 3584 ut

1913 3618 2168 3686 peccata.

1984 3703 2087 3757 Est
2112 3705 2307 3757 autem
2340 3701 2790 3774 praedestinatio,
2833 3702 3176 3775 praeparatio
3212 3704 3413 3777 gratis
3460 3706 3563 3762 Dei

1914 3790 2083 3862 (304).
2116 3790 2313 3844 Gratia
2337 3806 2491 3854 vero,
2525 3790 3057 3861 praedestinationis
3105 3792 3345 3849 effectus
3383 3795 3559 3867 (305).

1914 3882 2069 3945 Quos
2100 3894 2236 3950 ergo
2267 3879 2554 3949 praescivit
2583 3897 2645 3935 se
2675 3881 2967 3937 facturum
2999 3882 3204 3952 bonos,
3228 3887 3286 3939 et
3314 3882 3374 3939 in
3406 3883 3560 3941 bono

1916 3971 2407 4037 perseveratums,
2440 3965 2571 4023 illos
2601 3968 3119 4037 praedestinavitﬁd
3140 3974 3250 4036 est,
3269 3987 3559 4043 prepara-

1913 4054 1995 4108 vit
2049 4058 2353 4124 con/ormes
2397 4055 2523 4123 ﬁeri
2567 4056 2828 4125 imaginis
2876 4058 3007 4112 Filii
3070 4074 3180 4113 sui.
3247 4058 3561 4129 Con/armes

1915 4143 2073 4209 dicit,
2107 4142 2561 4198 uniformeszsic
2589 4143 2747 4197 enim
2773 4144 3051 4200 dicuntur
3069 4147 3399 4203 conformes
3419 4148 3563 4205 ima-

1915 4231 2069 4303 ginis
2106 4231 2233 4286 Filii
2268 4231 2386 4296 Dei,
2420 4230 2573 4285 sicut
2601 4232 2930 4288 conformes
2960 4234 3157 4288 seaculi
3182 4250 3195 4288 :
3221 4234 3376 4290 unde
3403 4240 3561 4306 Apo-

1917 4321 2105 4375 stolus
2137 4319 2275 4374 alibi
2311 4337 2324 4374 :
2356 4321 2533 4375 Nolite
2561 4322 2901 4391 conformari
2930 4318 3060 4375 huic
3103 4322 3321 4389 saeculo,
3353 4322 3447 4379 sed
3474 4340 3564 4378 re-

1913 4410 2243 4481 formamini
2286 4410 2342 4462 in
2392 4410 2627 4464 novitate
2669 4424 2859 4463 sensus
2906 4410 3071 4464 vestri
3115 4410 3289 4477 (Rom.
3338 4427 3438 4479 xu,
3480 4412 3560 4483 2).

1917 4498 2081 4562 Quod
2112 4514 2247 4569 ergo
2278 4515 2384 4553 nos
2414 4497 2556 4552 dicit
2584 4497 2912 4553 conformes
2960 4497 3086 4553 ﬁeri
3130 4497 3407 4569 imaginis
3433 4498 3562 4555 Filii

152 4592 378 4656 sanctis;
414 4590 472 4643 id
506 4594 619 4655 est,
656 4590 981 4644 secundum
1015 4589 1093 4658 id,
1130 4589 1284 4660 quod
1318 4590 1432 4645 Deo
1463 4590 1668 4662 placet,
1703 4606 1809 4661 po-
1840 4598 1887 4662 D
1920 4588 2401 4659 ejus,secundum
2426 4586 2761 4642 interiorem
2784 4585 3083 4643 hominem
3113 4586 3560 4659 intelligendum

156 4676 365 4733 stulare
415 4694 518 4733 eos
571 4676 729 4730 facit.
785 4676 1016 4731 Poterat
1046 4678 1117 4732 ad
1151 4676 1271 4731 haec
1303 4676 1518 4749 aliquis
1547 4676 1807 4731 fidelium

156 4764 338 4821 dicere
373 4784 385 4821 :
420 4766 481 4821 Si
515 4764 773 4835 Spiritus
813 4769 1056 4820 sanctus
1102 4764 1362 4836 postulat
1410 4782 1514 4836 pro
1561 4765 1802 4829 sanctis,

238 4943 612 5011 208)Utinam
650 4941 940 5015 sententia
971 4942 1090 4997 haec
1121 4943 1234 4998 divi
1267 4944 1571 5015 Augustini
1599 4943 1803 4998 aChri-

152 5016 351 5070 slianis
380 5015 537 5069 serio
573 5014 1335 5087 perpenderetur,cordique
1360 5014 1473 5087 alte
1504 5018 1799 5087 ﬁgeretur,

150 5090 201 5140 et
231 5087 286 5140 in
320 5104 501 5141 usum
538 5086 860 5157 prudenter
882 5086 1528 5157 deduceretur.Dignior
1558 5086 1710 5141 enim
1748 5093 1805 5140 et

150 5159 435 5229 acceptior
451 5159 719 5226 ei,quem
737 5158 1374 5229 _oramus,nobisque,et
1396 5159 1568 5212 rebus
1590 5158 1804 5213 nostris

152 5226 329 5283 multo
362 5229 575 5283 utilior
601 5226 787 5300 oratio
812 5228 1095 5298 evaderet,
1122 5229 1169 5285 si
1193 5226 1405 5300 sapius
1427 5247 1494 5284 ca
1525 5229 1805 5285 orationis

158 5305 520 5371 parte,quam
558 5297 843 5353 Dominus
875 5297 1555 5357 noster'lesus'Chrislus
1582 5318 1684 5356 nos
1704 5302 1805 5356 d0-

155 5372 287 5437 cuit,
324 5378 637 5427 uteremur
670 5385 683 5422 :
719 5371 837 5424 Fiat
870 5372 1114 5427 voluntas
1146 5378 1272 5433 tua;
1315 5373 1468 5427 sicut
1515 5375 1571 5427 et
1621 5372 1753 5427 alibi
1793 5390 1804 5427 :

160 5446 413 5498 Attamen
446 5458 560 5496 non
594 5456 741 5514 mea,
772 5441 863 5514 sed
888 5447 983 5497 tua
1016 5445 1267 5499 voluntas
1297 5445 1413 5514 ﬁat.

226 5516 371 5584 (290)
394 5514 481 5567 En
506 5510 1037 5584 praeclarissimum
1061 5516 1263 5571 orandi
1297 5510 1555 5571 modum.

227 5583 374 5655 (300)
404 5583 588 5655 Vulg.
614 5584 871 5655 postulat.

226 5653 373 5728 (301)
403 5656 467 5712 1n
501 5653 709 5724 autog.
739 5653 859 5711 loco
890 5656 1072 5729 aliquo
1120 5660 1203 5716 vel
1252 5658 1507 5731 alicujus,
1555 5657 1635 5714 uti
1686 5674 1811 5713 ver-

1918 4682 2007 4731 est
2039 4694 2052 4731 :
2086 4678 2227 4732 dum
2259 4676 2416 4732 enim
2440 4676 2497 4730 in
2523 4675 2773 4730 novitate
2802 4676 3016 4732 mentis
3050 4680 3263 4733 nostris
3292 4677 3563 4733 reforma-

1918 4782 2069 4833 mur,
2102 4769 2376 4821 exuentes
2402 4781 2507 4819 nos
2530 4769 2779 4820 veterem
2819 4763 3137 4833 hominem,
3162 4782 3297 4822 cum
3328 4767 3560 4825 actibus

1915 4945 2067 5020 hum
2087 4944 2331 5020 indigere
2361 4941 2728 5020 expostulare
2758 4943 3007 5015 videtur,
3042 4944 3256 5018 legitur
3281 4948 3513 5020 aliquid.

1985 5016 2130 5087 (302)
2163 5014 2633 5087 Subintelligitur
2661 5024 2757 5087 est.

1984 5084 2129 5157 (303)
2142 5090 2434 5171 Jungatur
2450 5084 2908 5171 “praeclarissima
2930 5086 3563 5171 isthaegninterpretatio

1915 5156 2049 5213 cum
2080 5156 2301 5228 ea,qua:
2335 5157 2500 5211 initio
2533 5156 2776 5227 hujusce
2802 5157 3067 5228 Epistolas
3096 5159 3161 5215 fit
3190 5156 3417 5215 verbis:
3442 5160 3566 5216 0m-

1916 5230 2095 5296 nibus,
2129 5231 2224 5298 qui
2251 5238 2381 5281 sunt
2410 5230 2620 5291 Romae,
2650 5230 2865 5285 dilectis
2896 5230 3013 5297 Dei,
3059 5235 3264 5287 vacatis
3308 5230 3511 5286 sanctis
3544 5251 3563 5285 :

1917 5306 1971 5357 et
2003 5297 2149 5355 cum
2170 5300 2414 5373 his,quaz
2447 5297 2733 5373 dicuntur,
2751 5300 2996 5373 inferius
3030 5303 3100 5355 ad
3132 5302 3564 5373 interpretatio-

1920 5388 2052 5427 nem
2100 5367 2520 5423 versiculorum
2556 5370 2642 5433 11,
2679 5370 2745 5423 12
2774 5373 2832 5424 et
2858 5370 2946 5438 13,
2977 5376 3035 5426 et
3060 5367 3311 5429 maxime
3361 5388 3565 5428 eorum

1916 5443 2249 5563 verborqm,
2300 5444 2361 5492 ut
2408 5438 2707 5493 secundum
2752 5442 3065 5497 electionem
3100 5446 3440 5515 prapositum
3468 5445 3567 5499 Dei

1920 5528 2142 5563 manere
2173 5553 2183 5562 .

1920 5528 2183 5567 maneret.

1985 5583 2140 5651 (304)
2172 5580 2254 5634 En
2286 5578 2683 5635 deﬁnitionem
2717 5581 3265 5649 praedestinationis.

1992 5650 2137 5727 (305)
2165 5651 2245 5707 En
2277 5650 2545 5724 gratuitae
2574 5652 2775 5722 gratias
2804 5657 3099 5709 naturam.
