3996 6232
137 387 252 449 213

749 384 1169 447 EXPOSITIO
1214 386 1292 447 IN
1338 382 1764 445 EPISTOLAS
1811 380 2171 444 PAULL—
2200 383 2277 445 IN
2321 384 2572 447 EPIST.
2618 387 2723 447 AD
2768 384 2959 449 ROM.

3439 388 3554 449 2M

143 521 371 592 bis,quis
399 526 601 576 contra
633 535 737 574 nos
757 524 782 572 .9
814 523 954 574 Ecce
986 520 1246 574 mundus
1276 523 1433 574 totus
1466 523 1669 574 contra
1692 535 1793 574 vos
1823 517 1879 581 Α
1909 523 1995 591 Et,
2031 522 2169 594 quia
2198 525 2422 592 poterat
2444 521 2779 592 responderi
2810 536 2823 575 :
2862 517 3351 592 Homo,angelus,
3378 523 3549 590 Deus,

143 610 370 677 fremit;
421 608 835 679 excogitantur
876 626 1097 680 parum;
1148 609 1393 663 diversis
1441 608 1795 663 cruciatibus

141 718 381 773 corpora
410 705 613 755 vestra
662 699 1020 753 atﬁciuntur.
1054 699 1124 753 Ut
1156 715 1289 768 ergo
1322 716 1451 753 vera
1490 716 1636 763 esse,
1669 716 1795 769 quae

142 791 389 857 dixerat,
417 788 864 844 evidentissimo
883 788 1231 842 documento
1264 789 1553 859 probaret,
1586 787 1796 855 adjecit

141 880 196 934 in
230 881 500 951 ipsorum
526 882 853 948 martyrum
886 894 1020 932 voce
1047 896 1058 931 :
1086 878 1191 944 Qui
1220 880 1389 931 etiam
1418 879 1637 947 pmprio
1659 878 1796 930 Filio

139 986 243 1024 non
274 970 537 1040 perpecit,
570 968 670 1022 sed
715 983 814 1037 pro
844 967 999 1021 nobis
1026 970 1278 1021 omnibus
1320 967 1554 1021 tradidit
1584 968 1743 1021 illum
1778 984 1794 1019 :

138 1056 401 1128 quomodo
431 1072 538 1111 non
568 1058 737 1110 etiam
756 1072 883 1110 cum
906 1057 1000 1109 illo
1031 1057 1185 1111 nobis
1215 1059 1401 1109 omnia
1431 1057 1651 1110 donavit
1672 1062 1695 1108 ν
1718 1064 1794 1109 Ac

140 1147 187 1201 si
214 1146 416 1201 dicant
450 1162 464 1198 :
502 1145 646 1198 Hine
678 1162 814 1199 vera
844 1162 972 1199 esse
1002 1146 1343 1215 probamus,
1368 1162 1494 1215 qum
1523 1144 1793 1207 dicimus,

141 1235 423 1306 quoniam
449 1239 597 1289 Deus
630 1234 774 1288 adeo
800 1251 902 1288 nos
925 1233 1143 1297 dilexit,
1172 1240 1232 1287 ut
1258 1234 1488 1304 proprio
1514 1233 1654 1287 Filio
1681 1251 1792 1287 non

144 1327 433 1395 parceret,
467 1323 563 1377 sed
598 1340 701 1393 pro
731 1322 899 1377 nobis
931 1322 1096 1377 illum
1132 1323 1383 1377 traderet
1417 1341 1429 1377 :
1463 1324 1635 1387 unde,
1664 1322 1794 1376 licet

146 1429 393 1483 corpora
411 1417 605 1467 nostra
624 1411 682 1465 in
709 1412 972 1482 praesenti
992 1410 1632 1477 crucientur,Dominus
1661 1412 1795 1466 libe-

148 1508 307 1557 rator
335 1505 390 1556 et
420 1505 723 1571 susceptor
743 1505 957 1567 uoster,
987 1506 1043 1556 et
1066 1500 1291 1556 animas
1313 1502 1384 1555 ad
1418 1502 1677 1572 requiem
1707 1502 1793 1554 in-

150 1591 394 1661 ducit,et
414 1592 768 1662 quandoque
788 1608 1032 1663 corpora
1059 1591 1402 1645 resuscitata
1424 1590 1790 1659 gloriﬁcabit.

218 1682 425 1753 Igitur,
460 1681 596 1751 quia
626 1697 831 1736 omnes
862 1681 1060 1735 ﬁdeles
1090 1681 1342 1751 adoptivi
1376 1685 1513 1735 sunt
1546 1680 1645 1733 ﬁlii
1674 1680 1792 1747 Dei,

149 1769 456 1840 praemisit,
500 1770 569 1823 ad
620 1786 820 1824 eorum
870 1769 1274 1829 differentiam,
1325 1771 1554 1840 proprio
1605 1787 1622 1821 :
1680 1786 1793 1838 quo

1906 613 2119 682 adjecit
2152 628 2163 666 :
2200 614 2358 675 Deus,
2389 614 2484 682 qui
2506 612 3269 682 justi/immitti);tanquam
3304 611 3547 667 diceret:

1908 702 2131 773 Liquet,
2161 702 2299 772 quia
2346 702 2608 771 angelus,
2647 706 2747 755 aut
2794 702 2968 755 homo
3018 716 3132 754 non
3182 705 3389 771 potest.
3439 701 3547 756 Sed

1907 791 2168 861 nunquid
2207 791 2379 849 Deus.
2414 790 2510 861 qui
2540 790 2871 859 justiﬁcat?
2892 794 3015 843 Non
3041 806 3054 843 :
3090 807 3246 855 nam,
3273 790 3372 861 qui
3392 790 3549 846 venit

1898 881 2243 949 justiﬁeare,
2280 879 2437 933 nullo
2472 880 2641 933 modo
2674 879 2992 933 accusabit.
3027 879 3187 934 Unde
3218 884 3273 934 et
3302 879 3503 934 subdit
3533 897 3546 935 :

1907 973 2038 1039 Quis
2074 980 2148 1023 est
2179 972 2275 1039 qui
2316 970 2675 1023 condmnnet?
2722 969 2967 1034 Rursus,
3023 969 3162 1039 quia
3210 969 3547 1040 responderi

1906 1061 2093 1131 potuit
2126 1077 2138 1112 :
2173 1059 2448 1127 Angelus,
2484 1058 2983 1123 homo,Christus,
3018 1058 3548 1114 addidit:Christus

1902 1150 2066 1211 Iesus,
2107 1154 2215 1202 etc.
2250 1150 2325 1201 Ac
2377 1148 2422 1199 si
2458 1148 2673 1201 diceret
2706 1166 2716 1201 :
2753 1151 2934 1201 Homo
2984 1152 3040 1201 et
3088 1146 3353 1217 angelus,
3390 1165 3546 1215 non;

1906 1240 2003 1293 sed
2030 1256 2131 1291 nec
2155 1238 2455 1291 Christus:
2484 1254 2619 1291 nam
2653 1253 2800 1307 quos
2826 1237 2968 1290 adeo
2996 1234 3216 1299 dilexit,
3252 1240 3316 1290 ut
3340 1253 3441 1307 pro
3463 1237 3547 1291 eis

1904 1328 2042 1383 talia
2066 1331 2503 1398 pateretur,non
2528 1326 2898 1391 condemnat,
2924 1340 3028 1379 nec
3060 1325 3549 1397 accusat.0uippe

1905 1434 2019 1471 non
2052 1416 2403 1470 condemnat
2435 1415 2535 1485 qui
2564 1415 2719 1468 venit
2762 1414 2989 1469 salvum
3043 1415 3228 1468 facere
3259 1413 3414 1485 quod
3448 1430 3547 1485 pe-

1906 1506 2079 1559 rierat
2111 1508 2259 1574 (Luc.
2308 1522 2421 1567 x1x,
2460 1506 2565 1573 to).
2606 1509 2752 1557 Sane
2802 1508 3026 1559 veteres
3057 1504 3207 1558 inter
3250 1506 3551 1575 perconta-

1906 1595 2121 1649 tionem
2153 1599 2208 1647 et
2230 1594 2745 1663 interrogationem
2774 1592 2880 1646 hoc
2910 1608 3037 1647 esse
3057 1590 3552 1663 voluerunt,quod

1906 1684 1976 1737 ad
2023 1683 2519 1753 percontationem
2560 1682 2745 1735 multa
2794 1686 3042 1752 possunt
3087 1681 3445 1753 responderi,
3480 1680 3551 1735 ad

1906 1772 2418 1841 interrogationem
2450 1788 2605 1835 vero,
2628 1788 2840 1825 unum:
2866 1775 2965 1825 aut
2999 1776 3106 1835 est,
3131 1776 3233 1826 aut
3266 1787 3401 1825 non.
3431 1770 3551 1825 Sub

147 1858 306 1913 dicto
338 1858 613 1923 ostendit,
649 1858 924 1928 quoniam
956 1857 1123 1912 aliter
1151 1863 1239 1912 est
1272 1858 1364 1911 ille
1398 1858 1594 1923 Filius,
1630 1856 1797 1911 aliter
1834 1887 1878 1949 Β
1909 1861 2345 1931 percontatione
2376 1876 2511 1928 ergo
2542 1859 2767 1912 dictum
2800 1864 2923 1913 est:
2949 1859 3261 1913 Aceusabit
3290 1858 3505 1913 electos
3536 1875 3549 1912 :

147 1947 249 2001 illi.
287 1946 432 2001 Ecce
493 1952 685 2001 autem
722 1948 861 2001 dicit
894 1946 1229 2018 Apostolus,
1266 1948 1403 2017 quia
1454 1952 1601 2002 Deus
1636 1947 1802 2000 Pater

150 2034 358 2089 Filium
382 2035 664 2099 tradidit;
703 2052 816 2089 non
845 2040 1035 2090 autem
1058 2036 1183 2107 ipse
1214 2036 1393 2097 solus,
1423 2038 1520 2091 sed
1545 2040 1599 2089 et
1622 2035 1801 2090 Filius

150 2128 201 2179 et
229 2123 482 2195 Spiritus
532 2130 776 2179 sanctus
803 2143 814 2189 ;
851 2126 1127 2194 quoniam
1152 2126 1330 2179 totius
1360 2125 1660 2179 Trinitatis
1688 2141 1804 2178 una

150 2216 236 2267 est
264 2213 549 2284 operatio.
582 2212 845 2267 Tradidit
871 2230 1003 2268 eum
1031 2213 1206 2267 etiam
1235 2214 1421 2268 Judas
1455 2231 1467 2267 :
1504 2213 1641 2284 quid
1668 2229 1802 2281 ergo

155 2301 435 2372 peccavit,
467 2301 517 2355 si
550 2302 658 2355 hoc
716 2302 850 2372 egit,
878 2304 1031 2372 quod
1063 2307 1253 2369 Pater,
1286 2307 1341 2357 et
1372 2302 1571 2367 Filius,
1597 2308 1653 2356 et
1674 2302 1804 2373 Spi-

156 2390 305 2443 ritus
338 2396 581 2445 sanctus
604 2392 631 2443 ‘?
661 2391 923 2445 Peccavit
970 2408 982 2443 :
1043 2392 1322 2461 quoniam
1372 2392 1615 2454 bonum,
1651 2391 1805 2461 quod

158 2478 328 2533 nobis
360 2494 464 2549 per
511 2479 637 2549 ejus
686 2479 1018 2550 passionem
1072 2479 1348 2535 collatum
1398 2485 1505 2547 est,
1553 2497 1664 2533 non
1700 2480 1807 2534 hoc

163 2567 347 2622 Judas
378 2567 584 2637 voluit,
620 2585 734 2623 non
766 2568 1155 2635 desideravit;
1190 2570 1308 2623 imo
1354 2569 1602 2623 avaritiae
1634 2586 1810 2623 causa

164 2656 421 2711 tradidit.
453 2660 536 2711 Ac
585 2674 687 2728 per
735 2656 844 2711 hoc
891 2658 1077 2722 Pater,
1120 2662 1175 2713 et
1224 2658 1421 2723 Filius,
1454 2664 1511 2713 et
1558 2658 1809 2729 Spiritus

167 2751 400 2800 sanctus
434 2764 556 2801 sua:
591 2746 793 2817 gratia:
828 2746 1060 2801 laudem
1092 2751 1429 2814 merentur;
1462 2748 1647 2802 Judas
1676 2764 1807 2801 vero

164 2851 277 2889 sum
310 2836 569 2890 avaritiae
603 2836 927 2890 mercedem
959 2836 1193 2907 recepit.

230 2925 505 2996 Sequitur
555 2941 569 2979 :
626 2925 902 2993 Quomodo
948 2942 1057 2980 non
1103 2927 1267 2980 etiam
1322 2942 1447 2979 cum
1498 2926 1592 2979 illo
1650 2926 1809 2980 nobis

163 3016 341 3069 omnia
372 3014 643 3069 donavit?
673 3014 741 3067 Et
774 3019 859 3068 est
891 3030 1099 3069 sensus
1130 3031 1141 3068 :
1172 3014 1249 3077 Si,
1277 3014 1431 3084 quod
1478 3016 1669 3083 majus
1700 3019 1807 3079 est,

164 3103 314 3171 fecit,
348 3104 648 3173 quomodo
683 3120 799 3157 non
830 3102 1001 3157 etiam
1048 3104 1201 3174 quod
1231 3102 1427 3157 minus
1458 3107 1546 3158 est
1565 3106 1591 3156 ‘t
1624 3104 1809 3173 Majus

162 3192 371 3263 quippe
404 3192 541 3255 fuit,
574 3192 731 3262 quod
755 3208 857 3262 pro
890 3192 1056 3247 nobis
1090 3191 1299 3247 Filium
1331 3210 1503 3247 suum
1538 3193 1803 3258 tradidit’;

1914 1951 2043 2017 Quis
2072 1949 2347 2004 accusabit
2379 1949 2638 2001 adversus
2667 1948 2861 2001 electos
2891 1949 2993 2001 Dei
3021 1948 3168 2016 (317)
3193 1963 3206 2010 ;
3241 1947 3350 2000 sub
3372 1946 3555 2000 inter-

1915 2038 2210 2107 rogatione
2239 2053 2394 2101 vero,
2427 2038 2563 2089 Deus
2612 2038 2709 2106 qui
2737 2035 3019 2102 iustiﬁcat,
3052 2033 3554 2104 (subintelligitur,

1914 2128 2067 2197 non).
2104 2127 2241 2180 Item
2299 2124 2689 2195 percontando
2723 2140 2734 2176 :
2774 2125 2903 2190 Quis
2944 2126 3022 2177 est
3052 2124 3148 2193 qui
3194 2122 3560 2177 condemnet?

1918 2214 2331 2285 Interrogando
2382 2218 2577 2267 autem
2614 2230 2625 2267 :
2663 2211 2909 2266 Christus
2958 2216 3137 2278 Jesus,
3171 2214 3267 2281 qui
3311 2214 3561 2266 mortuus

1915 2308 2042 2359 est?
2071 2306 2181 2359 Imo
2211 2304 2304 2373 qui
2333 2312 2385 2358 et
2415 2303 2717 2356 resurrexit
2742 2304 2766 2353 .9
2797 2302 2904 2368 Qui
2946 2308 3020 2355 est
3049 2300 3124 2355 ad
3154 2300 3437 2353 dexteram
3470 2300 3565 2353 Dei

1916 2395 2150 2448 Patris?
2183 2394 2288 2460 Qui
2318 2394 2484 2446 etiam
2536 2391 2855 2461 interpellat
2900 2405 2998 2460 pro
3046 2389 3200 2443 nobis
3227 2388 3424 2457 (318)?
3454 2386 3563 2441 Ubi

1919 2500 2020 2554 per
2049 2483 2246 2536 omnia
2291 2480 2761 2535 subaudiendum
2794 2482 2883 2533 est
2927 2494 3055 2532 non.
3091 2476 3357 2532 Christus
3387 2475 3567 2545 igitur

1919 2573 2130 2627 sedens
2152 2571 2221 2625 ad
2251 2572 2544 2624 dexteram
2573 2568 2782 2633 Patris,
2803 2566 2859 2621 id
2894 2570 2981 2621 est
3003 2563 3060 2620 in
3084 2564 3414 2637 aequalitate
3435 2565 3565 2635 ejus

1920 2678 2186 2725 manens,
2220 2660 2451 2713 duobus
2484 2658 2674 2711 modis
2706 2674 2808 2728 pro
2842 2655 3041 2710 electis
3073 2654 3441 2726 interpellat:
3473 2652 3565 2709 vel

1920 2750 2057 2821 quia
2086 2749 2458 2820 fragilitatem
2508 2751 2715 2801 nostrae
2764 2745 2957 2801 carnis
2988 2743 3313 2816 assumpsit
3354 2744 3412 2797 in
3444 2760 3567 2798 sua:

1921 2855 2179 2909 personas
2212 2838 2495 2891 unitatem
2545 2835 2631 2891 vel
2685 2834 2823 2906 quia
2868 2851 3055 2905 genus
3104 2850 3221 2890 suae
3272 2830 3565 2904 passionis

1919 2927 2075 2981 Patri
2106 2926 2379 2981 ostendit.
2412 2926 2563 2980 Dum
2595 2924 2751 2979 enim
2774 2923 3072 2978 cicatrices
3100 2922 3567 2993 vulnerumque:

1920 3018 1976 3071 in
2010 3033 2179 3070 cruce
2212 3015 2490 3085 suscepit,
2516 3014 2631 3068 Deo
2666 3012 2821 3067 Patri
2852 3012 3129 3082 ostendit,
3154 3015 3441 3082 quantum
3466 3025 3575 3065 nos

1920 3105 2203 3171 dilexerit,
2240 3122 2341 3176 pro
2384 3104 2600 3174 quibus
2632 3102 2752 3156 haec
2783 3101 3041 3173 pertulit,
3076 3100 3433 3155 manifestat.
3468 3099 3575 3154 Be-

1922 3200 2055 3249 atus
2085 3211 2217 3249 vero
2247 3192 2612 3263 Augustinus
2630 3190 3076 3260 dicit,quoniam
3102 3193 3275 3259 caput
3306 3192 3573 3243 nostrum

162 3283 355 3335 omnia
385 3284 586 3336 autem
620 3281 879 3345 donavit,
903 3282 1057 3351 quod
1086 3282 1281 3336 minus
1314 3286 1419 3347 est,
1448 3298 1581 3336 cum
1614 3281 1807 3352 ipsum
1842 3250 1884 3315 C
1924 3301 2026 3355 pro
2059 3283 2227 3336 nobis
2274 3279 2622 3349 interpellat,
2656 3280 2797 3331 dum
2829 3278 2941 3331 alia
2993 3276 3258 3330 membra
3288 3293 3394 3331 sua
3426 3277 3578 3330 reci-

163 3370 328 3424 nobis
361 3370 546 3437 dedit,
583 3369 640 3423 in
675 3380 791 3440 quo
823 3375 960 3424 sunt
988 3371 1204 3425 omnia.
1232 3372 1341 3425 Sed
1374 3388 1499 3441 qua)
1530 3376 1670 3425 sunt
1693 3371 1808 3425 hmo

163 3459 406 3513 omnia?
440 3459 723 3527 Nunquid
756 3459 985 3513 donavit
1018 3459 1184 3514 nobis
1216 3460 1473 3529 angelos,
1509 3465 1572 3513 ut
1602 3459 1685 3514 eis
1707 3460 1807 3514 do-

164 3548 515 3601 minemur?
545 3546 694 3611 Non,
730 3548 1002 3617 quoniam
1046 3547 1197 3603 sicut
1241 3548 1363 3619 ipse
1395 3548 1452 3601 in
1504 3548 1809 3619 Evangelia

164 3636 309 3690 dicit
361 3652 374 3688 :
428 3637 607 3689 Erunt
660 3636 902 3691 homines
949 3638 1160 3704 angelis
1216 3638 1457 3707 aequales
1504 3639 1655 3707 (Luc.
1714 3655 1805 3702 xx,

163 3725 271 3789 36;
304 3724 493 3779 Matth.
546 3741 684 3789 xxu,
717 3726 847 3794 30);
901 3726 997 3780 sed
1044 3725 1240 3780 omnia
1292 3726 1526 3779 donavit
1566 3727 1711 3795 jam,
1756 3730 1811 3779 et

164 3813 404 3868 donabit
435 3813 719 3884 quoniam
752 3814 1156 3869 remissionem
1193 3820 1557 3884 peccatorum
1584 3815 1804 3882 tribuit,

164 3906 215 3956 et
244 3903 394 3957 vires
425 3902 748 3957 resistendi
782 3902 1037 3958 adversis
1068 3928 1081 3969 ;
1112 3907 1171 3957 et
1199 3904 1616 3957 beatitudinem
1649 3903 1810 3957 dabit

162 3992 320 4062 regni
352 3991 653 4059 ccelestis;
690 4008 865 4061 quam
898 4009 1029 4046 cum
1064 3991 1729 4063 perceperimus,omnia
1752 3993 1807 4045 in

161 4078 285 4149 ipso
318 4080 783 4151 possidebimus.
817 4081 1115 4152 Siquidem
1168 4087 1368 4135 nostra
1419 4086 1591 4135 erunt
1638 4098 1807 4151 supe-

162 4168 335 4235 riora,
365 4170 434 4223 ad
492 4170 849 4223 intuendum
881 4187 893 4233 ;
924 4169 1188 4240 aequalia,
1217 4170 1286 4223 ad
1338 4170 1759 4224 convidendum
1794 4188 1805 4233 ;

163 4256 454 4325 inferiora,
491 4258 566 4313 ad
620 4257 1045 4312 dominandum
1094 4276 1106 4313 :
1161 4258 1283 4312 haec
1332 4263 1527 4313 autem
1578 4259 1811 4329 singula

161 4351 327 4400 erunt
358 4346 657 4415 omnium,
690 4349 748 4399 et
778 4346 974 4401 omnia
1003 4345 1389 4417 singulorum.

227 4434 498 4505 Sequitur
533 4451 547 4488 :
589 4435 723 4501 Quis
770 4434 1043 4489 accusabit
1073 4435 1221 4504 (315)
1252 4435 1440 4489 electos
1480 4436 1619 4489 Dei?
1651 4440 1730 4490 Ac
1762 4437 1809 4491 si

161 4520 371 4578 diceret
404 4542 416 4578 :
452 4524 605 4578 Cum
638 4523 793 4577 Deus
830 4522 1041 4578 electos
1090 4523 1605 4594 praedestinaverit,
1641 4542 1808 4580 voca-

1922 3372 2024 3442 pit,
2058 3370 2170 3425 alia
2215 3368 2486 3439 flagellat,
2521 3367 2632 3421 alia
2680 3366 2946 3431 mundat,
2980 3364 3093 3418 alia
3121 3368 3305 3429 vocat,
3338 3363 3452 3417 alia
3482 3380 3571 3418 re-

1918 3465 2104 3525 vocat,
2139 3459 2250 3513 alia
2278 3462 2453 3517 creat,
2488 3455 2601 3509 alia
2630 3453 2883 3523 corrigit,
2917 3452 3029 3507 alia
3054 3450 3428 3522 redintegrat.

2000 3550 2131 3616 Quis
2172 3564 2296 3615 ergo
2342 3561 2436 3599 nos
2466 3543 2738 3614 separabit
2768 3559 2801 3595 a
2849 3541 3119 3595 charitate
3168 3540 3265 3594 Dei
3293 3539 3490 3610 (319)?
3517 3539 3575 3595 id

1920 3643 2029 3701 est,
2064 3654 2197 3691 cum
2231 3636 2383 3689 Deus
2414 3633 2555 3687 adeo
2586 3648 2693 3686 nos
2724 3630 3009 3700 dilexerit,
3038 3633 3104 3683 ut
3131 3628 3305 3684 etiam
3333 3628 3567 3700 proprio

1922 3726 2065 3782 Filio
2097 3743 2209 3781 non
2243 3727 2521 3795 parceret,
2546 3722 2645 3776 sed
2681 3738 2784 3792 pro
2816 3719 2983 3775 nobis
3006 3718 3283 3774 omnibus
3314 3718 3572 3773 traderet

1920 3815 2172 3881 illum,et
2194 3814 2250 3866 in
2285 3813 2409 3883 ipso
2434 3810 2601 3866 nobis
2632 3809 2830 3864 omnia
2848 3810 3129 3875 donaret;
3164 3808 3223 3862 in
3248 3810 3575 3872 tantum,ut

1921 3920 2024 3957 nec
2048 3902 2437 3966 aceusari,aut
2458 3900 2846 3954 condemnare
2873 3897 3196 3969 possimus:
3224 3910 3403 3967 quare
3420 3896 3570 3965 (320)

1920 4010 2034 4047 non
2059 3994 2129 4046 ab
2149 3994 2276 4061 ejus
2300 3990 2581 4043 charitate
2603 3988 2813 4059 poterit
2831 4002 3101 4057 separare
3120 3985 3148 4038 ‘?
3180 3986 3339 4048 Quod
3364 3983 3569 4055 utique

1921 4081 2319 4153 percontando
2351 4078 2574 4131 dictum
2607 4081 2713 4130 est.
2748 4076 2907 4139 Quod
2942 4091 3075 4128 vero
3107 4072 3375 4143 sequitur
3402 4088 3413 4126 :
3451 4072 3571 4126 Tri-

1922 4172 2177 4225 bulatio?
2212 4169 2289 4221 An
2340 4166 2622 4233 angustia,
2673 4169 2779 4217 etc.
2834 4160 3252 4231 Interrogantis
3301 4174 3445 4213 sono
3490 4158 3570 4213 le-

1923 4260 2115 4331 genda
2160 4261 2319 4312 sunt.
2368 4250 2693 4309 Tribulatio
2725 4251 2922 4319 itaque
2967 4248 3178 4301 electos
3212 4264 3244 4301 a
3292 4244 3575 4301 charitate

1922 4347 2136 4404 Christi
2162 4360 2431 4415 separare
2457 4358 2567 4395 non
2595 4342 2784 4411 potest
2809 4356 2821 4405 ;
2858 4336 2992 4408 quia
3020 4335 3316 4406 sapientize
3339 4332 3487 4403 (321)
3510 4333 3570 4389 in

1920 4440 2004 4494 eis
2034 4437 2305 4490 virtutem
2353 4435 2685 4503 operantur.
2720 4426 2881 4482 Unde
2912 4423 3183 4496 superius
3216 4441 3228 4478 :
3266 4422 3570 4477 Tribulalio

1922 4527 2249 4597 patientiam
2279 4530 2541 4593 operatur
2570 4537 2588 4573 :
2622 4521 2838 4589 quanto
2872 4513 3059 4586 magis
3091 4512 3245 4568 enim
3279 4508 3566 4565 tribulan-

160 4610 319 4679 verit,
351 4617 409 4667 et
450 4611 889 4683 justiﬁcaverit,
939 4612 1069 4683 quis
1117 4630 1214 4668 eos
1246 4614 1457 4684 poterit
1496 4631 1769 4669 accusare
1790 4616 1816 4669 ?
1844 4618 1889 4681 D
1921 4621 2036 4682 tur,
2074 4619 2232 4669 tanto
2260 4610 2448 4681 magis
2480 4607 2824 4663 .dilatantur
2858 4622 2869 4659 :
2906 4604 3059 4659 unde
3110 4598 3420 4656 Psalmisla
3453 4617 3465 4654 :
3498 4603 3566 4655 In

227 4754 370 4823 (315)
404 4755 467 4809 In
500 4754 680 4825 Vulg.
713 4756 838 4824 quis
867 4756 1141 4810 accusabit
1170 4755 1427 4811 adversus
1457 4758 1665 4823 electos,
1699 4761 1807 4812 etc.

159 4826 219 4878 In
250 4833 445 4896 autog.
485 4842 619 4896 cap.
654 4825 845 4880 XXIII.

227 4897 371 4971 (31,6)
400 4902 465 4951 In
498 4901 703 4971 autog.
738 4901 870 4968 post
912 4896 1052 4971 hinc
1085 4898 1260 4953 verba
1302 4902 1511 4964 textus,
1546 4902 1686 4954 Deus
1716 4902 1813 4971 qui

148 4968 436 5036 justiﬂcat,
484 4969 659 5023 adest
707 4972 991 5040 punctum
1039 4968 1529 5040 interrogationis.
1583 4968 1812 5026 Scilicet

158 5053 279 5162 quae
311 5046 674 5111 sequuntur,
698 5041 1108 5094 demonstrant
1137 5041 1546 5113 interrogative
1578 5049 1811 5114 accepta

184 5110 334 5162 uisse
364 5111 490 5162 haec
525 5110 709 5162 verba
736 5110 809 5162 ab
848 5111 1161 5162 interprete
1192 5119 1411 5162 nostro.

184 5110 334 5165 uisse
364 5110 490 5165 haec
525 5110 709 5165 verba
736 5110 819 5183 ab,
848 5111 1161 5183 interprete
1192 5110 1411 5168 nostro.

226 5182 371 5253 (317)
400 5183 509 5255 Hic
542 5182 1187 5255 textusvidetur’zsgue
1219 5202 1282 5239 ac
1314 5185 1370 5239 in
1404 5185 1574 5255 Vulg.
1611 5185 1810 5238 adver-

157 5250 313 5327 bium
340 5250 617 5308 adversus
650 5251 902 5322 recipere
930 5271 939 5307 :
966 5253 1055 5327 ita
1071 5250 1223 5309 enim
1258 5250 1812 5327 scriptusvcompen-

159 5322 311 5378 diose
357 5330 484 5379 est:
539 5341 622 5394 qs.
658 5342 711 5397 a.
744 5342 803 5397 _a.
837 5341 883 5378 c.
936 5326 1016 5391 di,
1063 5344 1311 5397 quarum
1366 5322 1693 5382 i'nitialium’
1725 5328 1812 5381 lit-

158 5396 409 5449 terarum
444 5396 714 5450 secunda
744 5394 933 5451 littera
962 5415 994 5451 α
1038 5394 1269 5453 nonnisi
1302 5402 1557 5454 adversus
1589 5399 1810 5469 signiﬁ-

161 5482 284 5520 care
316 5472 534 5537 potest.

228 5535 374 5615 (318)
402 5537 633 5615 Dmnia
666 5535 785 5615 haec
818 5543 1028 5607 puncta
1059 5541 1528 5615 interrogationis
1562 5544 1615 5615 in
1640 5542 1809 5615 Vulg.

163 5623 273 5734 g2?
308 5610 648 5691 habentur.
714 5608 781 5661 Et
828 5614 956 5679 post
1005 5612 1243 5669 verbum
1281 5608 1393 5670 "Dei
1439 5632 1550 5669 non
1604 5608 1815 5685 legitur

263 5698 359 5734 ris.

263 5698 359 5736 νιδ.

1992 4756 2137 4828 (319)
2168 4752 2338 4825 Vulg.
2373 4752 2597 4828 Christi.
2829 4819 2839 4828 _

1994 4813 2139 4899 (320')
2176 4813 2461 4893 Fortasse,
2496 4824 2613 4899 imo
2657 4816 3069 4899 verosimilius,
3098 4815 3223 4871 loco
3273 4831 3441 4899 quare
3486 4813 3569 4897 le-

1920 4892 2177 4971 gendum
2214 4913 2335 4969 qua:
2365 4892 2497 4961 res;
2530 4894 2611 4948 uti
2645 4909 2711 4947 ex
2742 4892 2856 4961 his,
2879 4907 3006 4961 quae
3037 4894 3388 4960 sequuntur,
3412 4892 3567 4943 erui-

1918 4980 2032 5026 tur.

1992 5042 2138 5111 (3'21)
2168 5041 2247 5094 Ex
2279 5039 2391 5107 his,
2418 5054 2553 5111 quae
2575 5037 2923 5111 sequuntur,
2938 5031 3211 5111 mendam
3243 5047 3373 5111 esse
3393 5046 3524 5085 reor
3550 5048 3563 5086 :

1921 5118 1977 5168 et
1997 5101 2133 5168 loco
2147 5113 2359 5182 sapient
2369 5101 2451 5173 ina,
2460 5101 2963 5182 patientiaepotius
2988 5101 3569 5182 legendum.Verum-

1922 5191 2116 5239 tamen
2150 5174 2324 5236 etiam
2347 5174 2635 5251 patientia:
2654 5174 2874 5251 optima
2912 5174 3080 5229 lectio
3112 5174 3226 5251 dici
3250 5176 3445 5243 posset
3465 5188 3571 5251 per

1922 5241 2511 5326 argumentatio-nem,
2531 5250 2576 5304 si
2606 5241 2934 5326 conferatur
2959 5261 3090 5326 cum
3112 5244 3203 5299 his
3236 5241 3361 5326 qua:
3393 5241 3569 5314 paulo

1922 5314 2377 5397 superiusdicta
2414 5328 2549 5397 sunt
2583 5337 2594 5373 :
2630 5337 2762 5397 nam
2801 5314 3345 5397 _tribulationes,iut‘
3389 5331 3571 5395 supra

1923 5384 2139 5469 oplime
2167 5395 2544 5469 observatum.
2568 5392 2886 5469 est,doctos
2905 5404 3011 5469 nos
3030 5387 3251 5469 faciunt
3278 5386 3348 5466 ad
3378 5384 3569 5469 magis

1925 5456 2236 5537 magisque
2262 5480 2424 5533 {equo
2456 5460 2649 5537 animo
2676 5459 3066 5537 _loleran_dum,
3091 5463 3146 5513 et
3171 5474 3282 5537 nos
3316 5456 3564 5537 in_Chri-

1924 5541 1996 5595 sti
2025 5527 2356 5616 imitatione
2379 5530 2821 5616 perliciendum,
2858 5532 3101 5599 ejusque
3133 5527 3324 5600 gloria}
3357 5528 3567 5598 dignos

1924 5608 2237 5684 participes
2270 5600 2397 5661 ﬁeri
2425 5600 2816 5659 efliciendum.
