3996 6232
368 381 487 444 Siti

373 515 731 573 tribulatione
777 513 1027 571 dilatasti
1071 530 1157 569 me
1203 515 1374 586 (Psal.
1430 532 1503 584 ιν,
1551 518 1653 584 2);

376 607 732 663 tribulatione
778 605 1027 660 invocavi
1074 606 1383 669 Dominum,
1413 609 1461 659 et
1501 607 1788 660 exaudivit
1832 622 1917 661 me
1960 608 2019 661 in

378 694 668 752 latitudine
714 694 891 764 (Psal.
944 710 1112 758 cxvn,
1159 694 1236 763 5).
1286 694 1555 761 Angustia
1605 713 1717 749 non
1776 699 2015 766 potest;

378 783 536 856 quia,
564 786 784 857 quanto
836 781 1022 853 magis
1069 782 1501 853 augustiantur,
1554 788 1714 836 tanto
1766 783 2019 854 amplius

376 872 823 945 gaudent.Unde
845 871 899 926 in
932 870 1175 924 Actibus
1194 871 1587 941 apostolorum
1618 871 2016 942 logitur,quia:

375 963 533 1017 Ibant
562 979 596 1017 a
623 965 904 1032 con3peclu
944 961 1167 1014 concilii
1210 960 1529 1031 gaudentes,
1562 964 1822 1030 quoniam
1864 961 2023 1027 (ligni

376 1051 552 1106 habiti
578 1054 705 1105 sunt
746 1064 849 1120 pro
890 1050 1111 1103 nomine
1156 1051 1282 1104 Jesu
1331 1051 1683 1104 contumelias
1729 1052 1848 1120 pati
1880 1052 2015 1119 (Aet.

373 1157 428 1209 v,
462 1140 569 1210 41).
624 1139 765 1193 Hinc
814 1137 1066 1192 Jacobus
1103 1155 1115 1193 :
1152 1140 1321 1192 Omne
1370 1139 1641 1210 gaudium
1688 1141 2021 1203 existimate,

370 1231 597 1300 fratres,
628 1243 754 1281 cum
784 1228 843 1281 in
876 1229 1210 1281 tentationcs
1258 1229 1445 1282 varias
1480 1228 1783 1283 i-ncidcritis
1814 1230 1945 1297 (Jac.
1983 1246 2021 1295 1,

369 1316 453 1387 2).
495 1316 805 1372 Persecutio
836 1332 951 1370 non
986 1319 1218 1387 potest;
1252 1315 1386 1386 quia
1418 1317 1557 1371 dum
1592 1319 2025 1387 persecutiones

373 1403 1001 1475 patiuntur,beatiores
1034 1404 1561 1459 efﬁciuntur.Unde
1594 1405 1715 1476 ipse
1744 1406 2028 1461 Dominus

373 1490 435 1546 in
466 1489 777 1562 Evangelio
813 1506 827 1544 :
864 1492 1017 1545 Beati
1046 1492 1219 1557 eritis,
1247 1509 1372 1545 cum
1399 1494 1671 1563 persecuti
1699 1510 1788 1547 vos
1818 1492 2029 1564 fuerint

377 1579 643 1645 homines,
676 1587 727 1634 et
774 1578 1168 1634 matedixerint
1216 1582 1363 1635 vobis
1412 1581 1618 1651 (Matth.
1672 1599 1724 1649 v,
1762 1583 1821 1635 11
1852 1599 1865 1647 ;
1900 1583 2025 1636 Luc.

379 1684 460 1734 v1,
491 1668 608 1739 22),
637 1672 746 1722 etc.
778 1669 971 1723 Fames
1004 1684 1278 1738 corporea
1310 1686 1423 1723 non
1468 1673 1659 1741 potest
1686 1695 1699 1733 ;
1732 1669 1889 1741 quia,
1922 1670 2029 1724 etsi

381 1772 597 1829 corpus
627 1756 881 1812 inediam
930 1756 1146 1811 sentiat
1192 1758 1464 1825 exterius,
1497 1759 1655 1813 intus
1704 1764 1898 1813 tamen
1932 1757 2030 1813 illo

384 1844 605 1901 caalesti
634 1861 781 1916 pane
811 1845 1086 1910 reﬁcitur,
1119 1845 1218 1916 qui
1270 1846 1339 1899 de
1369 1861 1431 1901 se
1459 1846 1587 1917 ipso
1619 1847 1735 1901 ait:
1771 1849 1879 1915 Ego
1910 1864 2031 1902 sum

377 1935 543 2006 panis
570 1935 743 2004 vivus,
775 1935 873 2005 qui
899 1933 965 1988 de
991 1934 1120 1988 caelo
1148 1934 1400 1990 descendi
1441 1938 1628 2003 (Joan.
1662 1953 1737 2002 LI,
1765 1938 1878 2008 52).
1913 1940 2025 1991 Nu-

379 2022 523 2079 ditas
550 2039 665 2078 non
696 2021 879 2091 valet;
923 2022 1080 2093 quia,
1112 2022 1248 2078 licet
1290 2023 1523 2095 frigoris
1566 2028 1861 2096 torporem
1892 2042 2025 2080 sen-

377 2109 546 2177 tiant,
573 2110 707 2183 igne
736 2109 1039 2166 charitatis
1068 2110 1453 2179 incalescunt,
1488 2114 1559 2168 de
1589 2131 1705 2184 quo
1740 2114 2024 2171 Dominus

374 2198 516 2255 dicit
545 2217 558 2256 :
591 2202 778 2269 Ignem
807 2216 925 2255 veni
956 2203 1169 2255 mittere
1212 2203 1273 2255 in
1322 2212 1528 2257 terram
1576 2204 1728 2273 (Luc.
1780 2221 1879 2272 xu,
1912 2205 2021 2274 49),

374 2291 432 2344 et
458 2304 563 2360 spe
583 2288 710 2360 jam
742 2287 896 2343 stola
938 2288 1397 2344 immortalitatis
1447 2290 1635 2344 vestiti
1670 2296 1827 2345 sunt.
1870 2292 2023 2346 Peri-

373 2378 560 2433 culum
589 2393 706 2432 non
736 2379 962 2448 potest;
996 2376 1135 2446 quia
1160 2377 1371 2431 ﬁrmati
1398 2394 1574 2447 super
1606 2379 2024 2433 solidissimum

374 2464 510 2520 ﬁdei
540 2469 788 2535 petram,
820 2463 1106 2535 quidquid
1142 2465 1382 2534 periculi
1415 2468 1734 2536 patiuntur,
1768 2472 2024 2522 contem-

377 2552 634 2625 platione
682 2552 845 2609 illius
891 2553 1052 2619 boni,
1104 2554 1259 2624 quod
1308 2556 1603 2627 accepturi
1632 2562 1793 2612 sunt.
1859 2557 2021 2613 Unde

378 2641 697 2699 Psalmista
730 2659 744 2701 :
776 2642 980 2697 Statuit
1007 2659 1176 2713 supra
1222 2648 1436 2713 petram
1476 2647 1641 2714 pedes
1674 2662 1816 2701 meos
1848 2646 2022 2717 (Psat.

381 2747 573 2797 XXXIX,
603 2730 679 2799 3).
714 2731 957 2788 Gladius
987 2730 1307 2786 materialis
1339 2748 1453 2786 non
1484 2738 1711 2803 potest;
1746 2736 2024 2805 quoniam

384 2819 604 2877 habent
632 2818 896 2891 gladium
925 2820 1086 2875 verbi
1121 2820 1369 2891 Dei,quo
1387 2827 1667 2892 superant
1698 2823 1896 2878 omnia
1916 2823 2029 2878 tela

385 2905 735 2980 nequissimi
765 2906 954 2980 ignea.
1007 2907 1168 2963 Unde
1196 2907 1512 2979 Apostolus
1560 2909 1697 2964 alibi
1728 2927 1740 2963 :
1779 2911 2031 2966 Gladium

382 2997 633 3069 spiritus,
666 2995 806 3068 quod
833 3001 913 3051 est
940 2997 1165 3052 verbum
1199 2998 1304 3052 Dei
1333 2998 1548 3069 (Ep/aes.
1582 3016 1655 3069 v1,
1690 3001 1773 3070 17)
1804 3000 2025 3071 (subin-

385 3083 685 3157 telligitur,
717 3086 1018 3157 suscipite).

457 3172 530 3229 Ut
555 3177 751 3229 autem
782 3173 890 3229 hoc
920 3174 1213 3245 praphetze
1236 3175 1571 3232 testimonio
1602 3179 2027 3248 comprobaret,

1389 382 1726 444 ATTONIS
1771 381 2228 443 VERCELLEN
2240 379 2353 443 SIS
2400 379 2755 444 EPISGOPI

3662 384 3791 445 216

1703 516 1841 570 item
1899 534 1911 570 :
1954 518 2017 571 In
2045 518 2101 579 Α
2132 514 2321 585 perior
2352 518 2459 569 est.
2489 514 2918 585 Superaverunt
2946 530 3082 587 ergo
3113 514 3322 586 sancti,
3344 515 3787 587 quoniam,non

2128 602 2372 657 vivendo
2404 604 2541 659 victi
2575 610 2733 672 sunt,
2767 606 2866 659 sed
2895 605 3195 660 moriendo
3212 604 3463 676 gloriose
3492 606 3789 662 vicerunt.

2128 692 2310 757 Quod,
2339 709 2451 745 non
2485 708 2687 746 eorum
2712 692 2955 763 meritis,
2978 711 3094 748 non
3126 693 3367 759 viribus,
3393 694 3492 749 sed
3520 694 3623 749 Dei
3645 712 3791 765 gra-

2129 780 2211 833 tia
2242 780 2620 835 tribuendum
2652 790 2736 835 est
2768 783 2936 851 (324).
2972 782 3133 837 Unde
3163 782 3474 853 Apostolus
3504 784 3737 839 addidit
3771 800 3786 838 :

2130 872 2361 939 Propter
2389 886 2513 924 eum
2545 870 2642 939 qui
2688 871 2891 926 dilexit
2918 887 3034 925 nos.
3092 871 3292 943 Igitur,
3326 871 3466 942 quia
3507 873 3792 942 superius

2130 957 2318 1011 dixit:
2356 960 2485 1025 Quis
2513 975 2611 1013 nos
2657 961 2929 1030 separabit
2967 977 3002 1013 a
3050 960 3321 1016 charitate
3368 964 3513 1016 Dei?
3553 961 3630 1016 Ut
3678 961 3796 1017 hoc

2132 1048 2325 1118 potius
2367 1050 2707 1114 afﬁrmaret,
2761 1050 3015 1119 adjecit:
3053 1050 3241 1105 Certus
3287 1068 3406 1106 sum
3457 1052 3607 1106 enim
3637 1052 3798 1121 quod

2130 1154 2302 1207 neque
2330 1154 2495 1202 mors,
2526 1156 2699 1208 neque
2728 1140 2859 1201 vita,
2893 1144 3000 1194 etc.
3033 1141 3111 1193 Ac
3142 1138 3190 1195 si
3223 1140 3439 1195 diceret
3474 1157 3487 1193 :
3523 1142 3584 1195 In
3623 1140 3795 1195 nullo

2135 1226 2358 1295 dubito,
2391 1226 2529 1296 quia
2556 1244 2658 1281 nec
2693 1244 2871 1287 mors,
2906 1243 3009 1282 nec
3063 1228 3200 1293 vita,
3234 1246 3339 1284 nec
3371 1229 3527 1284 aliud
3559 1228 3796 1299 aliquid

2133 1332 2229 1370 nos
2257 1332 2513 1385 separare
2540 1319 2735 1386 poterit
2789 1334 2822 1370 α
2868 1319 3136 1372 charitate
3184 1319 3299 1373 Dei.
3332 1319 3471 1373 Mors
3516 1319 3674 1374 enim
3715 1321 3797 1374 ab

2134 1404 2242 1458 hac
2274 1410 2509 1459 sanctos
2559 1421 2831 1475 separare
2875 1423 2988 1460 non
3024 1413 3235 1477 potest,
3270 1406 3548 1477 quoniam
3580 1407 3796 1462 nullus

2139 1497 2383 1547 mortem
2437 1493 2714 1547 minando
2744 1513 2755 1560 ;
2789 1494 3005 1565 quippe
3054 1512 3188 1550 cum
3224 1496 3373 1550 mori
3424 1513 3540 1550 non
3572 1497 3798 1567 possit,

2139 1598 2313 1652 quem
2362 1581 2631 1653 diligunt,
2666 1581 2863 1638 nullus
2910 1584 3088 1638 etiam
3133 1584 3311 1639 vitam
3366 1584 3795 1654 promittendo,

2140 1671 2416 1741 quoniam
2439 1672 2561 1741 ipse
2578 1676 2667 1726 est
2694 1689 2827 1727 vera
2849 1674 2985 1741 vita,
3006 1690 3183 1744 quem
3203 1673 3478 1743 diligunt,
3503 1673 3605 1743 qui
3630 1674 3703 1729 de
3730 1690 3796 1729 se

2139 1760 2265 1828 ipso
2296 1760 2372 1812 ait
2409 1776 2420 1814 :
2458 1761 2565 1828 Ego
2609 1777 2732 1815 sum
2780 1763 2889 1825 via,
2938 1764 3136 1817 veritas
3183 1766 3233 1817 et
3275 1762 3385 1816 vita
3437 1762 3615 1832 (Joan.
3669 1779 3795 1828 xw,

2140 1850 2216 1918 6).
2245 1848 2441 1915 Angcli
2474 1849 2582 1903 hoc
2608 1848 2911 1914 loco,boni
2954 1849 3317 1921 intelligendi
3338 1849 3798 1906 sunt.Similiter

2134 1935 2229 1990 hic
2257 1937 2405 2007 (325)
2435 1937 2592 1991 enim
2623 1936 2845 1992 dictum
2894 1943 3001 2005 est,
3037 1939 3189 2009 quod
3221 1938 3358 1994 alibi
3391 1938 3473 1992 ait
3504 1957 3517 1994 :
3553 1938 3709 2006 Quod
3740 1941 3798 1994 si

2133 2026 2361 2095 angelus
2388 2025 2456 2081 de
2505 2026 2634 2081 aeto
2677 2028 3137 2094 evangelimverit
3180 2028 3349 2095 vobis,
3378 2032 3589 2098 praeter
3616 2044 3795 2099 quam

2131 2115 2565 2183 evangelizatum
2594 2119 2691 2181 est,
2724 2116 3025 2171 anathema
3069 2119 3139 2171 sit
3189 2116 3329 2185 (Gal.
3360 2134 3402 2186 ι,
3430 2116 3507 2187 8).
3541 2117 3796 2185 Angelus

2136 2202 2335 2272 itaque
2365 2220 2633 2274 separare
2685 2221 2798 2259 non
2848 2210 3036 2276 potest
3064 2206 3211 2276 (336)
3239 2223 3251 2272 ;
3286 2205 3425 2277 quia
3455 2221 3561 2261 nec
3593 2210 3798 2261 mente

2136 2296 2336 2345 nostra
2352 2292 2640 2362 potentior
2651 2294 2905 2358 est,dum
2923 2293 3037 2349 Deo
3052 2294 3798 2366 inbazremus.Principatus

2137 2379 2324 2434 malos
2354 2380 2590 2451 angelos
2635 2387 2819 2445 vocat,
2855 2383 2924 2436 de
2974 2382 3188 2453 quibus
3236 2382 3415 2438 alibi:
3449 2382 3797 2454 Exspolzans

2142 2470 2488 2539 principatus
2517 2479 2567 2524 et
2593 2471 3225 2540 potestates,transilu.cit
3248 2472 3593 2528 vehementer
3616 2472 3798 2544 (327),

2139 2558 2329 2627 palam
2360 2560 2704 2629 triumphans
2737 2576 2823 2613 eos
2846 2562 2905 2613 in
2934 2562 3242 2630 semetipso.
3269 2561 3337 2616 Hi
3370 2577 3645 2632 separare
3675 2577 3800 2616 non

2136 2646 2348 2711 valent,
2383 2646 2660 2716 quoniam
2694 2647 2836 2701 nihil
2866 2647 2980 2703 tale
3003 2647 3338 2719 promittere
3365 2648 3455 2704 vel
3489 2649 3630 2705 dare
3653 2666 3800 2720 pos-

2137 2739 2296 2803 sunt,
2332 2736 2500 2805 quale
2534 2736 2823 2806 promittit
2852 2742 2907 2791 et
2938 2736 3039 2792 dat
3068 2737 3242 2793 Deus.

2207 2825 2387 2895 Neque
2431 2825 2722 2891 instantia,
2749 2841 2922 2895 neque
2967 2828 3200 2896 futura,-
3229 2826 3339 2882 hoc
3389 2832 3499 2894 est,
3534 2844 3800 2899 prasen-

2138 2912 2283 2966 tium
2318 2913 2575 2978 donatio,
2609 2931 2713 2968 nec
2743 2915 3071 2970 futurorum
3094 2915 3447 2986 promissio;
3482 2917 3796 2988 quoniam,

2136 3004 2193 3055 et
2221 3002 2442 3055 caduca
2470 3006 2610 3056 sunt
2653 3019 2779 3073 qua:
2813 3004 2922 3058 sub
2971 3003 3317 3059 certitudine
3343 3004 3581 3072 dantur,
3610 3011 3670 3061 et
3700 3005 3797 3061 in-

2137 3094 2315 3155 certa,
2350 3106 2476 3159 quae
2508 3092 2950 3161 promittuntur.
2984 3092 3141 3148 Nihil
3172 3098 3371 3149 autem
3403 3095 3594 3167 magis
3625 3100 3800 3151 mter-

2143 3195 2307 3247 num,
2340 3182 2395 3233 et
2424 3179 2662 3245 certius,
2696 3180 2850 3250 quod
2882 3182 2983 3235 dat
3011 3182 3186 3237 Deus.

384 3262 689 3334 subjunxit
722 3280 735 3319 :
769 3240 1214 3333 Sicut-scriptum
1241 3273 1325 3319 est
1356 3283 1374 3317 :
1408 3266 1547 3332 Quia
1568 3240 1788 3337 pr0pter
1816 3276 1865 3322 te
1883 3240 2029 3322 mor;
2061 3240 2103 3307 Ο
2219 3240 2398 3338 Neque
2425 3240 2689 3337 fortitudo
2708 3240 2729 3323 ,ἶ
2758 3268 3010 3325 bocloco
3042 3270 3329 3326 malorum
3355 3271 3675 3342 spirituum
3699 3292 3801 3331 ac-

383 3351 661 3422 tiﬁcamur
686 3353 801 3407 tota
828 3351 939 3418 die,
971 3354 1231 3407 aestimati
1270 3370 1457 3409 sumus
1486 3362 1545 3409 ut
1573 3371 1693 3410 oves
1722 3358 2025 3413 occisionis.

381 3439 525 3496 Cum
556 3439 870 3513 Apostolus
901 3441 960 3495 in
990 3442 1254 3512 gentium
1289 3443 1687 3513 persecutione
1714 3446 2029 3512 laboraret,

380 3533 704 3601 martyrum
726 3529 990 3584 omnium
1011 3546 1209 3584 vocem
1238 3531 1621 3597 sumens,ait:
1649 3534 1788 3600 Quia
1807 3545 2030 3605 propter

381 3621 451 3686 te,
484 3621 596 3672 etc.
628 3616 738 3671 Ubi
758 3618 1104 3686 notandum,
1133 3618 1270 3689 quia
1299 3636 1413 3674 non
1445 3619 1524 3674 ait
1554 3626 1807 3687 tantum,
1831 3626 2030 3678 morti-

383 3705 635 3775 ﬁcamur,
667 3705 769 3759 sed
800 3704 1045 3770 addidit,
1077 3713 1185 3761 tota
1213 3706 1302 3762 die
1330 3726 1347 3761 :
1378 3709 1678 3779 quoniam,
1710 3711 1861 3767 sicut
1894 3712 2026 3768 Ori-

385 3808 564 3865 genes
596 3792 759 3859 dicit,
783 3810 898 3848 non
931 3794 1250 3857 sutﬁcit,ut
1276 3802 1590 3867 momento,
1612 3798 1774 3869 hora,
1805 3818 2025 3866 mense,

384 3879 474 3936 vel
506 3897 659 3936 anno
690 3882 1130 3949 mortiﬁcamur,
1164 3882 1274 3937 nisi
1322 3885 1496 3940 etiam
1528 3891 1649 3943 tota
1680 3888 1794 3955 die,
1826 3890 1882 3943 id
1919 3895 2027 3956 est,

387 3968 550 4024 omni
580 3972 843 4041 tempore
871 3971 999 4024 vita
1028 3972 1352 4042 praesentis.

459 4057 531 4113 Ut
560 4073 693 4112 oves
721 4059 1028 4114 occisionis
1058 4060 1324 4115 aestimati
1355 4068 1493 4117 sunt
1524 4064 2025 4134 sancti,qu0niam

384 4144 545 4203 velut
575 4162 708 4201 oves
739 4147 1162 4204 mactabantur.
1198 4150 1263 4206 Et
1308 4151 1553 4221 pulchre
1583 4153 1672 4208 ovi
1704 4152 2030 4208 assimilan-

386 4236 483 4287 tur
510 4231 683 4304 (322),
718 4238 952 4305 propter
998 4234 1418 4304 innocentiam,
1461 4244 1518 4293 et
1566 4238 2025 4311 simplicitatem,

385 4321 526 4392 sive,
567 4320 705 4394 quia
735 4321 817 4377 illi
864 4324 1159 4394 conjuncti
1209 4330 1368 4393 sunt,
1403 4327 1474 4381 de
1522 4344 1637 4397 quo
1684 4330 1869 4385 Isaias
1901 4329 2024 4386 ait:

383 4410 533 4467 Sicut
560 4413 674 4467 ovis
700 4412 775 4468 ad
797 4414 1119 4469 occisionem
1146 4414 1377 4470 ducetur
1401 4416 1528 4485 (Isa.
1563 4433 1693 4483 cvu,
1724 4419 1799 4488 7).

453 4499 600 4564 Quid
634 4504 832 4556 autem
864 4502 923 4556 in
954 4502 1046 4558 his
1098 4508 1274 4575 agant
1318 4505 1487 4575 (323),
1534 4521 1647 4559 non
1698 4506 2026 4578 dejicimur,

2137 3356 2472 3425 cipiendum
2504 3361 2611 3425 est,
2643 3358 2715 3413 de
2745 3374 2863 3428 qua
2890 3359 3172 3414 Dominus
3200 3360 3259 3415 in
3292 3360 3626 3433 Evangelio.
3658 3363 3801 3421 Cum

2136 3447 2297 3514 [ortis
2320 3450 2568 3500 armatus
2586 3447 2819 3501 custodit
2842 3449 3053 3502 atrium
3072 3465 3230 3503 suum
3251 3448 3400 3520 (Luc.
3424 3466 3504 3514 x1,
3530 3452 3649 3522 21),
3681 3457 3797 3508 etc.

2137 3534 2358 3589 Horum
2390 3534 2669 3590 fortitudo
2702 3551 2975 3606 separare
3003 3554 3116 3592 non
3150 3542 3360 3608 potest,
3391 3538 3675 3609 quoniam
3707 3541 3799 3597 in-

2138 3622 2611 3694 comparabiliter
2639 3624 2755 3679 illis
2788 3624 2989 3680 fortior
3017 3630 3107 3681 est
3133 3627 3312 3682 Deus.

2210 3712 2570 3767 Altitudinem
2599 3711 2744 3781 coeli,
2776 3718 2832 3767 et
2862 3715 3205 3784 profundum,
3226 3721 3391 3770 terrae
3422 3716 3603 3773 dicit:
3636 3720 3797 3776 unde

2140 3799 2318 3855 Isaias
2347 3800 2609 3871 loquitur
2636 3802 2708 3856 ad
2736 3802 2924 3857 Acbaz
2956 3820 2969 3858 :
3004 3805 3131 3860 Pete
3149 3804 3249 3859 tibi
3279 3807 3503 3873 signum
3531 3823 3571 3861 a
3599 3808 3796 3864 Domi-

2135 3904 2210 3942 no
2240 3890 2366 3953 Deo,
2398 3891 2510 3943 sive
2540 3891 2599 3944 in
2628 3892 2835 3945 excelso
2864 3908 3054 3961 supra,
3086 3895 3202 3947 sive
3231 3894 3291 3947 in
3338 3901 3490 3948 terra
3534 3895 3799 3953 deorsum

2139 3978 2306 4045 (328).
2342 3977 2409 4031 Et
2441 3983 2531 4032 est
2574 3995 2784 4034 sensus
2817 3996 2829 4032 :
2863 3984 3000 4035 Pete
3031 3981 3132 4035 tibi
3184 3981 3312 4037 oculi
3347 3984 3797 4053 reserationem,

2138 4070 2194 4119 et
2223 4070 2385 4119 terrm
2417 4067 2797 4137 apertionem,
2833 4073 2918 4133 ut,
2951 4069 3092 4124 dum
3125 4069 3338 4126 videris
3368 4087 3494 4141 quae
3527 4089 3687 4129 nunc
3714 4074 3800 4130 vi-

2138 4152 2299 4218 disti,
2328 4154 2531 4210 credas
2564 4157 2805 4210 Domino
2836 4156 2951 4212 Deo
2986 4158 3184 4213 Israel.

2215 4242 2341 4297 Haec
2373 4242 2568 4313 itaque
2599 4261 2869 4315 separare
2896 4262 3010 4300 non
3041 4253 3307 4318 possunt,
3341 4250 3648 4321 quoniam,
3683 4253 3799 4309 etsi

2137 4330 2264 4386 coeli
2300 4331 2615 4401 occultum,
2647 4339 2704 4389 et
2752 4339 2917 4390 terra;
2964 4340 3258 4392 secretum
3309 4344 3611 4410 appareat,
3644 4341 3793 4397 nihil

2138 4425 2334 4475 tamen
2368 4421 2425 4475 in
2481 4420 2552 4476 iis
2604 4422 2815 4478 melius
2846 4424 2973 4494 ipso
3023 4424 3139 4480 Deo
3170 4427 3343 4497 (329),
3395 4428 3495 4499 qui
3526 4445 3591 4485 se
3621 4430 3798 4488 nobis

2140 4510 2415 4563 daturum
2448 4510 2735 4580 promisit.

383 4605 500 4645 non
532 4587 815 4660 perimus,
844 4590 936 4646 sed
979 4607 1307 4663 superamus
1355 4594 1415 4646 in
1466 4594 1735 4648 omnibus.
1773 4595 1879 4649 Ubi
1924 4614 2025 4652 no-
2058 4606 2105 4670 Ι)
2209 4597 2487 4668 Sequitur
2519 4617 2532 4654 ε
2563 4601 2743 4671 Neque
2763 4610 3021 4657 creatura
3052 4602 3168 4657 alia
3191 4618 3291 4658 nos
3308 4607 3511 4672 poterit
3528 4622 3799 4679 separare

384 4677 655 4745 tandum,
687 4677 828 4750 quia
855 4696 968 4734 non
1014 4679 1095 4734 ait
1124 4683 1377 4743 tantum,
1428 4682 1488 4733 in
1517 4680 1618 4747 his,
1652 4683 1751 4736 sed
1784 4685 2031 4753 addidit,

385 4766 655 4822 omnibus.
687 4767 886 4823 Potest
916 4769 1073 4823 enim
1128 4767 1342 4838 aliquis
1371 4768 1807 4825 tribulationem
1842 4779 1897 4828 et
1927 4792 2029 4832 an-

385 4854 641 4927 gustiam
672 4872 951 4927 superare
984 4874 997 4911 :
1030 4872 1254 4922 verum,
1290 4856 1403 4910 nisi
1445 4857 1621 4912 etiam
1656 4860 1891 4928 famem,
1923 4882 2036 4920 nu-

387 4944 629 5000 ditatem
659 4949 717 4999 et
746 4948 952 5000 caetera
981 4945 1193 5009 vincat,
1229 4943 1343 4997 no'n
1391 4945 1608 4999 sufﬁcit
1634 4947 1701 5000 ad
1736 4952 2035 5019 perfectio-

387 5049 521 5090 nem
530 5074 543 5087 .

458 5123 527 5178 Et
564 5120 812 5194 pulchre
842 5118 1002 5189 dicit,
1023 5134 1347 5188 superamus
1378 5139 1397 5173 :
1423 5121 1523 5191 qui
1546 5124 1696 5179 enim
1730 5126 2034 5193 vincit,su-

458 5299 608 5367 (322)
641 5295 705 5368 In
736 5294 1381 5368 autog.assimulantur;
1414 5300 1563 5368 quod
1597 5302 1769 5356 etiam
1804 5320 1868 5359 eo
1901 5323 2030 5360 scn-

387 5364 471 5425 su'
494 5373 648 5422 rer-te
681 5364 794 5434 legi
820 5370 1034 5445 potest,
1074 5365 1236 5445 quod
1264 5365 1393 5422 ﬁcte
1423 5364 1554 5425 oves
1582 5372 1876 5445 dicantur,
1911 5378 2030 5430 sive

388 5457 501 5511 pexi
537 5439 1055 5511 enumerationem,
1093 5441 1375 5511 martyres
1406 5444 1611 5497 sancti.

458 5507 607 5578 (33.0
642 5505 1021 5578 Subintellige
1050 5505 1320 5562 subditur.

462 5576 588 5655 (3:21
596 5596 611 5644 λ
649 5576 724 5629 En
758 5576 1117 5635 constantem
1142 5580 1469 5650 gravissimi
1501 5584 1748 5655 hujusce
1777 5585 1881 5641 viri
1906 5603 2032 5643 sen-

390 5652 656 5703 tentiam.

2140 4704 2173 4740 a
2219 4687 2490 4742 charitate
2516 4690 2633 4753 Dei,
2687 4706 2804 4758 qua:
2833 4692 2909 4743 est
2941 4692 3001 4744 in
3053 4691 3265 4747 Christo
3311 4697 3463 4749 Jesu.
3518 4693 3639 4751 Hoc
3694 4714 3799 4770 per

2139 4776 2641 4847 exaggerationem
2673 4777 2919 4845 adjecit;
2954 4795 3019 4834 ac
3049 4778 3099 4833 si
3126 4779 3346 4837 diceret
3376 4798 3390 4836 :
3423 4782 3532 4836 etsi
3565 4790 3656 4840 est
3688 4786 3796 4842 ali-

2144 4882 2260 4934 qua
2290 4864 2405 4919 alia
2433 4872 2717 4931 creatura,
2743 4884 2853 4921 non
2882 4884 2984 4922 nos
3008 4868 3220 4939 poterit
3249 4886 3520 4941 separare
3540 4889 3576 4928 a
3606 4873 3799 4931 chari-

2143 4958 2261 5007 tate
2298 4954 2413 5009 Dei.
2441 4956 2574 5021 Qua:
2602 4965 2678 5010 cst
2708 4958 2766 5009 in
2798 4958 3009 5011 Christo
3053 4957 3179 5011 Iesu
3224 4959 3387 5025 dicit,
3418 4962 3702 5030 quoniam
3735 4965 3795 5019 in

2142 5041 2271 5112 ipso
2292 5058 2359 5096 ex
2384 5048 2595 5098 natura
2614 5056 2728 5112 est;
2754 5045 3029 5115 quiaipse
3049 5050 3139 5100 est
3158 5046 3434 5113 cbaritas,
3452 5055 3510 5103 et
3528 5055 3797 5122 operatio

2144 5134 2251 5195 est,
2285 5131 2559 5202 quoniam
2596 5133 2912 5188 exinanivit
2944 5132 3349 5204 semetipsum,
3371 5139 3427 5189 et
3458 5153 3562 5207 pro
3591 5146 3797 5197 nostra

2212 5308 2359 5382 (3'25)
2392 5309 2515 5363 Duo
2546 5310 2721 5364 verba
2748 5310 3015 5382 similiter
3042 5308 3132 5382 hic
3162 5309 3242 5365 ita
3266 5309 3544 5382 leguntur
3569 5317 3640 5371 si.
3672 5318 3728 5373 h.

2214 5380 2357 5443 (32(3)
2391 5382 2448 5452 Si
2474 5397 2582 5452 per
2610 5380 2975 5452 impossibile
3006 5380 3060 5435 id
3095 5386 3294 5436 tentet.
3336 5380 3349 5382 ἡ
3793 5406 3797 5409 ·

2214 5452 2357 5518 (3'37)
2392 5450 2585 5522 gelass.
2616 5470 2675 5516 ιι,
2699 5450 2795 5506 15.
2830 5451 3001 5522 Vulg.
3032 5452 3380 5521 conﬁdenter.

2214 5522 2360 5587 (338)
2394 5520 2561 5590 Vulg.
2592 5526 2709 5591 pete
2740 5523 2842 5577 tibi
2888 5520 3109 5590 signum
3136 5540 3169 5576 a
3199 5525 3432 5579 Domino
3465 5529 3573 5582 Deo
3605 5532 3701 5585 tuo
3732 5533 3791 5586 in

2136 5591 2471 5665 profari-{lupi
2504 5595 2728 5663 inferni,
2759 5596 2873 5648 sive
2912 5596 2971 5647 in
2999 5595 3276 5648 excelsum
3308 5612 3496 5665 supra.

2212 5662 2360 5732 (320)
2392 5661 2507 5717 Hoc
2536 5661 2645 5731 est,
2676 5661 2815 5735 quod
2842 5666 3179 5737 cequiparari
3206 5661 3532 5737 possit-Deo.
