3996 6232
211 393 330 453 317

829 390 1246 453 EXPOSITIO
1292 393 1368 452 IN
1413 389 1836 452 EPISTOLAS
1882 391 2239 454 PAULI.-
2270 391 2350 452 IN
2396 391 2640 454 EPIST.
2694 393 2797 453 AD
2844 388 3032 453 ROM.

3510 386 3628 448 218

214 522 408 580 salute
436 523 703 588 tradidit,
736 522 797 576 in
838 523 1058 578 sanctis
1089 539 1220 578 vero
1252 523 1376 579 sola
1405 523 1738 594 operatione
1769 539 1870 594 per
1900 529 1952 596 Α
1992 525 2141 595 optio
2167 534 2243 579 est
2273 525 2418 594 (331)
2458 525 2724 594 ﬁliorum.
2755 523 3089 579 Judceorum
3119 524 3207 576 est
3236 519 3489 574 filiorum
3523 519 3628 573 ad-

214 614 362 686 grati
373 630 468 667 am
505 611 606 667 Dei
639 613 812 684 (330).

289 705 474 768 Quam
531 707 594 756 ut
643 702 754 756 sibi
800 702 978 757 etiam
1021 702 1215 757 inesse
1246 704 1595 767 ostenderet,
1629 703 1823 757 intulit
1859 719 1871 756 :

217 792 484 862 Optabam
513 794 662 846 enim
691 808 793 858 ego
827 795 941 860 ipse
969 794 1260 846 anathema
1298 809 1407 845 esse
1455 811 1486 845 a.
1538 794 1749 847 Christo
1777 809 1876 862 pro

213 882 493 952 fratribus
515 884 670 945 meis,
693 887 804 934 etc.
829 881 898 934 Ut
923 887 1113 935 autem
1150 883 1258 935 sibi
1284 882 1500 936 arctius
1522 884 1873 946 crederetur,

214 971 506 1044 praemisit
565 971 1013 1039 jusjurandum,
1075 971 1275 1024 dicens
1324 989 1335 1025 :
1407 974 1695 1025 l'eritalem
1760 972 1876 1025 ilico

215 1059 538 1129 (CAP.1X)Z
568 1064 646 1120 et,
670 1064 735 1112 ut
758 1059 949 1129 magis
973 1061 1143 1113 etiam
1171 1060 1277 1112 sibi
1310 1061 1451 1113 fides
1479 1062 1877 1116 accommoda-

217 1154 403 1215 retur,
437 1148 662 1202 addidit
698 1164 709 1201 :
764 1150 826 1202 In
865 1148 1078 1204 Christo
1109 1166 1214 1202 non
1246 1152 1502 1203 mentior.
1541 1152 1604 1202 Et
1639 1150 1876 1220 pulchre

217 1239 322 1299 ait,
355 1241 413 1291 in
450 1237 659 1291 Christo
681 1255 699 1291 :
734 1238 1073 1307 quicunque
1104 1239 1257 1291 enim
1290 1238 1589 1292 veritatem
1627 1239 1874 1309 loquun-

217 1331 342 1390 tur,
371 1325 430 1380 in
453 1325 679 1380 Christo
706 1326 1049 1396 loquuntur,
1076 1327 1353 1396 quoniam
1377 1326 1500 1397 ipse
1523 1333 1610 1381 est
1641 1328 1873 1382 veritas.

297 1415 415 1468 Cur
445 1421 636 1469 autem
686 1415 806 1468 haec
858 1415 1223 1485 praemiserit,
1254 1416 1509 1469 ostendit
1547 1433 1558 1469 :
1612 1417 1875 1483 Quoniam

221 1506 456 1559 tristitia
484 1513 562 1558 est
589 1505 731 1558 mihi
750 1521 971 1573 magna,
994 1508 1042 1557 et
1075 1508 1368 1559 continuus
1388 1506 1540 1558 dolor
1559 1507 1711 1558 rordi
1737 1523 1874 1559 meo.

223 1594 329 1649 Ubi
359 1594 742 1664 quaerendum
765 1599 875 1661 est,
901 1610 1079 1664 quare
1108 1594 1216 1646 sibi
1245 1594 1432 1648 inesse
1455 1594 1752 1648 tristitiam
1785 1612 1874 1648 as-

220 1683 385 1750 serit,
413 1699 548 1737 cum
581 1681 856 1737 Salomon
888 1683 1080 1736 dicat:
1113 1682 1395 1754 Quidquid
1425 1684 1682 1738 acciderit
1703 1685 1875 1754 justo,

219 1787 332 1825 non
355 1771 700 1825 contristabit
717 1787 842 1825 eum
865 1771 1046 1839 (Prov.
1072 1788 1169 1838 xu,
1198 1772 1308 1838 21).
1335 1778 1419 1825 An
1453 1773 1504 1826 is
1530 1774 1730 1841 justus
1763 1790 1875 1825 non

228 1862 394 1915 erat?
425 1859 571 1922 Quia
595 1875 726 1932 ergo
754 1859 826 1914 de
845 1860 974 1928 ejus
997 1859 1233 1929 justitia
1257 1860 1457 1915 nullus
1483 1861 1730 1927 dubitat,
1755 1861 1881 1932 ipse
1911 1893 1957 1958 Β

228 1949 385 2003 hanc
411 1950 792 2018 quaestionem
817 1948 1020 2003 solvat.
1042 1949 1191 2003 Dicit
1214 1954 1408 2005 autem
1437 1950 1572 2005 alibi
1595 1967 1605 2004 :
1633 1952 1879 2005 Tristitia

226 2037 427 2092 δίει-τιιί
453 2039 568 2108 ejus
598 2047 828 2092 mortem
856 2047 1116 2107 operatur
1135 2055 1154 2097 ;
1186 2040 1416 2092 tristitia
1457 2055 1596 2104 vero,
1631 2055 1754 2109 qua?
1798 2056 1878 2093 se-

232 2127 480 2180 cundum
511 2127 682 2180 Deum
728 2134 822 2193 est,
854 2127 1228 2196 pa’nitentiam
1278 2130 1337 2181 in
1358 2129 1601 2182 salutem-
1630 2129 1881 2182 stabilem

227 2216 299 2283 (ΙΙ
328 2215 450 2268 Cor.
482 2231 583 2278 vn,
619 2216 725 2284 10).
761 2215 1127 2269 Tristabatur
1159 2233 1315 2286 ergo.
1351 2218 1449 2270 sed
1483 2217 1585 2270 illa
1614 2217 1876 2286 tristitia,

228 2319 356 2374 quae
388 2305 715 2357 secundum
747 2303 931 2358 Deum
963 2308 1072 2368 est,
1104 2305 1320 2375 quippe
1353 2322 1456 2375 pro
1489 2323 1729 2360 suorum
1767 2307 1878 2359 fra-

231 2396 384 2445 trem
414 2389 622 2445 salute.
657 2391 817 2446 Unde
848 2392 958 2446 sibi
993 2393 1250 2447 dolorem
1283 2395 1458 2447 etiam
1492 2394 1684 2448 inesse
1716 2394 1875 2462 dicit,

227 2482 287 2533 et
310 2495 426 2532 non
450 2495 874 2550 quemcunque,
900 2481 999 2536 sed
1023 2481 1369 2535 continuum
1399 2497 1411 2537 :
1446 2482 1707 2553 Optabam
1728 2485 1879 2537 enim

225 2583 321 2637 ego
353 2568 469 2638 ipse
496 2569 791 2623 anathema
821 2586 930 2624 esse
978 2587 1011 2624 a
1052 2569 1263 2623 Christo
1294 2586 1390 2639 pro
1419 2573 1690 2641 [retribus
1719 2574 1873 2625 meis.

224 2656 594 2712 Incredibilis
624 2663 713 2712 est
755 2658 876 2712 haec
908 2658 1181 2713 charitas.
1215 2660 1322 2712 Sed
1358 2659 1705 2725 notandum,
1741 2662 1879 2731 quia

229 2746 327 2808 ait,
358 2746 634 2816 optabam,
669 2764 808 2814 non,
853 2755 973 2817 opto
1003 2765 1021 2801 :
1073 2753 1267 2818 potest
1313 2750 1468 2803 enim
1525 2750 1827 2803 subaudiri
1863 2766 1876 2804 :

228 2834 510 2906 Optabam
537 2842 698 2903 tunc,
715 2852 847 2890 cum
871 2853 1058 2891 essem
1083 2841 1460 2907 paternarum
1484 2856 1746 2892 mearum
1772 2845 1881 2893 tra-

228 2924 516 2979 ditionum
548 2925 876 2991 aemulator,
901 2943 1078 2995 supra
1109 2926 1328 2981 multos
1349 2933 1667 2982 cozetaneos
1697 2929 1750 2981 in
1782 2945 1877 2999 ge-

230 3029 362 3068 nere
393 3030 522 3069 meo
555 3015 700 3084 (Gal.
723 3031 764 3082 ι,
792 3015 899 3082 14).
925 3015 991 3068 Et
1021 3020 1110 3069 est
1140 3032 1351 3069 sensus
1379 3033 1390 3069 :
1425 3018 1710 3087 Optabam
1743 3022 1881 3071 tunc

228 3103 485 3173 separari
535 3121 569 3158 a
616 3102 850 3159 Christo
893 3120 994 3174 pro
1039 3104 1286 3158 fratrum
1328 3122 1590 3159 meorum
1645 3106 1876 3162 salute:

226 3191 443 3246 Aliter:
479 3194 604 3258 Qua
634 3192 958 3248 intentione
989 3193 1213 3264 Moyses
1244 3195 1468 3259 orabat,
1501 3195 1699 3249 dicens
1728 3211 1739 3248 :
1780 3197 1878 3250 Do-

225 3282 403 3350 mine,
423 3287 528 3337 aut
547 3282 768 3336 dimitte
797 3282 938 3336 hane
966 3299 1168 3336 noxam
1195 3285 1418 3353 populo,
1445 3289 1540 3338 aut
1565 3285 1683 3339 dele
1712 3300 1796 3338 me
1815 3285 1882 3339 de

229 3370 387 3440 libro,
420 3387 581 3441 quem
609 3373 830 3440 scripsit
859 3387 1058 3424 manus
1098 3383 1196 3425 tua
1228 3372 1418 3441 (Exod.
1451 3390 1629 3440 xxxn,
1663 3375 1752 3440 31)
1779 3391 1790 3439 ;
1826 3379 1883 3428 et

227 3457 500 3513 Michaaas
526 3475 539 3512 :
579 3460 798 3514 Utinam
825 3475 935 3513 non
965 3476 1138 3514 essem
1169 3462 1257 3514 (vir
1286 3461 1490 3514 habens
1522 3463 1802 3531 spiritum,
1831 3467 1883 3516 et

227 3547 582 3601 mendacium
609 3549 783 3616 potius
813 3549 1059 3618 loquerer
1088 3550 1282 3619 (Mieh.
1325 3567 1386 3616 II,
1436 3551 1523 3621 11)
1553 3567 1567 3616 ;
1624 3555 1681 3605 et
1727 3553 1881 3621 Apo-

232 3634 426 3690 stolus
455 3635 693 3702 optabat
737 3652 770 3690 a
798 3637 1021 3691 Christo
1055 3637 1178 3691 fieri
1212 3638 1545 3704 anathema,
1579 3644 1643 3692 ut
1675 3639 1882 3693 fratres

234 3723 325 3779 sui
359 3724 430 3778 ad
467 3724 639 3777 fidem
675 3724 1034 3780 conﬂuerent
1062 3743 1074 3780 :
1105 3727 1330 3797 Moyses
1363 3727 1545 3792 enim,
1579 3727 1882 3783 charitatis

231 3814 365 3885 igne
396 3829 703 3883 accensus,
733 3818 798 3866 ut
830 3813 1060 3868 facilius
1090 3815 1319 3869 veniam
1356 3831 1458 3884 pro
1495 3816 1706 3886 pOpulo
1734 3818 1881 3870 obti-

230 3919 366 3957 nere
418 3907 640 3974 posset,
674 3902 783 3956 hoc
833 3904 1073 3968 orabat;
1108 3903 1378 3957 similiter
1407 3910 1463 3957 et
1496 3905 1784 3970 Michzeas,
1822 3912 1886 3961 ut

229 3991 470 4059 excidia,
489 3995 546 4046 et
577 3990 790 4062 plagae,
812 4008 957 4062 quas
985 3992 1328 4062 prieviderat
1348 3999 1520 4047 ventu
1533 4011 1644 4058 ras,
1670 3995 1882 4064 populo

231 4084 330 4134 Dei
380 4096 495 4134 non
544 4080 863 4134 evenirent.
900 4081 1007 4134 Sed
1051 4082 1354 4134 sciendum
1407 4082 1546 4152 quia
1593 4085 1883 4138 anathema

228 4171 443 4234 Graece,
479 4169 682 4222 Latine
729 4169 992 4224 alienatio
1025 4169 1240 4223 dicitur
1271 4187 1283 4222 :
1339 4169 1654 4241 aliquando
1687 4178 1880 4227 autem

231 4261 480 4312 mortem
514 4257 810 4328 significat
840 4258 994 4313 sicut
1030 4259 1090 4312 in
1123 4258 1315 4313 Veteri
1347 4260 1722 4315 Testamento
1760 4278 1771 4316 :
1825 4262 1879 4315 Si

229 4345 362 4418 quis
413 4345 542 4413 hoc,
576 4351 679 4400 aut
727 4345 870 4400 illud
907 4347 1122 4411 fecerit,
1156 4347 1470 4402 anathema
1501 4349 1614 4414 sit;
1668 4350 1723 4404 id
1769 4355 1880 4418 est,

228 4435 658 4490 condemnetur
686 4435 760 4489 ad
794 4441 1064 4491 mortem.
1098 4435 1381 4490 Similiter
1409 4453 1544 4508 ergo
1577 4437 1683 4492 hoc
1735 4438 1880 4505 loco,

227 4540 330 4594 pro
391 4529 579 4578 morte
626 4528 818 4595 potest
873 4524 1080 4595 accipi.
1127 4524 1375 4596 Optabat
1429 4525 1584 4580 enim
1643 4543 1882 4597 corpore

1985 615 2162 684 optio,
2198 617 2473 685 quoniam
2527 615 2634 686 ipsi
2690 615 2876 686 primo
2917 611 3099 665 vocati
3145 615 3301 678 sunt,
3337 615 3399 664 ut
3431 611 3629 663 essent

1985 704 2236 773 adoptivi
2274 704 2374 757 lilii
2427 705 2541 767 Dei,
2570 706 2736 772 juxta
2782 703 2923 756 illud
2961 717 2974 755 :
3024 701 3424 769 Primogenitus
3477 713 3630 751 meus

1985 794 2152 846 Israel
2177 793 2364 861 (Exod.
2401 810 2472 856 iv,
2505 797 2615 848 22‘.
2653 792 2714 845 Et
2739 790 3020 844 Dominus
3051 806 3152 858 per
3174 789 3385 841 Isaiam
3413 803 3423 839 :
3459 787 3628 841 Filios

1984 884 2169 948 genui,
2193 891 2243 935 et
2264 884 2502 936 enutriri
2517 902 2536 944 ;
2563 884 2668 951 ipsi
2689 889 2864 934 autem
2887 881 3282 933 contemnentes
3308 879 3627 946 spreverunt

1985 988 2069 1024 me
2100 974 2223 1040 (Isa.
2261 990 2296 1036 1,
2326 975 2400 1040 2).
2427 973 2552 1024 Sive
2581 971 2834 1040 adoptivi
2871 969 2969 1021 lilii
3007 968 3100 1020 Dei
3136 966 3451 1019 dicuntur:
3485 981 3625 1032 quo-

1987 1060 2164 1122 niam,
2199 1061 2462 1114 veniente
2497 1059 2756 1122 Domino,
2791 1057 2959 1112 multi
2991 1072 3190 1110 eorum
3225 1054 3623 1120 crediderunt,

1986 1153 2042 1202 et
2073 1150 2201 1202 facti
2230 1155 2364 1202 sunt
2390 1149 2639 1218 adoptivi
2668 1147 2768 1201 lilii
2793 1148 2912 1200 Dei.
2940 1145 3098 1200 Unde
3122 1143 3255 1196 alibi
3286 1142 3456 1195 dicit:
3485 1143 3626 1195 Misit

1986 1238 2123 1291 Deus
2153 1240 2350 1292 Filium
2384 1256 2542 1292 suum
2573 1241 2628 1291 in
2663 1238 2805 1291 hune
2834 1235 3118 1292 mundum.
3150 1235 3361 1302 fartum
3403 1247 3473 1284 ea:
3503 1246 3623 1283 mu-

1985 1328 2136 1392 liere,
2175 1330 2381 1397 factum
2413 1328 2510 1381 sub
2545 1329 2673 1397 lege,
2705 1334 2764 1380 ut
2793 1342 2897 1388 eos,
2933 1326 3027 1394 qui
3055 1323 3156 1377 sub
3187 1323 3301 1391 lege
3331 1323 3507 1382 erant,
3542 1333 3625 1371 re-

1984 1416 2235 1482 dimeret,
2287 1422 2343 1471 ut
2400 1418 2743 1487 adoptionem
2804 1416 3044 1484 ﬁliorum
3106 1413 3206 1467 Dei
3264 1412 3627 1476 reciperemus

1988 1506 2126 1575 (Gal.
2165 1525 2235 1571 1v,
2285 1509 2347 1566 'i).

2061 1599 2120 1650 Et
2151 1599 2345 1664 gloria.
2379 1596 2572 1649 Gloria
2598 1596 2697 1649 illa
2726 1595 2817 1648 hic
2839 1591 3220 1662 intelligenda
3242 1593 3350 1653 est,
3373 1602 3488 1657 qua
3518 1585 3624 1639 Ju-

1988 1685 2088 1738 dzei
2125 1685 2454 1754 specialiter
2479 1685 2764 1754 assumpti
2799 1688 3030 1736 suntex
3061 1678 3336 1733 omnibus
3356 1674 3628 1747 gentibus

1988 1774 2045 1827 in
2072 1773 2419 1844 peculiarem
2446 1772 2724 1843 populum
2743 1771 2869 1826 Dei:
2893 1771 3046 1824 unde
3073 1766 3340 1838 superius
3363 1765 3468 1819 ait:
3491 1762 3628 1830 Quid

1989 1864 2225 1933 amplius
2275 1871 2350 1916 est
2389 1863 2621 1917 Iudaeo?
2653 1861 2719 1914 Et
2749 1877 2926 1914 mox:
2984 1859 3217 1914 Mullum
3268 1871 3365 1926 per
3415 1868 3630 1908 omnem

1989 1953 2232 2017 modum,
2264 1959 2372 2006 etc.

2061 2043 2123 2096 Et
2177 2045 2495 2096 testamenta
2543 2043 2711 2109 (332).
2763 2039 2941 2093 Vetus
2993 2043 3050 2091 et
3100 2035 3320 2089 Novum
3374 2029 3633 2101 accipere

1988 2130 2309 2197 debemus;
2343 2131 2482 2184 dum
2533 2130 2687 2183 enim
2729 2127 2846 2181 illis
2888 2126 3067 2180 Vetus
3098 2125 3299 2178 datum
3331 2124 3438 2183 est,
3473 2117 3529 2171 in
3563 2133 3628 2170 eo

1991 2219 2471 2290 prmtigurabatur
2506 2219 2750 2273 Novum.

2059 2308 2121 2362 Et
2169 2309 2455 2377 legislatio.
2509 2305 2836 2377 Legislatio,
2887 2305 2943 2358 id
2999 2306 3086 2356 cst
3142 2299 3286 2371 legis
3344 2296 3626 2352 constitu-

1987 2398 2087 2462 tio,
2121 2397 2354 2451 illorum
2387 2401 2510 2463 est;
2546 2395 2821 2467 quoniam
2862 2393 2978 2447 illis
3017 2388 3333 2446 constituta
3377 2390 3467 2441 est
3518 2385 3630 2450 lex,

1987 2487 2236 2556 quemad
2249 2487 2484 2540 modum
2499 2486 2838 2545 viverent,et
2855 2484 2981 2553 ejus
3001 2479 3292 2534 mandatis
3307 2474 3470 2530 obedi
3483 2478 3626 2527 rent.

2059 2577 2120 2630 Et
2151 2576 2485 2646 obsequium.
2519 2573 2876 2644 Obsequium
2899 2571 3039 2624 dicit
3058 2568 3216 2622 illius
3244 2563 3462 2619 Veteris
3482 2563 3626 2616 'I‘es-

1987 2666 2228 2719 tamenti
2262 2664 2505 2728 cultum,
2535 2680 2650 2734 quo
2680 2661 2862 2716 Judaei
2897 2657 3370 2730 obsequebantur
3405 2654 3535 2720 Deo,
3569 2650 3628 2704 in

1989 2754 2298 2808 otl‘erendis
2324 2753 2625 2807 sacrificiis
2656 2756 2710 2806 et
2742 2749 3041 2805 servandis
3073 2747 3200 2816 ejus
3233 2740 3554 2816 praeceptis.

2061 2845 2123 2896 Et
2147 2845 2442 2914 promissa.
2477 2841 2772 2896 Promissa
2815 2844 2981 2893 vocat
3029 2832 3468 2909 promissiones,
3502 2845 3628 2899 quae

1991 2932 2151 2986 facta:
2185 2938 2322 2986 sunt
2352 2949 2454 3003 per
2487 2931 2796 3002 prephetas
2828 2934 2882 2982 et
2915 2924 3272 2999 patriarchas
3304 2922 3372 2975 de
3407 2921 3542 2984 Deo,
3569 2924 3632 2971 ut

1990 3019 2131 3074 illud
2159 3039 2170 3076 :
2204 3024 2293 3073 Sit:
2319 3023 2422 3075 erit
2451 3037 2630 3074 semen
2659 3023 2815 3073 tuum
2846 3019 2996 3085 (Gen.
3030 3031 3121 3078 xv,
3151 3015 3206 3080 5)
3244 3031 3255 3067 :
3289 3011 3426 3064 item
3453 3026 3466 3064 :
3499 3007 3632 3060 Mul-

1989 3110 2242 3179 tiplieans
2261 3109 2635 3181 multiplicabo
2659 3125 2842 3163 semen
2868 3116 3023 3160 tuum
3055 3105 3203 3173 (Gen.
3238 3117 3350 3165 xvx,
3379 3101 3484 3166 lli),
3519 3101 3628 3151 etc.

1991 3198 2059 3251 Et
2088 3198 2224 3252 item
2264 3215 2276 3250 :
2333 3203 2398 3253 In
2444 3200 2648 3251 semine
2690 3206 2780 3251 tuo
2822 3193 3208 3248 benedicentur
3237 3203 3420 3243 omnes
3452 3185 3634 3238 tribus

1992 3290 2150 3340 terra!
2200 3287 2349 3356 (Gen.
2392 3304 2528 3351 xxii,
2578 3288 2684 3353 18).
2729 3284 2888 3338 Unde
2931 3283 3103 3337 etiam
3136 3279 3290 3333 dolet
3321 3273 3634 3344 Apostolus

1991 3376 2144 3445 quod
2179 3375 2470 3446 promissa
2492 3391 2618 3444 quis
2644 3373 2793 3427 facta
2824 3374 2960 3425 sunt
2993 3366 3276 3439 patribus,
3301 3379 3414 3416 non
3448 3359 3630 3415 secuti

1992 3469 2132 3518 sunt
2183 3463 2306 3518 lilii.

2062 3556 2308 3622 Quorum
2336 3556 2537 3620 patres,
2571 3549 2908 3622 patriarcha)
2946 3547 3165 3603 scilicet
3211 3549 3264 3598 et
3312 3540 3630 3614 prephetze,

1990 3659 2057 3696 ex
2106 3642 2299 3712 quibus
2350 3641 2593 3694 Christus
2637 3640 2936 3695 secundum
2981 3652 3220 3691 carnem.
3257 3638 3405 3688 Bene
3450 3628 3631 3695 addit,

1989 3730 2286 3786 secundum
2323 3746 2566 3796 carnem,
2602 3729 2881 3800 quoniam
2913 3727 3238 3781 secundum
3269 3718 3634 3777 divinitatem

1993 3825 2125 3874 ante
2151 3820 2348 3873 omnia
2377 3819 2592 3873 saecula
2614 3818 2844 3888 genitus
2876 3821 2963 3871 est
2994 3833 3026 3870 a
3050 3815 3164 3870 Deo
3198 3813 3361 3867 Patre
3386 3828 3398 3878 ;
3433 3825 3638 3863 secun-

1994 3910 2134 3962 dum
2176 3925 2409 3964 carnem
2457 3925 2589 3961 vero
2643 3925 2710 3962 ex
2755 3906 2972 3962 Judmis
3016 3910 3124 3971 est,
3157 3903 3434 3973 quoniam
3466 3898 3638 3951 beata

1992 3996 2170 4065 Virgo
2194 3995 2394 4061 Maria,
2419 3996 2488 4049 de
2510 4012 2626 4065 qua
2647 4012 2878 4048 carnem
2907 3994 3179 4062 sumpsit,
3209 4008 3276 4045 ex
3296 3988 3635 4044 Judaiorum

1993 4083 2172 4154 stirpe
2199 4083 2518 4138 descendit.
2554 4085 2641 4151 Et,
2676 4089 2739 4136 ut
2770 4083 3102 4136 ostenderet
3132 4081 3272 4150 quia
3318 4078 3377 4130 in
3425 4073 3634 4129 divini-

1991 4173 2127 4226 tatis
2152 4178 2362 4225 natura
2380 4187 2492 4224 non
2511 4188 2576 4224 ex
2591 4172 2820 4240 Virgine
2843 4170 3097 4240 sumpsit
3120 4167 3373 4226 initium,
3389 4163 3633 4232 adjecit:

1993 4262 2099 4327 Qui
2126 4263 2201 4316 est
2225 4276 2387 4330 super
2409 4261 2602 4314 omnia
2625 4261 2764 4312 Deus
2790 4257 3098 4312 benedictus
3129 4258 3186 4309 in
3207 4254 3422 4308 saecula.
3443 4254 3635 4306 Amen.

1992 4349 2257 4404 Christus
2286 4349 2465 4419 igitur
2493 4363 2669 4419 super
2696 4346 2893 4401 omnia
2924 4345 3074 4400 Deus
3109 4343 3446 4398 benedictus
3472 4357 3486 4407 ;
3518 4356 3633 4394 non

1989 4443 2186 4492 tamen
2218 4455 2286 4491 ex
2315 4454 2380 4492 eo
2413 4439 2568 4508 quod
2603 4452 2836 4491 carnem
2868 4433 3125 4504 sumpsit
3154 4448 3222 4485 ex
3251 4429 3506 4499 Virgine,
3533 4428 3633 4482 sed

1993 4527 2132 4598 quia
2163 4531 2295 4581 ante
2327 4527 2526 4582 omnia
2558 4525 2770 4581 saecula
2803 4525 2911 4580 fuit
2937 4523 3170 4595 genitus
3203 4538 3236 4576 a
3268 4521 3452 4574 Patre.

231 4614 406 4680 mori,
432 4617 495 4667 ut
528 4613 736 4668 fratres
762 4613 851 4668 sui
887 4615 1085 4668 anima
1113 4613 1517 4680 salvarentur;
1552 4632 1618 4670 ac
1650 4615 1699 4670 si
1730 4616 1884 4671 dice-
1915 4615 1961 4679 D
2063 4619 2366 4679 Praeterea,
2399 4615 2537 4685 quia
2575 4614 2685 4669 sibi
2738 4614 3082 4668 continuum
3132 4609 3391 4665 dolorem
3445 4606 3637 4661 inesse

227 4705 314 4757 ret
348 4726 363 4758 :
401 4701 680 4773 optabam
740 4702 1089 4774 sanguinem
1122 4719 1318 4758 meum
1369 4719 1472 4774 pro
1502 4704 1586 4758 eis
1618 4704 1882 4771 fundere,

227 4793 294 4844 ut
319 4789 437 4860 ipsi
471 4790 682 4862 spiritu
713 4792 990 4846 viverent.

301 4880 540 4935 Fratres
592 4897 731 4936 suos
769 4881 1006 4936 Judazos
1036 4881 1212 4948 dicit;
1247 4881 1401 4936 unde
1434 4898 1566 4936 mox
1610 4882 1835 4936 addidit
1869 4901 1881 4935 :

226 4970 332 5036 Qui
359 4977 491 5023 sunt
541 4971 767 5039 cognati
809 4971 923 5024 mei
959 4969 1256 5024 secundum
1287 4985 1550 5030 carnem;
1583 4987 1698 5040 quo
1730 4971 1882 5024 dicto

223 5057 487 5112 ostendit
507 5073 606 5112 eos
626 5057 837 5129 spiritu
861 5074 975 5113 non
998 5057 1108 5112 sibi
1128 5075 1255 5114 esse
1271 5062 1565 5129 cognatos,
1581 5058 1652 5111 de
1670 5059 1882 5127 quibus

223 5145 414 5201 adhuc
470 5146 721 5202 subdit:
775 5147 884 5212 Qui
929 5151 1059 5200 sunt
1108 5150 1396 5203 Israelita.
1431 5146 1532 5200 llis
1582 5146 1775 5200 verbis
1820 5164 1882 5202 se

225 5235 555 5292 Israelitam
577 5235 836 5292 ostendit
856 5250 925 5291 ex
954 5236 1176 5292 semine
1195 5237 1440 5293 Abrahae
1466 5253 1479 5290 :
1515 5236 1754 5302 Quorum
1781 5236 1879 5291 ad-

292 5379 442 5448 (330)
477 5378 626 5433 Nota
648 5375 1061 5449 perpulchrum
1087 5379 1234 5435 hanc
1262 5379 1714 5434 distinctionem.
1735 5378 1879 5432 Hinc

223 5449 634 5532 incipitVu'lg.
687 5466 817 5520 cap.
875 5449 964 5503 IX.
1017 5451 1080 5506 In
1122 5469 1305 5522 marg.
1347 5468 1482 5506 vero
1515 5455 1633 5504 aut.
1667 5449 1880 5520 legitur

223 5521 786 5665 ὲὸῗέδῦλῐίῐξίἧυιοεο
823 5606 939 5665 ηρῃ
971 5593 1203 5665 ⁵αίίοριίο
1250 5602 1350 5661 est,
1381 5592 1482 5649 sed
1531 5592 1878 5665 adoptio-nem

219 5661 458 5737 legitur,
487 5664 647 5737 quod
673 5661 851 5734 juxta
879 5661 1046 5735 Vulg.
1079 5661 1512 5724 emendandum
1544 5661 1765 5721 censui.

1996 4703 2219 4758 dixerat
2267 4720 2369 4775 pro
2418 4704 2664 4774 fratrum
2717 4719 2958 4757 suorum
3004 4699 3349 4772 perditione,
3381 4712 3452 4751 ne
3502 4696 3636 4766 quis

1995 4797 2226 4862 putaret
2269 4798 2614 4847 evacuatum
2668 4790 3136 4864 promissionem,
3172 4805 3296 4860 quae
3350 4787 3498 4841 facta
3546 4789 3638 4840 est

1992 4881 2260 4946 Abrahae,
2313 4883 2512 4936 volens
2562 4883 2866 4936 ostendere
2916 4878 3230 4951 Apostolus
3290 4876 3428 4949 quia
3488 4880 3637 4930 Deus

1992 4975 2198 5040 potens
2221 4975 2309 5025 est
2337 4973 2521 5025 facere
2545 4989 2668 5042 quae
2693 4971 2982 5042 promisit,
3011 4970 3080 5024 ad
3110 4965 3635 5023 commendandam

1992 5060 2120 5127 ejus
2149 5059 2418 5129 gratiam,
2455 5059 2677 5114 addidit
2711 5077 2722 5112 :
2758 5061 2871 5113 Non
2901 5064 3084 5113 autem
3115 5054 3631 5128 (subintelligitur:

1991 5146 2099 5202 hoc
2130 5148 2258 5202 ideo
2291 5148 2441 5218 dico)
2474 5147 2615 5220 quod
2653 5149 2916 5202 exciderit
2963 5149 3190 5203 verbum
3229 5147 3326 5201 Dei
3356 5145 3542 5215 (333);
3577 5140 3633 5194 id

1989 5242 2100 5303 est,
2133 5239 2288 5306 quod
2338 5237 2650 5306 promissio
2699 5237 2941 5291 Abrahae
2991 5239 3160 5300 facta,
3211 5236 3487 5290 evacuata
3536 5228 3634 5296 sit,

2061 5376 2208 5446 (332)
2240 5375 2410 5446 Vulg.
2461 5382 2880 5440 testamentum;
2931 5378 3054 5432 alite
3104 5383 3302 5433 autem
3356 5377 3630 5433 lectiones

1989 5454 2188 5501 nostro
2224 5451 2420 5515 autog.
2455 5450 2846 5503 consentiunt.

2058 5518 2209 5589 (333)
2241 5519 2304 5589 In
2335 5523 2531 5588 autog.
2564 5533 2748 5588 marg.
2801 5536 2847 5572 c.
2898 5519 3059 5585 XXV,
3093 5524 3267 5589 caput
3295 5535 3428 5575 vero
3459 5515 3628 5570 XXIV

1988 5588 2217 5645 nulllibi
2251 5588 2540 5660 signatur.
