3996 6232
333 374 451 434 219

1349 386 1690 451 ATTONIS
1735 390 2320 456 VERCELLENSIS
2364 395 2717 458 EPISCOPI

3630 402 3758 465 220

338 505 618 601 quoniam
641 508 750 564 etsi
774 510 1016 568 verbum
1041 514 1139 569 Dei
1170 514 1229 569 in
1263 515 1583 576 incredulis
1615 521 1844 592 excidit,
1870 523 1978 578 im-
2009 525 2063 590 Α
2092 539 2161 580 ex
2192 543 2307 581 uno
2329 528 2640 583 concubitu
2667 530 2850 601 patris
2872 530 3054 586 nostri
3080 533 3262 587 Isaac.
3291 531 3516 598 Quibus
3545 535 3750 591 verbis

338 594 561 666 pletum
593 602 787 654 tamen
819 604 909 656 est
937 602 996 656 in
1030 604 1424 663 credentibus.
1453 611 1615 674 Quod
1650 617 1710 666 ut
1740 614 1979 683 aperiat,

340 686 508 754 quasi
541 703 855 757 exponens,
893 692 1196 761 subjunxit
1228 711 1240 747 :
1290 701 1412 751 Non
1459 701 1609 754 enim
1652 717 1856 770 omnes,
1891 706 1986 774 qui

337 782 467 829 sunt
494 791 562 830 ea:
591 779 781 848 Israel,
814 779 878 834 hi
905 785 1034 835 sunt
1061 784 1332 840 Israelita:
1351 803 1371 847 ,·
1403 786 1458 840 id
1492 794 1599 854 est,
1634 807 1749 845 non
1781 807 1985 848 omnes

339 862 441 934 qui
474 867 800 922 secundum
833 885 1063 924 carnem
1098 887 1165 926 ex
1202 873 1381 928 Jacob
1412 877 1591 948 stirpe
1623 880 1986 936 descendunt

339 957 481 1007 sunt
510 953 616 1008 viri
647 956 902 1013 videntes
933 963 1136 1026 Deum,
1171 963 1447 1032 quoniam
1481 983 1594 1021 non
1626 985 1830 1024 omnes
1861 987 1983 1025 cre-

338 1039 489 1094 dunt
512 1044 568 1097 in
593 1042 836 1099 Christo.
865 1047 1209 1120 Quicunque
1235 1066 1371 1124 ergo
1393 1069 1460 1108 ex
1484 1057 1641 1110 omni
1667 1063 1836 1128 gente
1860 1075 1983 1114 cre-

339 1128 479 1183 dent
507 1130 562 1184 in
596 1148 751 1198 eum,
784 1133 840 1187 hi
876 1141 1015 1190 sunt
1045 1138 1152 1192 viri
1186 1141 1482 1198 Israelita.
1521 1143 1640 1212 Nec,
1673 1148 1804 1216 quia
1838 1147 1983 1218 (334)

335 1232 517 1272 semen
544 1225 669 1274 sunt
697 1222 958 1290 Abrahae,
991 1242 1180 1282 omnes
1205 1230 1358 1299 ﬁlii;
1390 1231 1445 1286 id
1478 1239 1586 1300 est,
1622 1251 1736 1289 non
1782 1253 1984 1292 omnes

336 1304 422 1362 illi
444 1308 540 1378 qui
567 1325 669 1380 per
689 1327 922 1368 carnem
943 1315 1014 1369 ab
1038 1332 1104 1371 eo
1129 1318 1514 1388 descendunt,
1530 1323 1629 1377 sed
1649 1324 1986 1396 quicunque

337 1411 406 1450 ex
435 1397 594 1451 omni
628 1403 798 1470 gente
830 1401 959 1471 ejus
989 1405 1234 1478 vestigia
1264 1407 1588 1480 imitantur,
1624 1411 1683 1466 hi
1719 1413 1821 1466 ﬁlii
1852 1420 1991 1469 sunt

334 1484 600 1540 Abrahae.

407 1573 478 1627 Et
507 1573 617 1629 hoc
645 1576 790 1645 vult,
826 1581 981 1650 quod
1013 1583 1279 1653 sequitur
1305 1601 1318 1640 :
1353 1586 1464 1642 Sed
1493 1589 1552 1644 in
1583 1589 1743 1645 Isaac
1773 1595 1990 1648 vocabi-

337 1665 440 1715 tur
471 1663 574 1718 tibi
622 1681 809 1722 semen
841 1672 998 1735 (Gen.
1029 1687 1144 1739 xxx,
1181 1673 1289 1743 l2).
1323 1675 1542 1738 Quibus
1590 1680 1780 1735 verbis
1831 1681 1989 1739 illius

336 1747 448 1803 loci
480 1754 767 1820 meminit,
801 1757 900 1811 ubi
947 1757 1164 1831 legitur
1212 1763 1349 1833 quia
1400 1768 1670 1838 praecepit
1700 1768 1986 1825 Dominus

2094 613 2249 668 illius
2274 615 2541 671 meminit
2560 618 2669 672 loci
2697 635 2811 689 quo
2835 618 3049 690 legitur
3071 620 3210 690 quia
3239 637 3374 676 cum
3396 621 3750 678 collideren-

2094 708 2190 758 tur
2219 705 2435 776 gemini
2481 706 2540 760 in
2590 713 2755 762 utero
2789 708 3054 763 Rebecca
3102 709 3258 779 (Gen.
3291 727 3420 778 xxv,
3453 713 3566 779 22),
3603 711 3754 767 abiit

2096 793 2334 848 consule
2366 795 2699 863 Dominum,
2733 796 2827 850 cui
2859 797 3142 851 Dominus
3193 800 3494 869 respondit
3527 813 3540 852 :
3597 805 3754 858 Duae

2093 888 2289 951 gentes
2317 885 2366 937 et
2389 883 2502 937 duo
2527 885 2728 954 populi
2746 885 2805 938 in
2835 894 2996 939 utero
3018 894 3116 939 tuo
3135 895 3266 940 sunt
3296 895 3352 940 et
3371 888 3615 954 populus
3647 905 3757 957 po-

2093 970 2298 1039 pulum
2326 974 2638 1042 superabit,
2661 983 2715 1027 et
2748 978 2944 1044 major
2971 975 3172 1030 serviet
3194 976 3413 1030 minori
3433 976 3588 1046 (Gen.
3615 995 3756 1044 xxv,

2093 1061 2185 1129 23)
2217 1061 2324 1114 Per
2354 1078 2502 1131 quos
2561 1062 2736 1116 etiam
2767 1063 2915 1117 duos
2950 1064 3217 1118 Rebeccae
3250 1063 3400 1118 ﬁlios
3445 1067 3760 1121 credentes

2095 1154 2152 1202 et
2181 1149 2464 1204 increduli
2499 1151 2900 1222 designantur,
2926 1169 3027 1223 per
3057 1154 3334 1222 majorem
3360 1154 3534 1224 Esau,
3559 1155 3753 1210 incre-

2097 1237 2240 1306 duli,
2275 1254 2375 1308 per
2404 1238 2688 1293 minorem
2723 1256 2855 1294 vero
2885 1241 3065 1295 Jacob
3096 1241 3416 1296 credentes.

2171 1327 2280 1380 Sed
2333 1343 2514 1397 quare
2559 1328 2782 1382 addidit
2811 1329 3122 1399 Apostolus
3151 1345 3226 1384 ea:
3253 1346 3367 1384 uno
3399 1332 3708 1387 concubitu
3734 1336 3760 1385 .9

2099 1415 2348 1482 Scilicet,
2379 1433 2449 1469 ne
2479 1416 2770 1471 diceretur
2795 1419 2950 1490 quod
2970 1418 3150 1473 Jacob
3174 1419 3299 1474 suis
3319 1419 3405 1478 vel
3432 1425 3754 1490 parentum

2099 1508 2201 1557 aut
2224 1503 2553 1574 aliquorum
2584 1506 3042 1577 propinquorum
3069 1507 3292 1562 meritis
3317 1507 3538 1564 electus
3569 1509 3666 1576 sit,
3696 1512 3760 1564 et

2099 1593 2251 1662 quod
2285 1592 2708 1648 excellentioris
2759 1594 2952 1649 meriti
3002 1599 3058 1649 et
3106 1594 3447 1651 melioribus
3478 1597 3754 1653 moribus

2099 1679 2272 1734 fuerit
2294 1685 2456 1751 pater
2473 1682 2600 1752 ejus
2625 1699 2759 1739 cum
2784 1683 2940 1738 hunc
2964 1699 3140 1754 quam
3163 1700 3296 1738 cum
3317 1685 3555 1741 fratrem
3578 1686 3760 1741 semi-

2098 1769 2276 1835 navit,
2309 1775 2366 1824 et
2397 1776 2583 1825 mater
2613 1771 2851 1827 alterius
2881 1771 3204 1828 voluntatis
3234 1789 3367 1827 cum
3398 1789 3533 1828 eum
3565 1791 3755 1846 quam

337 1838 676 1954 Abrahzenut
704 1843 962 1901 obediret
990 1849 1114 1903 voci
1145 1850 1296 1905 Sara:
1329 1854 1527 1910 uxoris
1558 1873 1697 1920 suae,
1731 1863 1786 1912 et
1817 1859 1985 1929 ejice-
2014 1890 2061 1954 Β
2097 1874 2229 1912 cum
2251 1860 2487 1914 fratrem
2515 1861 2798 1932 concepit.
2823 1861 3091 1916 Ostendit
3111 1860 3266 1916 enim
3292 1861 3401 1918 hoc
3423 1862 3578 1917 dicto
3606 1863 3757 1934 quia

339 1931 421 1954 nn‘
456 1929 579 1954 ...ι-,ιῖ
634 1947 719 1954 -..Α
780 1938 828 1954 -L
855 1934 987 1954 [213”,
1074 1939 1110 1954 ,0
1214 1942 1352 1954 ι-ιοι
1429 1944 1502 1954 ,Λι
1721 1946 1730 1954 .
2303 1947 2323 1954 -
2366 1948 2397 1954 ._
2563 1948 2574 1954 .
2763 1950 2771 1954 .
2985 1949 2997 1954 -
3158 1950 3167 1954 -
3314 1950 3327 1954 _

337 1931 426 1980 ret
454 1928 745 2002 ancillam,
774 1938 831 1988 et
855 1934 1036 1992 ﬁlium
1060 1939 1186 2009 ejus
1209 1942 1393 2010 (lbid.,
1421 1944 1530 2015 10),
1555 1928 1982 2014 quoniaminon

335 2019 490 2071 esset
519 2015 700 2075 haeres
729 2021 886 2078 ﬁlius
917 2025 1138 2081 ancillae
1180 2044 1313 2084 cum
1360 2030 1478 2086 ﬁlio
1524 2032 1735 2102 liberae,
1771 2038 1871 2092 sed
1923 2039 1978 2092 in

335 2102 495 2159 Isaac
525 2108 825 2164 vocabitur
855 2112 905 2166 ei
933 2130 1156 2171 semen.

401 2195 696 2253 Abraham
728 2217 886 2271 ergo,
917 2205 1069 2260 sicut
1099 2206 1235 2262 alibi
1270 2209 1426 2265 idem
1456 2212 1770 2283 Apostolus
1802 2215 1976 2272 dicit:

331 2287 490 2340 Duos
509 2287 653 2356 ﬁlios
675 2289 897 2361 habuit,
921 2310 1094 2350 unum
1117 2297 1189 2351 de
1212 2298 1454 2370 ancilla,
1478 2310 1532 2356 et
1553 2319 1732 2358 unum
1752 2305 1820 2360 de
1848 2307 1981 2360 libe-

331 2389 423 2428 ra.
457 2375 564 2431 Sed
591 2379 694 2447 qui
721 2380 791 2434 de
825 2382 1068 2448 ancilla,
1098 2389 1403 2442 secundum
1429 2407 1662 2447 carnem
1694 2402 1870 2449 natus
1897 2405 1981 2452 est

330 2465 482 2538 (Gal.
519 2483 592 2533 ιν,
615 2469 719 2534 22;
751 2473 888 2524 Gen.
913 2488 1026 2539 xvx,
1053 2474 1174 2545 15);
1207 2475 1263 2530 id
1297 2481 1404 2544 est,
1431 2482 1752 2537 secundum
1776 2500 1979 2539 carna-

332 2553 449 2608 lem
481 2557 964 2614 consuetudinem
997 2586 1010 2628 ;
1040 2565 1138 2630 qui
1167 2581 1307 2620 vero
1333 2568 1400 2623 de
1427 2569 1632 2638 libera,
1665 2574 1979 2629 secundum

328 2641 762 2713 promissionem
793 2646 941 2717 (335)
968 2665 982 2716 ;
1017 2652 1315 2724 quoniam,
1340 2657 1680 2729 priusquam
1713 2662 1978 2733 concipe-

334 2733 500 2785 retur
520 2736 622 2786 aut
643 2739 998 2802 nasceretur,
1025 2737 1076 2793 ei
1103 2743 1426 2810 promissus
1449 2751 1556 2802 est.
1585 2748 1690 2802 Per
1710 2749 1816 2804 hos
1841 2767 1978 2822 ergo

336 2818 484 2874 duos
515 2818 784 2877 homines
805 2823 1188 2897 designantur
1215 2833 1334 2885 tam
1357 2834 1656 2890 credentes
1680 2854 1856 2909 quam
1888 2818 1976 2894 in-

335 2907 559 2963 creduli
582 2925 596 2964 :
620 2925 723 2980 per
740 2912 900 2967 Isaac
926 2913 1148 2972 scilicet
1168 2918 1387 2986 ﬁdeles,
1404 2939 1506 2994 per
1523 2907 1825 2981 Ismaevlem
1847 2945 1977 2985 vero

336 2995 624 3054 inﬁdeles.

411 3087 630 3156 Itaque,
665 3091 729 3142 ut
758 3090 1088 3148 ostenderet
1118 3094 1256 3164 quid
1289 3101 1443 3152 esset
1471 3098 1530 3153 in
1559 3102 1724 3157 Isaac
1753 3105 1977 3160 vocabi-

337 3179 435 3266 tur
463 3175 561 3230 tibi
585 3191 798 3266 semen,
830 3195 1144 3252 exponens,
1179 3185 1430 3255 subjecit
1463 3211 1476 3240 :
1508 3190 1577 3245 Id
1607 3200 1708 3258 est,
1739 3208 1848 3248 non
1877 3197 1980 3266 qui

2095 1963 2278 2001 unum
2299 1947 2406 2002 fuit
2428 1948 2610 2019 patris
2633 1950 2907 2004 meritum
2931 1949 3001 2004 ad
3027 1950 3533 2020 seminandum,et
3556 1968 3754 2007 unum

2093 2037 2301 2090 matris
2333 2037 2403 2091 ad
2437 2038 2885 2108 concipiendum
2909 2043 3208 2110 utrosque.
3237 2039 3382 2094 Nam
3405 2039 3513 2095 etsi
3538 2045 3755 2111 postea

2089 2124 2451 2184 voluntatem
2484 2127 2707 2181 variare
2730 2127 2938 2197 potuit,
2969 2131 3246 2199 utrosque
3277 2127 3538 2183 inclusos
3575 2134 3746 2185 utero

2091 2212 2336 2280 habens,
2370 2231 2485 2269 non
2519 2215 2620 2270 uni
2655 2217 2801 2286 (339)
2835 2221 3087 2283 tantum,
3121 2217 3219 2272 sed
3253 2233 3416 2288 aeque
3448 2217 3747 2274 ambobus

2098 2302 2348 2360 variavit.

2155 2392 2239 2446 Ad
2272 2393 2799 2448 commendandam
2827 2392 3006 2464 igitur
3031 2393 3276 2464 gratiam
3301 2393 3402 2449 Dei
3434 2394 3544 2450 hoc
3566 2395 3739 2466 dixit,

2087 2479 2284 2535 volens
2315 2482 2618 2537 ostendere
2649 2483 2787 2553 quia
2817 2499 2885 2537 ex
2915 2499 3029 2538 uno
3061 2489 3224 2554 patre
3263 2488 3321 2538 et
3365 2500 3433 2539 ex
3464 2501 3580 2539 una
3610 2501 3745 2541 ma-

2087 2573 2193 2639 tre,
2227 2576 2282 2625 et
2311 2588 2425 2626 uno
2456 2571 2789 2638 concubitu,
2824 2573 2996 2627 ambo
3038 2573 3155 2626 nati
3197 2577 3338 2628 sunt
3370 2589 3382 2626 :
3439 2574 3540 2628 sed
3591 2574 3748 2630 alter

2088 2657 2347 2714 indebita
2368 2659 2736 2715 miseratione
2763 2659 2980 2715 electus
3005 2669 3114 2730 est,
3133 2659 3281 2715 alter
3305 2677 3438 2716 vero
3456 2662 3622 2731 justo
3635 2663 3748 2718 Dei

2080 2747 2301 2817 judicio
2332 2749 2694 2820 reprobatus.
2730 2749 2801 2802 Ut
2830 2748 3031 2804 nullus
3061 2749 3120 2804 in
3151 2766 3212 2804 se
3245 2749 3481 2821 gloriari
3513 2767 3746 2821 praesu-

2085 2841 2229 2904 mat,
2277 2837 2376 2892 sed
2427 2838 2527 2908 qui
2579 2837 2881 2910 gloriatur,
2932 2838 2990 2892 in
3047 2837 3291 2894 Domino
3347 2838 3632 2911 glorietur
3693 2845 3749 2911 (ι

2094 2925 2222 2980 Cor.
2257 2943 2296 2995 ι,
2328 2927 2439 2997 31).

2162 3015 2362 3086 Igitur,
2396 3033 2468 3071 ne
2498 3015 2644 3072 torte
2673 3015 2889 3088 aliquis
2923 3016 3175 3072 diceret:
3205 3016 3562 3088 pravidebat
3581 3018 3744 3075 Deus

2086 3103 2238 3159 bona
2269 3121 2443 3176 opera
2472 3105 2531 3158 in
2562 3106 2762 3172 Jacob,
2794 3107 3040 3176 ideoque
3071 3105 3244 3178 elegit
3275 3121 3433 3174 eum,
3465 3106 3750 3163 similiter

2089 3193 2245 3248 mala
2264 3192 2323 3247 in
2338 3194 2512 3262 Esau,
2529 3199 2834 3266 pr0pterea
2859 3195 3186 3264 reprobavit
3205 3211 3338 3250 eum
3361 3212 3373 3261 ;
3399 3195 3745 3266 subjunxit:

333 3261 460 3356 ﬁlii
474 3265 687 3334 carnis,
709 3265 770 3320 hi
781 3275 912 3323 sunt
931 3269 1052 3341 ﬁlii
1061 3273 1196 3335 Dei;
1213 3275 1319 3329 sed
1331 3278 1427 3348 qui
1437 3276 1553 3348 ﬁlii
1565 3257 1974 3349 promissionis,
2008 3257 2051 3324 α
2092 3282 2230 3338 Cum
2252 3284 2404 3338 enim
2425 3257 2682 3340 nondum
2702 3284 2826 3339 nati
2841 3257 3102 3354 fuissent,
3124 3293 3227 3338 aut
3248 3257 3472 3356 aliquid
3495 3257 3749 3355 egissent

334 3353 698 3410 aestimantur
720 3357 870 3428 (336)
895 3360 956 3413 in
973 3361 1208 3416 semine.
1233 3364 1393 3426 Quod
1421 3371 1508 3422 est
1529 3373 1725 3440 aperte
1745 3370 1934 3427 dicere
1959 3386 1970 3426 :

334 3440 394 3496 hi
426 3441 796 3501 solummodo
829 3446 886 3500 in
921 3451 1143 3506 semine
1173 3453 1559 3524 aestimantur,
1595 3459 1693 3528 qui
1725 3459 1784 3514 in
1819 3461 1976 3517 Isaac

334 3531 740 3602 promissionis
772 3534 892 3590 ﬁlio
910 3537 1334 3609 signiﬁcantur.
1367 3544 1747 3603 Estimantur
1777 3555 1974 3606 autem

334 3619 394 3674 in
426 3620 668 3692 semine,
691 3623 850 3694 quia,
874 3625 1068 3682 divina
1096 3629 1282 3700 gratia
1309 3639 1571 3704 vocante,
1595 3635 1653 3691 in
1677 3637 1974 3694 Christum

336 3714 714 3781 congregant.

411 3796 485 3852 Ut
513 3801 711 3853 autem
743 3802 1074 3859 ostenderet
1114 3821 1240 3875 quae
1292 3812 1446 3864 esset
1490 3810 1611 3867 haec
1640 3816 1974 3884 promissio,

340 3885 602 3942 subdidit
626 3904 638 3943 :
661 3889 1067 3948 Promissionis
1087 3895 1236 3949 enim
1261 3897 1496 3952 verbum
1523 3900 1630 3956 hoc
1648 3907 1728 3958 est
1746 3922 1763 3957 :
1785 3921 1979 3961 secun-

339 3977 479 4032 dum
501 3976 609 4032 hoc
627 3982 848 4049 tempus
868 3981 1111 4046 veniam,
1125 3989 1178 4038 et
1200 3986 1310 4040 erit
1327 3985 1488 4044 Sara:
1502 3991 1669 4058 ﬁlius.
1685 3994 1806 4057 Quo
1824 3993 1976 4050 dicto

339 4064 500 4120 illius
522 4063 632 4120 loci
658 4067 947 4136 meminit,
973 4070 1071 4125 ubi
1112 4071 1467 4146 legiturquia
1487 4080 1728 4134 meridie
1753 4083 1976 4138 sedenti

338 4153 586 4210 Abrahae
629 4156 738 4210 sub
782 4173 998 4228 quercu
1047 4162 1304 4219 Mambre
1333 4165 1488 4236 (Gen.
1524 4185 1682 4239 xvm,
1718 4170 1770 4236 1)
1800 4187 1976 4241 appa-

337 4248 582 4299 ruerunt
613 4250 730 4301 tres
760 4247 1069 4319 angeli,',in
1112 4249 1300 4323 ﬁgura
1329 4255 1653 4321 Trinitatis,
1687 4275 1835 4328 quos
1883 4259 1978 4315 ille

336 4332 586 4405 hospitio
617 4335 894 4408 suscepit,
927 4353 1128 4394 eorum
1161 4342 1338 4413 pedes
1367 4343 1508 4399 lavit
1535 4362 1548 4410 ;
1592 4350 1726 4416 post
1753 4363 1976 4403 comes-

334 4421 548 4478 tionem
581 4427 776 4480 autem
807 4431 1006 4483 vocata
1034 4429 1196 4499 Sara,
1229 4431 1376 4486 dixit
1412 4433 1728 4488 Dominus:
1760 4435 1977 4491 Secun-

335 4511 474 4567 dum
507 4513 617 4569 hoc
645 4519 880 4588 tempus
911 4517 1162 4586 veniam,
1195 4524 1252 4574 et
1294 4519 1403 4574 erit
1437 4525 1587 4574 Saraa
1620 4520 1776 4577 ﬁlius
1807 4523 1974 4596 (337).

2095 3375 2246 3438 boni,
2269 3379 2372 3426 aut
2392 3372 2539 3427 mali
2558 3374 2684 3443 (aut
2703 3375 3008 3428 secundum
3030 3375 3360 3428 electionem
3375 3377 3747 3445 propositum

2085 3463 2200 3517 Dei
2219 3463 2502 3532 maneret)
2528 3479 2638 3516 non
2660 3479 2732 3517 ea:
2751 3463 3142 3531 operibus,sed
3164 3480 3239 3517 ea:
3265 3473 3504 3520 vocante
3525 3464 3746 3520 dictum

2083 3557 2166 3605 est
2195 3551 2250 3605 ei
2274 3571 2292 3605 :
2327 3552 2472 3619 Quia
2498 3552 2696 3621 major
2717 3552 2921 3606 serviet
2941 3551 3171 3607 minori.
3201 3557 3260 3606 In
3292 3553 3557 3607 nondum
3585 3552 3744 3608 natis

2086 3638 2248 3695 nulla
2277 3640 2423 3695 ﬁdes
2455 3645 2555 3695 aut
2591 3657 2766 3712 opera
2795 3641 3116 3710 praecedere
3147 3644 3486 3711 potuerunt,
3520 3641 3743 3713 quibus

2085 3728 2231 3784 alter
2260 3745 2461 3784 eorum
2493 3728 2824 3801 eligeretur,
2857 3729 3003 3784 alter
3044 3745 3246 3784 eorum
3296 3731 3739 3800 reprobaretur.

2087 3816 2189 3872 His
2211 3821 2404 3872 autem
2426 3816 2619 3872 verbis
2642 3822 2839 3889 aperte
2869 3817 3197 3872 ostenditur
3217 3817 3356 3888 quia
3385 3834 3500 3872 non
3531 3818 3742 3874 electio

2089 3906 2303 3976 pendet
2334 3922 2402 3960 ex
2433 3906 2752 3976 proposito,
2786 3906 2886 3960 sed
2918 3906 3282 3978 prepositum
3321 3923 3391 3961 ex
3433 3905 3740 3962 electiene.

2086 3994 2210 4048 Non
2230 3994 2385 4048 enim
2411 3995 2774 4065 propositum
2797 3994 3160 4063 electionem,
3179 3995 3280 4050 sed
3303 3993 3508 4050 electio
3532 4012 3748 4066 praece-

2086 4082 2172 4137 dit
2203 4082 2566 4154 propositum
2599 4101 2611 4149 ;
2672 4083 2823 4138 sicut
2853 4099 2925 4138 ne
2949 4083 3296 4154 justiﬁcatio
3325 4082 3601 4154 gratiam,
3637 4085 3741 4140 sed

2086 4171 2274 4242 gratia
2312 4170 2842 4240 justiﬁcationem;
2890 4171 2972 4226 ita
3023 4187 3138 4225 non
3189 4170 3411 4227 vocatio
3463 4172 3746 4242 praecedit

2086 4257 2449 4328 electionem,
2482 4260 2582 4314 sed
2614 4259 2816 4315 electio
2862 4259 3221 4315 vocationem
3255 4261 3422 4331 (340).
3473 4259 3602 4315 Non
3653 4265 3740 4317 ta-

2087 4363 2221 4402 men
2251 4364 2455 4402 onines
2481 4347 2582 4418 qui
2607 4353 2891 4403 vocantur
2920 4346 3237 4420 eliguntur,
3257 4347 3560 4420 quoniam,
3583 4350 3742 4406 sicut

2086 4435 2371 4491 Dominus
2399 4436 2455 4490 in
2483 4436 2789 4508 Evangelio
2812 4437 2990 4492 dicit:
3015 4437 3180 4494 Multi
3197 4445 3324 4493 sunt
3345 4439 3543 4506 vocati,
3566 4439 3742 4510 pauci

2085 4540 2209 4580 vero
2242 4525 2401 4580 electi
2431 4525 2637 4596 (Matth.
2660 4542 2753 4596 xx,
2781 4526 2887 4597 16).
2910 4525 3212 4581 Manifeste
3242 4525 3442 4598 itaque
3475 4528 3740 4582 ostendit

403 4601 515 4657 Sed
547 4619 619 4658 ne
649 4605 910 4661 erederet
938 4606 1154 4678 aliquis
1185 4623 1410 4677 omnes,
1443 4607 1541 4678 qui
1582 4624 1651 4662 ex
1678 4610 1839 4665 Isaac
1868 4613 1976 4667 orti
2009 4623 2056 4688 D
2085 4613 2396 4684 Apostolus
2419 4614 2559 4685 quia
2578 4615 2732 4668 sicut
2753 4612 2933 4669 nullis
2961 4615 3085 4670 suis
3105 4614 3332 4670 meritis
3359 4615 3741 4686 praecedenti-

331 4695 472 4746 sunt
501 4692 776 4749 aestimari
818 4694 877 4748 in
924 4695 1168 4762 semine,
1204 4695 1344 4766 quia
1391 4695 1659 4750 dixerat:
1713 4698 1775 4753 In
1821 4699 1980 4759 Isaac

329 4782 622 4838 vocabitur
640 4784 752 4840 tibi
767 4801 981 4850 semen,
1005 4785 1134 4838 ideo
1158 4784 1466 4855 subjungit
1490 4800 1502 4837 :
1537 4785 1655 4839 Non
1676 4788 1860 4843 solum
1877 4808 1976 4847 au-

327 4878 436 4926 tem
468 4872 615 4944 (338)
667 4874 766 4928 sed
813 4881 870 4927 et
911 4873 1163 4928 Rebecca
1193 4887 1267 4925 ea:
1295 4887 1406 4926 uno
1435 4875 1738 4929 concubitu
1764 4879 1978 4936 habens

326 4961 486 5016 Isaac
501 4961 696 5032 patris
715 4960 940 5021 nostri;
963 4976 1028 5014 ac
1051 4959 1099 5013 si
1125 4959 1372 5014 diceret:
1403 4976 1514 5014 non
1541 4959 1731 5016 solum
1760 4963 1817 5018 in
1840 4967 1976 5025 ﬁliis

327 5048 559 5104 duobus
583 5048 832 5103 Abrahae
863 5046 986 5100 haec
1015 5045 1313 5100 distinctio
1343 5046 1495 5102 facta
1524 5051 1632 5114 est,
1667 5051 1766 5105 sed
1799 5054 1971 5113 etiam

326 5136 588 5192 Rebecca
614 5136 766 5190 hanc
797 5133 1240 5188 distinctionem
1272 5133 1426 5206 fecit,
1459 5135 1683 5219 habens
1712 5142 1974 5211 geminos

398 5243 548 5313 (334)
578 5240 752 5310 Vulg.
789 5239 932 5313 qui;
964 5240 1068 5294 scd
1149 5244 1206 5294 et
1231 5238 1355 5294 aliis
1395 5241 1672 5299 lectiones
1703 5262 1835 5302 cum
1865 5249 1972 5307 hac

327 5310 538 5368 nostra
559 5310 956 5364 consentiunt.

398 5382 547 5452 (335)
578 5380 751 5452 Vulg.
786 5396 886 5446 per
916 5384 1436 5452 repromissionem.

400 5451 549 5528 (339)
581 5451 751 5528 Vulg.
777 5451 1181 5528 promissionis
1210 5464 1357 5523 sunt,
1387 5460 1757 5528 aestimantur,
1792 5465 1897 5516 etc.

400 5523 550 5594 (337)
578 5522 719 5598 Gen.
753 5539 912 5590 xvux,
953 5524 1038 5592 10,
1062 5525 1232 5598 Vulg.
1257 5522 1538 5584 revertens
1569 5522 1794 5586 veniam
1822 5534 1894 5587 ad
1922 5542 1973 5587 te

329 5593 576 5660 tempore
607 5593 737 5647 isto.

401 5663 549 5738 (338)
581 5663 752 5738 Vulg.
783 5673 972 5722 autem
1001 5666 1123 5724 illa.

2087 4703 2199 4758 bus
2228 4703 2572 4774 reprobatus
2612 4705 2701 4756 est
2729 4703 2903 4767 Esau,
2935 4702 3016 4758 ita
3045 4702 3224 4759 nullis
3255 4703 3482 4760 meritis
3513 4721 3731 4776 praece-

2084 4789 2359 4846 dentibus
2408 4789 2626 4845 electus
2674 4794 2762 4845 est
2809 4791 3009 4846 Jacob.
3043 4791 3103 4846 Si
3143 4791 3298 4847 enim
3340 4794 3742 4865 praecederent

2084 4879 2284 4950 aliqua
2315 4879 2522 4934 merita
2541 4879 2754 4950 quibus
2774 4879 2953 4936 Jacob
2983 4881 3312 4953 eligeretur,
3337 4883 3741 4954 praecederent

2084 4967 2290 5039 utique
2323 4967 2538 5037 quibus
2570 4968 2978 5039 reprobaretur
3005 4970 3176 5025 Esau.
3202 4971 3311 5026 Sed
3346 4972 3572 5027 mansit
3604 4989 3737 5044 pro-

2082 5056 2341 5128 positum
2373 5056 2474 5111 Dei
2505 5057 2829 5113 secundum
2859 5057 3222 5130 electionem,
3261 5061 3546 5130 quoniam
3581 5062 3739 5118 sicut

2081 5144 2282 5200 electio
2305 5144 2481 5202 nullis
2514 5146 2974 5216 pracedentibus
3003 5147 3229 5203 meritis
3260 5146 3614 5219 celebratur,
3640 5167 3738 5207 eo-

2153 5249 2304 5318 (339)
2333 5252 2543 5322 Autog.
2568 5267 2678 5306 non
2707 5253 2915 5306 unitati
2942 5255 3182 5307 tantum.
3207 5253 3416 5309 Menda
3438 5256 3591 5311 mihi
3613 5258 3742 5312 visa

2081 5326 2270 5395 estex
2287 5337 2364 5395 eo
2409 5323 2561 5391 quod
2595 5323 2860 5395 sequitur
2887 5339 2899 5376 :
2929 5323 3019 5377 sed
3046 5339 3202 5395 atque
3229 5327 3516 5381 ambobus.

2153 5391 2313 5464 (340)
2333 5392 2622 5464 Jugantur
2647 5391 2764 5447 hac
2791 5393 2885 5448 his
2911 5410 3036 5464 quae
3064 5391 3221 5450 dicta
3249 5402 3389 5450 sunt
3417 5398 3590 5452 initio
3623 5399 3739 5454 hu-

2076 5462 2544 5538 jusceEpjstolae
2575 5465 2644 5517 ad
2677 5465 2850 5520 verba
2884 5481 2896 5518 :
2929 5462 3197 5522 omnibus
3238 5469 3334 5538 qui
3360 5474 3494 5524 sunt
3525 5472 3735 5538 Romae,

2082 5532 2298 5612 dilectis
2323 5533 2466 5612 .Dei,
2519 5538 2727 5591 vocatis
2752 5538 2990 5612 _sanctis.
3010 5538 3093 5612 _Et
3122 5532 3258 5612 cum
3287 5539 3381 5594 his
3413 5557 3544 5612 quae
3578 5532 3740 5598 dicta

2084 5607 2225 5658 sunt
2269 5601 2342 5682 ad
2386 5619 2509 5675 cap.
2544 5622 2666 5682 vui,
2699 5607 2776 5682 ad
2814 5623 2882 5662 ea
2909 5608 3085 5682 verba
3118 5625 3131 5663 :
3184 5609 3270 5665 his
3299 5613 3398 5682 qui
3423 5601 3737 5670 secundum

2077 5674 2422 5746 propositum
2448 5674 2632 5734 vocati
2655 5674 2782 5732 sunt
2808 5681 3004 5735 sancti.
