3996 6232
201 376 312 436 221

830 379 1247 442 EXPOSITIO
1292 380 1370 441 IN
1416 379 1846 443 EPISTOLAS
1892 381 2255 444 PAULL—
2283 381 2362 443 IN
2406 382 2655 445 EPIST.
2704 381 2808 444 AD
2855 380 3045 444 ROM.

3516 383 3637 444 222

202 510 332 566 dem
362 510 665 583 Apostolo
700 516 971 579 testante,
1004 511 1106 583 qui
1140 511 1275 567 alibi
1306 513 1447 568 dicit
1480 531 1491 569 :
1524 513 1612 568 Sic
1648 515 1795 586 (341)
1826 517 1881 568 et
1909 517 1960 581 Α
1991 512 2084 569 lus
2112 516 2492 586 quaestionem
2518 515 2627 570 sibi
2650 515 3477 589 opposuit,subjungens:quid
3500 530 3634 588 ergo

206 601 263 654 in
291 600 391 655 hoc
424 608 683 672 tempore
712 603 965 672 reliquiae
993 602 1290 657 secundum
1319 602 1642 659 electionem
1688 606 1880 675 gratia:
1988 603 2227 658 dicemus
2248 604 2275 657 ?
2306 606 2451 675 (344)
2496 605 2753 677 Nunquid
2802 606 3070 675 iniquitas
3117 606 3259 675 apud
3312 606 3480 660 Deum
3500 605 3527 658 ‘t
3554 606 3633 659 Ac

200 695 370 747 salva?
394 691 574 764 factm
606 696 759 762 sunt,
783 691 865 747 ita
893 695 948 747 et
979 691 1432 764 praedestinatio,
1457 709 1634 763 quam
1667 709 1876 764 propo-

206 780 388 833 situm
424 785 630 835 vocat.

272 868 403 923 Non
436 884 585 940 ergo
638 885 710 923 ex
738 870 1036 942 operibus,
1068 887 1197 941 quae
1230 870 1392 925 nulla
1437 875 1874 941 praecesserunt,

200 958 304 1013 sed
336 975 408 1013 ex
439 963 699 1014 vocante
731 960 919 1031 gratia
952 959 1045 1013 Dei
1076 960 1301 1014 dictum
1335 965 1423 1015 est
1451 960 1501 1014 ei
1534 964 1662 1031 quia
1699 962 1879 1030 major

200 1050 404 1102 serviet
434 1049 809 1112 minori.Quo
834 1047 983 1102 dicto
1008 1048 1167 1103 illius
1198 1048 1307 1103 loci
1332 1049 1596 1104 meminit
1619 1050 1715 1104 ubi
1744 1049 1879 1121 legi-

200 1140 303 1191 tur
334 1137 652 1208 quia.cum
687 1136 1097 1193 colliderentur
1128 1138 1345 1209 gemini
1378 1138 1435 1191 in
1470 1144 1632 1193 utero
1662 1139 1873 1193 Rebec—

202 1241 307 1293 cae,
341 1230 403 1280 et
441 1225 551 1280 illa
582 1227 723 1281 isset
776 1226 1077 1281 consulere
1132 1226 1467 1293 Dominum,
1498 1229 1797 1298 respondit
1825 1227 1874 1281 ei

204 1314 556 1370 Dominus:
593 1315 728 1369 Dum
782 1320 983 1387 gentes
1032 1315 1184 1385 (Gen.
1237 1333 1367 1386 xxv,
1415 1317 1504 1384 2‘3,
1536 1317 1626 1387 23)
1658 1324 1715 1370 et
1761 1318 1875 1371 duo

208 1402 419 1474 populi
454 1403 513 1457 in
545 1408 714 1458 utero
733 1408 951 1467 suut,et
968 1404 1221 1475 populus
1244 1404 1527 1476 populum
1558 1406 1875 1476 superabit,

208 1496 267 1546 et
300 1492 497 1562 major
546 1493 760 1547 serviet
792 1493 1023 1547 minori.
1060 1493 1339 1564 Majorem
1390 1495 1539 1549 Esau
1580 1494 1739 1559 dicit,
1775 1494 1875 1565 qui

208 1579 328 1635 alio
361 1581 609 1636 nomine
659 1581 852 1637 dictus
883 1587 971 1636 est
1016 1581 1203 1647 Edam,
1238 1599 1271 1636 a
1302 1599 1415 1653 quo
1447 1587 1572 1637 orta
1617 1587 1706 1638 est
1733 1599 1875 1654 gens

210 1668 662 1737 Idumaaorum;
697 1671 980 1725 minorem
1014 1686 1147 1725 vero
1174 1670 1375 1725 Jacob.

286 1757 427 1812 Haec
458 1774 600 1829 ergo
630 1757 1116 1830 prophetiajuxta
1144 1758 1448 1814 historiam
1472 1763 1611 1814 tunc
1633 1758 1875 1831 impleta

211 1850 330 1917 est,
366 1847 610 1918 quando
641 1847 891 1919 populus
918 1846 1382 1919 Judaaorum,qui
1414 1849 1484 1903 de
1516 1848 1739 1903 minore
1769 1849 1876 1902 fra-

212 1938 327 2001 tre,
360 1935 422 1990 id
459 1941 551 1992 est
580 1936 782 2001 Jacob,
806 1940 970 1991 ortus
1001 1941 1107 2006 est,
1134 1954 1236 2008 per
1264 1937 1442 1992 David
1478 1953 1670 2009 regem
1702 1952 1875 2009 supe-

214 2025 368 2079 ravit
400 2024 843 2097 (342)p0pulum
875 2025 1349 2091 Idumaeorum,et
1378 2042 1511 2081 eum
1543 2028 1653 2081 sibi
1688 2027 1875 2081 tribu-

209 2113 431 2169 tarium
456 2115 809 2185 fecit,usque
832 2115 902 2169 ad
931 2130 1123 2185 regem
1149 2116 1258 2169 sub
1282 2132 1398 2187 quo
1426 2116 1873 2182 rebellaverant,

212 2206 271 2256 et
304 2202 614 2272 ejecerunt
637 2204 850 2274 jugum
883 2204 1176 2257 servitutis
1209 2204 1278 2258 de
1312 2203 1458 2258 collo
1490 2220 1615 2258 suo.
1648 2203 1827 2258 Aliter
1858 2220 1871 2257 :

214 2290 325 2345 Per
357 2294 645 2362 majorem
674 2293 911 2346 fratrem
938 2291 1187 2363 populus
1206 2292 1488 2347 Judaicus
1510 2293 1872 2364 designatur,

217 2380 326 2451 qui
357 2381 529 2451 prius
558 2381 716 2435 venit
743 2382 812 2435 ad
844 2380 1055 2436 Christi
1090 2382 1479 2455 cognitionem
1505 2401 1519 2449 ;
1554 2398 1656 2452 per
1686 2381 1874 2435 mino-

216 2484 348 2523 rem
382 2485 545 2534 vero,
577 2469 1027 2525 ecclesiasticus.
1063 2470 1192 2525 Haec
1240 2486 1375 2541 ergo
1408 2470 1711 2541 prophetia
1763 2470 1872 2524 im-

214 2555 378 2628 pleta
434 2562 542 2627 est,
577 2558 850 2629 quoniam
900 2558 1153 2630 populus
1202 2559 1537 2614 Judzeorum
1588 2562 1706 2614 toto
1737 2559 1875 2613 orbe

214 2649 517 2702 terrarum
549 2646 853 2717 dispersus
883 2646 1058 2703 servit
1085 2645 1499 2703 ecclesiastico.
1532 2647 1743 2702 Aliter:
1769 2652 1877 2702 Per

222 2736 514 2804 majorem
561 2735 813 2791 carnalis
839 2735 1111 2807 populus,
1143 2752 1245 2807 per
1276 2736 1560 2792 minorem
1594 2735 1875 2809 spiritalis

222 2823 592 2897 designatur.
629 2824 794 2880 Sicut
842 2824 997 2880 enim
1029 2824 1113 2879 illi
1145 2826 1261 2880 duo
1291 2826 1349 2880 in
1382 2829 1564 2892 utero,
1598 2826 1681 2881 ita
1727 2829 1784 2880 et
1814 2825 1872 2879 hi

218 2928 333 2968 uno
369 2916 581 2969 matris
637 2913 903 2969 Ecclesia;
934 2914 1064 2968 sinu
1120 2914 1497 2980 clauduntur,
1531 2919 1586 2969 et
1632 2915 1784 2969 inter
1812 2929 1873 2968 se

214 3000 471 3059 invicem
503 3004 830 3069 dimicant;
862 3018 1063 3057 verum
1095 3003 1349 3059 carnalis
1378 3004 1555 3059 servit
1603 3003 1871 3075 spiritali,

214 3091 501 3160 quoniam
536 3090 820 3163 spiritalis
851 3090 1049 3146 omnia
1079 3091 1415 3161 adjudicat,i
1426 3109 1527 3163 pse
1555 3108 1686 3147 vero
1718 3108 1751 3146 a
1780 3108 1873 3146 ne-

216 3180 379 3235 mine
411 3180 775 3251 dijudicatur
812 3180 859 3251 (I
885 3183 1003 3236 Cor.
1040 3196 1100 3247 ιι,
1135 3182 1221 3248 14,
1256 3181 1370 3251 15.)

1906 1893 1953 1957 Β

1989 693 2037 748 si
2069 694 2285 748 diceret
2321 712 2332 749 :
2366 694 2540 749 Nulla
2565 695 2671 749 hoc
2704 694 3012 764 iniquitate
3041 694 3134 748 Dei
3170 695 3383 749 factum
3416 694 3631 764 est,sed

1982 782 2217 852 justitia
2246 787 2303 838 et
2351 783 2760 849 miseratione;
2795 783 3040 837 alterum
3073 783 3228 837 enim
3271 800 3373 855 per
3401 783 3630 838 indebi-

1987 875 2107 925 tam
2136 873 2381 943 gratiam
2415 872 2591 943 elegit
2621 890 2633 941 ;
2669 872 3269 943 alterumjustissimo
3294 872 3517 943 judicio
3549 887 3634 927 re-

1990 962 2274 1031 probavit.

2060 1051 2128 1104 Et
2158 1050 2265 1105 hoc
2297 1050 2419 1106 vult
2449 1052 2603 1123 quod
2626 1051 2740 1106 ait:
2767 1050 3145 1106 absit.Volens
3178 1054 3371 1105 autem
3406 1050 3632 1105 ratione

1988 1140 2232 1209 probare
2265 1142 2416 1210 quod
2468 1142 2709 1207 dixerat,
2739 1140 2951 1210 adjecit
2984 1158 2995 1195 :
3031 1143 3209 1210 Moysi
3254 1141 3406 1194 enim
3448 1140 3583 1195 dicit
3613 1157 3626 1193 :

1986 1229 2284 1283 Misercbor
2331 1230 2489 1297 cuius
2516 1232 2769 1285 misertus
2815 1230 2981 1302 fuero
3023 1230 3193 1299 (345),
3226 1237 3275 1283 et
3318 1230 3631 1283 misericor-

1985 1315 2135 1370 diam
2163 1319 2436 1387 przestabo
2463 1320 2619 1391 cujus
2648 1320 2960 1373 miserebor.
2996 1319 3108 1373 Sed
3140 1317 3405 1389 nunquid
3459 1316 3629 1372 solvit

1986 1404 2078 1459 his
2108 1406 2295 1461 verbis
2330 1407 2478 1461 hanc
2510 1408 2891 1478 quaestionem
2912 1407 2940 1461 ?
2965 1407 3173 1478 Utique
3200 1406 3386 1477 magis
3416 1423 3543 1461 eam
3566 1405 3631 1459 li-

1985 1512 2122 1568 gare
2152 1496 2569 1560 videtur.Quod
2601 1501 2797 1551 tamen
2832 1497 2911 1550 ita
2939 1500 3127 1568 potest
3152 1494 3393 1566 intelligi
3418 1510 3431 1550 :
3458 1495 3628 1564 cujus

1986 1587 2265 1639 misertus
2315 1586 2499 1651 fuero,
2551 1585 2815 1657 eligendo
2863 1590 2918 1639 et
2966 1584 3451 1655 prmdestinando,
3500 1584 3627 1653 ejus

1986 1673 2326 1740 miserebor,
2361 1690 2462 1744 per
2491 1674 2741 1745 gratiam
2773 1674 3031 1728 vocando
3059 1691 3071 1740 ;
3098 1678 3153 1728 et
3184 1674 3356 1743 cujus
3388 1672 3627 1726 misere-

1984 1762 2216 1833 bor,per
2247 1763 2493 1833 gratiam
2522 1763 2871 1827 vocando,et
2904 1761 3361 1816 misericordiam
3389 1765 3626 1833 praesta-

1984 1850 2077 1916 bo,
2112 1852 2181 1905 ad
2216 1851 2388 1905 ﬁdem
2423 1852 2792 1921 perducendo
2824 1855 2880 1905 et
2902 1850 3303 1921 justificando.

2057 1939 2122 1993 Et
2152 1938 2287 2009 quia
2318 1938 2539 1993 dixerat
2566 1938 2743 1993 Jacob
2768 1955 2869 2010 per
2898 1938 3220 1993 indebitam
3245 1937 3492 2008 gratiam
3525 1936 3627 1992 Dei

1982 2026 2251 2092 electum,
2288 2044 2417 2081 mox
2467 2027 2796 2098 generalem
2829 2025 3202 2095 sententiam,
3236 2026 3308 2079 ad
3357 2026 3625 2079 eamdem

1982 2116 2227 2187 gratiam
2263 2114 3278 2183 commendandam,intulit,dicens:
3312 2116 3490 2183 Igitur
3516 2130 3627 2167 non

1985 2206 2227 2271 volentis,
2259 2222 2435 2276 neque
2462 2206 2753 2269 currentis,
2785 2204 2878 2259 sed
2906 2203 3216 2258 miserentis
3244 2206 3321 2258 est
3345 2204 3460 2257 Dei.

2054 2295 2204 2349 Sane
2235 2294 2536 2349 sciendum
2570 2294 2709 2365 quia
2738 2294 2889 2349 sicut
2920 2291 3119 2347 nullus
3150 2292 3357 2359 credit,
3390 2291 3501 2348 nisi
3534 2292 3623 2347 di-

1982 2381 2117 2437 vina
2145 2387 2383 2438 vocante
2432 2383 2638 2453 gratia,
2671 2382 2751 2437 ita
2781 2380 2981 2436 nullus
3011 2380 3214 2445 credit,
3248 2379 3361 2434 nisi
3400 2379 3619 2435 volens.

1984 2474 2096 2527 Cur
2124 2487 2260 2543 ergo
2291 2472 2433 2526 dicit
2459 2470 2770 2543 Apostolus
2802 2487 2815 2525 :
2850 2476 2970 2528 Non
2998 2471 3248 2535 volentis,
3281 2485 3455 2539 neque
3506 2485 3625 2523 cur-

1984 2563 2154 2615 rentis
2183 2570 2260 2615 est
2280 2561 2307 2614 ?
2337 2560 2587 2625 Scilicet,
2621 2561 2761 2631 quia
2792 2564 3129 2629 utrumque,
3158 2558 3217 2611 id
3249 2557 3625 2625 est,volunta-

1983 2653 2099 2704 tem
2132 2653 2188 2703 et
2217 2666 2454 2704 cursum
2490 2649 2560 2703 ad
2594 2648 2850 2703 divinam
2884 2646 3133 2719 gratiam
3166 2647 3377 2702 referre
3423 2645 3623 2700 voluit.

1984 2737 2107 2791 Non
2135 2742 2223 2792 est
2253 2738 2408 2792 enim
2439 2736 2683 2791 volentis
2713 2735 3135 2807 hominis,quia
3166 2735 3385 2790 bonum
3417 2734 3561 2789 velle
3592 2751 3627 2789 θ,

1984 2843 2046 2882 se
2075 2826 2200 2897 ipso
2232 2827 2443 2881 habere
2472 2843 2587 2881 non
2622 2830 2847 2897 potest;
2884 2841 2996 2879 non
3023 2828 3112 2879 est
3148 2823 3455 2893 currentis,
3487 2822 3628 2893 quia

1985 2931 2087 2986 per
2115 2932 2177 2970 se
2207 2932 2457 2981 currere,
2482 2915 2538 2968 id
2571 2918 2661 2968 est
2692 2914 2860 2969 bonis
2891 2913 3165 2986 Operibus
3198 2912 3477 2984 proﬁcere
3508 2927 3623 2965 non

1983 3009 2207 3075 potest;
2232 3005 2330 3059 sed
2362 3003 2694 3059 miserantis
2727 3004 2843 3070 Dei,
2878 3004 3048 3073 cujus
3077 3001 3264 3075 gratia
3298 3006 3625 3072 praeventus

1982 3094 2131 3164 (346)
2162 3095 2380 3149 bonum
2432 3093 2577 3148 velle
2624 3094 2853 3165 accipit,
2904 3096 2960 3146 et
3008 3092 3177 3161 cujus
3227 3088 3629 3145 misericordia

1981 3183 2220 3252 adjutus
2253 3184 2398 3237 bene
2429 3199 2660 3237 currere
2690 3182 2927 3238 sufﬁcit.

288 3268 363 3325 Ut
390 3278 586 3326 autem
618 3286 784 3325 suam
818 3269 1209 3324 narrationem
1242 3269 1578 3340 prophetico
1606 3270 1872 3325 testimo-
1902 3264 1946 3328 C
2054 3273 2471 3326 Verumtamen
2494 3271 2645 3325 sicut
2663 3270 2931 3325 voluntas
2955 3272 3155 3323 nostra
3175 3272 3231 3322 et
3251 3283 3461 3322 cursus
3483 3265 3629 3319 nihil

217 3357 314 3414 nio
347 3359 780 3429 comprobaret,
813 3358 1118 3429 subjunxit
1145 3358 1546 3413 testimonium
1579 3358 1872 3431 propheta:

219 3444 399 3519 longe
425 3447 789 3519 posterioris,
820 3448 1019 3502 dicens
1052 3465 1065 3502 :
1099 3446 1251 3502 Sicut
1278 3450 1541 3519 scriptum
1572 3456 1686 3503 est:
1707 3450 1874 3504 Jacob

219 3535 432 3602 dilexi,
488 3540 640 3590 Esau
686 3539 863 3591 autem
906 3536 1034 3591 odio
1089 3537 1259 3591 habui
1308 3536 1555 3608 (Malach.
1604 3554 1642 3603 1,
1686 3539 1742 3603 2,
1797 3538 1871 3608 3).

224 3623 505 3680 Ostendit
533 3624 683 3678 enim
717 3625 853 3696 quia
881 3626 1036 3696 quod
1068 3625 1126 3679 in
1159 3626 1471 3697 praesentia
1502 3626 1596 3681 Dei
1628 3643 1697 3681 ex
1725 3627 1874 3681 anti-

224 3728 346 3784 quo
377 3711 620 3768 consilio
651 3714 925 3768 manebat
954 3729 1056 3784 per
1085 3714 1631 3785 gratiam,apertum
1665 3720 1752 3769 est
1772 3731 1877 3786 per

221 3802 594 3874 prophetam.

292 3892 408 3947 Sed
440 3892 822 3962 quaerendum
846 3895 934 3946 est
960 3890 1099 3961 quid
1132 3891 1414 3947 Dominus
1446 3892 1504 3947 in
1526 3893 1707 3948 Jacob
1739 3893 1877 3947 dile-

220 3980 394 4045 xerit,
422 3984 523 4035 aut
553 3980 694 4050 quid
728 3979 787 4033 in
816 3980 969 4034 Esau
1001 3980 1132 4034 odio
1163 3980 1527 4035 habuerit.[n
1558 3982 1876 4053 .lacob,qui

220 4070 489 4124 nondum
522 4073 698 4123 natus
720 4067 865 4122 nihil
889 4084 1057 4139 agere
1080 4068 1442 4139 potuit,nihil
1473 4069 1629 4125 aliud
1657 4070 1874 4136 dilexit,

221 4158 343 4213 nisi
377 4158 699 4229 gratuitum
730 4173 851 4212 suae
882 4156 1293 4213 misericordias
1325 4159 1543 4213 donum
1571 4159 1880 4227 ;simi1iter

220 4246 284 4303 in
320 4246 472 4301 Esau
504 4246 652 4301 nihil
682 4245 841 4301 aliud
875 4246 1006 4300 odio
1039 4245 1264 4312 habuit,
1290 4246 1403 4301 nisi
1435 4247 1716 4319 originale
1745 4265 1879 4320 pec-

220 4336 621 4405 catum,cujus
639 4334 848 4389 merito
866 4334 1139 4389 universa
1159 4334 1404 4390 humani
1432 4338 1662 4408 generis
1684 4354 1881 4393 massa

218 4425 508 4480 damnata
537 4427 645 4478 est.

292 4512 648 4583 (343)Genus
666 4527 927 4583 namque
947 4510 1273 4566 humanum
1297 4512 1440 4567 adeo
1455 4512 1514 4567 in
1536 4512 1667 4583 ipsa
1687 4513 1879 4567 radice

1983 3362 2117 3416 boni
2148 3360 2372 3431 operari
2424 3363 2631 3431 potest,
2666 3358 2779 3413 nisi
2829 3356 3025 3411 divina
3055 3355 3242 3426 gratia
3292 3353 3629 3425 praeveniat,

1982 3449 2063 3504 ita
2088 3454 2143 3503 et
2174 3449 2361 3520 gratia
2408 3447 2506 3502 Dei
2538 3446 2682 3501 nihil
2714 3447 2773 3501 in
2806 3444 2974 3500 nobis
3007 3442 3141 3499 boni
3182 3448 3475 3514 operatur,
3512 3440 3629 3496 nisi

1982 3537 2341 3593 voluntatem
2373 3541 2633 3591 nostram
2667 3534 2873 3590 divina:
2902 3531 3189 3587 voluntati
3211 3532 3557 3603 jungamus.

2055 3627 2217 3682 Sicut
2245 3642 2381 3697 ergo
2412 3625 2666 3681 dicimus
2700 3641 2713 3677 :
2747 3625 2861 3679 Non
2904 3624 3162 3685 voluntis,
3192 3637 3370 3691 neque
3397 3634 3633 3675 curren-

1984 3720 2071 3781 tis,
2103 3715 2195 3770 sed
2241 3716 2548 3771 miserantis
2577 3722 2655 3769 est
2685 3715 2801 3781 Dei,
2834 3713 2990 3767 itane
3040 3709 3229 3766 dicere
3262 3724 3578 3781 possumus
3613 3724 3627 3763 :

1983 3805 2109 3860 Non
2142 3804 2477 3859 miserantis
2523 3804 2647 3871 Dei,
2677 3804 2777 3859 sed
2822 3800 3091 3866 volentis,
3124 3804 3182 3855 et
3227 3798 3517 3855 currentis
3548 3802 3635 3853 est

1984 3893 2244 3948 hominis
2263 3893 2408 3948 ‘lSed
2440 3894 2570 3963 quis
2592 3892 2700 3947 hoc
2730 3892 2923 3947 dicere
2949 3891 3163 3946 audeat
3186 3888 3502 3959 ‘tNunquid
3527 3886 3637 3943 hoc

1986 3982 2170 4037 sensit
2192 3982 2506 4053 Apostolus
2530 3980 2883 4037 ?Absit.lmo
2914 3984 3103 4034 totum
3128 3979 3198 4033 ad
3231 3977 3401 4031 illum
3434 3975 3635 4032 referri

1984 4070 2184 4137 voluit,
2219 4070 2290 4125 de
2320 4086 2434 4140 quo
2466 4071 2751 4139 scriptum
2783 4073 2873 4123 est
2902 4084 2914 4121 ε
2954 4068 3211 4122 Voluntas
3258 4073 3439 4120 autem
3468 4082 3503 4119 a
3533 4064 3634 4118 Do-

1985 4162 2137 4213 mino
2165 4167 2553 4230 praeparatur;
2583 4157 2709 4227 ipse
2738 4156 2955 4227 quippe
2986 4158 3291 4227 praeparat,
3324 4158 3382 4208 et
3413 4169 3634 4224 praepa-

1988 4252 2174 4303 ratam
2198 4247 2385 4317 juvat.

2057 4334 2333 4406 Sequitur
2381 4352 2394 4388 :
2448 4335 2593 4389 Dicit
2641 4334 2793 4387 enim
2843 4331 3128 4402 Scriptura
3170 4328 3473 4394 Pharaoni,
3524 4330 3634 4381 etc.

1988 4425 2222 4481 Dixerat
2250 4424 2521 4494 superius
2557 4441 2569 4478 :
2602 4422 2763 4479 Jacob
2792 4421 2967 4476 dilexi
2994 4437 3007 4486 ;
3033 4422 3336 4492 propterea
3366 4415 3635 4470 testimo—

1989 4514 2154 4569 nium
2196 4512 2389 4585 posuit
2438 4512 2750 4583 Scripturas
2800 4508 3045 4565 dicentis
3082 4526 3095 4563 :
3129 4504 3435 4563 Miserebor
3480 4504 3636 4575 cujus

218 4603 574 4657 damnatum
606 4604 717 4665 est,
751 4603 835 4664 ut,
869 4599 917 4654 si
951 4598 1147 4655 nullus
1199 4599 1877 4668 hominumsalvaretur,
1910 4623 1957 4686 D
1987 4604 2245 4659 misertus
2299 4606 2478 4674 fuero,
2535 4610 2585 4657 et
2639 4601 3081 4655 misericordiam
3131 4593 3425 4668 praestabo,
3480 4593 3636 4663 cujus

221 4707 398 4746 nemo
426 4692 653 4760 justam
678 4689 835 4760 apud
856 4688 1038 4743 Deum
1062 4693 1261 4759 posset
1280 4689 1538 4745 invenire
1560 4690 1881 4762 querelam,

223 4779 323 4834 sed
361 4778 561 4850 potius
593 4776 724 4831 aliis
777 4776 1159 4848 pereuntibus
1206 4778 1455 4834 disceret
1504 4780 1646 4851 quia
1672 4782 1729 4834 et
1757 4779 1881 4850 ipse

222 4868 463 4939 periret,
496 4866 613 4921 nisi
645 4866 843 4920 divina
870 4866 1061 4937 gratia
1090 4872 1405 4922 erueretur.
1690 4874 1695 4877 ’

293 4956 532 5012 Poterat
561 4952 778 5024 aliquis
800 4954 873 5008 ad
904 4954 1026 5008 hac
1056 4956 1246 5010 dicere
1270 4972 1282 5011 :
1311 4957 1359 5011 si
1384 4972 1583 5011 verum
1610 4961 1700 5011 est
1724 4958 1879 5027 quod

222 5045 376 5101 dicis
409 5062 423 5112 ;
458 5059 597 5116 ergo
630 5043 872 5114 iniquus
920 5043 1097 5111 Deus,
1131 5044 1227 5116 qui
1264 5061 1332 5100 ex
1360 5046 1586 5117 perdita
1632 5045 1877 5101 humani

220 5135 458 5207 generis
491 5149 694 5188 massa
724 5132 973 5187 alterum
1006 5133 1217 5205 elegit;
1252 5134 1521 5201 alterum,
1545 5133 1724 5189 nullis
1758 5134 1880 5190 suis

221 5223 694 5297 praecedentibus
725 5222 972 5291 meritis,
1005 5223 1605 5295 reprobavit.Ideoque
1633 5226 1876 5295 Aposto-

312 5386 441 5458 341)
472 5385 628 5440 Rom.
664 5399 746 5448 x1,
776 5384 831 5437 5.
864 5386 928 5436 In
962 5387 1157 5457 autog.
1192 5384 1406 5457 legitur
1445 5386 1591 5440 sicut
1623 5384 1747 5440 loco
1777 5387 1875 5440 sic.

313 5458 441 5525 342)
476 5458 539 5511 In
574 5458 773 5525 autog.
806 5458 1104 5524 separavit.

291 5460 419 5528 (342
476 5460 539 5511 In
574 5460 773 5525 autog.
806 5460 1104 5524 separavit.

291 5460 441 5601 (343i
476 5530 615 5593 Quae
648 5525 988 5601 immediate
1010 5528 1430 5600 praecedunt,et
1461 5544 1587 5600 quae
1621 5545 1877 5599 sequun-

222 5595 316 5655 tur
348 5595 562 5656 no'tatu
593 5595 763 5653 valde
796 5596 992 5668 digna.

289 5673 438 5745 (344)
472 5672 541 5727 In
575 5671 775 5739 autog.
810 5682 995 5741 marg.
1027 5670 1121 5728 hic
1151 5671 1365 5747 legitur
1394 5688 1520 5743 cap.
1556 5669 1752 5725 XXVI.

1990 4693 2286 4747 miserebor
2306 4709 2325 4753 ,·
2355 4692 2510 4747 unde
2555 4695 2612 4746 et
2648 4688 2975 4763 generalem
3009 4686 3212 4742 intulit
3259 4682 3632 4749 sententiam,

1989 4782 2187 4836 dicens
2221 4798 2233 4835 :
2267 4782 2444 4849 Igitur
2471 4796 2583 4837 non
2630 4780 2877 4845 volentis,
2912 4781 3043 4847 etc.,
3078 4775 3232 4848 quod
3266 4772 3465 4843 utique
3497 4788 3634 4844 pro-

1990 4874 2117 4942 pter
2144 4887 2241 4925 eos
2274 4870 2353 4924 ait
2383 4870 2483 4941 qui
2514 4869 2710 4924 divina
2740 4867 2927 4941 gratia
2956 4865 3181 4922 liberati
3206 4863 3631 4935 justiﬁcantur.

2061 4959 2339 5024 Rursum,
2373 4958 2511 5030 quia
2540 4959 2763 5013 dixerat
2795 4982 2808 5013 :
2843 4958 2985 5012 Esau
3014 4956 3135 5011 odio
3167 4953 3635 5024 habui,propter-

1989 5064 2057 5103 ea
2084 5048 2193 5104 hoc
2226 5047 2628 5104 testimonium
2678 5046 2880 5101 intulit
2915 5064 2927 5101 :
2962 5047 3105 5101 Dicit
3153 5045 3299 5099 enim
3346 5042 3637 5111 Scriptura

1986 5138 2267 5192 Pharaoni
2296 5155 2315 5191 :
2348 5138 2489 5205 Quia
2516 5137 2575 5189 in
2604 5135 2698 5189 hoc
2729 5137 2910 5206 ipsum
2937 5134 3173 5191 excitavi
3203 5137 3274 5199 te,
3308 5136 3442 5197 etc.,
3477 5127 3635 5198 quod

1988 5226 2189 5297 utique
2220 5230 2456 5296 propter
2486 5241 2583 5280 eos
2615 5223 2835 5278 dictum
2867 5229 2976 5290 est,
3007 5240 3183 5293 super
3213 5236 3362 5291 quos
3394 5217 3481 5271 ira
3510 5231 3634 5270 ma-

2081 5384 2207 5452 345)
2240 5383 2413 5437 Exod.
2446 5398 2644 5450 xxxm,
2676 5381 2761 5436 19.
2793 5381 2965 5452 Vulg.
2998 5382 3152 5452 cujus
3184 5380 3461 5452 misereor.

2081 5386 2186 5439 345
2240 5384 2413 5437 Exod.
2446 5398 2644 5450 xxxm,
2676 5384 2761 5436 19.
2793 5384 2965 5452 Vulg.
2998 5384 3150 5451 cujus
3184 5384 3461 5433 misereor.

2058 5384 2207 5526 E356;
2239 5453 2613 5526 Engratiam‘
2636 5454 3103 5522 praevenientem.
3124 5451 3315 5526 Junge
3348 5448 3471 5526 hac
3498 5458 3631 5526 cum

1986 5519 2217 5597 iisquae
2249 5519 2492 5579 infe'rius
2525 5519 2818 5597 habentur
2848 5526 2917 5579 ad
2953 5540 3078 5593 cap.
3110 5519 3631 5597 “interpretatio-

1988 5590 2207 5663 nem,st
2236 5596 2307 5651 ad
2338 5613 2406 5652 ea
2435 5595 2612 5651 verba
2636 5610 2648 5649 :
2682 5596 2878 5650 Palam
2906 5590 3147 5667 apparati
3174 5593 3259 5647 his
3289 5590 3389 5663 qui
3415 5600 3500 5642 me
3520 5598 3629 5638 non

1987 5668 2423 5738 interrogabant.
