3996 6232
351 364 466 422 227

1372 366 1713 428 ATTONIS
1759 366 2339 430 VERCELLENSIS
2384 371 2732 432 EPISCOPI

3639 378 3764 442 228

356 511 454 550 cos
485 512 552 550 ex
578 493 796 550 Judaeis
823 494 1241 564 credituros,ut
1261 495 1477 552 arctius
1499 497 1606 553 hoc
1633 499 1998 570 approbaret,
2029 501 2084 566 Α
2113 499 2288 555 homo
2319 501 2470 556 inter
2502 502 2767 558 homines
2799 506 3091 576 apparuit,
3124 507 3292 579 quasi
3338 507 3488 580 lapis
3529 509 3763 580 jacuit;

349 584 615 654 ejusdem
649 583 945 654 prophetae
977 584 1377 650 testimonium
1411 586 1693 655 subdidit,
1746 588 1946 643 dicens
1978 605 1990 642 :

349 674 416 727 Et
444 675 584 728 sicut
610 673 873 744 praedixit
891 675 1069 730 Isaias
1101 693 1117 727 :
1152 673 1268 729 Nisi
1296 666 1564 730 Dominus
1592 677 1835 732 Sabaoth
1865 677 1996 732 reli-

349 763 549 833 quisset
572 763 729 818 nobis
753 779 960 828 semen,
1017 765 1152 818 sicut
1194 762 1424 818 Sodoma
1469 765 1609 833 facti
1653 782 1906 832 essemus,
1948 775 2000 822 et

345 852 488 906 sicut
519 849 814 907 Gomorrha
840 852 1050 907 similes
1078 852 1374 921 fuissem-us
1404 851 1538 923 (lsa;
1571 870 1611 919 ι,
1643 854 1717 925 9).

417 957 652 1014 Sabaoth
677 959 911 1013 llebraaa
930 956 1148 1028 lingua,
1175 957 1377 1012 Latine
1398 958 1614 1012 dicitur
1636 961 1990 1030 omnipotens,

343 1045 433 1101 vel
465 1049 819 1102 exercituum.
848 1045 916 1099 Et
944 1050 1032 1100 est
1060 1062 1272 1100 sensus
1296 1062 1308 1099 :
1340 1046 1451 1101 nisi
1485 1047 1768 1102 Dominus
1790 1047 1992 1103 Omni-

342 1139 570 1205 potens,
603 1139 703 1189 aut
730 1133 1450 1206 exercituum,reliquisset
1467 1135 1633 1190 nobis
1656 1137 1992 1203 semen,hoc

341 1229 563 1286 est,sua
593 1223 780 1294 gratia
809 1239 926 1278 non
959 1239 1177 1294 paucos
1199 1223 1662 1290 salvasset,sicut
1681 1226 1989 1281 Sodomita:

339 1315 399 1368 et
443 1311 830 1368 Gomorrhita
877 1313 958 1366 ita
1006 1317 1064 1367 et
1112 1328 1220 1367 nos
1267 1329 1470 1367 omnes
1529 1312 1871 1383 periremus.
1923 1315 1991 1369 Et

338 1404 476 1456 nota
496 1401 639 1471 quia
666 1399 908 1472 pulchre
930 1399 1074 1455 dicit
1093 1400 1412 1468 semen,hoc
1443 1399 1600 1456 enim
1633 1401 1987 1457 seminatum

338 1494 428 1545 est
457 1489 514 1544 in
547 1493 668 1546 toto
699 1489 838 1545 orbe
866 1492 1176 1544 terrarum.

410 1596 642 1651 Poterat
689 1595 760 1650 ad
811 1595 933 1650 haec
982 1595 1226 1650 fortasse
1285 1593 1498 1666 aliquis
1558 1595 1748 1650 dicere
1803 1612 1814 1651 :
1865 1597 1988 1659 Qua

330 1684 571 1756 justitia
605 1683 700 1740 Dei
731 1684 950 1738 factum
982 1688 1071 1739 est
1101 1687 1166 1737 ut
1195 1683 1365 1754 pauci
1388 1701 1455 1738 ex
1473 1684 1691 1738 Judaais
1713 1691 1769 1738 et
1790 1684 1986 1755 plures

338 1774 696 1846 eligerentur
715 1789 784 1827 ex
810 1773 1104 1844 gentibus,
1138 1787 1272 1827 cum
1297 1771 1380 1826 illi
1403 1773 1500 1827 Dei
1525 1772 1854 1844 cognitione
1876 1774 1983 1829 ha-

337 1863 592 1928 buerint,
613 1861 915 1933 legemque
945 1878 980 1916 a
1008 1861 1122 1916 Deo
1153 1860 1498 1932 acceperint,
1531 1861 1628 1916 isti
1659 1877 1792 1916 vero
1823 1879 1978 1917 sem-
2009 1889 2058 1953 Β

336 1967 442 2025 per
461 1953 617 2006 idola
637 1949 960 2006 coluerint?
985 1949 1068 2004 Ob
1092 1949 1198 2004 hoc
1221 1965 1284 2004 se
1303 1949 1618 2020 Apostolus
1641 1951 1977 2023 interrogat.

335 2041 640 2096 inferens:
693 2038 843 2109 (354)
893 2038 1045 2106 Quid
1086 2053 1210 2107 ergo
1259 2037 1542 2093 dicemus?
1595 2039 1732 2106 Quia
1778 2044 1976 2110 gentes,

333 2142 460 2199 qua?
489 2143 597 2182 non
626 2126 976 2182 sectabantur
994 2127 1302 2198 justitiam,
1333 2127 1980 2200 apprehenderuntjusti-

329 2219 488 2283 tiam,
511 2217 791 2286 justitiam
827 2219 1009 2271 autem
1055 2230 1181 2286 qua?
1225 2232 1298 2270 ex
1338 2215 1443 2285 ﬁde
1489 2224 1581 2270 cst.
1629 2219 1802 2272 Israel
1856 2235 1978 2273 vero

327 2309 540 2360 sectans
573 2304 749 2374 legem
766 2305 1025 2375 justitiae,
1059 2306 1120 2357 in
1165 2305 1336 2373 legem
1369 2304 1598 2374 justitiae
1632 2322 1743 2361 non
1788 2323 1976 2376 perve-

327 2395 446 2452 nit:
504 2409 571 2448 ac
619 2393 668 2448 si
726 2393 944 2448 diceret
988 2392 1312 2463 :Nunquid
1361 2393 1670 2463 iniquitate
1717 2395 1817 2449 Dei
1868 2395 1977 2450 hoc

329 2482 551 2537 factum
600 2481 727 2535 est?
773 2481 959 2536 Absit.
1009 2480 1155 2546 Quid
1207 2497 1344 2552 ergo
1392 2481 1693 2536 dicemus?
1730 2483 1898 2538 Nisi:
1933 2488 1977 2539 Ο

329 2569 528 2637 homo,
562 2576 621 2624 tu
654 2570 787 2640 quis
818 2586 900 2639 es,
943 2569 1043 2640 qui
1075 2570 1430 2640 respondeas
1460 2569 1614 2624 Deo?
1643 2571 1976 2627 Clamemus

331 2658 514 2728 igitur
543 2673 678 2712 cum
710 2657 1047 2713 Psalmista:
1063 2659 1298 2714 Iustitia
1319 2660 1538 2713 Domini
1558 2660 1784 2730 abyssus
1803 2662 1975 2716 multa

332 2746 503 2818 (Psal.
552 2763 718 2811 xxvv,
761 2746 839 2816 7).
879 2747 1061 2802 Item:
1097 2748 1272 2814 Quam
1314 2746 1581 2801 terribilis
1629 2749 1689 2801 in
1733 2749 1977 2803 consiliis

328 2851 496 2906 super
520 2835 665 2904 ﬁlios
695 2834 976 2890 hominum
1010 2836 1181 2907 (Psal.
1219 2852 1342 2902 va,
1373 2835 1450 2904 5).
1486 2836 1786 2891 Terribilis
1818 2838 1974 2894 enim

329 2929 420 2980 est
447 2923 507 2978 in
525 2923 782 2979 consiliis
810 2941 988 2996 super
1018 2925 1166 2980 ﬁlios
1196 2924 1807 2996 hominum,quoniam
1835 2926 1974 2996 quid

330 3012 391 3067 in
423 3013 523 3067 Dei
557 3012 800 3068 consilio
831 3013 901 3068 de
927 3030 990 3069 se
1019 3013 1370 3084 dispositum
1403 3013 1480 3067 sit
1512 3011 1708 3068 nullus
1757 3015 1976 3070 sufﬁcit

328 3100 674 3174 intelligere.

399 3207 612 3263 Gentes
635 3207 963 3280 igitur,quze
986 3225 1100 3264 non
1123 3209 1973 3282 scctabanturjustitiam,quo-

327 3296 485 3352 niam
516 3296 673 3352 idola
702 3296 988 3365 colebant,
1031 3302 1268 3370 propter
1317 3299 1469 3369 quod
1510 3299 1819 3369 justiﬁcari
1855 3317 1968 3356 non

324 3386 719 3454 merebantur,
775 3386 1286 3458 apprehenderunt
1316 3388 1638 3458 justitiam,
1690 3389 1968 3460 quoniam

321 3475 462 3530 dum
494 3493 608 3530 non
641 3478 765 3530 suis
797 3475 1020 3531 meritis
1049 3481 1149 3530 aut
1171 3476 1394 3532 viribus
1444 3493 1506 3532 se
1553 3476 1763 3532 salvari
1799 3494 1969 3550 posse

321 3569 740 3636 cognoverunt,
776 3581 876 3635 per
905 3565 1081 3620 fidem
1129 3565 1342 3620 Christi
1385 3566 1720 3636 justiﬁcate
1765 3573 1904 3621 sunt
1950 3585 1962 3622 :

317 3652 566 3724 ideoque
603 3652 744 3707 dicit
785 3651 1096 3724 Apostolus
1146 3670 1159 3708 :
1208 3653 1486 3709 Justitiam
1534 3662 1716 3710 autem
1745 3670 1870 3724 quae
1898 3672 1967 3710 ex

317 3738 424 3809 ﬁde
445 3744 543 3796 est.

388 3845 563 3902 Israel
593 3863 726 3902 vero
757 3850 985 3902 sectans
1014 3846 1198 3920 legem
1235 3849 1501 3919 justitize,
1534 3850 1593 3905 id
1641 3855 1731 3905 est
1775 3849 1960 3922 legem

314 3935 543 3990 Veteris
575 3936 1019 4005 Testamenti,in
1053 3954 1168 4008 qua
1197 3944 1548 4010 praeceptum
1573 3943 1659 3994 est
1679 3940 1959 4010 quemad-

314 4024 558 4080 modum
592 4022 845 4096 populus
863 4024 965 4081 Dei
997 4025 1323 4083 hostiarum
1346 4027 1743 4083 oblationibus
1767 4027 1962 4098 puriﬁ-

313 4117 568 4180 caretur,
599 4113 741 4169 dum
773 4114 900 4184 ejus
929 4114 1204 4188 operibus
1232 4131 1294 4172 se
1325 4115 1534 4172 salvari
1568 4131 1739 4187 posse
1770 4115 1958 4170 credi-

312 4201 423 4270 dit,
455 4202 514 4257 in
547 4201 736 4275 legem
759 4203 1004 4275 justitias
1033 4221 1148 4261 non
1179 4203 1787 4277 pervenit.Sciendum
1821 4203 1959 4274 quia

310 4307 414 4362 per
459 4290 646 4363 legem
690 4292 934 4362 justitiae
986 4295 1234 4367 gratiam
1284 4291 1579 4364 Evangelii
1634 4292 1796 4360 dicit,
1856 4307 1959 4364 per

311 4396 488 4450 quam
518 4380 694 4436 homo
721 4382 1100 4452 justiﬁcatur.

378 4487 448 4542 Et
497 4487 634 4558 quia
686 4493 912 4560 poterat
959 4489 1176 4561 aliquis
1222 4488 1581 4560 interrogare
1623 4504 1802 4559 quare
1849 4487 1955 4544 hoc

306 4575 526 4630 factum
554 4575 650 4646 sit,
683 4575 898 4633 idcirco
930 4579 1056 4650 ipse
1087 4577 1427 4648 interrogat,
1459 4576 1659 4631 dicens
1691 4593 1703 4630 :
1732 4577 1913 4644 Quare
1934 4583 1959 4631 .9
1984 4617 2032 4682 Β

305 4665 376 4719 Et
407 4665 751 4735 respondet:
771 4667 912 4734 Quia
939 4683 1047 4722 non
1080 4681 1149 4720 ea:
1171 4665 1295 4735 ﬁde,
1327 4665 1428 4719 sed
1457 4680 1527 4719 ea:
1545 4664 1954 4738 operibus(355)

308 4751 443 4822 legis
485 4752 991 4827 (subintelligitur,
1015 4769 1079 4808 se
1099 4752 1309 4808 salvari
1334 4769 1506 4824 posse
1537 4752 1951 4828 crediderunt).

303 4839 449 4896 Nam
483 4842 622 4912 quia
651 4843 775 4898 suis
807 4843 1034 4898 meritis
1062 4840 1249 4912 legem
1283 4856 1344 4896 se
1383 4840 1696 4912 accepisse,
1727 4847 1781 4898 et
1828 4846 1952 4902 suis

300 4929 524 4985 viribus
600 4930 844 5002 implere
923 4945 1116 5001 posse,
1184 4929 1431 4999 ejusque
1496 4930 1770 5000 operibus
1835 4934 1948 4989 sal-

299 5019 420 5074 vari
483 5019 878 5087 crediderunt,
939 5018 1156 5073 idcirco
1197 5016 1509 5085 justiﬁcari
1558 5035 1671 5074 non
1721 5038 1948 5079 merue-

301 5112 459 5162 runt.

373 5195 727 5269 Oﬂenderunt
781 5194 929 5248 enim
981 5193 1046 5246 in
1098 5191 1335 5262 lapidem
1387 5195 1723 5266 offensionis.
1776 5200 1949 5273 Lapis

299 5283 647 5341 offensionis
677 5286 767 5336 est
797 5281 1084 5348 Christus,
1117 5281 1217 5351 qui
1268 5281 1415 5355 lapis
1462 5285 1674 5342 dicitur
1716 5294 1951 5361 propter

297 5371 575 5428 humanae
596 5365 931 5438 fragilitatis
948 5365 1515 5429 humilitatem.Dum
1529 5375 1684 5430 enim
1707 5375 1950 5433 humilis

367 5509 520 5582 (35/3)
553 5507 616 5582 in
643 5510 855 5582 autog.
882 5525 1067 5582 marg.
1101 5510 1195 5567 hic
1226 5529 1273 5568 c.
1307 5513 1465 5572 XXX.

368 5576 520 5723 (355)
555 5575 722 5658 Vulg.
753 5575 857 5635 séd
885 5575 1045 5653 quasi
1071 5600 1144 5639 ea:
1167 5588 1437 5656 operibus.

369 5648 500 5723 (356
559 5647 725 5706 Isaiae
764 5666 886 5723 vm,
939 5654 1024 5723 14,
1077 5659 1133 5712 et
1177 5673 1373 5723 xxvm,
1426 5662 1437 5714 1

369 5647 520 5732 (356)
559 5647 725 5706 Isaiae
764 5647 907 5724 vm;
939 5654 1024 5726 14,
1077 5659 1133 5712 et
1177 5647 1373 5729 ixvm,
1426 5659 1515 5730 16,
1567 5657 1738 5731 Vulg.
1783 5677 1948 5734 pono.

2107 590 2205 644 sed
2230 589 2496 645 Christus
2516 595 2745 646 tantum
2766 591 2914 663 lapis
2936 598 3024 649 est
3042 595 3557 671 videntibus,lapis
3578 601 3765 657 offen-

2105 677 2288 732 sionis
2311 679 2563 744 caecis,id
2587 680 3176 753 estincredulis,nam
3201 686 3336 742 caeci
3358 688 3666 745 oﬂ‘endunt
3687 693 3766 747 ad

2105 766 2382 837 lapidem.
2410 768 2582 840 Lapis
2604 767 2714 825 iste
2735 769 2896 841 prius
2922 773 3326 844 parvusjuxta
3347 777 3602 833 Danielis
3624 796 3762 850 pro-

2104 855 2384 926 phetiam,
2417 857 2616 927 crevit,
2651 862 2706 912 et
2739 859 2922 914 factus
2973 865 3060 915 est
3109 879 3278 918 mons
3313 881 3586 937 magnus,
3619 885 3766 940 quo-

2103 944 2260 999 niam
2309 945 2577 1002 Christus
2629 947 2815 1003 factus
2864 949 3104 1005 humilis
3153 951 3329 1008 homo
3379 956 3617 1027 agnitus
3666 964 3763 1016 est

2101 1032 2276 1099 Deus,
2295 1037 2352 1089 et
2380 1036 2659 1090 adoretur
2685 1054 2717 1092 a
2743 1037 2966 1093 cunctis
2995 1040 3464 1111 gentibus.Hunc
3493 1043 3758 1118 lapidem

2101 1122 2470 1177 offenderunt
2485 1125 2979 1197 Judzei,quoniam
2996 1145 3210 1199 purum
3227 1130 3527 1188 hominem
3542 1141 3762 1207 putan-

2100 1214 2210 1275 tes,
2242 1209 2299 1265 in
2333 1228 2467 1266 eum
2500 1213 2731 1268 credere
2765 1213 3097 1272 noluerunt.
3129 1219 3284 1275 Sicut
3310 1223 3580 1293 scriptum
3617 1231 3701 1280 est
3736 1245 3760 1281 :

2098 1299 2231 1353 Ecce
2271 1315 2473 1370 ponam
2523 1301 2670 1372 (256)
2720 1304 2778 1357 in
2825 1304 2957 1358 Sion
3006 1307 3255 1376 lapidem
3301 1310 3638 1384 aﬂensionis,
3701 1323 3763 1371 et

2094 1391 2311 1458 petram
2335 1389 2604 1444 scandali.
2633 1390 2760 1446 Hzec
2793 1393 2966 1448 verba
2996 1393 3092 1449 Dei
3125 1395 3313 1452 Patris
3344 1404 3483 1454 sunt
3513 1402 3584 1456 ad
3617 1419 3757 1474 pro-

2097 1476 2355 1547 phetam.
2391 1478 2526 1533 Sion
2559 1495 2728 1535 mons
2759 1485 2850 1536 est
2876 1480 3224 1542 Jerusalem.
3258 1485 3575 1545 Dominum
3611 1507 3757 1566 ergo

2094 1563 2154 1618 in
2187 1565 2323 1647 Sion
2354 1565 2609 1638 lapidem
2641 1567 2977 1625 offensionis
3008 1573 3511 1646 posuit,quoniam
3536 1563 3756 1638 Filiuin

2094 1671 2266 1710 suum
2301 1673 2367 1710 ex
2397 1656 2615 1712 Judaais
2647 1675 2880 1714 carnem
2909 1677 3141 1718 sumere
3171 1663 3322 1720 fecit.
3355 1665 3526 1723 Petra
3546 1673 3755 1726 autem

2092 1743 2354 1800 Christus
2382 1745 2859 1818 dicitur,propter
2891 1749 3023 1805 ﬁdei
3054 1751 3565 1828 soliditatem.Ipse
3585 1759 3751 1815 enim

2091 1835 2180 1886 est
2209 1831 2340 1887 ﬁdei
2374 1832 2846 1906 fundamentum,
2879 1837 2999 1893 sive
3030 1839 3168 1910 quia
3197 1839 3650 1915 inexpugnabile
3689 1851 3755 1904 et

2088 1919 2386 1991 singulare
2417 1922 2754 1992 praesidium
2780 1929 2868 1979 est
2889 1927 3166 1983 omnibus
3183 1930 3252 1984 ad
3274 1947 3336 1986 se
3357 1932 3761 2006 confugienti-i

2087 2009 2220 2065 bus.
2253 2010 2362 2065 Sed
2397 2015 2560 2082 petra
2589 2013 2847 2068 scandali
2879 2014 3067 2071 factus
3098 2022 3187 2072 est
3214 2019 3748 2094 Judaeis,quoniam

2088 2103 2386 2153 mortuum
2419 2099 2712 2154 hominem
2744 2101 3028 2172 videntes,
3061 2106 3436 2165 scandalizati
3487 2118 3649 2179 sunt,
3682 2119 3748 2171 et

2088 2187 2142 2239 in
2177 2203 2310 2241 eum
2342 2189 2573 2243 credere
2603 2189 3008 2260 despexerunt.
3045 2193 3206 2251 Unde
3238 2196 3390 2252 idem
3423 2201 3745 2271 Apostolus

2087 2276 2224 2330 alibi
2263 2293 2274 2330 :
2308 2281 2415 2333 Nos
2443 2277 2807 2348 praedicamus
2834 2282 3114 2336 Christum
3142 2285 3492 2358 cruciﬁxum,
3523 2291 3746 2348 Iudaeis

2085 2366 2308 2435 quidem
2336 2367 2686 2435 scandalum,
2718 2371 2971 2436 gentibus
2999 2380 3180 2428 autem
3208 2376 3501 2432 stultitiam
3524 2381 3575 2447 (1
3603 2382 3741 2437 Cor.

2089 2469 2126 2521 ι,
2155 2453 2266 2519 23).

2159 2572 2222 2624 Et
2250 2571 2426 2624 omnis
2456 2572 2552 2641 qui
2579 2572 2876 2627 crediderit
2923 2575 2982 2628 in
3027 2592 3156 2630 eum
3197 2595 3306 2633 non
3348 2583 3737 2652 confundetur.

2085 2657 2410 2713 Credulitas
2441 2657 2541 2712 illa
2571 2660 2910 2731 accipienda
2937 2669 3028 2718 est
3056 2664 3164 2720 hoc
3193 2665 3339 2734 loco,
3387 2686 3514 2741 quae
3542 2675 3738 2745 operi-

2083 2746 2194 2800 bus
2226 2745 2610 2817 adimpletur;
2644 2748 2908 2804 confusio
2935 2767 3066 2807 vero
3097 2769 3276 2824 quam
3310 2757 3419 2812 soli
3452 2761 3592 2816 mali
3627 2763 3736 2820 ha-

2085 2835 2305 2889 bebunt
2333 2835 2392 2888 in
2424 2835 2517 2889 die
2539 2835 2921 2904 judicii,cum
2953 2855 3155 2896 eorum
3186 2851 3425 2914 peccata
3452 2851 3737 2910 omnibus

2084 2922 2398 2978 manifesta
2427 2923 2795 2980 erunt.Unde
2825 2925 2962 2981 alibi
2992 2928 3147 2985 idem
3178 2933 3737 3004 ApostoluszNolite

2081 3020 2212 3066 ante
2258 3015 2470 3082 tempus
2514 3013 2790 3102 judicare,
2844 3018 3196 3090 quoadusque
3223 3024 3406 3078 veniat
3446 3026 3734 3102 Dominus,

2082 3107 2134 3156 et
2161 3101 2439 3156 illuminet
2465 3101 2779 3157 abscondita
2808 3105 3157 3163 tenebrarum
3187 3111 3234 3180 (1
3253 3111 3378 3168 Cor.
3404 3131 3477 3180 ιν,
3499 3116 3578 3187 5),
3618 3101 3734 3175 etc.

2083 3189 2151 3243 Et
2180 3189 2460 3244 Dominus
2491 3189 2550 3244 in
2584 3191 2890 3264 Evangelio
2923 3211 2936 3248 :
2978 3195 3131 3251 Nihil
3177 3201 3256 3253 est
3301 3211 3545 3272 opertum
3589 3209 3738 3278 quod

2003 3253 2044 3320 (ἶ
2081 3294 2192 3332 non
2217 3279 2484 3334 reveletur
2513 3279 2720 3346 (Matth.
2740 3253 2809 3349 Ξ,
2841 3283 2952 3353 26).
2987 3253 3564 3363 Quicunquer

2079 3365 2310 3431 diderit,
2345 3371 2400 3421 et
2441 3367 2612 3422 ﬁdem
2647 3386 2814 3424 suam
2845 3372 3122 3442 operibus
3152 3376 3578 3449 adimpleverit,
3611 3401 3733 3441 non

2078 3455 2471 3510 confundetur
2500 3457 2637 3526 quia
2667 3456 2725 3511 in
2759 3461 3032 3532 peccatis,
3067 3464 3222 3518 unde
3253 3465 3305 3520 ei
3339 3469 3605 3527 confusio
3628 3472 3730 3544 sit,

2077 3561 2191 3599 non
2247 3543 2590 3612 invenietur,
2643 3562 2769 3617 qua:
2821 3547 2960 3604 solis
3009 3551 3118 3606 erit
3166 3555 3450 3625 reprobis,
3509 3543 3732 3631 quibus

2076 3632 2300 3688 dicetur
2328 3651 2347 3687 :
2377 3634 2473 3701 Ite,
2517 3635 2814 3707 maledicti,
2862 3638 2921 3691 in
2969 3639 3151 3708 ignem
3194 3646 3466 3701 uernum
3511 3649 3726 3717 (Matth.

2073 3739 2202 3788 xxv,
2236 3722 2346 3794 41),
2381 3727 2489 3778 etc.

2142 3845 2289 3912 Quia
2318 3846 2565 3918 gentiles
2592 3846 2869 3904 laudibus
2899 3851 3174 3921 prietulit,
3206 3855 3354 3929 (357)
3386 3857 3589 3916 dicens
3621 3876 3721 3919 eos

2070 3934 2525 4006 apprehendisse
2550 3936 2868 4008 justitiam,
2900 3938 3135 3997 Judaaos
3161 3958 3293 3998 vero
3325 3946 3641 4005 offendisse
3662 3951 3723 4007 in

2069 4021 2323 4094 lapidem
2355 4023 2715 4091 offensionis,
2749 4042 2818 4080 ne
2849 4027 2922 4082 ob
2952 4027 3061 4084 hoc
3091 4031 3338 4101 gentiles
3369 4035 3719 4094 extolleren-

2067 4114 2183 4178 tur,
2212 4112 2425 4182 adjecit
2455 4112 2603 4183 (358)
2656 4129 2668 4169 :
2721 4114 2874 4183 (CAP.
2926 4117 2993 4184 Χ)
3042 4119 3257 4176 Fratres
3305 4123 3553 4180 voluntas
3601 4129 3724 4198 qui-

2066 4199 2187 4255 dem
2214 4200 2390 4255 cordis
2419 4202 2548 4270 mei,
2580 4211 2631 4256 et
2662 4203 2958 4260 obsecratio
2988 4206 3059 4261 ad
3087 4208 3256 4264 Deum
3284 4211 3347 4280 ﬁt
3375 4229 3472 4283 pro
3501 4214 3619 4270 illis
3657 4218 3722 4272 in

2064 4289 2316 4343 salutem.
2363 4291 2441 4344 Ac
2490 4289 2539 4344 si
2589 4290 2852 4349 diceret:
2896 4294 3276 4367 Nequaquam
3322 4305 3559 4372 propter
3606 4303 3718 4360 hoc

2065 4376 2446 4447 extollamini,
2481 4379 2759 4449 quoniam
2794 4398 2908 4437 non
2937 4384 3145 4439 vestris
3176 4387 3422 4456 meritis,
3456 4391 3556 4446 sed
3591 4394 3720 4450 sola

2065 4465 2252 4538 gratia
2303 4466 2420 4521 Dei.
2449 4466 2591 4522 salvi
2634 4469 2769 4523 facti
2819 4471 2991 4540 estis;
3026 4476 3085 4527 et
3115 4477 3384 4546 quamvis
3429 4479 3620 4537 Judaei
3654 4483 3717 4539 in

2063 4554 2357 4610 Christum
2389 4555 2756 4625 offenderint,
2788 4562 2982 4615 tamen
3013 4562 3282 4621 voluntas
3332 4568 3524 4624 cordis
3575 4572 3717 4640 mei,

2064 4648 2121 4698 et
2177 4645 2499 4701 obsecratio
2550 4646 2621 4699 ad
2677 4647 2856 4702 Deum
2906 4666 3010 4721 pro
3061 4650 3179 4707 illis
3227 4654 3312 4725 ﬁt,
3365 4660 3430 4710 ut
3476 4673 3717 4715 conver-

2064 4736 2283 4803 tantur,
2315 4738 2373 4789 et
2415 4734 2674 4804 credant,
2726 4735 2894 4818 aliter
2943 4738 3098 4794 enim
3148 4741 3359 4798 salvari
3410 4761 3526 4801 non
3575 4764 3716 4820 pos-

2063 4826 2221 4877 sunt

2131 4936 2324 4992 Oratio
2355 4954 2490 5010 ergo
2516 4938 2861 5010 Apostoli,et
2891 4943 3034 4999 ﬁdes
3055 4945 3440 5015 credentium,
3471 4950 3570 5021 qui
3605 4969 3710 5024 pro

2057 5025 2277 5081 Judaeis
2298 5026 2582 5082 inccdulis
2605 5029 2870 5097 orabant,
2903 5034 3010 5087 etsi
3044 5035 3291 5105 gratiam
3325 5036 3425 5091 Dei
3460 5055 3706 5110 praeces-

2059 5115 2220 5183 serit,
2255 5115 2543 5186 numquid
2569 5117 2710 5172 ﬁdes
2731 5133 2932 5174 eorum
2966 5123 3066 5192 qui
3099 5125 3361 5180 nondum
3394 5128 3711 5185 credebant

2058 5204 2304 5275 gratiam
2336 5205 2436 5260 Dei
2461 5207 2787 5277 praecessit?
2813 5208 3364 5278 Minime.Quoniam
3393 5217 3711 5286 Apostolus

2059 5309 2162 5364 pro
2195 5292 2310 5348 illis
2341 5294 2546 5349 orabat
2577 5295 2678 5366 qui
2710 5298 2972 5352 nondum
2998 5301 3329 5370 credebant,
3357 5307 3422 5358 ut
3451 5303 3536 5360 eis
3563 5305 3709 5362 ﬁdes

2058 5381 2296 5436 daretur
2325 5399 2359 5436 a
2386 5381 2520 5438 Deo.
2555 5387 2769 5439 Parum
2802 5385 3020 5460 quippe
3050 5390 3294 5461 putabat
3320 5392 3477 5462 quod
3507 5393 3595 5450 eis
3618 5395 3707 5451 in-

2128 5522 2277 5665 (357)
2305 5522 2410 5577 Hic
2439 5522 2644 5597 incipit
2666 5525 2838 5598 Vulg.
2873 5544 2998 5600 cap.
3029 5528 3092 5584 X.

2151 5594 2255 5647 358
2308 5594 2372 5649 In
2401 5600 2598 5665 autog.
2627 5613 2812 5665 marg.
2845 5598 2939 5656 hic
2968 5599 3092 5665 legit

2151 5594 2277 5665 358)
2308 5594 2372 5649 In
2401 5594 2598 5668 autog.
2627 5594 2813 5670 marg:
2845 5594 3183 5673 hic-legitur
3207 5618 3334 5675 cap.
3367 5602 3559 5667 ΧΧΧΙ.
