3996 6232
191 308 310 370 229

811 306 1222 370 EXPOSITIO
1266 309 1344 369 IN
1389 308 1811 369 EPISTOLAS
1857 308 2117 371 PAULI.
2153 338 2226 353 --
2258 308 2336 367 ΙΝ
2380 308 2630 369 EPIST.
2675 310 2779 370 AD
2828 309 3015 371 ROM.

3496 317 3616 381 230

197 444 423 525 stanter
453 438 842 512 Evangelium
877 441 1363 512 przedicabat,nisi
1395 459 1496 513 pro
1520 458 1719 497 eorum
1748 442 1860 495 ﬁde
1889 442 1940 506 Α
2042 442 2260 495 Volens
2293 446 2488 496 autem
2513 441 2825 512 Apostolus
2846 444 3302 517 ostendet-aqum
3320 454 3472 504 esset
3497 449 3616 506 haec

196 532 375 588 etiam
405 534 587 585 Deum
623 534 876 601 rogaret.

275 620 503 674 Fratres
534 621 735 673 autem
770 618 911 673 dicit
956 619 1221 690 gentiles,
1272 619 1546 690 quoniam
1580 619 1862 673 credendo

206 709 343 764 iacti
376 713 517 763 sunt
550 706 657 761 ﬁlii
686 707 813 775 Dei,
865 724 930 763 ac
972 725 1072 779 per
1107 708 1215 763 hoc
1261 709 1466 763 fratres
1513 714 1679 763 orant
1714 716 1862 779 Apo-

208 797 365 853 stoli.

280 884 681 956 Igiturvolens
708 885 1014 939 ostendere
1028 884 1303 956 quoniam
1326 886 1511 940 Judaei
1533 885 1867 956 ignoranter

210 975 557 1046 peecabant,
611 974 754 1027 dum
790 990 1081 1044 praecones
1129 975 1325 1045 gratiae
1358 980 1862 1045 persequerentur,

210 1062 462 1131 adjecit:
504 1062 908 1117 Testimonium
930 1064 1079 1116 enim
1102 1063 1362 1132 perhibeo
1382 1065 1497 1117 illis
1522 1064 1676 1134 quod
1697 1078 1865 1117 :rmu-

215 1150 501 1206 lationem
532 1152 626 1204 Dei
655 1152 884 1219 habent,
916 1152 1014 1205 sed
1041 1168 1155 1207 non
1182 1154 1491 1207 secundum
1521 1152 1817 1207 scientiam
1849 1172 1866 1217 ,-

215 1241 341 1294 acsi
366 1240 583 1294 diceret
616 1255 627 1293 :
660 1240 825 1309 Novi,
860 1243 915 1294 et
943 1241 1063 1295 scio
1090 1259 1103 1307 ;
1138 1242 1289 1312 apud
1323 1240 1453 1296 illos
1485 1241 1617 1295 talis
1648 1246 1703 1296 et
1741 1241 1866 1309 ipse

216 1328 330 1395 fui,
364 1343 496 1381 cum
528 1329 918 1399 persequebar
946 1328 1261 1384 Ecclesium
1294 1330 1414 1385 Dei.
1450 1332 1637 1399 Hujus
1670 1334 1865 1385 autem

221 1417 339 1471 loci
372 1432 607 1471 sensum
640 1417 927 1472 Dominus
984 1419 1307 1473 secundum
1338 1419 1582 1473 Joannis
1612 1417 1866 1489 Evange-

219 1503 369 1558 lium
398 1504 857 1576 exponit,dicens
879 1522 889 1558 :
914 1508 1065 1561 Venit
1090 1506 1326 1571 hora,ut
1356 1507 1541 1561 omnis
1565 1507 1663 1578 qui
1694 1508 1870 1561 inter-

217 1594 339 1663 ﬁcit
358 1610 452 1648 vos
469 1594 791 1649 arbitretur
809 1611 868 1650 se
886 1597 1213 1667 obsequium
1240 1606 1521 1663 praestare
1542 1597 1679 1663 Deo;
1706 1596 1863 1649 item:

216 1686 341 1738 Hoc
367 1683 617 1755 faciunt,
651 1685 797 1755 quia
825 1700 937 1739 non
965 1694 1244 1740 noverunt
1273 1687 1526 1755 Patrem,
1574 1701 1753 1756 neque
1780 1700 1869 1739 me

220 1772 407 1844 (Joan.
439 1788 555 1837 xvx,
583 1772 660 1841 2).

297 1860 408 1915 Sed
441 1862 816 1930 quaerendum
843 1862 913 1916 de
935 1878 1050 1932 qua
1071 1862 1315 1918 scientia
1344 1864 1438 1917 hic
1459 1863 1614 1918 dicat
1634 1865 1873 1934 Aposto-

220 1949 338 2004 lus.
403 1949 676 2021 Nunquid
737 1951 807 2004 de
864 1950 965 2004 illa
1020 1968 1147 2022 quae
1204 1952 1329 2007 sine
1389 1952 1669 2007 charitate
1708 1952 1874 2005 inflat

219 2042 274 2107 (I
302 2039 429 2093 Cor.
464 2055 585 2105 vm,
624 2040 676 2109 1)
705 2039 733 2092 ?
764 2039 908 2093 Non.
944 2041 1061 2094 Imo
1121 2042 1193 2095 de
1240 2041 1338 2095 illa
1394 2058 1521 2111 quae
1572 2041 1873 2096 charitatis

221 2143 416 2183 comes
447 2132 501 2181 et
534 2126 817 2198 magistra
847 2127 1196 2184 humilitatis
1245 2134 1351 2185 est.
1404 2130 1547 2185 Vere
1597 2146 1872 2201 namque,

221 2220 278 2270 et
306 2219 431 2270 tota
460 2215 707 2270 scientia
738 2215 959 2269 homini
993 2221 1081 2271 est
1112 2217 1297 2285 scire;
1335 2218 1471 2289 quia
1512 2218 1659 2272 nihil
1694 2235 1794 2289 per
1816 2234 1875 2272 se

222 2308 436 2375 potest,
471 2309 529 2357 et
558 2303 699 2373 quia
727 2303 1014 2375 quidquid
1045 2310 1154 2369 est,
1208 2321 1273 2361 ex
1306 2306 1421 2361 Deo
1464 2311 1521 2361 et
1561 2324 1663 2378 per
1692 2307 1873 2362 Deum

224 2397 337 2448 est.
372 2396 535 2446 Hane
564 2393 865 2446 scientiam
898 2393 1083 2448 Judaei
1115 2412 1228 2449 non
1260 2395 1573 2466 habebant,
1598 2396 1875 2466 quoniam

226 2480 292 2535 in
324 2479 453 2551 lege
477 2479 907 2551 gloriabantur;
963 2482 1092 2538 ideo
1125 2484 1624 2555 persequebantur
1662 2501 1879 2555 praeco-

229 2586 339 2625 nes
371 2569 594 2641 gratiae.

298 2658 367 2713 Et
397 2663 679 2730 tanquam
713 2659 931 2715 diceret
964 2659 1177 2731 aliquis
1211 2679 1223 2716 :
1262 2661 1532 2728 Ostende,
1586 2662 1879 2733 Apostole,

231 2764 358 2819 quae
391 2748 469 2803 sit
498 2748 620 2803 haec
653 2748 920 2813 scientia,
953 2765 1127 2819 quam
1158 2754 1440 2821 tanquam
1474 2750 1676 2805 utilem
1723 2767 1879 2806 com-

230 2837 496 2901 mendas,
532 2841 590 2891 et
618 2852 799 2907 quam
828 2837 887 2891 in
916 2836 1131 2892 Juda3is
1164 2838 1323 2893 doles
1357 2856 1470 2894 non
1503 2855 1629 2894 esse
1660 2856 1670 2893 :
1707 2840 1880 2894 idcir-

235 2942 321 2993 co,
346 2926 709 2997 exponeudo,
737 2926 1041 2996 subjunxit
1065 2944 1077 2981 :
1104 2931 1427 2996 lgnorantes
1457 2930 1607 2983 enim
1638 2930 1740 2983 Dei
1757 2931 1882 2999 jus-

230 3016 454 3080 titiam,
486 3026 541 3069 et
567 3030 734 3069 suam
755 3021 1072 3085 quaerentes
1099 3024 1349 3071 statuere
1366 3018 1619 3086 justitisc
1646 3019 1746 3072 Dei
1772 3035 1885 3075 non

230 3112 367 3158 sunt
393 3103 650 3172 subjecti.

1962 530 2197 599 justitia
2230 530 2348 596 Dei,
2383 530 2607 584 addidit
2643 549 2653 585 :
2688 533 2840 586 Finis
2870 535 3017 586 enim
3052 533 3190 601 legis
3238 537 3489 592 Christus
3517 544 3618 607 est,

1969 617 2038 672 ad
2078 619 2353 689 justitiam
2420 621 2575 673 omni
2614 620 2870 675 credenti.
2918 622 3074 678 Finis
3134 623 3277 697 legis
3328 626 3620 696 Christus,

1976 722 2089 759 non
2118 707 2603 777 consumptionis,
2639 709 2737 763 sed
2763 714 3307 781 consummationis,
3340 718 3619 786 quoniam

1974 811 2087 848 non
2122 794 2304 866 legem
2358 796 2669 861 consumit,
2723 799 2821 852 sed
2865 800 3107 869 perficit,
3155 803 3323 871 juxta
3373 807 3525 876 quod
3561 806 3620 860 in

1975 883 2281 953 Evangelio
2322 882 2627 952 loquitur:
2664 885 2780 939 Non
2839 888 2963 939 veni
3018 890 3227 943 solvere
3286 891 3475 962 legem,
3524 893 3623 947 sed

1973 972 2199 1039 implere
2233 972 2400 1039 (360).

2046 1058 2203 1112 Finis
2234 1064 2323 1113 est
2353 1059 2638 1114 Christus.
2674 1062 2778 1122 Qui
2815 1062 2871 1115 in
2905 1062 3029 1133 ipso
3060 1066 3619 1139 credimus,quando

1974 1148 2187 1201 bonam
2250 1147 2401 1201 viam
2452 1148 2675 1219 ingredi
2712 1150 3048 1222 incipimus,
3105 1160 3161 1209 et
3203 1155 3397 1227 ipsum
3430 1158 3622 1213 solum

1975 1235 2323 1305 videbimus,
2357 1252 2488 1291 cum
2511 1238 2581 1291 ad
2617 1236 2781 1292 illum
2814 1242 3237 1310 perveniemus.
3274 1245 3432 1301 Finis
3462 1246 3625 1301 Chri-

1975 1328 2102 1378 stus
2134 1324 2365 1394 dicitur,
2396 1326 2673 1396 quoniam
2706 1328 2774 1381 ad
2811 1328 2976 1384 illum
3002 1332 3308 1389 referimus
3339 1335 3624 1406 quidquid

1976 1412 2247 1483 agimus;
2282 1418 2337 1467 et
2366 1430 2499 1469 cum
2532 1416 2602 1469 ad
2640 1416 2833 1486 ipsum
2866 1420 3447 1489 perveniemus,nihil
3472 1424 3627 1480 ultra

1977 1502 2129 1570 quod
2179 1518 2532 1572 quaeramus,
2561 1504 2929 1561 habebimus.

2051 1590 2206 1643 Finis
2256 1590 2451 1660 itaque
2492 1596 2705 1657 noster,
2740 1596 3013 1664 perfectio
3046 1602 3245 1654 nostra
3275 1617 3405 1657 esse
3436 1602 3626 1658 debet.

1976 1677 2255 1733 Perfectio
2308 1684 2501 1734 autem
2556 1688 2755 1737 nostra
2786 1683 3057 1740 Christus
3113 1692 3223 1755 est,
3259 1692 3537 1759 quoniam
3570 1692 3628 1746 in

1976 1766 2104 1837 ipso
2136 1766 2475 1837 perﬁcimur
2526 1770 2698 1839 (361),
2758 1773 2926 1841 cujus
2979 1775 3188 1845 capitis
3221 1779 3484 1834 membra
3530 1797 3631 1835 su-

1984 1872 2137 1909 mus.
2172 1855 2340 1910 Recte
2372 1856 2549 1927 igitur
2594 1859 2729 1913 linis
2768 1860 3037 1917 Christus
3085 1864 3319 1933 dicitur,
3351 1869 3628 1937 quoniam

1983 1960 2153 1999 nemo
2185 1944 2311 1998 sine
2344 1944 2467 2015 ipso
2501 1948 2725 2016 perficit
2754 1946 2961 2019 legem.

2056 2032 2215 2086 Finis
2243 2037 2436 2088 autem
2479 2034 2625 2105 legis
2656 2036 2922 2091 Christus
2954 2042 3041 2093 est
3072 2042 3229 2095 omni
3269 2044 3525 2098 credenti
3558 2045 3629 2099 ad

1978 2122 2308 2192 justitiam;
2357 2123 2635 2191 quoniam
2688 2124 3022 2197 quicunque
3054 2144 3155 2199 per
3196 2130 3367 2185 finem
3418 2131 3631 2187 Christi

1979 2210 2358 2280 justiticatur,
2394 2211 2449 2264 in
2482 2211 2608 2281 ipso
2639 2214 2953 2283 perﬁcitur.

2061 2298 2261 2369 Igitur,
2322 2304 2385 2353 ut
2415 2300 2681 2370 aperiret,
2742 2318 2916 2372 quam
2948 2304 3156 2359 dixerit
3203 2307 3498 2376 justitiam
3528 2310 3632 2365 Ju-

1987 2388 2265 2448 dzeorum.
2298 2389 2600 2458 subjunxit
2631 2405 2643 2442 :
2679 2390 2877 2461 Moyses
2904 2394 3053 2447 enim
3100 2396 3338 2465 scripsit,
3369 2398 3633 2467 quoniam

1977 2476 2259 2546 justitiam
2338 2493 2455 2547 quae
2511 2494 2584 2531 ea:
2634 2478 2747 2547 lege
2802 2488 2896 2545 est,
2956 2482 3051 2551 qui
3076 2484 3265 2552 fecerit
3307 2484 3465 2539 homo
3495 2488 3636 2542 vivet

1990 2566 2050 2617 in
2080 2566 2158 2618 eis
2190 2566 2357 2635 (362).
2419 2564 2525 2619 Ubi
2576 2567 2919 2633 notandum,
2953 2570 3093 2638 quia
3142 2587 3256 2626 non
3316 2573 3397 2627 ait
3428 2576 3485 2628 in
3543 2590 3631 2641 ea,

1990 2653 2091 2707 sed
2126 2655 2184 2706 in
2215 2656 2315 2717 eis,
2349 2654 2404 2707 id
2454 2659 2542 2708 est
2570 2654 2715 2725 legis
2774 2658 3099 2729 praeceptis,
3160 2660 3279 2715 sive
3334 2663 3631 2733 operibus.

1993 2740 2119 2812 lege
2148 2748 2255 2796 est.
2302 2759 2405 2814 pro
2454 2744 2730 2814 operibus
2762 2744 2907 2817 legis
2958 2747 3173 2817 posuit.
3206 2749 3337 2817 Qui,
3386 2768 3521 2824 ergo
3554 2753 3633 2809 fe-

1993 2832 2155 2885 Unde
2186 2836 2446 2903 apparet,
2498 2834 2773 2903 quoniam
2805 2834 3029 2906 Moyses
3053 2838 3370 2908 justitiam,
3404 2858 3530 2912 quas
3566 2859 3635 2897 ex

1994 2920 2118 2992 lege
2177 2927 2266 2975 est
2296 2938 2399 2991 pro
2444 2921 2717 2992 operibus
2774 2923 2920 2995 legis
2952 2926 3166 2996 posuit.
3200 2927 3307 2990 Qui
3360 2946 3496 3001 ergo
3555 2931 3635 2986 fe-

1994 3013 2155 3080 cerit,
2191 3029 2316 3083 quas
2376 3027 2443 3065 ex
2502 3011 2625 3083 lege
2680 3016 2787 3077 est,
2840 3014 3155 3085 justitiam,
3216 3016 3272 3071 id
3321 3024 3408 3073 est
3463 3036 3639 3091 opera

1994 3101 2159 3172 legis,
2199 3100 2348 3155 vivet
2376 3100 2431 3153 in
2461 3098 2566 3167 eis,
2590 3101 2867 3170 quoniam
2902 3103 3206 3173 praemium
3237 3106 3482 3177 accipiet
3509 3108 3640 3164 vitae

302 3192 540 3247 Justitia
571 3192 671 3249 Dei
695 3195 931 3257 est,non
964 3209 1079 3265 qua
1108 3193 1252 3265 ipse,
1278 3195 1377 3249 sed
1411 3211 1527 3265 qua
1558 3194 1731 3250 homo
1753 3196 1882 3265 jus-
1915 3175 1957 3240 C
1995 3189 2317 3261 praesentis.
2377 3189 2569 3243 Timet
2626 3188 2780 3244 enim
2840 3206 2930 3257 ne,
2990 3190 3039 3245 si
3096 3192 3244 3262 (363)
3292 3175 3466 3265 opera
3494 3195 3640 3267 legis

232 3280 513 3351 tiﬁcatur,
546 3288 603 3336 et
632 3298 761 3353 qua
793 3280 1012 3335 homini
1041 3299 1074 3336 a
1116 3282 1230 3337 Deo
1262 3284 1452 3337 datur.

297 3370 541 3425 Justitia
569 3386 704 3442 ergo
741 3369 835 3424 Dei
869 3374 956 3424 est
986 3369 1272 3442 Christus,
1308 3372 1425 3426 sive
1460 3372 1606 3427 fides
1642 3373 1880 3435 Christi.

222 3476 329 3530 per
358 3475 540 3528 quam
568 3459 931 3525 justiﬁcatur
958 3459 1060 3529 qui
1087 3460 1271 3514 credit
1301 3461 1359 3514 in
1393 3477 1553 3525 eum,
1577 3463 1679 3532 qui
1706 3463 1882 3533 justi-

220 3547 365 3601 ﬁcat
395 3547 671 3616 impium.
704 3551 861 3601 Hanc
882 3547 1178 3617 justitiam
1213 3550 1309 3603 Dei
1345 3550 1713 3621 ignorabant,
1744 3567 1885 3622 quo-

223 3636 395 3689 niam
429 3635 622 3705 aegroti
655 3636 941 3690 medicum
984 3653 1097 3691 non
1146 3639 1503 3708 quaerebant,
1556 3644 1611 3693 et
1642 3640 1711 3693 de
1741 3639 1885 3710 legis

225 3722 511 3794 Operibus
541 3723 871 3795 gloriantes,
932 3731 1263 3795 peccatores
1321 3744 1382 3784 se
1414 3727 1675 3782 confiteri
1721 3729 1881 3783 dedi-

223 3813 583 3884 gnabantur.
611 3813 938 3868 Gloriantes
961 3820 1151 3869 autem
1187 3816 1244 3870 in
1275 3814 1421 3887 legis
1452 3817 1884 3887 oporibus,gra-

223 3900 373 3954 tiam
396 3900 491 3953 Dei
527 3916 560 3954 a
589 3917 650 3955 se
681 3900 1057 3972 repellebant.

301 3989 608 4043 Justitiam
635 3989 871 4043 illorum
891 3990 1158 4061 dicit,qui
1184 4008 1251 4047 ea
1272 4008 1332 4047 se
1347 3994 1372 4063 j
1387 3994 1665 4048 ustiﬁcari
1691 4010 1887 4065 posse-

229 4078 501 4149 putabat,
532 4078 891 4133 aestimantes
946 4096 1007 4134 se
1055 4079 1241 4152 legem
1297 4082 1421 4137 suis
1464 4084 1687 4137 meritis
1729 4100 1886 4140 acce-

228 4168 480 4238 pisse,et
508 4167 632 4221 suis
662 4167 889 4222 viribus
918 4167 1159 4239 implere
1182 4186 1372 4241 posse.
1408 4175 1565 4226 Hanc
1596 4173 1885 4243 justitiam

229 4259 496 4310 statuere
522 4256 827 4323 volebant;
861 4257 919 4311 id
949 4258 1259 4329 est,gratia
1284 4260 1377 4315 Dei
1403 4261 1689 4331 praeferre,
1726 4264 1885 4317 ideo-

227 4360 338 4414 que
357 4344 600 4412 justitiae
628 4346 727 4399 Dei
754 4363 869 4399 non
889 4355 1017 4401 sunt
1045 4349 1297 4417 subiecti.

304 4432 455 4487 Hinc
479 4432 615 4489 alibi
648 4434 804 4488 idem
828 4436 1142 4506 Apostolus
1176 4436 1318 4491 dicit
1351 4452 1362 4491 :
1402 4438 1557 4504 Quod
1587 4441 1635 4493 si
1664 4456 1739 4494 ea:
1770 4443 1889 4511 lege

1993 3296 2105 3333 non
2156 3278 2349 3344 faciat,
2409 3278 2803 3347 crucitigatur,
2862 3283 2963 3332 aut
3023 3278 3335 3351 lapidetur,
3388 3283 3475 3338 vel
3533 3285 3637 3339 ali-

1993 3368 2130 3438 quid
2165 3366 2506 3437 hujusmodi
2564 3366 2837 3437 patiatur.
2894 3367 3046 3422 Vivit
3077 3370 3295 3439 itaque,
3332 3371 3471 3441 quia
3500 3388 3640 3443 prae-

1994 3457 2179 3511 mium
2239 3454 2467 3525 accipit,
2513 3471 2583 3509 ne
2642 3455 2900 3525 corporis
2959 3461 3143 3511 morte
3177 3458 3475 3528 puniatur.
3524 3465 3637 3517 lm-

1994 3544 2246 3615 pletores
2266 3546 2460 3597 autem
2487 3544 2829 3613 gratia},non
2856 3545 3160 3616 praesentis
3179 3547 3306 3601 vitae
3332 3548 3638 3619 praemium

1994 3632 2308 3703 accipiunt,
2352 3632 2451 3686 sed
2510 3636 2754 3699 aeternae,
2806 3635 2979 3701 juxta
3036 3634 3180 3690 illud
3218 3653 3230 3691 :
3267 3639 3401 3693 Cum
3430 3638 3643 3696 dederit

1994 3721 2202 3776 dilectis
2231 3722 2346 3775 suis
2375 3737 2646 3787 somnum,
2678 3738 2798 3777 ecce
2823 3723 3121 3780 haereditas
3179 3730 3408 3783 Domini
3467 3729 3639 3800 (Psal.

1993 3826 2180 3878 cxxvt,
2212 3812 2267 3879 3)
2325 3826 2338 3865 :
2396 3813 2537 3864 Cum
2570 3810 2723 3865 enim
2784 3830 3057 3869 somnum
3116 3816 3320 3873 mortis
3349 3817 3515 3873 electi
3549 3799 3645 3873 ca:

1994 3900 2184 3971 piunt,
2230 3905 2371 3954 tunc
2402 3901 2473 3954 ad
2531 3901 2929 3959 hazreditatem
2988 3910 3213 3961 aeternis
3273 3909 3402 3962 vitm
3444 3923 3644 3978 perve-

1997 3989 2183 4043 niunt.

2068 4078 2179 4133 Sed
2246 4082 2470 4149 poterat
2517 4078 2731 4148 aliquis
2778 4081 2967 4136 dicere
3016 4100 3028 4137 :
3085 4083 3145 4137 Si
3197 4084 3423 4155 Moyses
3454 4084 3641 4142 dicit:

1994 4168 2300 4234 Justitiam,
2360 4183 2477 4235 qua
2535 4182 2603 4220 ea:
2660 4168 2771 4237 lege
2826 4178 2921 4235 est,
2989 4173 3087 4239 qui
3139 4173 3332 4241 fecerit
3412 4174 3569 4227 homo
3627 4189 3642 4229 :

1996 4257 2136 4311 vivet
2166 4257 2227 4308 in
2256 4271 2323 4308 ea
2352 4254 2544 4325 (364):
2597 4256 2745 4325 (365)
2802 4272 2929 4327 qua:
2983 4274 3052 4312 ex
3109 4259 3221 4313 fide
3252 4264 3341 4314 est
3390 4260 3645 4330 justitia,

1999 4345 2139 4416 quid
2162 4343 2353 4398 dicit?
2379 4343 2595 4399 Idcirco
2618 4361 2681 4399 su
2694 4345 2922 4415 bjunxit
2939 4347 3251 4417 Apostolus
3273 4365 3285 4402 :
3314 4350 3441 4416 Qua:
3460 4354 3649 4405 autem

2000 4451 2068 4488 ex
2124 4432 2228 4503 fide
2284 4437 2359 4487 est
2405 4433 2630 4503 justitia
2682 4436 2760 4487 sic
2811 4433 2944 4488 dicit
2972 4453 2993 4489 .'
3020 4440 3102 4491 Ne
3129 4436 3343 4491 dixeris
3396 4439 3456 4491 in
3490 4438 3649 4494 corde

229 4530 316 4575 est
326 4523 605 4593 justitia,
640 4539 778 4592 ergo
809 4523 1063 4580 Christus
1119 4528 1297 4595 gratis
1339 4537 1602 4582 mortuus
1631 4533 1711 4583 est
1742 4530 1895 4601 (Gal.
1926 4537 1973 4602 D
2005 4531 2095 4578 tuo
2124 4524 2246 4593 quis
2277 4523 2517 4577 ascendit
2548 4525 2605 4577 in
2634 4523 2827 4577 cazlum
2872 4524 3019 4595 (366)
3046 4525 3073 4579 ‘l
3121 4526 3180 4579 Id
3235 4529 3311 4581 est
3370 4526 3649 4583 Christum

232 4627 300 4674 ιι,
323 4616 465 4677 xxi).
515 4611 574 4665 Si
602 4615 797 4667 autem
831 4612 1095 4669 Christus
1128 4632 1240 4670 non
1275 4615 1455 4687 gratis
1486 4623 1751 4674 mortuus
1782 4623 1889 4688 est,

234 4699 389 4769 (359)
420 4698 482 4753 in
515 4698 613 4755 illo
646 4699 769 4755 solo
799 4700 1018 4773 impius
1042 4703 1421 4773 justiticatur.

312 4860 460 4929 (359)
490 4859 640 4914 Nota
670 4860 1123 4931 pulcherrimam
1155 4864 1525 4920 sententiam.

496 4930 703 5010 Matth.
740 4950 790 4999 ν,
828 4934 937 5010 l_7._,
972 4933 1141 5005 Vulg.
1174 4937 1273 5010 sed
1311 4937 1641 5010 adimplere.

310 5001 467 5086 (361)
491 5001 1204 5086 Autog._perﬁcimus,_'vel_
1255 5006 1432 5062 etiam
1466 5001 1641 5064 're'cte
1684 5008 1894 5081 legeris

236 5074 586 5148 perﬁcimus,
623 5074 671 5129 si
705 5078 880 5143 legem
910 5077 1334 5148 subintelligas.

310 5145 462 5215 (562)
523 5148 695 5201 Levit.
753 5163 905 5215 xvm,
963 5150 1054 5214 5;

240 5362 423 5417 tentia
478 5366 535 5416 et
589 5358 899 5415 occasione
952 5358 1032 5417 ita
1082 5358 1289 5418 habeat

228 5575 487 5639 refertur
550 5588 887 5649 pronomen
944 5575 1079 5631 illis.
1144 5576 1378 5634 Levitic’i
1429 5581 1625 5637 autem
1684 5584 1741 5637 et

1140 5152 1345 5205 Ezech.
1402 5166 1493 5217 xx,
1560 5152 1663 5223 11.,
1726 5150 1895 5223 Vulg.

242 5215 363 5293 loco
423 5220 483 5272 in
509 5221 622 5293 ‘eis
650 5217 865 5293 _habet
918 5222 975 5272 in
1007 5236 1090 5287 ea,
1124 5236 1275 5293 cum
1315 5215 1511 5276 tamen
1563 5215 1716 5275 idem
1750 5215 1899 5293 Apo-

241 5287 425 5343 stolus
452 5288 526 5344 ad
561 5288 783 5360 Galat,
815 5305 863 5343 c.
910 5307 991 5360 III,
1042 5307 1091 5345 ν.
1130 5292 1213 5360 12,
1267 5292 1325 5347 in
1357 5292 1560 5347 eadem
1624 5294 1739 5347 fere
1770 5287 1899 5349 sen-

1351 5380 1363 5417 :
1429 5363 1536 5417 Lex
1582 5369 1766 5419 autem
1794 5383 1903 5421 non

234 5442 312 5489 est
342 5449 412 5488 ex
439 5432 571 5503 ﬁde,
608 5431 705 5485 sed
737 5432 834 5499 qui
887 5434 1080 5506 fecerit
1135 5450 1199 5488 ea
1256 5437 1392 5489 vivet
1421 5436 1477 5488 in
1511 5435 1673 5497 illis;
1704 5436 1760 5490 id
1794 5443 1902 5506 est,

231 5507 511 5579 operibus,
548 5519 686 5575 quae
723 5504 992 5572 superius
1045 5506 1345 5560 nominata
1403 5512 1562 5571 sunt,
1598 5512 1656 5562 et
1686 5504 1904 5636 adquei

231 5579 487 5636 refertur
551 5588 887 5636 pronomen
944 5575 1079 5631 illis.
1144 5576 1378 5634 Levitic’i
1429 5581 1625 5636 autem
1684 5584 1741 5636 et
1816 5596 1902 5636 ze-

1816 5596 1878 5638 ΖΘ

2002 4613 2279 4679 deducere,
2302 4616 2410 4667 etc.
2437 4613 2768 4668 Praecedens
2798 4613 3200 4669 testimonium
3231 4614 3544 4687 Apostolus
3577 4616 3649 4673 de

2000 4701 2249 4756 Levitico
2298 4701 2579 4772 sumpsit;
2612 4702 2720 4757 hoc
2747 4708 2941 4758 autem
2982 4704 3455 4775 Deuteronomio,
3490 4705 3647 4775 quod

3295 4866 3469 4920 uibus
3499 4864 3652 4922 hanc

2006 4936 2358 5008 sententiam
2393 4934 2624 4990 haurire
2656 4935 2882 4990 videtur
2910 4936 3245 5008 Apostolus,
3270 4934 3492 4992 habent
3510 4939 3654 4993 vivet

2007 5007 2067 5080 in
2095 5007 2193 5080 eis,
2227 5005 2283 5080 id
2316 5009 2775 5080 est,pra‘ceptis,g
2795 5009 2866 5080 de
2901 5005 3115 5079 quibus
3168 5005 3338 5080 paulo
3379 5010 3653 5079 superius

2006 5076 2065 5130 in
2099 5077 2292 5131 citatis
2314 5079 2568 5133 textibus
2606 5076 2817 5133 mentio
2842 5076 3331 5135 habeturBévera
3349 5076 3654 5136 aliafetiam

2013 5148 2366 5218 exemplaria
2398 5149 2574 5217 hujus
2608 5149 2874 5220 Epistolas
2906 5150 3124 5205 habent
3155 5154 3215 5205 in
3243 5154 3339 5206 eis.

2082 5221 2229 5293 (363)
2266 5222 2554 5293 lnautog.
2589 5220 2713 5275 loco
2744 5238 2811 5275 ne
2840 5223 2891 5274 si
2922 5223 3136 5293 legitur
3164 5225 3294 5276 nisi.

2084 5288 2230 5356 (361)
2264 5288 2361 5361 lbi
2382 5288 2781 5361 habetautog.
2812 5294 2866 5345 in
2890 5309 2974 5347 ea.

2084 5362 2233 5431 (365)
2266 5359 2650 5433 Subintellige
2680 5359 2755 5415 de»
2774 5380 2839 5417 ea
2866 5379 2992 5433 qua:
3019 5363 3143 5433 ﬁde,
3178 5371 3277 5418 etc.

2086 5430 2231 5502 (366)
2281 5430 2447 5507 Deut.
2472 5446 2602 5497 xxx,
2654 5433 2738 5486 12.
2774 5430 3058 5490 Punctum
3092 5432 3563 5507 interrogationis
3592 5433 3655 5495 in

2015 5499 2209 5573 autog.
2245 5499 2473 5556 nullibi.

2003 4861 2208 4916 chielis
2240 4862 2413 4932 paulo
2445 4863 2715 4934 superius
2750 4864 2908 4919 citati
2941 4870 3155 4934 textus,
3189 4880 3219 4920 e
