3996 6232
369 315 478 376 231

1388 309 1723 392 ΛΤΤΟΝΙΞ
1770 304 2353 369 VERCELLENSIS
2400 304 2749 365 EPISCOPI

3654 307 3779 367 232

371 449 789 519 interpretatur
813 441 1211 516 recapitulatio
1237 440 1382 513 legis
1405 441 1573 512 (367).
1609 441 1767 496 Unde
1792 444 1849 494 et
1879 442 2011 511 apte
2042 443 2096 507 Α
2128 438 2255 493 bum
2283 438 2421 506 ﬁdei
2452 437 2611 502 dicit,
2659 435 2801 507 quia
2832 452 2931 507 per
2960 436 3089 507 ejus
3132 436 3308 492 ﬁdem
3338 437 3559 510 impius
3583 437 3777 509 justi-

379 537 630 608 gratiam
662 532 955 606 Evangelii
985 531 1270 603 designat.

445 624 831 689 Quaerendum
854 625 943 677 est
964 626 1160 676 autem
1184 635 1299 689 qua
1328 618 1652 673 intentione
1667 618 1890 689 Moyses
1910 616 2017 671 hoc

374 716 542 782 dixit,
593 711 683 768 vel
732 728 851 783 qua
898 708 1210 781 Apostolus
1253 707 1311 760 in
1366 706 1768 761 testimonium
1812 722 2015 776 sump-

374 802 533 858 serit.
567 801 796 873 Moyses
826 799 936 854 hoc
968 797 1131 865 dixit,
1163 796 1370 850 docere
1399 794 1598 850 volens
1631 793 1783 848 ﬁlios
1818 793 2015 863 Israel,

375 892 516 964 quia
566 907 683 946 non
734 889 820 945 eis
869 902 1104 942 necesse
1152 889 1297 949 erat,
1348 888 1529 951 extra,
1580 882 1639 937 id
1671 888 1758 937 est
1787 900 1821 937 a
1849 882 2013 946 ccelo,

373 980 460 1036 vel
493 980 723 1051 abysso,
757 976 1014 1031 divinum
1045 979 1233 1044 petere
1264 970 1857 1043 praeceptum,quippe
1879 986 2013 1025 cum

374 1069 561 1140 legem
596 1064 821 1122 Domini
854 1080 968 1135 prae
1002 1062 1190 1118 oculis
1221 1060 1523 1124 haberent,
1555 1059 1873 1114 dummodo
1902 1058 2016 1114 vel-

371 1157 494 1212 lent
524 1154 784 1226 implere.

440 1246 533 1299 Ait
560 1258 696 1312 ergo
749 1260 762 1297 :
807 1244 888 1297 Ne
933 1240 1166 1306 dixeris,
1217 1242 1352 1303 etc.,
1392 1254 1458 1292 ac
1503 1237 1552 1293 si
1606 1238 1822 1292 diceret
1856 1253 1868 1292 :
1901 1238 2010 1305 Tu,

370 1333 707 1405 quicunque
737 1347 822 1394 es,
856 1328 1137 1393 Israelita,
1179 1344 1252 1382 ne
1301 1326 1513 1381 dixeris
1559 1325 1620 1380 in
1663 1327 1834 1381 corde
1862 1331 1963 1381 tuo
1997 1343 2009 1380 :

370 1422 512 1488 Quis
545 1419 807 1476 ascendit
834 1418 892 1473 in
926 1416 1160 1481 caelum,
1194 1421 1259 1470 ut
1286 1416 1419 1469 inde
1451 1414 1621 1469 nobis
1645 1414 1849 1469 afferat
1878 1413 2014 1469 divi-

371 1527 517 1566 num
559 1514 934 1581 prazceptum,
991 1509 1053 1558 ut
1100 1502 1434 1567 audiamus,
1485 1511 1541 1557 et
1591 1502 2011 1573 intelligamus,

370 1604 428 1655 et
456 1598 809 1669 impleamus
835 1594 862 1649 ?
896 1602 1011 1649 Aut
1039 1594 1160 1663 quis
1206 1592 1481 1647 descendit
1538 1594 1598 1646 in
1642 1592 1915 1661 abyssum,
1951 1596 2015 1645 ut

372 1686 541 1742 nobis
573 1686 784 1741 referat
810 1683 948 1755 quid
1006 1682 1066 1737 in
1123 1681 1351 1736 inferno
1382 1686 1640 1752 agatum,
1673 1685 1728 1734 et
1758 1680 2013 1735 sciamus

373 1774 515 1847 quid
537 1791 644 1830 nos
666 1789 835 1845 agere
855 1771 1157 1843 Oporteat‘?
1181 1769 1466 1837 Quoniam
1492 1786 1609 1840 prae
1622 1768 1805 1823 oculis
1830 1768 2011 1822 habes

374 1864 471 1920 Dei
504 1868 824 1936 praecepta;
858 1866 981 1916 esto
1015 1864 1241 1915 tantum
1271 1858 1564 1928 impletor.
1606 1857 1766 1913 Unde
1795 1862 1853 1912 et
1884 1874 2014 1912 mox

372 1952 645 2010 subditur
679 1968 693 2006 :
719 1953 899 2022 Prope
926 1955 1002 2005 est
1032 1948 1251 2003 verbum
1281 1950 1341 2002 in
1369 1962 1466 2002 ore
1522 1955 1613 2001 tuo
1669 1950 1721 2000 et
1769 1948 1827 2001 in
1857 1947 2015 2002 corde

370 2045 486 2097 tuo.

448 2127 675 2185 Verbum
707 2128 1060 2198 praeceptum
1086 2124 1185 2178 Dei
1215 2126 1381 2178 vocat
1405 2140 1419 2189 ;
1440 2138 1506 2176 ac
1536 2121 1582 2177 si
1615 2121 1863 2177 diceret:
1886 2120 2016 2176 Pro-

370 2233 441 2290 pe
498 2221 587 2273 est
613 2217 854 2272 verbum
906 2216 961 2269 in
993 2229 1091 2268 ore
1114 2219 1244 2276 tuo,
1296 2211 1436 2283 quia
1464 2210 1630 2282 legis,
1666 2216 1721 2265 et
1751 2210 1810 2264 in
1841 2211 2014 2265 corde

367 2312 492 2375 tuo,
520 2305 659 2378 quia
683 2302 1007 2361 meditaris.

438 2394 752 2466 Apostolus
775 2397 970 2447 autem
990 2390 1098 2445 hoc
1116 2388 1515 2445 testimonium
1534 2387 2012 2460 sumpsit,volens

365 2482 674 2540 ostendere
720 2479 1016 2535 Christum
1067 2495 1268 2533 verum
1322 2482 1523 2541 Deum,
1561 2483 1619 2532 et
1669 2493 1871 2531 verum
1903 2476 2011 2531 ho-

369 2571 609 2635 minem,
640 2573 697 2624 et
726 2585 840 2623 non
873 2566 1113 2621 localem
1142 2583 1156 2631 ;
1190 2581 1294 2620 nec
1332 2566 1392 2619 in
1423 2564 1565 2621 c:elo
1603 2569 1855 2630 tantum,
1909 2564 2009 2619 sed

370 2660 587 2730 ubique
635 2672 769 2712 eum
822 2671 1065 2727 regnare
1094 2671 1228 2708 cum
1268 2658 1481 2721 Patre;
1516 2670 1629 2708 non
1669 2658 1860 2707 tamen
1893 2669 2012 2706 cor-

368 2763 508 2820 pore
539 2746 840 2811 diﬁ‘usum,
875 2743 975 2799 sed
1007 2747 1292 2815 potestate
1322 2741 1652 2811 dilatatam,
1686 2745 1751 2795 ut
1780 2741 1855 2795 sit
1874 2757 2011 2795 sen-

374 2853 484 2892 sus
517 2854 529 2890 :
565 2835 712 2905 (368)
744 2834 852 2900 Tu,
885 2832 1222 2903 quicunque
1276 2846 1358 2896 es,
1406 2830 1615 2897 ﬁdelis,
1671 2846 1741 2883 ne
1795 2830 2010 2884 dixeris

366 2924 424 2979 in
451 2923 622 2978 corde
651 2911 750 2977 tuo
783 2938 797 2976 :
832 2919 971 2986 Quis
1001 2920 1277 2974 ascendet
1303 2918 1363 2973 in
1404 2918 1610 2974 ccelum
1637 2919 1663 2971 ‘?
1712 2918 1765 2972 id
1797 2924 1905 2984 est,
1938 2934 2010 2973 ne

372 3012 577 3069 credas
599 3010 897 3067 Christum
918 3007 1109 3065 solum
1136 3014 1313 3063 Deum
1345 3012 1555 3071 esse,et
1576 3024 1688 3061 non
1713 3007 2005 3061 hominem

370 3104 608 3169 factum,
645 3105 702 3155 et
732 3115 866 3155 eum
912 3102 1142 3153 tantum
1174 3098 1231 3151 in
1264 3097 1405 3151 cmlo
1435 3096 1716 3162 habitare,
1752 3101 1808 3149 et
1835 3096 2005 3166 abys-

2130 529 2357 581 licatur.

2201 616 2445 682 Rursus,
2481 620 2547 669 ut
2575 614 2824 685 aperiret
2860 631 2990 684 qua:
3036 618 3192 669 esset
3238 615 3367 685 ejus
3415 616 3780 687 praedicatio,

2129 705 2394 773 adjunxit
2428 721 2440 760 :
2476 705 2617 771 Quia
2642 706 2693 759 si
2739 704 3052 772 conﬁtearis
3102 707 3161 758 in
3216 719 3309 759 ore
3355 713 3444 760 tuo
3474 707 3779 762 Dominum

2123 795 2326 858 Jesum,
2378 797 2431 848 et
2475 795 2533 848 in
2582 793 2741 847 corde
2785 795 2876 847 tuo
2923 792 3242 860 credideris,
3272 795 3411 863 quia
3440 796 3578 851 Deus
3608 797 3781 852 illam

2122 884 2410 936 suscitavit
2439 899 2472 936 a
2501 884 2758 944 mortuis,
2789 883 2975 937 salvus
3006 884 3133 937 eris.

2194 969 2465 1024 Praevidit
2510 970 2845 1041 Apostolus,
2895 971 3173 1041 quoniam
3225 971 3405 1026 futuri
3452 981 3623 1029 erant
3670 976 3777 1047 qui

2125 1058 2422 1114 Christum
2470 1076 2568 1114 ore
2615 1060 3047 1125 conﬁterentur,
3083 1060 3183 1115 sed
3232 1061 3464 1115 credere
3494 1060 3725 1119 nollent
3758 1083 3774 1134 ;

2124 1148 2285 1214 item,
2337 1147 2437 1219 qui
2484 1164 2617 1203 eum
2651 1150 2824 1203 corde
2852 1149 3175 1215 crederent,
3226 1150 3325 1204 sed
3376 1156 3618 1223 propter
3647 1158 3775 1208 tor-

2124 1241 2342 1306 menta,
2374 1242 2431 1292 et
2462 1236 2749 1308 supplicia
2794 1238 3055 1292 conﬁteri
3094 1243 3467 1307 vererentur;
3520 1240 3775 1313 ideoque

2124 1330 2441 1396 utrumque
2472 1325 2648 1380 simul
2683 1326 2960 1397 posuit,id
2992 1327 3540 1397 est,credulitatem,
3573 1332 3775 1389 cordis

2124 1418 2183 1469 et
2203 1414 2321 1469 oris
2337 1414 2989 1484 confessionem,volens
3011 1416 3317 1471 ostendere
3334 1417 3473 1488 quia
3493 1425 3773 1477 neutrum

2123 1503 2251 1558 sine
2281 1507 2461 1557 altero
2494 1503 2711 1558 sufﬁcit
2742 1505 2811 1558 ad
2838 1504 3270 1573 perfectionem.
3303 1505 3450 1562 Hinc
3481 1507 3774 1566 Dominus

2120 1592 2180 1647 in
2213 1591 2519 1661 Evangelio
2549 1592 2692 1647 dicit
2742 1609 2754 1645 :
2806 1594 2867 1648 Si
2913 1595 3037 1662 quis
3064 1596 3340 1665 confessus
3366 1598 3541 1665 fuerit
3564 1613 3657 1653 me
3681 1616 3774 1655 co-

2123 1696 2243 1734 ram
2272 1679 2610 1745 hominibus,
2641 1681 2940 1749 conﬁtebor
2967 1684 3019 1735 et
3065 1697 3158 1752 ego
3205 1697 3328 1736 eum
3380 1698 3565 1739 coram
3599 1691 3775 1743 Patre

2121 1785 2261 1836 meo,
2307 1770 2402 1838 qui
2429 1772 2509 1822 est
2539 1771 2596 1821 in
2645 1770 2791 1823 cretis
2842 1770 3049 1838 (Matth.
3083 1788 3139 1838 x,
3190 1772 3301 1839 32).
3337 1772 3405 1827 Et
3437 1777 3595 1840 nota,
3628 1776 3773 1846 quia

2125 1874 2240 1911 non
2270 1857 2353 1911 ait
2380 1872 2394 1912 :
2431 1857 2922 1927 Credideris,quia
2953 1863 3127 1913 natus
3157 1864 3267 1927 est,
3291 1877 3502 1932 passus
3534 1867 3593 1918 et
3610 1880 3771 1920 mor-

2122 1951 2281 2015 tuus,
2314 1946 2413 2000 sed
2446 1946 2579 2016 quia
2606 1946 2744 2001 Deus
2769 1946 2932 2000 illum
2959 1949 3243 2002 suscitavit
3271 1967 3306 2003 a
3332 1954 3579 2006 mortuis.

2197 2033 2343 2090 Nam
2374 2037 2428 2088 et
2447 2033 2659 2105 pagani
2690 2033 2858 2089 illum
2878 2039 3175 2091 mortuum
3207 2038 3474 2099 credunt.
3505 2045 3563 2095 et
3594 2042 3773 2099 nobis

2124 2122 2234 2177 hoc
2258 2138 2364 2193 pro
2396 2121 2638 2176 crimine
2664 2122 2950 2191 objiciunt
2982 2141 2994 2179 :
3028 2141 3144 2179 non
3166 2140 3301 2197 ergo
3323 2133 3524 2183 nostra
3552 2128 3685 2186 laus
3707 2132 3770 2188 in

2123 2211 2232 2265 hac
2262 2214 2370 2279 est,
2404 2209 2454 2265 si
2503 2226 2635 2265 eum
2686 2215 2912 2267 tantum
2963 2218 3260 2269 mortuum
3302 2215 3620 2283 credimus,
3650 2220 3771 2275 nisi

2122 2299 2514 2363 credamus,et
2544 2300 3013 2365 resurrexisse,et
3043 2318 3147 2357 nos
3179 2302 3249 2357 ad
3272 2304 3401 2373 ejus
3430 2306 3768 2378 exemplum

2123 2392 2555 2443 resurrecturus
2584 2403 2733 2443 esse.

2192 2475 2491 2530 Mortuum
2524 2480 2805 2541 autem,et
2839 2493 2941 2531 nos
2973 2477 3575 2551 credimus,quoniam
3597 2483 3774 2541 aliter

2122 2581 2255 2620 eum
2286 2564 2672 2619 resurrexisse
2703 2564 2936 2620 credere
2966 2582 3080 2620 non
3106 2566 3388 2623 valemus.

2196 2653 2264 2707 Ut
2282 2657 2476 2707 autem
2510 2653 2730 2708 arctius
2753 2655 3207 2724 commendaret,
3242 2658 3403 2728 quia,
3436 2674 3546 2714 nec
3576 2662 3772 2720 cordis

2119 2741 2432 2797 credulitas
2462 2742 2589 2796 sine
2618 2742 2734 2796 oris
2766 2742 3148 2814 confessione,
3184 2760 3288 2800 nec
3318 2746 3438 2802 haec
3484 2748 3613 2805 sine
3640 2750 3769 2821 illa,

2119 2831 2191 2885 ad
2223 2829 2472 2885 salutem
2506 2829 2647 2884 satis
2677 2834 2786 2899 est,
2817 2832 3046 2887 addidit
3077 2850 3089 2887 :
3125 2833 3294 2889 Corde
3345 2838 3495 2891 enim
3521 2839 3772 2896 creditur

2117 2919 2188 2974 ad
2220 2920 2521 2989 justitiam,
2577 2934 2669 2975 ore
2715 2923 2896 2974 autem
2945 2924 3215 2990 confessio
3272 2924 3335 2992 ﬁt
3387 2926 3453 2980 in
3505 2929 3767 2985 salutem.

2116 3008 2338 3071 Quibus
2367 3007 2558 3061 verbis
2589 3009 2864 3074 ostendit,
2898 3010 3177 3080 quoniam
3208 3012 3308 3083 qui
3336 3014 3632 3071 Christum
3674 3035 3770 3075 ve-

2117 3111 2246 3149 rum
2280 3095 2483 3159 Deum,
2536 3100 2591 3149 et
2620 3113 2817 3150 verum
2861 3097 3156 3153 hominem
3188 3101 3361 3156 corde
3388 3104 3769 3175 creditjusti-
3821 3138 3825 3139 ν

367 3207 501 3246 sum
533 3192 662 3258 ejus
694 3187 1003 3260 prmaentia
1035 3203 1257 3242 vacare.
1292 3186 1455 3240 Unde
1484 3189 1541 3239 et
1569 3185 2001 3255 exponendo,de
2032 3169 2075 3235 C
2117 3183 2275 3238 ﬁcari
2308 3188 2581 3251 meretur,
2613 3184 3017 3255 quia,suorum
3052 3194 3423 3257 peccatorum
3455 3169 3765 3249 remissio-

365 3296 469 3336 suo
502 3277 727 3334 addidit
756 3295 769 3332 :
802 3278 915 3333 Hoc
941 3286 1017 3331 est
1046 3276 1321 3331 Christum
1347 3274 1610 3329 deducere
1640 3290 1653 3328 :
1685 3289 1821 3327 nam
1854 3272 2001 3326 libro

362 3366 793 3425 Deuleronomii
825 3382 941 3421 non
972 3364 1240 3421 habetur.

428 3457 704 3529 Sequitur
735 3471 748 3510 :
783 3456 890 3510 Aut
918 3456 1038 3527 quis
1066 3453 1344 3508 descendet
1374 3454 1433 3507 in
1463 3452 1719 3522 abyssum
1747 3454 1771 3503 .9
1800 3450 1860 3505 1d
1892 3454 2000 3520 est,

365 3563 438 3602 ne
495 3547 698 3602 credas
755 3561 969 3616 purum
1010 3542 1309 3597 hominem
1340 3541 1518 3596 fuisse
1545 3556 1809 3612 passum,
1842 3556 2001 3594 mor-

360 3639 656 3705 tuumque
687 3632 758 3687 ad
791 3632 1022 3687 Inferna
1069 3629 1456 3696 descendisse,
1508 3628 1552 3683 it
1597 3628 1675 3682 ibi
1721 3644 1855 3683 eum
1911 3628 2006 3682 de-

352 3721 560 3789 tineri,
605 3719 937 3791 ccelumque
983 3719 1110 3789 ejus
1142 3717 1453 3789 przesentia
1503 3734 1724 3772 vacare.
1760 3716 1920 3772 Unde
1949 3720 2008 3771 et

362 3810 704 3882 exponendo
756 3807 1065 3879 subjunxit
1120 3823 1133 3861 :
1183 3806 1243 3862 Id
1269 3809 1347 3861 est
1375 3806 1723 3863 Christuma
1778 3806 2007 3860 mortuis

361 3913 631 3955 revocare.
670 3901 799 3968 Ipse
829 3895 966 3951 enin
996 3911 1164 3950 verus
1198 3900 1369 3961 Deus,
1418 3899 1475 3950 et
1530 3894 1706 3949 homo
1738 3897 1845 3957 est,
1878 3892 2006 3948 ubi-

366 4003 480 4059 que
510 3990 687 4041 totus.
722 3983 928 4056 Igitur,
960 3983 1127 4054 quasi
1158 3983 1348 4039 dicere
1376 3982 1550 4039 vellet
1605 3981 1821 4052 aliquis
1875 3997 1888 4036 :
1947 3981 2007 4036 Si

372 4074 468 4129 lex
497 4073 633 4129 ﬁdei
662 4072 853 4128 dicere
880 4071 1164 4145 prohibet,
1196 4071 1331 4143 quis
1360 4074 1637 4127 ascendet
1687 4071 1745 4124 in
1777 4069 2006 4134 coelum,

364 4169 474 4219 etc.
500 4162 528 4217 Ἰ
557 4162 709 4226 Quid
740 4178 876 4233 ergo
924 4161 1259 4231 dicendum,
1302 4159 1609 4231 subjungit
1674 4158 2005 4229 Apostolus,

372 4252 572 4307 volens
598 4252 924 4318 ostendere,
956 4252 1248 4322 quomodo
1280 4250 1501 4319 ubique
1541 4247 1618 4303 sit
1650 4252 1803 4302 totus
1834 4247 1861 4300 ‘I
1917 4246 2011 4302 sed

360 4340 490 4414 quid
539 4341 676 4396 dicit
731 4340 982 4411 Sriptura
1007 4342 1032 4392 ἵ
1058 4341 1233 4410 Pr0pe
1286 4345 1365 4393 est
1417 4336 1642 4391 verbum
1670 4337 1728 4389 in
1772 4351 1864 4391 ore
1919 4343 2010 4391 tuo

358 4433 411 4484 et
439 4431 500 4484 in
528 4429 692 4484 corde
721 4433 816 4484 tuo
844 4429 1004 4500 (Deut
1074 4444 1206 4492 xxx,
1242 4427 1330 4494 14)
1358 4442 1371 4491 ;
1403 4428 1683 4493 tanquam
1743 4423 1961 4479 diceret
1993 4439 2007 4477 :

2113 3289 2245 3326 nem
2278 3271 2673 3341 consequitur.
2724 3274 2832 3328 Sed
2884 3274 2954 3328 ad
3005 3278 3319 3346 perfectam
3351 3279 3603 3336 salutem
3637 3299 3758 3339 non

2112 3361 2348 3425 sufﬁcit,
2383 3360 2496 3414 nisi
2525 3366 2582 3415 et
2611 3377 2707 3416 ore
2732 3364 3077 3419 conﬁteatur
3108 3381 3121 3418 :
3155 3367 3435 3437 quoniam
3466 3369 3762 3428 Dominus

2114 3450 2173 3504 in
2204 3448 2512 3520 Evangelio
2542 3450 2685 3504 dicit
2736 3467 2749 3504 :
2801 3452 2907 3519 Qui
2934 3469 3021 3507 me
3047 3458 3329 3524 negaverit
3355 3471 3548 3513 coram
3574 3462 3768 3515 homi-

2110 3540 2276 3593 nibus
2320 3538 2527 3609 negabo
2575 3543 2625 3594 et
2670 3555 2774 3611 ego
2803 3557 2927 3596 eum
2958 3558 3144 3597 coram
3173 3545 3338 3601 Patre
3383 3562 3498 3602 meo
3547 3548 3767 3618 (Matth.

2112 3645 2169 3695 x,
2196 3628 2306 3696 33).

2183 3717 2475 3789 Scriptura
2504 3719 2651 3773 enim
2679 3717 2814 3772 dicit
2868 3735 2880 3772 :
2943 3720 3152 3787 Omnis,
3185 3724 3281 3792 qui
3308 3724 3480 3779 credit
3522 3727 3585 3780 in
3616 3741 3772 3795 eum,

2115 3820 2226 3860 non
2279 3806 2648 3876 confundetur
2692 3809 2819 3874 (Isa.
2878 3824 3076 3863 xxvm.
3131 3811 3241 3878 16).
3292 3812 3425 3874 Quae
3475 3817 3777 3872 sententia

2122 3892 2296 3964 paulo
2332 3895 2604 3966 superius
2634 3899 2723 3950 est
2751 3897 3031 3967 exposita.
3065 3901 3200 3963 Quae
3231 3916 3303 3955 ne
3353 3901 3500 3957 forte
3527 3903 3602 3959 de
3631 3904 3775 3961 solis

2114 3981 2335 4036 Judaeis
2364 3983 2521 4038 dicta
2550 3982 2864 4050 videretur,
2910 3991 3216 4056 propterea
3246 3989 3521 4045 subditur
3579 4008 3591 4046 :
3653 3994 3774 4049 Non

2116 4072 2266 4125 enim
2296 4071 2581 4127 distinctio
2608 4074 2792 4129 Judaei
2845 4078 2897 4129 et
2922 4077 3123 4131 Graeci.
3158 4076 3338 4147 Cujus
3384 4077 3493 4134 loci
3525 4098 3771 4139 sensum

2118 4160 2490 4230 coapostolus
2522 4162 2648 4230 ejus
2683 4163 2888 4218 Petrus
2916 4166 3173 4235 exponit,
3219 4166 3419 4222 dicens
3448 4184 3461 4221 :
3498 4169 3773 4236 Quoniam

2122 4250 2183 4302 in
2211 4251 2363 4303 omni
2399 4253 2580 4319 gente.
2614 4266 2704 4321 qui
2731 4253 2887 4307 timet
2910 4257 3087 4308 Deum
3111 4262 3163 4310 et
3182 4263 3444 4325 operatur
3461 4257 3770 4329 justitiam,

2119 4348 2366 4407 acceptus
2394 4347 2473 4393 est
2505 4340 2594 4394 illi
2619 4340 2766 4411 (Act.
2798 4358 2854 4408 x,
2887 4342 2999 4414 36).

2190 4429 2378 4484 Ouare
2407 4433 2599 4483 autem
2634 4428 2933 4485 distinctio
2964 4448 3079 4486 non
3112 4430 3188 4487 sit
3216 4432 3404 4488 Judaei
3460 4440 3518 4490 et
3566 4436 3774 4508 Graeci,

361 4517 508 4581 Quia
539 4517 805 4573 Christus
834 4516 1089 4571 Verbum
1120 4513 1217 4569 Dei
1247 4512 1438 4603 Patris
1461 4511 1677 4581 ubique
1700 4514 1855 4603 totus
1885 4516 2007 4603 est;
2041 4537 2087 4603 Π
2121 4516 2393 4587 superius
2414 4516 2727 4587 Apostolus
2750 4519 3170 4587 ostendit,cum
3193 4523 3494 4592 praemissa
3514 4523 3627 4581 hac
3645 4542 3779 4583 sen-

360 4606 578 4662 idcirco
610 4610 668 4661 et
698 4606 756 4659 in
789 4621 885 4660 ore
937 4608 1060 4673 tuo,
1093 4606 1151 4658 et
1180 4602 1239 4656 in
1293 4600 1465 4654 corde
1495 4604 1595 4654 tuo
1639 4615 1652 4652 :
1699 4599 1823 4670 ipse
1851 4599 2007 4655 enim

370 4698 427 4749 et
458 4694 603 4749 bene
658 4692 973 4766 cogitandi,
1007 4696 1064 4746 et
1094 4691 1240 4745 bene
1296 4688 1571 4759 loquendi
1603 4688 1852 4759 gratiam
1907 4689 2009 4744 tri-

362 4783 510 4837 buit.
542 4782 811 4837 Christus
844 4796 1099 4850 namque
1130 4794 1248 4831 non
1280 4775 1471 4831 solum
1503 4775 1759 4832 Verbum
1791 4781 1880 4832 est
1908 4778 2009 4833 Dei

362 4870 569 4941 Patris,
619 4871 721 4926 sed
769 4869 946 4924 etiam
985 4865 1265 4931 charitas,
1314 4868 1372 4919 et
1408 4864 1641 4931 veritas,
1674 4869 1730 4920 et
1780 4866 2008 4938 sapien-

357 4958 459 5014 tia.
525 4960 712 5030 Igitur
742 4957 897 5013 sicut
939 4956 1062 5009 hazc
1110 4952 1327 5019 omnia,
1378 4952 1460 5008 ita
1488 4958 1545 5008 et
1573 4953 1859 5025 Christus,
1894 4973 2007 5012 non

357 5046 506 5114 loco,
541 5048 640 5103 sed
675 5043 901 5100 meritis
933 5042 1267 5097 continetur
1306 5042 1475 5113 (369).

429 5136 502 5191 Ut
533 5139 728 5190 autem
762 5131 1095 5186 ostenderet
1142 5130 1213 5184 de
1244 5146 1357 5202 quo
1389 5131 1595 5189 dixerit
1640 5135 1835 5198 verbo,
1867 5135 2007 5191 sub-

350 5224 499 5295 jecit
532 5240 547 5291 ;
580 5223 688 5278 Hoc
715 5221 792 5276 est
821 5219 1049 5274 verbum
1075 5217 1224 5290 ﬁdei,
1256 5220 1402 5291 quod
1443 5222 1837 5293 praedicamus.
1878 5226 2006 5280 Ver-

371 5433 798 5564 Wffinelgevit.
833 5450 993 5501 XVIII,
1024 5435 1105 5504 5.,
1135 5435 1181 5489 A
1211 5435 1403 5493 Grmco
1448 5434 1697 5513 δευτερος
1726 5440 2007 5509 secunda,

462 5573 590 5649 358)
619 5576 684 5636 In
735 5581 929 5653 autog.
993 5592 1177 5650 marg.
1221 5577 1317 5635 hic
1372 5578 1585 5653 legitur
1637 5597 1763 5654 cap.
1794 5581 2006 5639 XXXII.

2117 4603 2358 4660 tentiola
2401 4605 2600 4661 intulit
2633 4623 2645 4661 :
2681 4608 2871 4663 Omnes
2920 4610 3068 4664 enim
3091 4616 3478 4680 peccaverunt,
3534 4624 3588 4669 et
3618 4620 3777 4687 egent

2118 4694 2297 4762 gloria
2372 4695 2472 4748 Dei
2539 4695 2730 4765 (Rom.
2807 4713 2911 4763 III,
2968 4698 3094 4770 23).
3153 4698 3316 4755 Unde
3375 4700 3471 4756 hic
3532 4719 3775 4777 quoque

2119 4782 2531 4854 subjungitur:
2563 4784 2701 4838 Nam
2730 4785 2876 4840 idem
2906 4786 3176 4842 Dominus
3201 4790 3473 4862 omnium,
3500 4791 3775 4851 Christus

2117 4870 2466 4943 scilicet,qui
2489 4872 2751 4928 omnium
2778 4874 3419 4949 dominatur,quoniam
3444 4896 3549 4951 per
3572 4880 3772 4953 ipsum

2117 4959 2273 5015 facta
2299 4966 2436 5015 sunt
2468 4961 2853 5019 omnia.Dives
2877 4966 2939 5019 in
2968 4981 3151 5021 omnes
3182 4968 3283 5037 qui
3302 4969 3563 5025 invocant
3583 4971 3773 5041 illum,

2117 5049 2397 5120 quoniam
2429 5052 2703 5108 omnibus
2734 5070 2795 5108 se
2826 5053 3234 5109 invocantibus
3265 5072 3383 5110 suae
3426 5059 3635 5130 gratiae
3665 5061 3774 5116 do-

2116 5154 2258 5193 num
2288 5138 2553 5213 largitur.
2587 5141 2733 5196 Nam
2760 5143 2866 5197 etsi
2900 5142 3145 5213 aprimo
3178 5143 3438 5211 homine,
3474 5163 3671 5221 usque
3702 5150 3776 5205 ad

2117 5244 2251 5283 eum
2283 5227 2384 5299 qui
2415 5228 2664 5285 ultimus
2693 5231 3032 5287 nasciturus
3061 5235 3170 5298 est,
3204 5248 3410 5290 omnes
3440 5237 3777 5308 crederent,

2120 5440 2667 5582 suggizlfotestate
2697 5442 3059 5512 scilicet,non
3085 5444 3581 5516 humanitate,uti
3600 5451 3778 5525 paulo
