3996 6232
102 402 221 464 233

727 395 1142 456 EXPOSITIO
1187 395 1262 454 ΙΝ
1309 392 1735 453 EPISTOLAS
1787 393 2038 453 PAULI.
2068 425 2140 437 —
2175 396 2247 452 ΙΝ
2297 394 2543 455 EPIST.
2592 396 2695 455 AI)
2743 398 2930 457 ltOM.

3415 406 3531 462 234

104 532 386 588 omnibus
430 529 681 584 haberet
733 528 887 600 quod
939 528 1222 582 tribueret
1255 545 1266 581 :
1303 542 1439 580 nam
1489 541 1604 597 quo
1655 541 1778 578 am-
1812 527 1858 590 Α
1894 526 1983 578 Sic.
2014 531 2068 579 et
2099 526 2204 580 hoc
2237 525 2361 580 loco
2388 545 2400 580 τ
2428 527 2690 598 praevidit
2720 529 2873 582 enim
2899 534 3135 584 sanctus
3161 530 3338 587 Isaias
3371 533 3535 605 spiri-

105 620 264 692 plius
293 619 502 674 tribuit
531 622 697 672 tanto
726 617 916 688 magis
955 618 1240 671 abundat.

177 708 397 764 Volens
429 713 630 763 autem
667 706 1008 777 prophetico
1043 703 1382 759 testimonio
1406 704 1554 772 (Joel.
1591 720 1651 766 ιι,
1675 705 1776 768 3'3;

108 801 227 856 Act.
292 816 355 864 ιι,
406 797 496 863 21)
549 796 937 866 comprobare
991 794 1144 865 quod
1200 793 1442 860 dixerat,
1495 793 1718 846 addidit
1763 809 1774 846 :

113 889 303 944 Omnis
354 889 505 942 enim
556 888 872 957 quicunque
914 883 1253 938 invocaret-it
1301 898 1493 935 nomen
1545 882 1778 947 Domini,

110 979 300 1033 salvus
329 979 456 1032 erit.
482 975 711 1043 Omnis,
745 973 908 1036 dicit,
938 972 993 1026 id
1026 978 1138 1036 est,
1161 976 1280 1025 tam
1312 971 1570 1032 Judzeus,
1605 986 1779 1041 quam

117 1065 380 1137 gentilis.
413 1063 704 1119 Invocatio
757 1067 974 1122 autem,
1011 1077 1124 1114 non
1178 1059 1276 1113 illa
1307 1059 1645 1129 accipienda
1675 1063 1783 1125 est,

119 1172 248 1226 qua;
278 1153 477 1209 verbis
506 1157 757 1219 tantum,
796 1155 853 1204 et
886 1167 997 1203 non
1056 1148 1330 1218 operibus
1359 1153 1607 1214 tenetur,
1638 1164 1782 1216 qun-

119 1244 285 1299 niam
323 1242 602 1298 Dominus
646 1241 704 1294 in
737 1238 1046 1310 Evangelio
1094 1237 1233 1291 dicit
1269 1255 1280 1291 :
1316 1237 1432 1290 Non
1463 1237 1658 1299 omnis,
1693 1237 1787 1305 qui

121 1333 261 1387 dicit
292 1331 455 1396 mihi,
481 1330 722 1398 Domine,
749 1329 1001 1393 Domine,
1022 1326 1250 1380 intrabit
1284 1327 1338 1378 in
1373 1341 1498 1393 reqn
1511 1342 1599 1377 um
1621 1327 1787 1377 arto-

120 1438 277 1488 rum,
310 1418 404 1473 sed
433 1420 527 1488 qui
554 1420 688 1487 facit
708 1417 1048 1470 voluntatem
1066 1416 1252 1469 Patris
1283 1417 1412 1477 mei,
1438 1413 1530 1483 qui
1562 1415 1618 1466 in
1641 1415 1734 1466 cui
1743 1414 1786 1466 is

121 1519 221 1579 est,
253 1512 368 1580 ipse
398 1509 625 1562 intrabit
659 1509 715 1561 in
761 1521 991 1574 regnum
1023 1504 1278 1558 calorum
1308 1503 1510 1568 (Matth.
1544 1520 1639 1566 vn,
1673 1504 1784 1568 ‘21).

125 1597 336 1653 Omnis
365 1613 501 1667 ergo
528 1595 867 1666 quicunque
903 1591 1255 1646 itu-oraverit
1285 1592 1472 1646 verbis
1503 1590 1700 1654 simul,
1736 1595 1790 1644 et

129 1687 408 1759 operibus
440 1699 657 1740 nomen
692 1682 944 1751 Domini,
977 1681 1172 1737 salvus
1204 1681 1332 1735 erit.

203 1776 403 1831 Genus
434 1775 650 1845 quippe
679 1771 1006 1826 humanum
1031 1769 1337 1840 originalis
1369 1769 1584 1840 peccati
1623 1784 1790 1839 mag-

1889 614 2103 667 talibus
2126 616 2309 668 oculis
2335 617 2810 685 prmdicatoresin
2826 617 3093 685 gentibus
3111 620 3532 688 discurrentes,

1888 709 1943 756 et
1976 703 2320 757 admirando
2353 705 2582 758 dicebat.
2610 721 2620 759 :
2647 706 2820 772 Quam
2850 709 3079 777 speciosi
3105 709 3262 778 pedes
3291 727 3534 786 evange-

1891 793 2182 845 limntium
2213 810 2400 861 pacem
2424 799 2441 846 .'
2475 795 2651 848 Pedes
2675 799 2870 848 autem
2906 813 3019 850 non
3053 798 3400 868 corporales,
3433 802 3536 856 sed

1890 880 2181 950 spiritales
2213 881 2531 950 intelligere
2559 883 2838 937 debemus
2873 902 2884 938 :
2919 883 3091 940 habet
3111 885 3267 941 enim
3300 887 3539 944 interior

1892 969 2066 1022 homo
2099 987 2237 1023 suos
2270 972 2468 1040 pedes,
2503 972 2654 1025 sicut
2704 976 2758 1025 et
2791 989 2963 1027 nares
2993 978 3048 1028 et
3099 974 3321 1032 oculos.
3356 976 3538 1033 Pedes

1892 1075 2026 1128 ergo
2055 1059 2222 1126 justi,
2249 1064 2387 1114 sunt
2416 1061 2705 1130 spiritales
2726 1062 2984 1131 atl‘ectus,
3009 1068 3064 1117 et
3086 1068 3289 1120 sancta
3310 1066 3537 1122 deside-

1896 1147 1999 1211 ria,
2035 1147 2248 1216 quibus
2304 1150 2707 1218 prmdicatores
2739 1151 2999 1220 gentium
3033 1151 3282 1208 salutem
3311 1154 3538 1210 deside-

1896 1237 2119 1289 rabant.
2155 1238 2263 1290 Sed
2297 1238 2352 1290 hi
2389 1239 2581 1307 pedes,
2615 1257 2785 1309 quem
2821 1241 2972 1295 viam
3004 1241 3353 1297 ambulant?
3376 1243 3539 1299 Illam

1896 1324 2134 1386 scilicet,
2169 1342 2292 1395 qum
2340 1328 2409 1378 de
2460 1344 2518 1380 se
2551 1327 2690 1380 dicit
2724 1345 2735 1380 :
2773 1329 2877 1394 Ego
2925 1346 3048 1383 sum
3101 1347 3206 1399 via,
3240 1332 3460 1402 veritas,
3491 1340 3543 1387 et

1896 1416 2004 1467 vita
2037 1417 2220 1482 (Joan.
2257 1433 2367 1480 xiv,
2401 1418 2476 1484 (ἱ).
2513 1416 2715 1471 Pacem
2762 1418 2923 1472 illam
2955 1419 3116 1483 dicit,
3145 1421 3215 1474 de
3247 1435 3364 1490 qua
3393 1421 3544 1476 scri-

1898 1508 2061 1571 ptum
2097 1508 2186 1555 est
2218 1520 2229 1556 :
2267 1505 2511 1558 Christus
2542 1512 2620 1558 est
2651 1524 2762 1574 ριι.ε
2792 1515 2994 1572 nostra,
3019 1510 3114 1578 qui
3141 1511 3274 1578 fecit
3302 1514 3547 1580 utraque

1900 1608 2072 1644 unum
2105 1593 2321 1661 (Ephes.
2355 1610 2414 1660 ιι,
2455 1595 2561 1654 1-1).

1974 1680 2177 1749 Igitur,
2213 1685 2275 1733 ut
2305 1683 2636 1736 ostenderet
2668 1685 2806 1752 quid
2857 1686 2933 1739 sit
2982 1686 3380 1757 Evangelium,
3415 1687 3550 1742 sub-

1896 1767 2139 1837 junxit:
2191 1770 2702 1836 anngeliwntium
2757 1773 2911 1826 bona.
2963 1774 3342 1845 Evangelium
3401 1775 3550 1846 (3’72)

134 1881 212 1918 na
244 1862 481 1918 miseria
511 1860 907 1934 premebatur,
940 1865 998 1913 et
1045 1859 1241 1913 divina
1273 1858 1675 1913 misericordia
1705 1857 1792 1910 in-
1825 1893 1872 1958 Β
1904 1855 2118 1926 quippe
2167 1855 2368 1911 Latino
2418 1873 2685 1911 sermone
2739 1859 2936 1914 bonum
2983 1864 3245 1916 nuntium
3275 1863 3501 1918 'dicitur
3533 1880 3547 1918 :

135 1951 395 2023 digebat,
427 1967 490 2004 ac
523 1966 623 2020 per
653 1949 763 2002 hoc
793 1947 1076 2019 propheta
1105 1952 1339 2018 tempus
1371 1947 1565 2017 gratim
1600 1947 1796 2016 praevi-

139 2041 305 2108 dens,
341 2038 569 2093 dicebat
605 2057 617 2092 :
655 2036 839 2092 Omnis
889 2039 1196 2107 quicunque
1241 2037 1568 2090 invocaverat
1599 2051 1792 2090 nomen

137 2130 380 2198 Domini,
414 2128 600 2182 salvus
630 2129 738 2181 erit
771 2126 921 2194 (Joel.
955 2143 1016 2190 ιι,
1049 2126 1162 2191 3'3).

210 2215 528 2288 Apostolus
560 2220 759 2269 autem
791 2214 899 2268 hoc
933 2213 1339 2268 testimonium
1374 2213 1444 2267 ad
1491 2230 1795 2268 commen-

137 2306 440 2361 dationem
491 2303 688 2376 gratiae
724 2303 827 2358 Dei
875 2302 1090 2374 posuit,
1124 2302 1323 2357 volens
1356 2303 1659 2357 ostendere
1691 2302 1796 2356 hoc

138 2411 259 2449 non
291 2391 485 2447 solum
517 2393 589 2446 de
627 2390 862 2457 Judznis,
897 2391 997 2445 sed
1049 2390 1223 2445 etiam
1255 2391 1324 2444 de
1355 2390 1626 2462 gentibus
1678 2391 1796 2444 dic-

140 2489 298 2537 tum.
336 2481 577 2552 Propter
610 2480 786 2550 igitur
829 2479 1013 2534 oratio
1048 2479 1352 2535 Dominica
1401 2479 1553 2534 facta
1593 2484 1702 2547 est,
1738 2485 1799 2533 ut

144 2569 428 2626 homines
460 2568 799 2635 invocando,
835 2573 889 2623 et
921 2569 1142 2622 orando
1177 2567 1494 2622 salvantur.

213 2658 366 2712 Illud
403 2661 597 2712 autem
624 2657 947 2726 sciendum,
969 2657 1107 2727 quia
1126 2655 1294 2710 multi
1327 2660 1512 2720 erant,
1532 2656 1630 2728 qui
1653 2657 1801 2711 dice-

147 2749 288 2803 bant
321 2746 703 2818 Evangelium
754 2746 893 2799 solis
921 2746 1142 2800 Judazis
1187 2762 1313 2799 esse
1345 2745 1800 2816 pricdicandum,

145 2851 394 2908 quorum
418 2851 677 2890 errorem
703 2840 765 2888 ut
782 2835 1108 2888 destrueret
1127 2833 1439 2905 Apostolus
1465 2833 1799 2902 subjunxit:

146 2923 426 2994 Quomodo
459 2940 589 2992 ergo
621 2925 970 2992 invocabant,
1004 2924 1061 2976 in
1093 2939 1249 2993 quem
1274 2939 1383 2976 non
1413 2922 1805 2976 crediderunt?

148 3015 290 3084 (370)
323 3013 550 3078 Quibus
583 3011 776 3066 verbis
799 3011 1094 3066 evidenter
1124 3011 1377 3066 ostendit
1399 3011 1805 3082 praedicatores

151 3101 326 3157 etiam
346 3101 420 3155 ad
439 3105 640 3171 gentes
660 3099 948 3166 directos;
975 3099 1139 3154 aliter
1161 3100 1316 3154 enim
1341 3117 1455 3155 non
1481 3101 1800 3163 crederent,

149 3196 204 3244 et
234 3189 562 3244 invocando
613 3205 728 3242 non
781 3186 1146 3242 salvarentur
1177 3190 1342 3259 (371).
1401 3189 1644 3260 Propter
1694 3187 1804 3242 hoc

1905 1962 2040 1999 nam
2075 1946 2224 1998 bona
2257 1946 2519 2010 nuntiat;
2553 1946 2726 2000 vitam
2754 1947 2973 2002 scilicet
3003 1954 3134 2019 post
3157 1954 3426 2020 mortem,
3459 1967 3548 2005 re-

1906 2033 2101 2103 quiem
2135 2040 2264 2104 post
2295 2034 2576 2100 laborem,
2611 2037 2856 2105 patriam
2889 2041 3019 2108 post
3043 2038 3334 2093 exsilium.
3392 2086 3400 2095 .

1977 2121 2215 2187 Verum,
2250 2123 2387 2192 quia
2435 2140 2549 2178 non
2599 2123 2864 2180 omnium
2913 2130 3003 2180 est
3044 2126 3210 2191 ﬁdes,
3251 2134 3553 2198 propterea

1909 2211 2184 2265 subditur
2218 2228 2228 2266 :
2263 2212 2366 2265 Sed
2396 2229 2504 2267 non
2531 2229 2714 2268 omnes
2744 2214 3005 2269 obedzunt
3034 2216 3351 2286 Evangelia.
3384 2215 3555 2271 Vide-

1908 2299 2063 2364 licet,
2099 2299 2236 2370 quia
2268 2318 2381 2355 non
2439 2318 2642 2356 omnes
2675 2303 2938 2357 credunt.
2976 2303 3153 2358 Isaias
3204 2305 3352 2359 enim
3379 2304 3560 2360 dicit:

1909 2389 2154 2453 Domine,
2189 2392 2312 2459 quis
2361 2390 2590 2445 credidit
2635 2391 2856 2446 auditui
2885 2392 3110 2447 nostro?
3152 2394 3304 2464 (Isai.
3341 2409 3457 2463 mu,
3491 2394 3516 2448 1
3547 2410 3560 2462 ;

1907 2481 2074 2534 Joan.
2105 2495 2210 2543 xu,
2242 2479 2354 2546 38.)

1984 2566 2112 2632 Quis
2145 2567 2458 2636 aliquando
2491 2583 2594 2638 pro
2626 2567 2971 2623 difﬁcultate
3000 2569 3258 2641 ponitur,
3284 2572 3350 2623 ut
3379 2567 3562 2642 illud]:

1915 2656 2046 2722 Quis
2079 2657 2134 2708 in
2167 2657 2402 2710 nubibus
2433 2657 2745 2725 a’quabitur
2773 2658 3053 2712 Domino?
3079 2658 3259 2728 (Psal,
3294 2674 3563 2726 Lxxxvm,

1912 2746 1991 2814 7.)
2025 2745 2165 2798 Item
2201 2761 2213 2798 :
2247 2746 2377 2811 Quis
2422 2747 2628 2800 similis
2677 2747 2781 2800 Deo
2829 2748 2974 2802 inter
3013 2748 3156 2816 ﬁlios
3198 2746 3339 2802 Dei?
3369 2746 3567 2818 (Emodi

1913 2850 2002 2898 xv,
2050 2833 2159 2904 11.)
2193 2834 2565 2902 (subauditur
2593 2835 2772 2902 enim,
2807 2835 3052 2906 nullus.)
3084 2835 3408 2907 Aliquando
3432 2852 3565 2892 vero

1915 2939 2018 2992 pro
2052 2921 2310 2986 raritate,
2361 2928 2424 2977 ut
2479 2924 2586 2978 hoc
2635 2923 2796 2990 loco;
2848 2925 3008 2992 item,
3043 2926 3175 2994 Quis
3221 2926 3476 2982 ascendet
3505 2927 3566 2981 in

1915 3014 2152 3064 montem
2187 3011 2456 3065 Domini?
2485 3012 2655 3079 (Psal.
2689 3029 2850 3079 xxm,
2882 3014 2959 3083 3.)
2992 3018 3100 3068 etc.

1986 3099 2334 3153 Przevirlerat
2366 3116 2574 3170 nempe
2625 3106 2863 3155 sanctus
2911 3101 3195 3172 propheta
3243 3117 3461 3173 paucos
3491 3103 3564 3158 ad

1919 3187 2389 3259 praedicationem
2415 3187 2812 3257 apostolorum
2842 3189 3204 3254 credituros;
3238 3188 3486 3260 ideoque
3506 3189 3566 3244 in

149 3278 345 3350 itaque
379 3278 598 3332 factum
624 3281 714 3331 est
739 3275 1168 3347 symbolum,ut
1189 3257 1806 3345 homines,credendo,
1839 3257 1882 3323 Π
1920 3257 2055 3331 voce
2086 3276 2348 3347 ipsorum
2401 3276 2629 3330 dicebat
2661 3295 2672 3331 :
2706 3278 2956 3342 Domine,
2991 3279 3113 3347 quis
3151 3257 3567 3332 credidit‘audi-

152 3373 205 3422 et
231 3367 559 3422 invocando
610 3365 998 3420 salvarentur.
1031 3371 1093 3419 In
1145 3366 1234 3420 his
1261 3366 1415 3420 enim
1451 3367 1679 3420 duobus
1713 3365 1814 3420 illa

153 3456 264 3511 tria
293 3455 696 3518 continentur,
721 3455 885 3525 ﬁdes,
921 3459 1151 3526 spcs,et
1183 3454 1438 3509 Charitas
1473 3472 1484 3508 :
1519 3455 1661 3509 fides
1689 3472 1808 3508 cre-

161 3545 261 3610 dit,
294 3561 459 3614 spes,
493 3547 552 3596 et
600 3542 851 3597 charitas
905 3548 1073 3598 orant
1105 3559 1329 3609 verum,
1363 3543 1498 3614 quia
1545 3543 1652 3597 illae
1685 3544 1812 3598 sine

165 3634 280 3688 ﬁde
315 3647 449 3686 esse
479 3647 594 3684 non
624 3635 885 3701 possunt,
915 3637 972 3686 et
1002 3632 1122 3686 haec
1154 3649 1288 3686 cum
1321 3631 1436 3686 illis
1469 3637 1614 3686 orat.

237 3721 313 3776 Ut
339 3724 536 3775 autem
569 3720 786 3774 arctius
810 3721 1078 3791 probaret
1110 3720 1284 3775 etiarn
1310 3722 1378 3775 ad
1403 3725 1604 3792 gentes
1633 3721 1810 3775 desti-

168 3814 335 3865 natos
367 3808 686 3880 apostolos,
720 3815 1033 3880 postquam
1064 3809 1264 3864 intulit
1294 3826 1306 3862 :
1345 3809 1613 3876 Quomodo
1631 3815 1811 3864 autem

165 3899 380 3955 credent
406 3899 482 3966 ei,
515 3913 677 3968 quem
720 3913 829 3952 non
861 3897 1204 3952 audierunt?
1244 3898 1465 3968 Adjecit
1499 3916 1510 3952 :
1547 3898 1814 3966 Quomodo

165 3997 343 4043 autem
372 3987 602 4042 audient
631 3988 750 4041 sine
786 3988 1123 4058 prmdicante
1142 3988 1169 4040 ἰ)
1220 3988 1488 4054 Quomodo
1517 4003 1642 4042 vero
1673 4003 1813 4057 pra?-

162 4079 437 4143 dicabunt,
470 4078 586 4132 nisi
614 4079 915 4131 mittantur
940 4077 967 4131 ‘t
1013 4077 1071 4130 Si
1104 4077 1260 4131 enim
1295 4077 1365 4131 ad
1418 4082 1615 4147 gentes
1647 4077 1812 4132 missi

168 4183 278 4222 non
307 4171 506 4222 essent
537 4166 968 4238 przedicatores,
992 4183 1106 4221 non
1139 4166 1223 4220 eis
1257 4166 1673 4236 praedicarent;
1699 4166 1814 4220 illis

169 4271 277 4311 non
310 4255 790 4327 praedicantibus,
826 4259 1026 4326 gentes
1078 4272 1191 4309 non
1225 4255 1532 4322 audirent;
1566 4272 1680 4309 non
1713 4273 1815 4310 au-

173 4343 413 4411 dientes,
447 4359 825 4415 nequaquam
871 4343 1187 4409 crederent,
1223 4361 1334 4398 non
1385 4344 1683 4399 credentes
1717 4360 1816 4397 au-

172 4436 303 4498 tem,
331 4432 671 4488 nullatenus
697 4433 1051 4501 invocarent,
1085 4439 1139 4487 et
1171 4433 1552 4487 salvarentur.
1575 4433 1697 4487 Non
1731 4449 1818 4486 er-

175 4537 239 4591 go
269 4522 556 4591 gentium,
587 4523 687 4577 sed
739 4522 869 4591 ejus
901 4527 1056 4576 esset
1085 4521 1276 4594 culpa,
1310 4522 1410 4592 qui
1460 4538 1576 4575 non
1642 4521 1821 4575 desti-

1919 3368 2009 3420 tui
2038 3370 2223 3419 noser
2254 3365 2280 3417 ?
2311 3368 2399 3430 (ac
2432 3364 2478 3418 si
2513 3365 2749 3430 diceret,
2786 3368 3104 3435 perrarus.)

1994 3455 2082 3518 Et,
2118 3453 2257 3524 quia
2287 3453 2547 3506 dixerat:
2583 3453 2815 3508 Auditui
2841 3453 3413 3525 credidit.,propterea
3436 3453 3572 3508 sub-

1914 3544 2119 3614 jungit
2154 3560 2165 3597 :
2201 3546 2339 3610 Ergo
2369 3541 2499 3611 ﬁdos
2552 3557 2624 3596 ex
2675 3543 2885 3597 (milita.
2922 3542 3128 3598 Nullus
3177 3543 3332 3598 enim
3366 3543 3570 3608 credit,

1927 3632 2037 3686 nisi
2071 3631 2290 3686 audiat.
2328 3631 2528 3702 Igitur,
2562 3631 2699 3702 quia
2729 3632 2966 3687 auditus
2999 3649 3114 3687 non
3146 3636 3233 3688 est
3263 3648 3332 3688 ex
3364 3630 3570 3701 nihilo,

1924 3722 2023 3775 sed
2057 3720 2305 3790 alicujus
2337 3719 2413 3774 rei
2443 3724 2531 3774 est
2564 3738 2764 3790 sonus,
2786 3726 3090 3792 propterea
3119 3720 3392 3778 subditur
3427 3738 3438 3776 :
3467 3721 3575 3776 Au-

1922 3810 2079 3865 ditus
2110 3813 2316 3874 autem,
2345 3827 2444 3879 per
2475 3810 2694 3864 verbum
2738 3811 2837 3865 Dei
2867 3812 3034 3882 (373),
3066 3810 3122 3866 id
3155 3816 3263 3878 est,
3297 3828 3400 3883 per
3429 3811 3571 3867 doc-

1924 3899 2138 3953 trinam
2171 3904 2224 3953 et
2257 3897 2726 3969 prcedicationem
2758 3900 2882 3954 Dei.

1995 3987 2220 4042 Diceret
2253 3989 2395 4041 forte
2428 3987 2496 4041 ad
2534 3988 2656 4043 brec
2707 3988 2920 4059 aliquis
2953 4005 2965 4044 :
3003 3989 3110 4053 Qui
3159 4007 3273 4044 non
3302 3990 3571 4058 credunt,

1926 4077 2064 4147 quia
2105 4093 2216 4130 non
2247 4075 2579 4140 audierunt,
2615 4081 2917 4146 propterea
2950 4094 3063 4131 non
3096 4079 3364 4132 credunt.
3396 4079 3480 4132 Ob
3513 4079 3571 4134 id

1927 4166 2233 4235 subjungit
2263 4163 2607 4235 Apostolus:
2631 4163 2733 4216 Sed
2762 4163 2882 4218 dico
2915 4183 2932 4217 :
2963 4166 3219 4235 Nunquid
3249 4181 3356 4220 non
3388 4165 3578 4221 audie-

1928 4260 2059 4309 runt
2084 4255 2109 4306 ?
2141 4256 2201 4307 Et
2231 4253 2448 4322 quidem
2479 4255 2537 4307 in
2569 4269 2787 4306 omnem
2817 4261 3029 4306 terram
3070 4255 3241 4308 exivit
3277 4269 3440 4308 sonus
3483 4271 3576 4310 eo-

1930 4360 2073 4411 rum,
2105 4350 2155 4395 et
2183 4344 2238 4394 in
2272 4342 2406 4408 ﬁnes
2436 4341 2581 4395 orbis
2610 4347 2773 4396 terra?
2804 4342 2968 4395 verba
2995 4356 3180 4395 eorum
3213 4342 3382 4411 (Psal.
3416 4357 3574 4411 xvm,

1928 4435 2003 4498 5).
2037 4433 2114 4485 Ac
2147 4430 2194 4485 si
2245 4435 2440 4501 aperte
2489 4430 2777 4484 diceretur
2809 4448 2821 4485 :
2857 4429 2913 4483 Si
2966 4429 3025 4484 in
3076 4445 3308 4484 omnem
3358 4434 3576 4486 terram

1931 4521 2103 4576 exivit
2133 4536 2313 4574 sonus
2345 4536 2566 4585 eorum,
2591 4523 2648 4574 et
2676 4520 2850 4574 verba
2872 4519 3106 4574 illorum
3131 4536 3318 4590 usque
3339 4519 3398 4574 in
3432 4519 3580 4576 ﬁnes

179 4611 390 4666 naverit
417 4610 856 4682 przedicatores.

244 4698 372 4766 Sed,
421 4699 629 4755 volens
680 4699 989 4754 ostendere
1039 4700 1177 4770 quia
1220 4704 1276 4754 et
1323 4699 1522 4755 directi
1577 4702 1736 4766 sunt,
1773 4703 1829 4754 et

182 4793 371 4855 gentes
399 4788 698 4844 credendo
752 4788 1183 4855 invocaverunt,
1217 4794 1273 4844 et
1305 4791 1472 4844 salva:
1499 4789 1658 4843 facta:
1691 4791 1830 4842 sunt

182 4875 390 4932 addidit
422 4877 840 4934 testimonium
875 4877 1034 4931 Isaia:
1067 4878 1313 4933 dicentis
1349 4896 1361 4933 :
1393 4884 1571 4948 Quam
1602 4881 1832 4949 speciosi

179 4965 332 5030 pedes
361 4967 873 5036 eoangelizantium
899 4982 1080 5037 pacem
1107 4973 1125 5021 !
1172 4970 1300 5039 (Isa.
1339 4985 1433 5036 ιιι,
1463 4971 1496 5021 7
1523 4987 1535 5035 ;
1593 4969 1826 5022 Nahum.

183 5066 216 5118 ι,
249 5053 355 5124 15.)

253 5144 422 5208 Quam
452 5142 746 5216 particula
773 5142 1121 5216 plerumque
1154 5163 1256 5216 pro
1308 5145 1696 5200 admiratione
1728 5162 1829 5216 po-

187 5229 356 5296 nitur,
391 5237 454 5286 ut
485 5238 576 5288 est
604 5232 768 5286 illud.
809 5234 983 5299 Quam
1013 5236 1277 5289 amabilia
1311 5239 1441 5289 sunt
1471 5231 1832 5288 tabernacula

195 5319 302 5384 tua,
351 5321 632 5376 Domine!
683 5322 859 5392 (Psal.
909 5339 1137 5388 Lxxxm,
1187 5326 1269 5390 2.)
1323 5323 1464 5378 Item
1502 5325 1593 5380 :0
1641 5324 1832 5387 Israel,

191 5420 344 5472 quam
373 5425 584 5479 mag-na
632 5417 711 5464 est
740 5409 932 5464 domus
981 5413 1238 5468 Domini!
1287 5412 1544 5482 (Baruch.
1607 5429 1689 5481 ιιι,
1721 5412 1835 5482 24.)

1856 4629 1904 4690 ι)
1933 4610 2092 4666 orbis
2125 4610 2498 4674 devenerunt,
2530 4608 2634 4677 illi,
2661 4609 2759 4680 qui
2793 4609 2851 4664 in
2885 4609 3076 4665 medio
3108 4607 3581 4681 fuerunt,utique

1937 4699 2269 4755 audierunt.

2010 4791 2078 4842 Et
2107 4792 2246 4842 nota
2275 4787 2418 4858 quia
2451 4788 2602 4842 sicut
2633 4787 2747 4856 hic,
2781 4792 2837 4843 et
2866 4788 2923 4842 in
2952 4787 3337 4860 sequentibus
3366 4789 3586 4843 inveni-

1939 4895 2092 4943 mus,
2119 4878 2408 4949 prophetae
2431 4878 2620 4933 verbis
2650 4877 2922 4949 prmteriti
2946 4876 3224 4948 temporis
3254 4882 3501 4933 utuntur
3525 4878 3582 4934 in

1940 4969 2113 5021 rebus
2146 4968 2376 5031 futuris,
2411 4968 2686 5038 quoniam
2713 4970 2889 5022 ﬁxum
2914 4966 3279 5022 immutabile
3301 4983 3429 5023 esse
3452 4985 3589 5039 prte-

1940 5056 2233 5122 videbant,
2266 5057 2416 5126 quod
2454 5057 2710 5109 futurum
2749 5073 2874 5111 esse
2906 5055 3317 5126 przedicabant.

2015 5145 2216 5215 Igitur,
2254 5162 2322 5198 ne
2357 5145 2488 5216 quis
2522 5144 2737 5198 diceret
2789 5150 3027 5216 propter
3056 5145 3163 5200 hoc
3209 5145 3441 5200 Judazos
3471 5159 3586 5198 non

1942 5233 2277 5297 credidisse,
2314 5235 2614 5304 quoniam,
2650 5232 2784 5288 licet
2812 5233 3124 5298 audierint,
3160 5249 3272 5288 non
3309 5249 3589 5306 cognove-

1946 5329 2101 5386 runt,
2129 5327 2432 5392 prepterea
2454 5322 2759 5393 subjungit
2779 5321 3117 5392 Apostolus:
3138 5321 3240 5376 Sed
3261 5323 3378 5378 dico
3401 5340 3419 5377 .°
3439 5321 3590 5376 Nun-

1945 5411 2075 5483 quid
2102 5411 2270 5465 Israel
2302 5425 2406 5462 non
2458 5414 2704 5479 cognovit
2725 5412 2750 5464 ‘t
2778 5410 2988 5466 Volens
3036 5415 3234 5467 autem
3265 5410 3590 5478 ostendere,

257 5528 400 5673 (370)
433 5531 540 5587 Hic
575 5533 632 5586 in
669 5549 854 5605 marg.
889 5540 1082 5606 autog.
1107 5536 1324 5610 legitur
1353 5552 1478 5605 cap.
1511 5535 1762 5590 XXXIII.
2019 5533 2167 5673 E372)
2196 5532 2255 5585 In
2289 5536 2483 5599 autog.
2517 5534 3032 5602 eoaugetimntium.

258 5601 372 5673 (371
433 5608 496 5657 In
533 5610 734 5673 autog.
781 5613 1112 5663 sanarentur
1143 5628 1161 5665 :
1191 5608 1292 5663 sed
1340 5605 1695 5662 solverentur
1727 5607 1838 5673 legi
2043 5605 2165 5673 373)
2198 5602 2368 5673 Vulg.
2404 5605 2608 5658 Christi
2637 5621 2655 5657 :
2688 5606 2785 5659 sed
2839 5604 2964 5659 alia:
3008 5605 3032 5658 li

278 5602 400 5673 371)
433 5608 496 5657 In
533 5610 734 5673 autog.
781 5602 1112 5663 sanarentur
1143 5602 1292 5665 :Vsed
1340 5602 1695 5662 sat—varentur
1727 5607 1838 5677 legi
2021 5602 2165 5675 (373)
2198 5602 2368 5674 Vulg.
2404 5605 2608 5677 Christi
2637 5621 2655 5657 :
2688 5606 2785 5659 sed
2839 5604 2964 5659 alia:
3008 5604 3287 5661 lectiones
3319 5621 3450 5661 cum
3484 5618 3592 5658 au-

195 5668 392 5728 debere
408 5681 636 5730 certum
658 5668 759 5730 ﬁet
777 5692 844 5730 ex
861 5677 1103 5750 his,quo’3
1127 5679 1464 5738 immediate
1487 5668 1836 5751 sequuntur.
1949 5668 2067 5748 tog.
2101 5668 2298 5731 nostro
2313 5668 2724 5732 "consentiunt.

508 5802 778 5860 PATBOL.
826 5802 1140 5872 CXXXIV.
3242 5799 3280 5858 8
