3996 6232
390 402 507 462 235

1416 396 1754 458 ATTONIS
1797 397 2379 458 VERCELLENSIS
2424 396 2775 458 EPISCOPI

3677 399 3806 461 236

395 534 536 605 q'uia
564 536 621 589 et
641 532 971 600 audierunt,
991 535 1049 587 et
1066 534 1493 602 cognoverunt;
1522 530 1623 585 sed
1646 534 1879 602 prOpter
1899 546 2036 601 gen-
2070 532 2119 597 Α
2148 547 2249 601 per
2273 530 2675 602 semetipsum,
2700 530 2907 586 deinde
2928 548 3030 603 per
3050 531 3379 603 apostolos:
3411 530 3514 587 sed
3535 530 3622 587 illi
3646 547 3809 587 nun-

395 619 591 676 tilium
649 620 1030 676 invidentiam
1081 620 1309 673 credere
1369 618 1705 689 noluerunt,
1765 620 2035 674 addidit:

391 711 621 766 Primus
663 712 880 782 Moyses
928 709 1060 764 dicit
1088 725 1107 761 :
1138 709 1250 777 Ego
1278 706 1348 761 ad
1377 708 1788 763 azmulationem
1832 725 1918 764 vos
1947 709 2040 762 ad-

393 797 590 854 ducam
646 800 709 854 in
754 816 865 856 non
909 802 1165 870 gentem;
1196 799 1257 851 in
1302 805 1520 865 gentem
1569 799 1947 869 insipientem,
1979 799 2038 851 in

394 888 540 944 iram
567 905 659 945 vos
688 891 902 945 mittam
930 890 1109 956 (Deut.
1146 903 1319 953 xxxn,
1351 888 1415 940 21
1449 912 1463 953 ;
1503 892 1657 941 Rom.
1692 904 1747 954 x,
1783 889 1890 955 19).

466 996 775 1052 IEmulatio
802 993 1111 1065 aliquando
1130 1010 1234 1066 pro
1261 994 1586 1049 imitatione
1604 994 1857 1064 ponitur,
1888 993 2039 1046 sicut

397 1090 489 1140 est
516 1103 530 1142 :
564 1085 924 1141 AEmulamini
951 1084 1287 1138 charismata
1315 1084 1547 1137 meliora
1576 1083 1620 1153 (I
1653 1082 1773 1137 Cor.
1798 1098 1898 1151 xu,
1922 1081 2034 1150 31).

393 1173 722 1244 Aliquando
754 1190 855 1245 pro
875 1172 995 1228 zelo
1029 1172 1353 1238 invidiae,ut
1383 1171 1490 1226 hoc
1520 1171 1781 1240 loco,non
1801 1174 2036 1240 gentem,

391 1261 675 1334 populum
695 1266 865 1318 vocat
884 1262 1187 1333 gentilem,
1216 1261 1317 1332 qui
1340 1261 1615 1317 recedens
1645 1277 1679 1315 a
1710 1264 1823 1315 Deo
1852 1257 2039 1314 colen-

391 1352 486 1420 do,
520 1368 735 1407 nomen
766 1351 956 1424 gentis
985 1352 1209 1418 amisit,
1239 1355 1295 1405 et
1324 1350 1610 1421 insipiens
1641 1350 1827 1404 factus
1856 1353 1965 1403 est.

463 1459 693 1531 Moyses
708 1474 845 1531 ergo
865 1458 1190 1531 praevidens
1206 1457 1454 1528 gentiles
1466 1458 1535 1512 ad
1553 1457 1724 1511 ﬁdem
1742 1459 2036 1522 venturos;

391 1549 626 1604 Judaaos
657 1552 854 1604 autem
883 1547 1209 1602 invidentes
1234 1547 1293 1601 in
1324 1546 1665 1601 infidelitate
1692 1561 2036 1617 permansu-

393 1654 512 1709 ros,
547 1638 628 1693 ait
650 1638 710 1693 in
750 1653 889 1693 voce
938 1636 1166 1692 Domini
1202 1652 1214 1689 :
1247 1640 1356 1706 Ego
1392 1636 1465 1689 ad
1509 1636 1921 1691 a’mulationem
1952 1650 2040 1689 vos

397 1728 686 1795 adducam,
718 1727 930 1781 ethEt
960 1729 1049 1780 est
1094 1741 1304 1781 sensus
1339 1741 1351 1778 :
1386 1725 1527 1779 Cum
1558 1724 1818 1778 videritis
1849 1740 2036 1795 popu-

395 1816 523 1872 lum
553 1815 742 1883 illum,
763 1814 863 1886 qui
891 1815 1213 1869 recedensa
1243 1818 1375 1878 Deo,
1394 1811 2031 1883 idolisqueimmolans,

2147 636 2325 690 quam
2373 620 2768 675 crediderunt.
2823 620 2987 676 Unde
3035 620 3312 675 continuo
3363 621 3688 676 subditur:
3723 620 3812 676 Ad

2144 708 2408 778 populum
2436 725 2545 763 non
2560 713 2886 765 credentem.
2918 710 2987 764 Et
3008 710 3148 781 quia
3170 726 3287 765 non
3320 708 3514 765 solum
3537 726 3656 765 non
3682 726 3812 765 cre-

2148 796 2440 865 diderunt,
2494 799 2596 853 sed
2645 798 2820 854 etiam
2889 815 3183 870 praecones
3249 798 3448 870 gratia:
3508 799 3812 871 persecuti

2147 890 2307 953 sunt,
2342 903 2474 941 mox
2520 887 2756 942 additur
2786 904 2799 942 :
2833 889 2898 942 Et
2944 888 3410 944 contradicentem
3440 887 3601 943 mihi.
3637 888 3809 961 Mag-

2148 991 2290 1029 num
2324 976 2538 1046 quippe
2569 975 2813 1045 malum,
2851 981 2936 1031 est
2986 994 3103 1032 non
3134 978 3388 1047 credere,
3440 978 3540 1032 sed
3573 977 3807 1033 incom-

2146 1062 2483 1133 parabiliter
2513 1065 3035 1136 majus,pra3cones
3053 1065 3253 1137 gratiae
3284 1066 3811 1139 persequi,quibus

2148 1152 2483 1223 quicunque
2515 1154 2815 1222 resistunt,
2850 1154 2960 1225 ipsi
2990 1155 3239 1210 Domino
3271 1155 3704 1211 contradicunt.

2217 1268 2376 1335 (CAP.
2410 1270 2527 1340 XI).
2559 1270 2693 1337 Sed,
2724 1285 2795 1325 ne
2820 1270 2965 1326 forte
2994 1270 3239 1342 gentiles
3270 1270 3709 1340 extollerentur,
3746 1277 3808 1328 et

2146 1358 2448 1411 crederent
2458 1361 2645 1413 totum
2661 1357 2828 1413 illum
2844 1358 3124 1430 p0pulum
3147 1359 3392 1415 crimine
3404 1358 3803 1431 inﬁdelitatis,

2147 1449 2206 1499 et
2255 1447 2730 1503 contradictionis
2783 1448 3152 1519 damnatum,
3188 1448 3402 1518 adjecit
3428 1449 3753 1521 Apostolus
3788 1468 3802 1506 :

2150 1535 2277 1589 Dico
2306 1551 2429 1605 ergo
2458 1553 2476 1589 :
2508 1537 2759 1607 nunquid
2778 1536 2997 1608 repulit
3024 1539 3163 1593 Deus
3189 1538 3455 1609 populum
3481 1554 3646 1594 suum
3665 1543 3691 1592 γ
3720 1544 3809 1594 Ac

2147 1622 2196 1677 si
2228 1628 2426 1694 aperte
2446 1625 2602 1680 dicat
2635 1641 2648 1679 :
2685 1624 2863 1680 nolite
2882 1629 3087 1696 gentes
3117 1625 3338 1698 extolli,
3367 1643 3556 1699 neque
3576 1629 3805 1699 putetis

2146 1728 2381 1767 omnem
2412 1712 2571 1768 illam
2607 1712 2833 1779 plebem
2864 1713 3183 1786 repulsam,
3210 1714 3516 1786 quoniam,
3545 1715 3657 1773 etsi
3678 1733 3805 1774 non

2108 1850 2113 1857 .
2146 1817 2370 1872 omnes,
2394 1802 2563 1857 multi
2594 1807 2789 1858 tamen
2821 1817 2889 1857 ex
2916 1802 3002 1858 eis
3032 1803 3423 1860 crediderunt.
3447 1805 3517 1862 Et
3546 1805 3657 1862 hoc
3687 1810 3804 1877 est,

395 1907 587 1963 factus
615 1909 704 1960 est
732 1904 1037 1975 insipiens,
1054 1906 1119 1957 ut
1150 1917 1359 1957 nomen
1377 1901 1568 1973 gentis
1585 1901 1847 1956 amiserit
1868 1902 2037 1971 (374),
2069 1902 2118 1967 Β
2149 1891 2303 1960 quod
2317 1890 2425 1945 ait:
2442 1890 2614 1945 Absit.
2632 1890 2794 1946 Unde
2806 1890 3002 1946 volens
3015 1891 3124 1947 hoc
3148 1892 3366 1949 arctius
3388 1896 3799 1966 comprobare,

397 1995 458 2050 in
488 2010 580 2049 me
612 1994 862 2063 credere,
895 1991 1252 2061 irascemini,
1285 1996 1341 2045 et
1371 1989 1819 2061 indignabimini
1844 1991 1992 2059 (375)
2019 2007 2033 2052 ;

393 2086 452 2138 et
484 2081 698 2137 invidia
722 2081 1052 2146 tabescetis,
1087 2096 1152 2134 ac
1185 2096 1286 2151 per
1315 2079 1424 2134 hoc
1455 2079 1513 2133 in
1548 2078 1888 2133 infidelitate
1921 2095 2039 2133 ma-

392 2171 622 2227 nebitis.
650 2170 859 2225 Aliter:
892 2169 1152 2241 Populus
1172 2169 1435 2240 gentium
1456 2168 1618 2239 prius
1639 2168 1891 2239 populus
1912 2172 2037 2221 erat

390 2259 515 2325 Dei,
546 2259 648 2315 sed
696 2259 972 2315 recedens
1002 2275 1036 2312 a
1065 2258 1203 2324 Deo,
1238 2262 1294 2311 et
1342 2258 1707 2312 daemonibus
1757 2258 2035 2323 serviens,

389 2349 675 2404 miserum
704 2364 918 2403 nomen
945 2346 1138 2418 gentis
1164 2347 1384 2417 accepit
1415 2363 1429 2401 :
1464 2364 1578 2400 non
1614 2350 1844 2417 gentem
1878 2361 2035 2415 ergo,

392 2435 679 2510 populum
715 2435 990 2506 gentilem
1020 2435 1180 2502 dicit,
1214 2451 1279 2489 eo
1312 2436 1467 2506 quod
1501 2436 1653 2490 idola
1695 2434 2036 2500 deserendo,

392 2529 450 2580 et
477 2525 764 2580 credendo
794 2524 854 2578 in
887 2523 1207 2588 Christum,
1233 2523 1420 2577 factus
1452 2522 1527 2578 sit
1555 2522 1809 2595 populus
1840 2522 1962 2592 Dei,
1983 2526 2042 2576 et

392 2613 675 2670 miserum
708 2629 919 2669 nomen
948 2612 1139 2684 gentis
1168 2612 1451 2666 amiserit.

464 2721 743 2775 Prmlerea
798 2718 1002 2774 volens
1051 2718 1357 2773 ostendere
1412 2716 1657 2789 gentiles
1704 2719 1889 2789 gratia
1944 2718 2037 2774 Dei

392 2813 736 2883 prmventos,
788 2813 854 2863 ut
908 2808 1229 2874 crederent,
1282 2807 1586 2876 subjunxit
1634 2807 2037 2863 testimonium

392 2898 554 2956 Isaiae
584 2897 832 2954 dicentis
852 2896 911 2951 in
940 2912 1189 2968 persona
1208 2895 1474 2966 Domini}:
1498 2896 1758 2951 Inventus
1787 2912 1907 2951 sum
1927 2912 2040 2953 non

394 2987 765 3060 quaerentibus
791 3002 897 3056 me,
922 2987 1108 3058 palam
1160 2987 1395 3056 apparui
1422 2984 1526 3051 his,
1559 2988 1655 3056 qui
1698 3000 1785 3040 me
1810 3001 1920 3041 non
1952 2987 2037 3041 in-

394 3077 766 3149 terrogabant.
800 3076 982 3132 Isaias
1013 3074 1169 3131 enim
1201 3090 1403 3130 omnes
1434 3073 1648 3140 minas,
1684 3078 1741 3129 et
1770 3090 2038 3145 persecu-

392 3165 581 3222 tiones
609 3165 946 3221 Judaeorum
972 3167 1373 3232 contemnens,
1402 3166 1456 3217 et
1481 3161 1794 3233 pretiosius
1818 3161 2039 3218 habens

2147 1979 2531 2050 semetipsum
2563 1979 2895 2050 exemplum
2926 1981 3139 2051 posuit,
3172 1981 3372 2038 dicens
3405 2000 3419 2038 :
3454 1984 3594 2038 Nam
3616 1987 3669 2039 et
3698 2001 3802 2054 ego

2145 2070 2399 2122 Israelita
2426 2085 2550 2123 sum
2579 2083 2649 2122 ea:
2676 2070 2883 2124 semine
2914 2070 3167 2139 Abrahae,
3202 2072 3351 2126 tribu
3379 2068 3695 2145 Benjamin.
3733 2074 3807 2129 Et

2148 2162 2236 2211 est
2267 2174 2476 2212 sensus
2507 2173 2520 2210 :
2557 2158 2619 2211 In
2651 2157 2758 2211 hoc
2784 2160 3217 2229 comprobatur,
3240 2161 3520 2231 quoniam
3554 2180 3671 2219 non
3704 2180 3803 2220 re-

2150 2245 2300 2317 pulit
2331 2246 2613 2301 Dominus
2635 2246 2916 2317 populum
2940 2265 3114 2302 suum
3137 2249 3283 2320 (378)
3306 2268 3318 2317 ;
3343 2252 3482 2321 quia
3510 2257 3569 2306 et
3599 2268 3706 2325 ego
3731 2269 3807 2309 ex

2149 2335 2276 2407 ipsa
2306 2335 2471 2406 plebe
2502 2352 2632 2391 sum
2666 2336 2865 2390 doctor
2884 2336 3147 2407 gentium
3179 2338 3238 2392 in
3262 2338 3395 2407 ﬁde,
3428 2344 3487 2396 et
3503 2341 3748 2398 veritate
3785 2362 3801 2400 :

2151 2424 2249 2477 ubi
2273 2424 2745 2478 subaudiendum
2768 2430 2855 2478 est
2884 2442 2897 2479 :
2921 2425 3035 2480 Nec
3065 2442 3171 2497 ego
3203 2427 3495 2496 solus,sed
3520 2434 3577 2486 et
3602 2433 3804 2488 caeteri

2151 2512 2429 2580 ministri,
2462 2517 2519 2567 et
2549 2511 2865 2583 coapostoli
2916 2514 3028 2568 mei
3060 2530 3129 2569 ex
3158 2514 3257 2571 illo
3307 2516 3543 2589 populo,
3574 2518 3803 2593 Joseph

2141 2600 2363 2670 justus,
2412 2605 2471 2655 et
2518 2600 2701 2655 Maria
2743 2600 2926 2671 virgo,
2972 2617 3100 2671 quae
3130 2604 3356 2675 peperit
3383 2605 3702 2675 Christum,
3730 2627 3808 2666 ex

2150 2688 2249 2744 illo
2278 2689 2537 2745 Joannes
2569 2688 2795 2744 Domini
2826 2705 3171 2760 praecursor,
3195 2696 3252 2747 et
3272 2698 3542 2763 parentes
3562 2698 3693 2767 ejus
3716 2699 3809 2754 Si-

2149 2794 2340 2844 meon,
2374 2782 2431 2832 et
2463 2780 2649 2847 Anna,
2682 2776 2829 2832 alter
2858 2777 3097 2850 Joseph,
3143 2785 3200 2835 et
3229 2779 3550 2839 Nathanael
3584 2784 3706 2855 ille,
3739 2787 3806 2843 in

2148 2884 2263 2938 quo
2294 2866 2463 2921 dolus
2494 2883 2610 2921 non
2640 2869 2762 2921 erat
2790 2868 2979 2938 (Joan.
3016 2885 3055 2936 ι,
3087 2869 3198 2941 47),
3232 2871 3408 2927 turba
3437 2872 3637 2944 etiam,
3669 2892 3805 2947 quae

2148 2956 2527 3028 praecedebat,
2559 2958 2616 3010 et
2645 2956 3001 3027 sequebatur
3029 2957 3155 3028 ejus
3184 2959 3515 3030 iumentum
3552 2979 3566 3019 :
3599 2978 3670 3019 ex
3698 2964 3807 3023 illo

2148 3044 2533 3100 nihilominus
2563 3045 2799 3101 fuerunt
2825 3045 2940 3101 tria
2968 3045 3176 3119 millia,
3206 3052 3263 3103 et
3292 3048 3556 3123 quinque
3586 3053 3804 3125 millia,

2148 3151 2275 3204 quae
2307 3136 2439 3206 post
2466 3133 2594 3204 ejus
2624 3134 3107 3192 resurrectionem
3138 3137 3531 3197 crediderunt.

391 3253 770 3327 Evangelium
802 3251 1017 3309 Christi
1038 3268 1216 3324 quam
1243 3268 1324 3319 se,
1349 3251 1625 3306 audacter
1652 3250 1736 3306 eis
1766 3252 2041 3323 praedice-
2072 3263 2115 3330 ρ
2224 3248 2297 3303 Ut
2321 3253 2519 3304 autem
2545 3249 2869 3306 evidentius
2890 3251 3238 3323 probaretur
3266 3256 3421 3326 quod
3445 3256 3809 3328 dixerat,ad-

392 3344 494 3400 bat
523 3347 725 3417 gentes
752 3342 856 3399 Dei
906 3341 1094 3414 gratia
1141 3340 1597 3413 praeveniendas,
1627 3344 1692 3395 ut
1739 3342 2043 3397 crederent

391 3433 643 3507 ideoque
671 3431 955 3506 praemisit
980 3430 1294 3503 Apostolus
1322 3447 1334 3485 :
1370 3430 1566 3496 Isaias,
1589 3430 1776 3499 audet,
1807 3434 1858 3486 et
1887 3431 2039 3486 dicit.

463 3541 574 3597 Sed
607 3541 761 3612 quod
794 3540 876 3595 ait
906 3555 919 3593 :
952 3540 1205 3594 Inventus
1254 3554 1393 3605 sum,
1428 3555 1543 3593 non
1591 3536 2041 3610 intelligendum

393 3637 501 3700 est,
533 3629 691 3701 quod
723 3645 856 3684 eum
888 3627 1053 3699 prius
1102 3631 1305 3699 gentes
1350 3627 1679 3683 invenerint
1722 3644 1735 3683 :
1770 3628 1870 3683 sed
1904 3627 2042 3699 quia

394 3716 673 3790 quaesitae,
704 3719 761 3771 et
785 3715 1027 3770 inventa:
1054 3718 1213 3780 sunt,
1243 3715 1371 3770 ideo
1402 3731 1677 3787 quaarere,
1696 3717 1753 3770 et
1780 3714 2040 3769 invenire

395 3808 757 3863 meruerunt.
788 3804 956 3872 Nam,
986 3804 1276 3875 quomodo
1301 3804 1571 3859 inventus
1589 3803 1685 3875 sit,
1703 3803 1829 3875 ipse
1851 3803 2038 3858 mani-

398 3896 595 3959 festat,
628 3910 760 3949 cum
813 3892 954 3947 dicit
985 3909 998 3946 :
1032 3892 1227 3947 Palam
1271 3893 1511 3965 apparui
1540 3893 1647 3960 his,
1678 3893 1774 3963 qui
1814 3908 1900 3947 me
1928 3908 2041 3946 non

386 3983 810 4054 interrogabant
840 3982 1007 4054 (376).
1041 3980 1238 4037 Palam
1272 3998 1526 4054 namque
1557 3981 1670 4047 his,
1705 3981 1803 4051 qui
1837 3998 1898 4036 se
1920 3999 2035 4038 non

384 4071 845 4145 interrogabant,
868 4070 1139 4143 apparuit
1164 4095 1178 4138 ;
1211 4071 1370 4143 quia,
1390 4088 1497 4126 sua
1517 4070 1706 4139 gratia
1736 4068 1866 4125 illos
1888 4086 2032 4141 prae-

381 4164 643 4230 veniens,
679 4160 867 4216 multa
896 4160 1083 4233 signa,
1115 4164 1173 4215 et
1202 4160 1469 4232 prodigia
1508 4158 1781 4225 ostendit,
1816 4160 2033 4230 quibus

374 4253 680 4310 crederent
710 4251 881 4322 (577).

442 4360 577 4431 Sed,
613 4375 686 4415 ne
733 4358 952 4414 diceret
1003 4356 1217 4429 aliquis
1269 4355 1505 4411 Judaeos
1553 4352 1862 4425 propterea
1911 4371 2028 4410 non

367 4447 718 4513 credidisse,
752 4446 892 4519 quia
942 4444 1133 4518 signa,
1169 4448 1228 4498 et
1279 4440 1567 4497 miracula
1596 4458 1712 4497 non
1757 4442 2026 4509 viderint,

362 4536 665 4594 subdidit:
691 4535 782 4591 Ad
798 4534 965 4590 Israel
982 4541 1170 4588 autem
1195 4531 1328 4585 dicit
1346 4527 1761 4601 (subintellige,
1778 4531 1980 4603 Isaias)
2008 4550 2022 4590 :

2153 3338 2305 3393 didit
2337 3356 2349 3393 :
2383 3337 2499 3393 Non
2528 3339 2730 3410 repulit
2759 3340 2903 3394 Deus
2929 3340 3144 3410 plebem
3169 3358 3347 3412 suam,
3368 3361 3537 3416 quam
3561 3352 3811 3419 praem-

2152 3429 2252 3482 vit.
2286 3426 2392 3482 Ubi
2435 3426 2756 3482 notandum
2800 3427 2938 3500 quia
2990 3446 3105 3485 non
3155 3429 3237 3486 ait
3287 3436 3518 3489 tantum
3542 3437 3812 3508 plebem;

2151 3516 2252 3572 sed
2306 3515 2531 3570 addidit
2576 3532 2753 3570 suam.
2788 3516 2857 3571 Et
2904 3520 2993 3572 est
3040 3534 3249 3575 sensus
3284 3536 3298 3576 ε
3328 3520 3590 3596 Plebem,
3621 3542 3808 3599 quam

2151 3622 2212 3660 se
2237 3622 2405 3661 suam
2435 3605 2721 3661 facturum
2752 3605 3059 3678 praescivit,
3095 3624 3211 3663 non
3242 3610 3481 3681 repulit.

2220 3714 2329 3769 Sed
2357 3713 2738 3785 qumrendum
2759 3717 3055 3785 est,quare
3073 3715 3594 3789 dixerit,praescivit
3611 3740 3633 3780 :
3665 3741 3804 3782 cum

2147 3802 2510 3874 praescientia
2541 3807 2663 3857 tam
2690 3802 2748 3857 in
2783 3803 3218 3874 bono,quamin
3251 3806 3405 3864 malo
3427 3810 3568 3881 poni
3590 3813 3804 3871 soleat.

2145 3891 2256 3947 Sed
2279 3892 2603 3958 sciendum,
2629 3890 2767 3962 quia
2788 3891 3147 3963 prmscientia
3167 3893 3484 3966 aliquando
3514 3915 3620 3969 pro
3650 3918 3802 3974 pra-

2145 3980 2532 4036 destinatione
2576 3979 2833 4051 ponitur.
2867 3980 2961 4036 Sic
2991 3997 3128 4054 ergo
3178 3981 3287 4038 hoc
3317 3983 3464 4051 loco,
3491 3991 3801 4062 praesciuit,

2142 4069 2356 4141 inquit,
2386 4068 2443 4123 id
2474 4072 2564 4123 est
2593 4068 3045 4140 prazdestinavit.
3076 4070 3223 4127 Hinc
3243 4074 3516 4147 superius
3545 4078 3801 4150 Aposto-

2142 4157 2235 4213 lus
2268 4156 2348 4212 ait
2381 4176 2394 4213 :
2430 4158 2571 4225 Quos
2595 4160 2963 4229 praesciuit,“
2986 4160 3397 4231 praedestinavit
3426 4164 3604 4237 (379).
3634 4167 3801 4226 Hanc

2140 4246 2591 4319 praescientiam,
2649 4247 2769 4303 sive
2819 4248 3388 4319 praedestinationem
3438 4252 3579 4310 alibi
3630 4262 3801 4315 vocat

2139 4336 2481 4393 electionem
2515 4336 2715 4392 dicens
2751 4353 2764 4391 :
2793 4336 2947 4392 Sicut
2992 4338 3163 4410 elegit
3190 4357 3291 4398 nos
3338 4344 3399 4397 in
3425 4344 3543 4415 ipso
3574 4346 3798 4419 (Ephes.

2138 4442 2176 4492 1,
2208 4426 2281 4496 4).

2210 4531 2468 4603 Denique
2512 4531 2711 4587 volens
2761 4535 3070 4591 ostendere
3117 4538 3306 4609 gratia
3353 4538 3457 4595 Dei
3509 4541 3797 4615 reliquias

362 4627 488 4681 Tota
536 4625 630 4680 die
683 4624 925 4695 expendi
970 4636 1173 4676 manus
1206 4634 1377 4688 meas,
1410 4622 1519 4673 etc.
1571 4618 1721 4687 (Isai.
1775 4635 1900 4686 va,
1949 4622 2105 4694 2.)D
2135 4619 2409 4687 salvatas,
2460 4621 2730 4691 adjunxit
2762 4637 2774 4676 :
2807 4622 2889 4676 An
2938 4626 3161 4681 nescitis
3206 4628 3268 4681 in
3303 4628 3430 4684 Elia
3478 4630 3615 4702 quid
3662 4632 3799 4690 dicit

360 4713 472 4770 Ubi
503 4714 854 4779 notandum,
889 4711 1028 4785 quia
1057 4726 1174 4764 non
1206 4706 1307 4771 ait,
1333 4722 1553 4772 mense,
1585 4704 1672 4760 vel
1704 4723 1875 4778 anno,
1900 4710 2023 4780 sed,

364 4805 485 4858 tota
514 4803 626 4871 die,
658 4802 717 4857 id
751 4805 859 4865 est,
892 4798 1054 4855 omni
1085 4803 1369 4866 tempore.
1399 4796 1591 4849 Manus
1620 4799 1839 4865 autem,
1861 4804 2026 4855 vocat

367 4907 564 4963 opera.
599 4890 772 4946 Omni
793 4894 1058 4959 tempore
1092 4899 1307 4939 manus
1338 4900 1478 4938 suas
1501 4884 1756 4938 extendit
1783 4885 2021 4955 Judzeis,

366 4997 482 5036 non
515 4979 708 5036 solum
745 4974 1136 5048 praedicando,
1171 4972 1269 5025 sed
1326 4971 1500 5026 etiam
1533 4972 1719 5028 multa
1748 4974 1936 5047 signa,
1968 4981 2025 5032 et

362 5069 634 5141 prodigia
688 5064 993 5120 faciendo:
1027 5060 1219 5131 primo
1250 5075 1351 5129 per
1399 5059 1779 5131 patriarchas,
1813 5064 2023 5120 dehinc

359 5172 464 5229 per
482 5149 1125 5228 legislatorem,deinde
1147 5163 1250 5219 per
1266 5148 1680 5220 prophetas,ad
1696 5156 2019 5208 extremum

429 5333 580 5406 (374)
610 5331 676 5406 in
695 5329 929 5406 _autog._
943 5326 1154 5406 amisit.

424 5397 578 5471 (375)
609 5397 1010 5471 Indignamini.

608 5470 714 5554 llic
747 5470 1023 5554 inmarg.
1058 5473 1256 5554 autog.
1296 5469 1511 5554 legitur
1538 5487 1666 5554 cap.
1703 5471 1943 5554 XXXIV,

428 5540 575 5612 (377)
605 5543 901 5626 Ju‘ngatur
944 5540 1078 5626 cum
1112 5540 1225 5626 his
1251 5540 1377 5613 quis
1434 5540 1713 5626 dicuntur
1743 5544 2019 5626 super-ius

354 5613 426 5667 ad
456 5628 523 5667 ea
560 5611 750 5666 verba
781 5626 794 5666 :
828 5628 938 5669 non
979 5614 1234 5680 volentis,
1266 5611 1363 5671 nec
1408 5616 1689 5670 currentis
1733 5611 2017 5671 scd‘mise-

354 5684 527 5741 rantis
557 5686 636 5740 est
668 5684 781 5741 Dei.
818 5700 941 5741 can.
973 5703 1029 5741 x.

354 5698 527 5744 renus
557 5698 636 5740 est
668 5698 781 5754 uei,
818 5700 941 5759 cap.
973 5703 1029 5743 x.

2134 4708 2466 4779 Scriptura?
2494 4708 2673 4772 Quasi
2717 4709 2938 4767 diceret
2970 4729 2984 4767 :
3019 4713 3193 4770 Scitis
3247 4717 3472 4788 utique,
3507 4722 3795 4790 quoniam

2132 4797 2377 4870 legistis.
2394 4800 2529 4865 Aut,
2554 4799 2721 4869 quasi
2742 4799 2958 4856 diceret
2978 4800 3193 4873 aliquis
3220 4821 3232 4859 :
3260 4805 3407 4869 Quid
3430 4806 3624 4865 dicit?
3642 4811 3796 4868 Sub-

2128 4886 2269 4958 ]ecit
2320 4902 2334 4942 :
2390 4886 2659 4953 Quomodo
2724 4888 2872 4959 (380)
2944 4891 3264 4963 interpellat
3317 4895 3455 4951 Deus
3529 4898 3797 4957 adversus

2130 4975 2354 5029 Israel?
2389 4976 2637 5044 Domine,
2686 4977 2975 5048 prophetas
3026 4984 3144 5036 tuos
3194 4982 3535 5054 occiderunt,
3588 4989 3798 5045 altaria

2128 5068 2226 5118 tua
2253 5064 2617 5135 suﬂ'oderunt,
2650 5072 2703 5120 et
2733 5082 2828 5137 ego
2857 5068 3077 5123 relictus
3101 5086 3223 5125 sum
3251 5072 3420 5140 solus,
3451 5082 3504 5129 et
3533 5086 3798 5148 qmnt

2128 5154 2374 5208 animum
2399 5170 2597 5209 meam.
2631 5156 2722 5223 Et,
2754 5156 2922 5226 quasi
2953 5156 3013 5212 in
3045 5156 3287 5216 alterius
3320 5176 3599 5234 persona,
3617 5167 3796 5224 inter-

2199 5330 2346 5415 (378)
2376 5331 2569 5415 Yerba
2597 5334 3112 5415 quoniam...suum,
3144 5336 3202 5391 in
3252 5352 3442 5411 marg.
3477 5345 3793 5415 superiora

2127 5405 2324 5472 autog.
2357 5402 2470 5457 sita
2499 5402 2657 5458 sunt.
3144 5440 3149 5447 -

2375 5472 2524 5561 Item.
2555 5491 2678 5561 vui,
2699 5474 2789 5528 29.
2820 5473 3520 5561 Yideantur,‘attentequ_e
3542 5502 3792 5561 perpen-

2127 5541 2502 5621 danturquze
2551 5546 2608 5599 in
2640 5545 2797 5621 hunc
2845 5550 3088 5615 textum,
3121 5541 3335 5607 aliosve
3385 5541 3789 5621 huic‘siiliriles

2126 5611 2199 5668 ab
2230 5611 2465 5669 aucto—re
2495 5620 2694 5671 nostro
2725 5617 3001 5672 adnotata
3028 5611 3185 5676 sunt.

2197 5684 2347 5761 (380)
2376 5683 2547 5759 Vulg.
2579 5687 3051 5760 quemadmodum.
