3996 6232
234 346 350 407 23⁵1

854 343 1271 407 EXPOSITIO
1316 346 1394 406 IN
1441 346 1868 409 EPISTOLAS
1914 348 2277 410 PAULL—
2307 351 2382 410 IN
2432 352 2676 412 EPIST.
2724 352 2826 412 AD
2874 355 3062 416 ROM.

3437 427 3442 432 .
3548 365 3667 428 938

239 479 408 549 rogat
439 491 503 531 se
534 475 763 547 ipsum,
789 476 1194 548 subjungens:
1229 479 1332 533 Sed
1361 479 1492 549 quid
1520 479 1655 534 dicit
1684 481 1772 533 illi
1802 496 1907 535 res-
1933 481 1987 546 Α
2015 490 2221 551 gratia,
2245 485 2367 551 jam
2415 500 2522 537 non
2569 501 2638 539 em
2679 485 2956 554 operibus,
2991 502 3107 557 quo
3139 489 3294 545 dicto
3324 497 3526 548 contra
3559 496 3663 550 Ju-

236 583 467 639 ponsum
497 565 758 620 divinum
780 568 808 620 ν
842 567 1055 638 Reliqui
1099 569 1241 620 mihi
1286 572 1489 638 septem
1521 571 1700 623 millia
1733 571 1903 639 (381),

239 657 339 727 qui
367 673 477 709 non
513 660 890 710 curvaverant
914 671 1093 723 gen-ua
1123 665 1251 711 ante
1279 659 1436 712 Baal.

314 745 433 800 Hoc
467 743 810 815 exemplum
845 745 1152 798 manifeste
1183 750 1341 815 patet
1390 746 1448 800 in
1500 746 1646 802 libro
1679 747 1902 817 Regum

239 835 345 905 (III
372 836 500 902 Reg.
533 850 692 898 xvm,
738 833 855 902 40).
907 832 1144 903 Legitur
1174 834 1352 900 enim,
1393 835 1549 905 quia,
1585 851 1717 890 cum
1748 835 1902 889 occi-

243 923 430 978 disset
483 921 723 993 propria
765 937 946 975 manu
980 920 1133 975 Elias
1165 923 1453 993 prOpheta
1483 924 1903 994 quadragintos

241 1011 564 1084 prophetos
595 1009 758 1076 Baal,
793 1011 946 1064 facta
973 1014 1061 1065 est
1103 1011 1415 1065 vehemens
1449 1012 1772 1083 persecutio
1805 1013 1902 1067 ad-

241 1115 450 1154 versus
482 1098 797 1170 prophetas
834 1098 1081 1164 Domini,
1105 1099 1249 1153 adeo
1283 1105 1346 1153 ut
1374 1099 1528 1154 Elias
1561 1100 1810 1170 fugiens,
1844 1101 1902 1155 in

239 1188 407 1259 jugis
439 1186 751 1252 montium,
785 1191 844 1241 et
872 1187 1132 1242 cavernis
1180 1193 1474 1258 petrarum
1506 1188 1779 1254 latitaret,
1813 1207 1901 1243 se-

250 1291 372 1347 que
405 1275 594 1330 solum
643 1291 709 1330 ex
754 1276 936 1330 servis
977 1275 1202 1330 Domini
1237 1277 1495 1331 crederet
1525 1277 1899 1333 remansisse.

251 1365 366 1420 Ubi
400 1365 585 1419 factus
616 1369 702 1420 est
733 1380 924 1419 sermo
958 1364 1184 1418 Domini
1217 1366 1287 1418 ad
1319 1381 1451 1420 eum
1485 1367 1722 1420 dicens:
1757 1368 1904 1436 Quid

250 1454 344 1508 hic
372 1456 511 1522 agis,
547 1454 666 1506 Elia
687 1452 716 1506 ?
752 1455 862 1508 Cui
892 1453 992 1508 ille
1019 1453 1297 1524 respondit
1327 1471 1344 1507 :
1383 1456 1507 1509 Zelo
1537 1457 1752 1510 zelatus
1779 1474 1904 1510 sum

243 1559 354 1614 pro
384 1544 616 1598 Domino
645 1543 751 1597 Deo
780 1543 976 1608 Israel,
1011 1545 1275 1612 quoniam
1322 1544 1430 1612 ﬁlii
1471 1546 1639 1598 Israel
1669 1546 1900 1616 prophe-

242 1637 339 1688 tas
398 1639 516 1686 tuos
575 1631 912 1697 occiderunt,
959 1640 1010 1686 et
1065 1634 1266 1686 alleria
1323 1640 1414 1687 tua
1467 1634 1823 1703 su/[odei-unt,
1855 1643 1906 1690 et

245 1722 478 1776 relictus
509 1736 630 1775 sum
669 1735 764 1790 ego
806 1721 970 1789 solus,
1001 1725 1053 1774 et
1099 1726 1359 1791 quaerunt
1405 1723 1651 1776 animam
1697 1739 1899 1778 meam.

251 1811 362 1866 Cui
393 1810 656 1864 Dominus
687 1826 705 1862 :
755 1809 974 1878 Reliqui
1003 1810 1146 1878 (382)
1197 1812 1339 1864 mihi
1376 1819 1576 1881 septem
1604 1812 1789 1866 millia
1816 1814 1904 1867 vi-

247 1913 463 1963 rorum,
495 1897 589 1968 qui
611 1912 725 1952 non
753 1902 1121 1952 curva-verunt
1151 1913 1335 1970 genua
1363 1902 1489 1953 ante
1519 1900 1660 1953 Baal
1692 1918 1711 1954 :
1754 1917 1819 1955 ac
1852 1900 1901 1955 si

245 1986 500 2042 diceret:
533 1989 616 2040 Ne
650 1988 820 2057 putes
852 1989 906 2040 te
933 1985 1128 2040 solum
1152 2003 1279 2042 esse
1309 2003 1541 2042 servum
1566 1987 1823 2055 fidelem,
1846 1994 1902 2044 et

244 2074 394 2129 bene
423 2073 816 2134 laborantem.
849 2075 1124 2144 quoniam
1161 2078 1300 2130 sunt
1341 2075 1484 2130 mihi
1533 2080 1588 2130 et
1637 2076 1755 2142 alii,
1795 2092 1900 2132 nec

242 2163 464 2234 pauci:
516 2162 598 2217 ibi
655 2162 833 2231 enim,
867 2163 963 2217 ubi
1020 2168 1076 2218 te
1124 2162 1315 2218 solum
1364 2168 1558 2236 putas,
1591 2164 1670 2219 ibi
1713 2165 1899 2222 habeo

241 2256 470 2322 septem
522 2249 728 2318 millia,
759 2267 886 2322 quae
936 2265 1050 2305 non
1105 2256 1491 2306 curvaverant
1537 2269 1727 2323 genua
1767 2258 1901 2310 ante

245 2339 410 2394 Baal.
443 2338 551 2394 Ubi
584 2339 926 2404 notandum,
962 2340 1101 2410 quia
1141 2356 1255 2394 non
1307 2340 1386 2395 ait
1420 2357 1432 2394 :
1488 2340 1709 2396 Relicta
1739 2347 1894 2409 sunt,

247 2431 355 2482 aut
384 2425 743 2496 reliquerunt
773 2443 834 2481 se
864 2427 1034 2493 mihi,
1057 2429 1183 2494 sed,
1210 2444 1315 2498 ego
1346 2430 1571 2499 reliqui.
1595 2430 1897 2502 Tanquam

247 2519 450 2586 aperte
474 2515 686 2570 diceret
709 2531 722 2569 :
757 2516 871 2586 Ego
889 2532 994 2570 eos
1015 2516 1228 2571 salvavi
1257 2535 1269 2583 ;
1294 2533 1400 2587 ego
1433 2519 1719 2572 custodivi
1747 2537 1760 2585 ;
1793 2536 1898 2592 ego

243 2605 352 2659 feci
389 2608 456 2657 ut
487 2620 600 2658 non
632 2609 937 2659 curvarent
967 2621 1155 2673 genua
1186 2610 1319 2660 ante
1342 2607 1474 2660 Baal
1503 2625 1515 2672 ;
1550 2607 1796 2678 ideoque
1826 2625 1897 2664 ne

243 2692 513 2764 glorieris
567 2698 623 2747 te
668 2691 860 2747 solum
902 2709 1030 2748 esse
1082 2694 1139 2747 in
1173 2693 1427 2761 servitio,
1460 2695 1599 2766 quia
1629 2695 1812 2752 habeo
1842 2702 1899 2751 et

243 2781 389 2837 alios
419 2798 731 2836 conservos
760 2786 914 2847 tuos,
947 2799 1200 2854 quorum
1235 2788 1457 2838 mentes
1500 2783 1691 2838 inveni
1723 2787 1892 2854 (383),

243 2887 356 2926 non
379 2871 452 2925 de
483 2886 567 2935 se,
594 2887 710 2925 non
736 2871 805 2925 de
831 2870 990 2939 Baal,
1015 2873 1112 2927 sed
1143 2873 1214 2926 de
1246 2889 1337 2927 me
1360 2879 1804 2944 praesumentes.
1831 2875 1897 2928 Et

241 2964 325 3029 tu,
360 2959 460 3030 qui
491 2959 640 3014 dicis
679 2975 690 3014 :
728 2957 988 3014 Relictus
1020 2977 1151 3015 sum
1187 2960 1368 3029 solus,
1402 2961 1513 3016 nisi
1548 2963 1736 3034 gratia
1768 2980 1896 3018 mea

236 3047 450 3120 plenus
480 3063 661 3118 esses,
704 3047 807 3102 ubi
838 3047 1045 3103 esses?
1076 3050 1146 3103 Et
1176 3054 1239 3104 tu
1272 3050 1507 3120 quidem
1540 3067 1731 3122 genua
1761 3056 1896 3107 ante

238 3137 376 3192 Baal
408 3137 692 3192 ﬂecteres.
727 3141 838 3191 Per
881 3138 1275 3193 curvationem
1307 3155 1590 3210 genuum,
1625 3141 1891 3212 quaedam

2014 572 2166 624 εἰειιυε
2214 576 2383 640 (:N'»),
2418 574 2518 643 qui
2575 573 2720 644 legis
2778 577 3054 645 operibus
3112 594 3172 633 se
3224 581 3434 636 salvari
3493 599 3664 653 posse

2013 661 2346 714 credebant.

2086 766 2279 820 Gratia
2320 771 2516 821 autem
2561 768 2714 823 dicta
2761 775 2868 838 est,
2902 787 2967 826 eo
3018 774 3172 843 quod
3222 777 3402 845 gratis
3451 778 3659 847 detur;

2013 853 2259 924 ideoque
2287 857 2591 926 subjungit
2617 876 2628 912 :
2663 859 2917 930 Alioquin
2940 864 3131 929 gratia
3154 863 3278 932 jam
3304 881 3411 920 non
3434 877 3514 921 est
3538 885 3663 935 gra-

2014 944 2110 997 tia.
2146 945 2207 997 Id
2241 950 2328 997 est
2367 961 2378 998 :
2425 947 2480 998 Si
2514 945 2634 999 ulla
2666 948 2870 1001 merita
2901 959 3342 1022 przecessorunt,
3377 970 3490 1008 non
3524 972 3660 1027 ergo

2014 1032 2202 1101 gratia
2227 1033 2319 1087 Dei
2345 1033 2548 1088 salvati
2575 1036 2734 1101 estis,
2764 1037 3041 1106 quoniam
3072 1055 3310 1109 merces,
3335 1059 3450 1098 non
3477 1045 3660 1116 gratis

2015 1121 2114 1174 sed
2151 1123 2473 1176 secundum
2507 1124 2781 1178 meritum
2816 1125 3192 1196 impenditur.

2088 1227 2287 1297 Igitur,
2339 1230 2504 1300 quasi
2557 1236 2840 1301 quareret
2888 1232 3122 1303 aliquis,
3174 1252 3278 1290 cur
3326 1237 3501 1308 Deus,
3545 1257 3661 1295 non

2015 1332 2238 1380 omnes,
2273 1317 2370 1369 sed
2425 1317 2704 1389 reliquias
2751 1323 2978 1374 tantum
3026 1322 3214 1378 salvas
3248 1325 3445 1380 fecerit
3474 1329 3663 1397 gratia

2016 1420 2143 1466 sua,
2181 1405 2558 1474 quaestionem
2593 1407 2702 1460 sibi
2743 1410 3018 1477 opposuit
3047 1413 3382 1480 Apostolus,
3417 1421 3471 1468 et
3502 1433 3659 1486 quan-

2015 1493 2192 1544 rendo
2224 1494 2472 1561 subjecit
2507 1511 2516 1547 :
2562 1496 2692 1563 quid
2721 1513 2845 1565 ergo
2868 1500 2893 1549 2
2924 1499 3318 1565 (subauditur,
3353 1503 3663 1572 dicemus.)

2015 1578 2166 1632 Nihil
2219 1581 2439 1650 utique,
2477 1583 2587 1636 nisi
2639 1584 2798 1654 quia,
2833 1586 2971 1654 quod
3019 1590 3296 1656 φιλεργεὺαί
3325 1593 3516 1658 Israel,
3549 1608 3663 1647 non

2012 1675 2093 1721 est
2143 1673 2475 1722 consecutus.
2511 1671 2683 1725 Israel
2738 1673 2877 1727 dicit
2916 1676 3199 1746 populum
3234 1678 3401 1733 illum
3433 1681 3662 1736 Judzeo-

2014 1771 2167 1820 rum,
2194 1756 2291 1826 qui
2324 1758 2448 1811 suis
2476 1759 2700 1812 meritis
2733 1760 2919 1831 legem
2952 1765 3266 1835 accepisse,
3291 1772 3348 1822 et
3377 1785 3503 1822 eam
3537 1769 3662 1824 suis

1931 1848 1980 1912 B
2011 1843 2232 1898 viribus
2265 1845 2524 1916 implere,
2559 1848 2804 1919 ejusque
2845 1851 3117 1921 Operibus
3140 1855 3455 1923 justificari
3489 1873 3660 1927 posse

2013 1933 2301 2001 credebat,
2327 1933 2574 2005 ideoque
2609 1935 2882 2003 salutem,
2908 1955 3083 2009 quam
3117 1944 3431 2014 quaerebat,
3456 1962 3659 2001 conse-

2013 2019 2111 2091 qui
2144 2036 2256 2074 non
2292 2023 2630 2092 promeruit.
2667 2023 2959 2094 Spiritalis
3007 2042 3139 2080 vero
3190 2028 3367 2083 Israel
3417 2030 3488 2084 de
3537 2031 3661 2086 sola

2010 2109 2198 2180 gratia
2230 2109 2323 2163 Dei
2354 2126 2740 2179 priesumens,
2775 2111 3025 2167 salutem
3057 2122 3409 2171 consecutus
3440 2121 3546 2173 est.

2083 2216 2246 2270 Unde
2279 2232 2408 2270 mox
2440 2216 2708 2286 sequitur
2743 2235 2755 2272 :
2793 2219 2994 2274 Electio
3023 2230 3206 2275 autem
3235 2229 3529 2279 consecuta
3557 2229 3657 2280 est.

2009 2304 2361 2359 Electionem
2390 2321 2662 2376 namque,
2688 2305 2965 2377 reliquias
2995 2313 3159 2364 vocat
3190 2326 3290 2380 per
3311 2310 3656 2369 electionem

2009 2393 2280 2448 salvatus.
2320 2394 2396 2447 De
2425 2393 2644 2448 carnali
2675 2398 2870 2449 autem
2907 2397 3077 2451 Israel
3110 2399 3420 2455 subditur:
3452 2403 3658 2457 Caaleri

2011 2498 2130 2536 vero
2159 2482 2423 2537 emercati
2453 2483 2597 2552 (387)
2639 2489 2787 2550 sunt,
2819 2485 2960 2540 sicut
3003 2489 3267 2556 scriptum
3318 2497 3394 2543 est
3424 2506 3442 2542 :
3495 2490 3656 2546 Dedit

2009 2572 2121 2625 illis
2155 2573 2290 2624 Deus
2321 2573 2590 2641 spiritum
2615 2577 3045 2644 compunctionis
3064 2577 3210 2644 388).
3244 2576 3656 2650 Compunctio,

2007 2666 2126 2715 tam
2151 2660 2207 2712 in
2236 2661 2388 2714 bona
2412 2661 2891 2729 sanctificatione,
2918 2680 3095 2734 quam
3124 2667 3182 2719 in
3206 2665 3361 2721 mala
3381 2668 3649 2738 ponitur:

2005 2753 2480 2818 compunguntur
2499 2750 2654 2804 enim
2689 2750 2958 2807 homines
2989 2754 3060 2808 ad
3095 2755 3337 2822 bonum,
3360 2772 3493 2810 cum
3519 2757 3651 2828 Spi-

2005 2837 2120 2891 ritu
2144 2836 2244 2891 Dei
2270 2838 2602 2909 compuncti
2627 2838 2846 2911 aliquid
2875 2841 3093 2896 bonum
3121 2847 3471 2913 operantur;
3495 2861 3650 2900 com-

2004 2931 2351 2998 punguntur
2398 2932 2454 2980 et
2503 2928 2572 2980 ad
2627 2927 2869 2997 malum,
2919 2945 3054 2984 cum
3099 2931 3315 2987 diaboli
3367 2932 3651 2989 instinctu

2007 3014 2244 3086 aliquod
2291 3015 2510 3070 malum
2562 3022 2868 3087 peragunt.

2077 3123 2211 3190 Sed,
2248 3122 2294 3177 si
2330 3122 2483 3176 Deus
2515 3122 2632 3177 illis
2666 3124 2942 3195 spiritum
2975 3127 3443 3197 compunctionis
3473 3130 3654 3198 dedit,

238 3227 454 3282 mentis
482 3225 769 3296 subjectio
796 3225 1244 3297 designatur,de
1271 3245 1386 3298 qua
1407 3227 1545 3282 alibi
1570 3210 1722 3283 idem
1747 3233 1892 3300 Apo-

2021 3213 2070 3265 Jt
2102 3228 2215 3266 non
2249 3211 2568 3278 crederent,
2593 3228 2719 3281 qua:
2754 3212 2984 3268 illorum
3019 3213 3189 3285 culpa
3219 3215 3346 3284 fuit,
3371 3217 3507 3285 quia
3536 3235 3653 3274 non

238 3315 424 3372 stolus
452 3334 464 3371 :
498 3320 566 3370 In
597 3317 822 3371 nomine
841 3317 967 3370 Jesu
997 3332 1152 3370 omne
1179 3333 1322 3386 genu
1349 3320 1605 3385 ﬂectatur
1632 3318 1895 3390 (Philipp.

241 3422 303 3468 II,
332 3406 418 3472 10)
448 3422 460 3458 :
498 3404 597 3458 ubi
630 3421 731 3474 per
760 3420 1018 3475 genuum
1044 3405 1350 3460 ﬂexionem
1384 3405 1712 3462 humiliatio
1735 3424 1895 3462 men-

238 3495 316 3549 tis
350 3493 704 3561 ostenditur,
739 3509 852 3563 qua
892 3511 1098 3548 omnes
1148 3499 1426 3548 creatura:
1467 3501 1578 3550 Deo
1633 3497 1896 3550 subdun-

240 3587 345 3636 tur
376 3581 549 3651 (38’s).
603 3580 685 3634 Illi
736 3598 868 3652 ergo
912 3587 1046 3638 ante
1088 3582 1222 3637 Baal
1271 3599 1463 3654 genua
1500 3589 1762 3654 curvant,
1797 3587 1897 3656 qui

247 3669 511 3742 quadam
544 3670 755 3726 mentis
787 3671 1167 3742 subjectione,
1201 3671 1260 3726 id
1301 3677 1392 3727 est
1430 3689 1740 3744 consensu,
1773 3673 1896 3729 dia-

243 3758 382 3815 bolo
413 3773 476 3815 se
513 3758 793 3814 subdunt.

313 3847 475 3919 Baal,
509 3848 635 3920 ipse
686 3852 777 3904 est
824 3853 879 3904 et
930 3849 1086 3920 Beel,
1125 3850 1280 3906 idem
1329 3855 1386 3906 et
1432 3850 1807 3925 Beelphegor,
1841 3857 1898 3908 et

238 3937 462 3992 Belbrit
491 3955 504 4003 ;
558 3937 660 3991 sed
692 3936 829 3992 Baal
861 3937 1053 3993 dictus
1085 3943 1193 4006 est,
1227 3939 1366 4011 quia
1397 3939 1455 3994 in
1489 3939 1712 3996 excelso
1745 3942 1896 3996 cole-

235 4028 454 4091 batur;
488 4025 851 4098 Beelphegor
880 4043 1035 4095 vero,
1069 4028 1210 4098 quia
1249 4027 1308 4082 in
1351 4033 1547 4084 monte
1579 4029 1821 4101 Phegor.

314 4115 435 4169 Cur
466 4119 659 4170 autem
690 4116 1010 4186 sumpserit
1039 4115 1148 4171 hoc
1167 4115 1591 4186 testimonium,
1617 4119 1894 4189 aperitur,

241 4219 379 4258 cum
414 4203 686 4258 subditur
721 4221 733 4258 :
787 4203 876 4258 Sic
904 4219 1030 4273 ergo
1069 4207 1118 4258 et
1162 4207 1222 4259 in
1261 4204 1356 4260 hoc
1385 4213 1619 4276 tempore
1648 4207 1898 4278 reliquiae

242 4289 545 4346 secundum
571 4289 892 4348 electionem
919 4295 1115 4362 gratiae
1142 4293 1308 4349 salva:
1337 4295 1509 4364 facta?
1544 4299 1691 4349 sunt.
1725 4297 1802 4350 Ac
1846 4296 1895 4351 si

240 4379 463 4434 diceret
496 4396 508 4435 :
554 4380 712 4435 Idem
745 4381 1029 4436 Dominus
1060 4381 1330 4437 Christus
1361 4387 1450 4437 est
1479 4383 1671 4450 modo,
1706 4384 1806 4454 qui
1839 4387 1897 4438 et

242 4472 407 4530 tunc.
444 4473 502 4523 et
551 4485 668 4540 qua
715 4468 903 4540 gratia
944 4469 1077 4525 illos
1123 4469 1385 4539 salvavit,
1418 4471 1620 4526 eadem
1653 4471 1896 4527 salvavit

244 4555 550 4627 reliquias.

315 4646 386 4700 Et
419 4645 530 4700 hoc
561 4651 674 4713 est,
706 4649 859 4718 quod
911 4647 1051 4702 dicit
1081 4647 1227 4718 (385)
1262 4664 1274 4702 :
1329 4647 1639 4703 Secundum
1686 4649 1901 4703 electio-

244 4750 374 4789 nem
405 4737 626 4804 gratiw,
651 4735 707 4790 id
732 4740 821 4790 est
843 4735 1437 4808 praedestinationcm.
1466 4737 1900 4793 Priedestinatio

246 4839 528 4894 namque,
551 4829 608 4879 et
631 4823 855 4890 electio,
881 4825 1067 4896 gratia
1092 4825 1184 4880 Dei
1208 4829 1313 4879 est.
1339 4826 1537 4880 Gratia
1567 4831 1786 4893 autem,
1816 4831 1904 4882 est

243 4911 445 4983 ipsum
471 4914 717 4982 donum,
743 4930 860 4984 quo
881 4915 1131 4985 quisque
1154 4914 1537 4983 justificatur,
1562 4914 1740 4969 nullis
1764 4933 1905 4986 prie-

243 5002 597 5058 cedentibus
629 5003 876 5058 meritis.
912 5003 1074 5058 Unde
1107 5019 1242 5058 mox
1271 5005 1544 5060 subditur
1575 5021 1589 5060 :
1635 5005 1697 5058 Si
1724 5009 1904 5060 autem

315 5197 462 5270 (381)
497 5198 594 5252 III
625 5198 752 5266 Reg.
786 5215 901 5258 nx.
937 5199 1023 5252 18.
1046 5197 1215 5270 Vulg.
1250 5204 1374 5254 tum
1406 5198 1522 5263 hic,
1553 5203 1680 5254 tum
1716 5199 1774 5254 in
1807 5200 1903 5255 cit.

241 5267 402 5324 fonte
437 5269 672 5341 Regum
704 5273 837 5340 post
865 5271 1050 5339 millia
1079 5267 1255 5325 habet
1282 5273 1548 5325 virorum.

318 5341 467 5413 (382)
497 5341 608 5396 IlI
637 5341 768 5413 Reg.
800 5356 916 5413 x_ix,
949 5342 1002 5394 9.
1048 5341 1219 5413 Vulg.
1253 5342 1585 5413 relinquam.

313 5410 465 5484 (383)
499 5423 539 5466 ,Α
556 5415 724 5484 utog.
746 5410 922 5484 habet
951 5413 1146 5481 invidi,
1171 5410 1272 5468 sed
1300 5410 1514 5467 menda
1534 5427 1662 5467 meo
1684 5411 1909 5483 judicio

235 5481 325 5541 ita
353 5481 747 5540 emendanda
776 5481 902 5537 visa
931 5489 1036 5538 est.

303 5557 459 5627 (384)
498 5557 567 5628 In
605 5569 807 5628 marg._
833 5557 1029 5627 autog.
1063 5555 1157 5610 hic
1189 5553 1404 5628 legitur
1433 5571 1556 5626 cap.
1590 5554 1804 5628 XXXV.

302 5624 460 5716 (385)
498 5627 730 5686 Notata
752 5624 1000 5698 dignum
1023 5624 1346 5704 capitulum
1368 5645 1380 5700 ;
1405 5624 1639 5701 etquod
1661 5642 1796 5684 cum
1819 5625 1912 5685 his

2007 3299 2424 3354 crediderunt?
2458 3299 2578 3353 Imo
2609 3301 2756 3367 ejus,
2784 3301 2882 3370 qui
2913 3301 3091 3366 dedit,
3117 3318 3244 3356 esse
3273 3304 3517 3358 videtur.
3543 3307 3654 3362 Sed

2008 3388 2181 3443 absit.
2212 3387 2355 3441 Nam
2389 3387 2542 3456 quod
2568 3387 2730 3454 justo
2764 3392 2914 3441 Deus
2937 3389 3160 3456 judicio
3193 3391 3316 3444 fieri
3348 3393 3653 3465 permittit,

2009 3481 2287 3531 consueto
2341 3492 2502 3528 more
2549 3476 3003 3545 Scripturarum,
3037 3476 3161 3547 ipse
3202 3479 3389 3533 facere
3419 3481 3654 3538 dicitur.

2006 3565 2173 3620 Dedit
2204 3581 2338 3635 ergo
2373 3579 2386 3617 :
2439 3564 2576 3634 quia
2608 3564 2730 3618 dari
2764 3564 3050 3636 permisit,
3084 3568 3281 3637 oculos,
3315 3573 3373 3623 ut
3418 3585 3526 3624 non
3572 3570 3656 3624 vi-

2006 3654 2192 3716 deant,
2237 3660 2288 3707 et
2334 3669 2511 3720 aures,
2560 3657 2618 3707 ut
2668 3670 2774 3707 non
2823 3654 3073 3709 audiant.
3109 3655 3319 3711 Oculos
3359 3657 3469 3713 hoc
3507 3657 3654 3724 loco,

2005 3740 2093 3796 vel
2148 3757 2318 3796 aures
2370 3758 2484 3796 non
2535 3741 2865 3809 corporales
2912 3744 3195 3799 debemus
3235 3746 3518 3818 accipere,
3553 3749 3655 3804 sed

2007 3829 2322 3901 spiritales,
2347 3829 2561 3885 mentis
2585 3830 2824 3886 scilicet.
2851 3833 3019 3886 Dedit
3047 3848 3182 3904 ergo
3204 3838 3357 3890 Deus
3380 3835 3496 3890 illis
3520 3852 3657 3892 ocu-

2006 3919 2113 3988 los,
2139 3923 2204 3973 ut
2234 3936 2347 3974 non
2370 3919 2624 3986 videant,
2650 3920 2706 3974 id
2740 3926 2829 3976 est
2853 3938 2967 3976 non
2991 3921 3320 3995 intelligant
3341 3923 3652 3996 spiritalia.

2009 4007 2174 4062 Dedit
2195 4024 2386 4078 aures,
2414 4011 2479 4062 ut
2499 4024 2612 4062 non
2635 4009 2896 4077 audiant,
2921 4010 2977 4064 id
3001 4014 3090 4065 est
3111 4011 3324 4067 divinis
3347 4013 3654 4085 praeceptis

2005 4114 2122 4152 non
2147 4096 2444 4151 obcdiant.
2471 4097 2541 4150 Et
2571 4102 2729 4164 nota,
2753 4097 2893 4166 quia
2914 4115 3029 4152 non
3061 4099 3162 4165 ait,
3188 4116 3375 4171 usque
3406 4101 3462 4154 in
3486 4105 3653 4155 ceter-

2006 4201 2172 4248 num,
2196 4185 2318 4250 sed,
2342 4199 2514 4253 usque
2546 4185 2604 4236 in
2626 4183 2952 4238 hodiernum
2970 4186 3138 4251 diem,
3161 4203 3234 4242 ne
3255 4203 3417 4256 spem
3442 4186 3654 4244 salutis

2005 4288 2206 4328 eorum
2255 4271 2510 4326 adimere
2564 4271 2876 4326 videretur.
2934 4272 3201 4327 Firmiter
3255 4274 3410 4328 enim
3469 4275 3656 4331 credit

2006 4360 2279 4426 Ecclesia,
2313 4359 2452 4430 quia
2500 4358 2759 4430 reliquis:
2805 4357 2973 4413 salvae
3007 4359 3164 4424 ﬁent,
3190 4362 3358 4430 juxta
3388 4360 3652 4416 testimo-

2006 4448 2170 4502 nium
2203 4447 2359 4519 quod
2392 4447 2663 4518 superius
2700 4446 2895 4518 posuit
2924 4446 3234 4518 Apostolus
3268 4447 3425 4502 Isaiae
3456 4448 3653 4504 dicen-

2009 4537 2084 4591 tis
2111 4553 2122 4590 :
2158 4536 2219 4590 Si
2246 4537 2412 4607 fuerit
2446 4551 2708 4590 numerus
2728 4536 2972 4605 ﬁliorum
2992 4537 3170 4593 Israel
3201 4543 3465 4608 tanquam
3483 4553 3658 4596 arena

2015 4627 2214 4692 maris,
2250 4627 2509 4695 reliquiae
2536 4625 2698 4679 salva:
2728 4626 2856 4695 ﬁent
2887 4628 3040 4696 (lsai.
3071 4643 3126 4696 Χ,
3157 4628 3268 4695 22).

2082 4731 2360 4802 Sequitur
2393 4749 2404 4786 :
2457 4733 2519 4785 Et
2554 4731 2722 4786 David
2759 4732 2893 4787 dicit
2923 4751 2944 4787 .·
2985 4735 3107 4788 Fiat
3136 4749 3323 4787 mensa
3351 4749 3539 4788 eorum
3565 4751 3655 4790 co-

2013 4838 2132 4876 ram
2163 4823 2298 4890 ipsis
2331 4822 2389 4874 in
2422 4822 2693 4892 laqueum,
2727 4826 2777 4876 et
2825 4823 2885 4875 in
2921 4825 3224 4892 captionem
3255 4823 3426 4894 (Psal.
3463 4841 3656 4893 vam,

2009 4911 2122 4980 ‘23).
2157 4909 2272 4963 Hoc
2323 4909 2624 4980 prOpheta,
2661 4927 2774 4964 non
2828 4912 3083 4982 optantis
3130 4917 3279 4978 voto,
3315 4912 3415 4967 sed
3459 4910 3660 4968 futura

1985 4999 2387 5072 ‘praedicentis
2416 4998 2647 5054 locutus
2679 5005 2787 5054 est.
2825 5001 2936 5057 Nec
2969 5001 3096 5056 ideo
3130 5003 3347 5056 factum
3379 5005 3487 5069 est,
3520 5002 3660 5073 quia

2016 5198 2366 5264 conferatur,
2401 5211 2526 5266 quas
2558 5197 2694 5252 alibi
2740 5197 2847 5252 hac
2895 5200 2966 5253 de
3015 5199 3258 5253 materia
3301 5198 3374 5252 ab
3423 5200 3661 5253 auctore

2018 5274 2216 5341 nostro
2248 5265 2460 5341 saepius
2493 5268 2551 5322 in
2585 5269 2698 5341 hac,
2720 5268 2966 5341 epistola
2993 5271 3295 5341 observata
3323 5273 3480 5341 sunt.

2087 5340 2238 5405 (386)
2272 5337 2403 5391 Post
2431 5341 2656 5395 Judzeos
2688 5337 2974 5413 in'autog.
3008 5340 3222 5412 legitur
3261 5343 3378 5407 aut,
3412 5339 3662 5396 fortasse

2017 5412 2120 5466 ait.
2541 5424 2548 5432 '

2090 5479 2241 5548 (387)
2272 5480 2480 5548 Autog.
2513 5482 2781 5534 excusati.

2093 5550 2241 5624 (388)
2273 5547 2596 5624 Nota’duas
2628 5549 2800 5624 hasce
2831 5554 3054 5624 species
3077 5550 3564 5621 compunctionis,
3588 5549 3663 5610 ad

2024 5618 2247 5684 malum
2279 5618 2519 5692 scilicet,
2551 5624 2608 5679 et
2645 5621 2716 5678 ad
2749 5618 2989 5682 bonum.
