3996 6232
317 360 435 424 239

1341 353 1679 416 ATTONIS
1722 351 2306 416 VERCELLENSIS
2352 348 2707 412 EPISCOPI

3609 342 3744 407 2ιο

319 490 606 565 propheta
651 487 835 557 dixit;
869 487 994 555 sed,
1026 485 1165 557 quia
1193 486 1455 541 futurum
1489 489 1614 542 erat
1660 489 1725 541 ut
1778 486 1962 551 ﬁeret,
1993 486 2051 552 Α
2078 485 2167 539 tes
2189 481 2432 555 gentiles
2453 479 2664 537 imitati
2684 483 2844 547 sunt,
2861 480 2961 535 sed
2982 478 3122 550 quia
3140 476 3475 550 exemplum
3495 491 3742 550 accepe-

319 581 451 638 ideo
479 579 589 635 hoc
619 576 903 651 propheta
934 574 1218 649 praedixit.

394 672 508 724 Cur
530 684 664 739 ergo
686 665 1055 722 maledicitur
1078 663 1323 720 mensa?
1344 663 1597 731 Scilicet,
1622 664 1761 734 quia
1782 662 1970 718 multa

321 756 479 814 mala
496 760 807 830 patrantur
827 755 899 810 ad
925 768 1207 808 mensam.
1227 752 1317 805 Ad
1341 768 1609 807 mensam
1630 752 1969 807 innocentes

319 848 623 913 vocantur,
655 848 722 900 ut
750 841 1150 914 decipiantur;
1187 839 1259 895 ad
1288 855 1554 894 mensam
1582 839 1837 895 Absalon
1870 857 1963 895 oc-

322 933 466 989 cidit
484 937 717 989 Amnon
738 950 752 1001 ;
775 929 1171 1001 Holophernes
1190 927 1397 983 Judith
1420 928 1492 982 ad
1515 944 1780 983 mensam
1802 944 1965 982 voca-

320 1022 424 1090 vit,
449 1026 515 1078 ut
535 1021 821 1093 deciperet
844 1037 858 1087 ;
890 1018 963 1074 ad
990 1033 1255 1072 mensam
1278 1015 1540 1085 Herodis,
1566 1015 1814 1070 conviva:
1836 1017 1964 1087 ejus

321 1113 499 1183 caput
547 1110 847 1165 obtinuere
891 1106 1158 1163 Joannis.
1208 1104 1558 1177 Spiritaliter
1610 1109 1808 1160 autem
1863 1121 1966 1177 per

320 1214 586 1254 mensam
614 1197 914 1269 Scriptura
944 1200 1148 1251 sancta
1178 1194 1535 1265 designatur,
1568 1210 1693 1264 quae
1726 1192 1967 1264 spirita-

316 1285 473 1342 libus
503 1285 672 1355 cibis,
706 1289 764 1341 et
811 1283 1049 1357 potibus
1092 1289 1333 1339 onerata
1371 1287 1480 1353 est,
1514 1282 1727 1353 quibus
1760 1280 1967 1335 animis

318 1373 681 1443 reﬁciuntur,
704 1378 763 1429 et
791 1373 941 1428 bene
971 1389 1178 1428 mensa
1204 1371 1327 1426 haec
1355 1370 1690 1425 Judzeorum
1721 1386 1849 1425 esse
1879 1370 1966 1423 di-

319 1462 492 1531 citur,
506 1463 789 1536 quoniam
806 1460 932 1518 suis
953 1460 1178 1517 meritis
1200 1476 1329 1516 eam
1346 1458 1639 1531 accepisse
1659 1459 1966 1531 putabant.

319 1552 402 1608 De
428 1552 541 1608 hac
561 1567 769 1608 mensa
795 1550 856 1606 in
881 1548 1109 1622 psalmo
1130 1547 1388 1605 Ecclesia
1414 1547 1678 1620 loquitur
1702 1564 1714 1604 :
1748 1548 1971 1602 Parasli

319 1641 383 1695 in
411 1646 695 1711 conspectu
722 1654 840 1694 meo
862 1654 1129 1707 mensam,
1152 1636 1413 1693 adversus
1441 1652 1549 1703 eos,
1573 1638 1668 1707 qui
1694 1636 1968 1691 tribulant

318 1744 407 1784 me
435 1728 608 1801 (Psal.
638 1745 777 1800 xxn,
808 1727 898 1799 5);
928 1726 1151 1801 scilicet
1181 1727 1458 1783 adversus
1488 1725 1807 1781 haereticos.
1836 1724 1966 1779 Haec

320 1796 523 1889 itaque
545 1833 749 1874 mensa
761 1796 975 1922 ludatis
1001 1814 1157 1871 facta
1176 1819 1265 1870 est
1284 1813 1343 1869 in
1362 1814 1731 1922 laqueumae‘t
1751 1812 1968 1884 captio-
1994 1857 2042 1922 Β

319 1921 479 1974 nem,
512 1906 789 1977 quoniam
821 1903 1007 1961 solam
1036 1903 1292 1960 litteram
1323 1906 1634 1974 sequentes
1662 1900 1962 1973 illaqueati

320 1998 480 2063 sunt,
502 1997 560 2051 et
583 1992 803 2065 decepti
833 1991 1054 2049 carnali
1080 1992 1479 2062 intellectu,ut
1503 2008 1618 2047 non
1642 1990 1963 2061 crederent,

319 2085 375 2139 et
394 2081 454 2137 in
480 2080 969 2154 laqueum,quem
998 2080 1273 2154 gentibus
1298 2080 1732 2152 parabant,ipsi
1754 2078 1969 2135 incide-

318 2174 473 2227 runt.
498 2171 570 2226 Et
597 2170 745 2227 bene
769 2170 869 2238 ait,
891 2186 1078 2225 coram
1102 2171 1258 2240 ipsis,
1287 2168 1567 2240 quoniam
1593 2168 1965 2239 iniquitatem

316 2275 485 2316 suam
514 2259 735 2327 vident,
769 2262 827 2314 et
855 2258 1149 2314 declinare
1177 2257 1407 2314 nolunt.

387 2346 551 2411 Quod
578 2352 776 2404 autem
805 2346 1075 2418 sequitur
1106 2364 1120 2402 :
1165 2346 1229 2401 Et
1258 2347 1319 2399 in
1347 2346 1793 2411 retributionem,
1824 2347 1875 2400 et
1906 2346 1967 2400 in

316 2437 657 2505 scandalum,
676 2451 864 2491 unum
886 2438 974 2491 est
994 2451 1060 2491 ac
1084 2435 1134 2490 si
1157 2435 1402 2490 diceret:
1430 2435 1493 2490 In
1519 2434 1966 2490 retributionem

317 2518 580 2582 scandali
612 2540 627 2578 :
674 2539 810 2579 nam
841 2522 980 2594 quia
1009 2523 1243 2579 credere
1275 2523 1609 2592 noluerunt,
1641 2523 1750 2578 hoc
1781 2522 1899 2578 illis
1933 2539 1968 2577 a

316 2616 431 2670 Deo
462 2612 817 2668 retributum
840 2616 949 2681 est,
976 2617 1044 2669 ut
1073 2629 1241 2668 sacra
1261 2612 1561 2685 Scriptura
1580 2616 1737 2667 esset
1766 2611 1883 2666 illis
1906 2611 1965 2665 in

315 2700 698 2759 scandalum:
718 2701 1181 2772 quotiescunque
1203 2701 1360 2756 enim
1384 2700 1723 2773 spiritaliter
1743 2699 1963 2771 aliquid

314 2792 376 2848 in
397 2809 466 2849 ea
492 2791 862 2864 interpretari
885 2790 1106 2858 vident,
1129 2789 1619 2859 scandalizantnr,
1638 2805 1703 2845 ac
1730 2805 1833 2861 per
1856 2788 1966 2844 hoc

319 2882 433 2954 ipsi
462 2880 577 2937 sibi
606 2883 747 2936 sunt
775 2878 1147 2936 scandalum.

392 2968 762 3026 Obscurenlur
812 2969 963 3024 oculi
1008 2983 1200 3024 eorum
1245 2983 1316 3023 ne
1360 2967 1601 3034 videant,
1650 2970 1701 3022 et
1747 2965 1966 3022 dorsum

318 3062 568 3133 ipsorum
615 3073 828 3131 semper
871 3060 1123 3114 incurva.
1157 3057 1273 3113 Hoc
1312 3056 1511 3127 etiam,
1544 3072 1661 3112 non
1690 3056 1963 3127 optando.

320 3150 422 3205 sed
452 3148 854 3221 prophetando
879 3146 1194 3203 Psalmista
1221 3146 1403 3201 dixit:
1436 3145 1741 3201 Obscurati
1771 3145 1966 3217 itaque

2078 576 2217 627 runt
2237 572 2308 626 ab
2340 571 2459 629 eis:
2493 570 2649 641 quod
2680 569 2729 623 si
2762 585 2879 624 non
2906 569 3230 634 crederent,
3254 568 3409 624 sicut
3440 565 3525 622 illi
3546 565 3744 639 perie-

2075 665 2235 730 runt,
2266 665 2323 715 et
2356 660 2467 732 ipsi
2500 660 2776 731 perirent.

2149 750 2387 821 Propter
2415 749 2571 819 quod
2604 747 2913 803 subditur:
2948 746 3101 815 Quod
3127 748 3179 802 si
3198 746 3471 802 delictum
3498 746 3742 802 illorum

2075 838 2291 895 divitiae
2319 842 2448 893 sunt
2474 837 2686 904 mundi,
2718 842 2769 892 et
2810 838 3107 893 diminutio
3136 852 3321 892 eorum
3348 837 3568 893 divitiae
3595 852 3740 907 gen-

2078 930 2243 993 tium,
2272 936 2471 999 quanto
2501 928 2676 997 magis
2703 926 2988 998 plenitudo
3021 930 3248 982 eorum?
3277 924 3569 981 Delictum
3598 924 3741 999 illo-5

2076 1033 2211 1071 rum
2242 1016 2447 1071 mundi
2487 1016 2701 1071 divitias
2749 1020 2906 1086 sunt,
2940 1014 3219 1086 quoniam
3271 1014 3331 1068 in
3378 1014 3742 1070 inﬁdelitate

2077 1110 2507 1176 permanentes,
2540 1104 2749 1159 vastati
2795 1109 2933 1160 sunt
2984 1122 3018 1160 a
3068 1102 3371 1173 Romanis,
3406 1107 3464 1159 et
3515 1103 3739 1177 captivi

2075 1194 2234 1248 ducti
2260 1210 2362 1265 per
2377 1194 2641 1265 singulas
2659 1192 2829 1266 longe
2849 1193 3080 1264 lateque
3101 1192 3739 1263 provincias,ferentes

2077 1298 2276 1337 secum
2294 1282 2475 1337 libros
2495 1282 2661 1353 legis,
2676 1286 2733 1337 et
2750 1282 3186 1353 prophetarum,
3202 1281 3421 1352 quibus
3439 1281 3736 1349 mundus,

2074 1370 2133 1424 id
2164 1374 2272 1439 est,
2299 1370 2502 1425 mundi
2531 1370 2889 1426 habitatores
2916 1370 3086 1425 ditati
3116 1375 3278 1425 sunt.
3309 1370 3538 1442 Ubique
3568 1370 3738 1426 enim

2076 1462 2281 1514 sancta
2309 1457 2568 1515 Ecclesia
2596 1459 2669 1514 ab
2700 1458 2818 1514 illis
2849 1459 3072 1531 accepit
3102 1459 3285 1515 libros
3313 1458 3481 1533 legis,
3504 1463 3564 1515 et
3592 1475 3740 1531 pro-

2075 1547 2406 1619 phetarum,
2430 1564 2533 1619 per
2558 1563 2708 1620 quos
2738 1549 2997 1605 ostendit
3025 1548 3363 1621 prophetias
3391 1549 3465 1605 de
3492 1548 3738 1605 Christo

2074 1636 2410 1707 praemissas
2430 1637 2558 1708 jam
2588 1652 2749 1693 essse
2785 1637 3080 1710 impletas.

2150 1724 2464 1781 Diminutio
2503 1742 2737 1798 quoque
2784 1741 2984 1782 eorum
3037 1725 3251 1781 divitiis
3299 1729 3442 1782 sunt
3490 1726 3736 1796 mundi,

2074 1815 2373 1885 quoniam,
2407 1831 2545 1871 cum
2576 1816 2746 1887 pauci
2778 1832 2848 1871 ex
2886 1815 3104 1872 Judaeis
3135 1816 3511 1884 crediderint,
3543 1821 3605 1872 et
3655 1816 3738 1872 ab

2075 1902 2410 1960 inﬁdelibus
2436 1903 2661 1975 expulsi
2691 1904 2829 1972 sint,
2854 1905 2926 1960 ad
2958 1904 3221 1976 ipsorum
3250 1904 3737 1977 praedicationem

2075 1994 2278 2061 gentes
2326 1991 2459 2056 ﬁde,
2500 1992 2841 2063 cunctisque
2868 1992 3182 2049 virtutibus
3212 1993 3409 2049 ditatze
3438 1997 3601 2050 sunt.
3626 1994 3738 2049 Est

2074 2094 2211 2150 ergo
2234 2094 2472 2135 sensus:
2494 2080 2553 2136 Si
2577 2080 2647 2136 ad
2672 2095 2990 2152 paucorum
3010 2081 3373 2138 credentium
3385 2082 3417 2139 J
3423 2082 3735 2139 udaeorum

2074 2168 2546 2238 praedicationem
2577 2173 2781 2241 gentes
2803 2170 3194 2239 crediderunt,
3219 2175 3277 2226 et
3305 2170 3538 2227 salvatus
3563 2174 3734 2240 sunt,

2076 2261 2294 2327 quanto
2326 2258 2515 2328 magis
2546 2256 2933 2330 salvarentur,
2956 2259 3008 2314 si
3038 2264 3142 2315 aut
3169 2276 3395 2331 omnes,
3420 2265 3524 2317 aut
3552 2260 3737 2316 multi

2074 2361 2143 2400 ex
2170 2345 2392 2401 Judzeis
2420 2346 2768 2402 crederent?

2143 2434 2252 2489 Sed
2282 2438 2551 2505 poterant
2579 2434 2826 2507 gentiles
2874 2436 3067 2493 dicere
3098 2453 3111 2491 :
3163 2454 3297 2493 cum
3338 2439 3607 2511 gentium
3640 2438 3733 2496 sis

2072 2522 2405 2593 Apostolus,
2429 2524 2533 2596 qui
2559 2524 2630 2579 ad
2651 2529 2708 2580 te
2726 2524 2944 2580 Judaais
2961 2525 3338 2598 Evangelium
3360 2527 3681 2599 prmdicare
3699 2527 3732 2582 ‘t

2074 2615 2387 2682 Propterea
2415 2614 2688 2668 subditur
2720 2631 2734 2669 :
2782 2614 2935 2669 Vobis
2963 2616 3110 2670 enim
3141 2615 3268 2671 dico
3296 2616 3549 2687 gentibus
3577 2615 3732 2688 (392)

2074 2699 2587 2773 (subintelligitur,
2602 2719 2729 2774 quae
2751 2701 2873 2758 haec
2889 2701 3223 2774 loquimini)
3241 2705 3491 2775 quandiu
3506 2705 3735 2777 quidem

2071 2802 2167 2859 ego
2196 2805 2320 2843 sum
2341 2792 2587 2860 gentium
2606 2792 2911 2863 Apostolus,
2937 2793 3311 2848 ministerium
3337 2809 3526 2850 meum
3552 2799 3732 2851 hono-

2072 2875 2316 2946 riﬁeabo.

2145 2964 2535 3022 Ministerium
2576 2983 2771 3037 suum,
2804 2969 3233 3041 praedicationis
3263 2970 3730 3040 ofﬁciumdicit,

2074 3055 2229 3125 quod
2253 3055 2583 3127 specialiter
2605 3058 2865 3130 suscepit
2892 3058 2952 3113 in
2974 3060 3267 3131 gentibus,
3288 3060 3461 3131 juxta
3482 3062 3639 3133 quod
3662 3059 3730 3116 in

2071 3142 2313 3199 Actibus
2338 3144 2739 3216 apostolorum
2763 3146 3015 3218 Spiritus
3036 3152 3274 3204 sanctus
3303 3147 3603 3220 loquitur:
3636 3148 3733 3205 Se-

319 3241 458 3294 sunt
502 3236 659 3293 oculi
704 3251 907 3293 eorum
961 3236 1119 3292 nube
1165 3235 1416 3291 carnalis
1455 3234 1869 3306 intelligentiae,
1902 3237 1967 3288 ut
1996 3223 2038 3290 C
2074 3235 2296 3299 gregale
2338 3234 2481 3287 mihi
2525 3236 2861 3302 Barnabam,
2902 3239 2955 3291 et
2998 3238 3238 3292 Paulum
3264 3237 3415 3308 (393)
3460 3238 3528 3293 in
3564 3252 3729 3310 opus,

318 3323 604 3398 spiritalia
650 3341 768 3381 non
814 3325 1095 3390 viderent,
1129 3328 1187 3380 et
1228 3323 1567 3396 prophetias
1619 3323 1690 3377 de
1734 3321 1964 3378 Christo

316 3414 676 3488 praemissas,
697 3412 970 3486 impletas
998 3429 1125 3469 esse
1152 3430 1271 3467 non
1299 3412 1600 3467 crederent
1619 3412 1789 3482 (389).
1816 3415 1963 3479 ,Dor-

315 3521 449 3562 sum
468 3520 603 3561 vero
625 3503 816 3560 Judaei
845 3502 906 3558 in
930 3503 1137 3558 faciem
1158 3501 1387 3557 Christo
1406 3502 1715 3571 dederunt,
1741 3500 1879 3572 quia
1902 3500 1962 3555 in

315 3610 451 3649 eum
479 3594 714 3649 credere
743 3591 1044 3663 dedignati
1075 3594 1232 3647 sunt.
1265 3590 1325 3646 Si
1365 3606 1502 3663 ergo
1551 3590 1773 3646 dictum
1823 3593 1914 3645 est
1944 3605 1958 3645 :

314 3683 549 3738 Dorsum
588 3682 830 3753 ipsorum
871 3695 1081 3751 semper
1124 3679 1377 3747 incurva,
1412 3696 1477 3735 ac
1524 3678 1575 3734 si
1623 3679 1960 3735 diceretur:

318 3768 396 3825 Ut
413 3784 720 3843 nunquam
741 3769 800 3824 in
822 3767 1056 3839 melius,
1082 3769 1182 3824 sed
1204 3784 1435 3839 semper
1455 3768 1514 3822 in
1535 3769 1704 3839 pejus
1726 3784 1962 3823 conver-

318 3861 544 3915 tantur.
564 3856 910 3913 Incurvatur
930 3856 1127 3927 itaque
1146 3857 1387 3911 dorsum
1410 3855 1665 3924 illorum,
1685 3860 1824 3928 quia
1846 3872 1963 3911 non

319 3945 602 4015 coelestia,
632 3946 735 4002 sed
780 3949 1012 4001 terrena
1056 3961 1290 4017 semper
1336 3945 1662 4017 acquirunt.
1714 3948 1962 4000 Dorsum

319 4035 538 4108 quippe
566 4035 891 4103 incurvare,
920 4037 1011 4090 est
1056 4049 1289 4106 semper
1332 4033 1607 4090 inferiora
1654 4032 1961 4104 respicere.

315 4123 531 4181 Volens
550 4123 731 4197 igitur
745 4123 1047 4179 ostendere
1065 4139 1264 4179 casum
1287 4122 1613 4179 inﬁdelium
1625 4122 1656 4178 J
1664 4123 1963 4177 udaaorum

314 4228 690 4287 nequaquam
720 4228 944 4284 vacare,
975 4212 1191 4284 adjecit
1220 4211 1367 4283 (390)
1401 4230 1414 4268 :
1452 4215 1585 4268 Dico
1610 4227 1739 4280 ergo
1768 4228 1787 4264 :
1818 4211 1964 4266 Nun-

314 4302 446 4376 quid
463 4305 543 4359 sic
565 4303 926 4376 offenderunt,
948 4310 1009 4357 ut
1027 4303 1327 4358 caderent?
1356 4298 1466 4355 Ubi
1487 4299 1962 4354 subaudiendum

312 4394 421 4459 est,
450 4391 803 4448 solummodo.
836 4391 903 4446 Et
932 4395 1022 4447 est
1049 4406 1262 4447 sensus
1296 4407 1309 4444 :
1357 4388 1549 4443 Nolite
1579 4387 1829 4457 gentiles
1860 4388 1962 4441 ad-

308 4495 513 4536 versus
540 4480 775 4536 Judieos
806 4478 954 4551 (391)
1002 4478 1305 4549 quoniam,
1339 4476 1448 4530 etsi
1479 4475 1866 4542 offenderunt,
1899 4480 1965 4530 ut

309 4569 603 4638 caderent,
631 4585 804 4625 casus
836 4574 1034 4623 tamen
1063 4566 1302 4621 illorum
1334 4580 1449 4618 non
1480 4568 1645 4617 vacat
1672 4579 1685 4616 :
1718 4561 1835 4617 illis
1868 4580 1962 4618 ca-
1993 4586 2040 4651 D

309 4657 606 4728 dentibus,
627 4657 794 4713 vobis
820 4658 957 4711 data
979 4659 1069 4710 est
1091 4652 1319 4709 occasio
1342 4649 1706 4721 resurgendi.
1726 4650 1889 4706 Unde
1908 4656 1964 4707 et

309 4746 584 4802 subditur
609 4763 624 4800 :
658 4745 761 4801 Sed
788 4746 1017 4801 illorum
1046 4743 1246 4796 delicto
1276 4740 1426 4794 salus
1455 4738 1725 4809 gentibus,
1751 4743 1811 4792 ut
1839 4740 1961 4795 illos

305 4836 657 4891 aemulentur.
683 4833 904 4889 Delicto
932 4846 1189 4899 namque
1219 4826 1582 4882 inﬁdelitatis
1601 4826 1959 4897 Judaeorum,

308 4923 472 4980 salus
503 4925 657 4979 facta
686 4925 776 4977 est
805 4921 1105 4992 gentibus,
1132 4915 1407 4988 quoniam
1440 4914 1675 4970 illorum
1709 4916 1960 4971 inﬁdeli-

306 5016 447 5080 tate,
473 5011 751 5084 gentibus
782 5007 1011 5063 occasio
1042 5003 1317 5060 credendi
1347 5004 1483 5060 data
1513 5009 1621 5074 est,
1644 5009 1702 5059 et
1727 5004 1958 5063 salvataa

306 5104 466 5157 sunt.

375 5188 541 5252 Quod
573 5188 770 5242 autem
802 5182 943 5238 dicit
974 5200 987 5239 :
1027 5190 1089 5238 ut
1117 5183 1241 5239 illos
1268 5186 1623 5251 emutentur,
1658 5199 1774 5238 non
1806 5182 1957 5239 acci-

304 5276 592 5349 piendum
615 5276 727 5341 est,
744 5271 901 5343 quod
921 5270 1153 5328 iudices
1171 5271 1232 5327 in
1253 5271 1594 5329 inﬁdelitate
1614 5288 1958 5345 permanen-

373 5485 522 5559 (389)
551 5483 748 5541 Verba
794 5491 909 5539 et...
969 5492 1238 5551 crearent,
1289 5483 1349 5540 in
1404 5485 1671 5559 margine
1728 5484 1955 5543 laterali

301 5561 617 5717 ³ηξωῖιῖῗὲ
663 5630 861 5702 autog.
893 5642 1080 5702 marg.
1112 5625 1325 5698 legitur
1351 5626 1447 5685 hic
1477 5643 1605 5703 cap.
1637 5627 1877 5686 XXXVI.

2072 3319 2213 3389 quod
2258 3320 2402 3389 elegi
2446 3338 2550 3378 eos.
2594 3324 2664 3378 Et
2712 3324 2997 3380 Dominus
3043 3326 3283 3381 Ananiae
3320 3343 3334 3383 :
3392 3326 3552 3399 Vade,
3587 3330 3733 3400 quia

2069 3424 2167 3463 vas
2214 3410 2493 3466 electionis
2533 3415 2611 3466 est
2656 3413 2819 3482 mihi,
2854 3416 2912 3468 ul
2951 3418 3135 3485 portet
3179 3431 3379 3471 nomen
3423 3432 3613 3472 meum
3661 3418 3733 3473 in

2070 3497 2319 3567 gentibus
2358 3498 2491 3569 (Act.
2538 3517 2614 3567 1x,
2649 3501 2759 3572 15).

2142 3585 2442 3649 Quomodo
2464 3604 2601 3661 ergo
2623 3589 2731 3645 hoc
2752 3606 2926 3645 suum
2949 3591 3343 3648 ministerium
3365 3592 3727 3652 honoriﬁca-

2070 3675 2213 3731 bat?
2242 3676 2487 3743 Scilicet,
2515 3678 2653 3750 quia
2674 3696 2789 3734 non
2817 3678 3052 3735 illorum
3074 3685 3305 3737 tantum
3330 3698 3536 3739 curam
3556 3700 3729 3757 gere-

2072 3763 2190 3828 bat,
2214 3766 2273 3819 in
2308 3767 2524 3837 quibus
2547 3767 2875 3839 specialiter
2899 3767 3328 3840 praedicationis
3350 3772 3612 3829 ofﬁcium
3636 3789 3734 3829 ac-

2072 3858 2323 3924 ceperat,
2348 3856 2449 3911 sed
2475 3860 2533 3910 et
2551 3856 2769 3913 Judzeis
2798 3857 3086 3913 instanter
3109 3858 3490 3932 Evangelium
3516 3862 3730 3935 pradi-

2072 3942 2263 3997 cabat.

2142 4031 2257 4086 Cur
2283 4036 2479 4087 autem
2510 4033 2619 4088 hoc
2642 4034 2854 4090 faceret
2882 4036 3008 4108 ipse
3029 4036 3391 4106 manifestat,
3419 4055 3555 4095 cum
3587 4042 3731 4097 sub-

2063 4120 2266 4191 jungit
2290 4136 2303 4174 :
2326 4121 2393 4176 Si
2412 4122 2677 4194 quomodo
2703 4124 2781 4179 ad
2796 4125 3177 4182 aemulandum
3191 4142 3477 4198 provocem
3495 4145 3730 4186 carnem

2073 4225 2274 4265 meam.
2308 4210 2553 4267 Carnem
2583 4228 2775 4280 suam,
2808 4213 2866 4268 id
2898 4219 3008 4283 est,
3038 4214 3268 4287 plebem
3296 4216 3631 4286 Judaicam,
3655 4233 3730 4275 ex

2072 4314 2189 4369 qua
2208 4300 2400 4355 carnis
2424 4300 2709 4372 originem
2732 4303 3009 4374 sumpsit,
3030 4304 3102 4359 ad
3124 4303 3520 4362 simulandum
3553 4322 3639 4375 se,
3663 4307 3729 4364 id

2071 4391 2179 4450 est,
2212 4387 2564 4443 imitandum
2597 4405 2908 4460 provocare
2936 4390 3163 4448 volebat
3192 4409 3207 4448 :
3257 4397 3343 4461 ut,
3378 4393 3533 4450 sicut
3570 4395 3726 4469 ipse,

2070 4474 2148 4529 ita
2176 4480 2233 4530 et
2263 4476 2362 4531 illa
2391 4478 2669 4543 crederet,
2700 4484 2758 4534 et
2788 4478 3129 4536 salvaretur.
3163 4483 3237 4538 Et
3264 4482 3375 4538 hoc
3415 4489 3529 4553 est,
3564 4486 3729 4556 quod

2072 4562 2337 4632 sequitur
2368 4582 2380 4620 :
2441 4566 2502 4620 Ut
2543 4566 2729 4620 salvos
2754 4567 2962 4636 faciam
2990 4569 3201 4640 aliquos
3230 4586 3300 4626 ex
3329 4572 3467 4627 illis.

2142 4650 2230 4716 Et,
2252 4657 2317 4706 ut
2346 4656 2543 4709 tamen
2568 4654 2838 4725 probaret
2858 4672 2972 4711 non
2997 4672 3205 4713 vacare
3230 4654 3433 4715 casum
3457 4659 3727 4729 illorum,

2069 4742 2329 4811 adjecit:
2387 4740 2451 4796 Si
2498 4743 2648 4796 enim
2696 4745 2922 4799 amissio
2967 4760 3180 4813 eorum,
3212 4748 3596 4806 reconciliatio
3645 4759 3734 4808 est

2067 4830 2281 4898 mundi,
2315 4845 2437 4900 quae
2465 4834 2785 4902 assumptio,
2816 4834 2933 4888 nisi
2960 4835 3076 4888 vita
3112 4850 3181 4889 ea:
3222 4838 3498 4892 mortuis?
3526 4839 3727 4895 Amis-

2069 4918 2292 4973 sionem
2313 4919 2646 4974 Judazorum
2677 4920 3063 4991 perditionem
3085 4928 3270 4991 vocat,
3295 4940 3427 4996 quae
3455 4925 3613 4982 facta
3631 4932 3731 4984 est

2067 5024 2171 5080 per
2192 5007 2612 5075 inﬁdelitatem,
2630 5025 2757 5080 quis
2778 5010 3171 5067 reconciliatio
3198 5014 3404 5068 mundi
3434 5014 3566 5083 fuit,
3585 5032 3731 5087 quo-

2066 5096 2224 5151 niam
2247 5096 2361 5152 illis
2390 5097 2450 5152 in
2474 5097 2814 5153 inﬁdelitate
2836 5100 3337 5170 permanantibus,
3355 5103 3647 5171 mundus,
3664 5104 3728 5160 id

2066 5188 2176 5251 est,
2205 5185 2561 5257 habitatores
2584 5186 2810 5257 mundi,
2836 5188 2907 5241 ad
2934 5187 3406 5258 praedicationem
3430 5192 3731 5263 apostolo-

2065 5291 2219 5340 rum,
2251 5275 2351 5345 qui
2381 5274 2608 5347 expulsi
2651 5279 2810 5347 sunt,
2841 5276 3128 5335 credendo
3160 5278 3523 5336 reconciliati
3556 5286 3724 5354 sunt,

2156 5559 2279 5637 ἓξὲξ)
2314 5563 2377 5637 in
2401 5564 2841 5637 _aut9g._marg.
2871 5560 2968 5616 hic
2996 5559 3247 5619 habetur
3272 5578 3401 5637 cap.
3436 5563 3724 5627 XXXVII.

2157 5487 2281 5555 391)
2313 5487 2579 5545 Fortasse
2609 5488 2821 5555 extolli,
2849 5487 2942 5543 vel
2982 5489 3174 5544 irasci.

2157 5487 2254 5542 391
2313 5487 2579 5545 Fortasse
2609 5488 2760 5544 extat

2156 5559 2261 5612 392
2314 5563 2377 5613 In
2417 5564 2613 5632 autog.
2653 5575 2760 5616 mai

2154 5487 2281 5705 393i
2316 5628 2476 5702 Vulg.
2509 5630 2760 5688 Saulum.

2134 5488 2151 5706 ἕ
