3996 6232
134 344 246 407 253

762 345 1183 408 EXPOSITIO
1225 345 1306 407 IN
1350 345 1774 409 EPISTOLAS
1820 344 2057 408 PAULI
2087 380 2166 393 —
2193 346 2273 409 IN
2321 346 2573 411 EPIST.
2618 348 2722 411 AD
2773 347 2968 412 ROM.

3459 354 3578 416 254

128 477 534 552 ρνευθηίεηιεε
565 476 1064 549 (subintelligitur
1095 478 1252 534 enim
1298 479 1412 545 hic,
1460 478 1610 535 sicut
1637 485 1694 535 et
1722 479 1817 533 in-
1846 480 1901 546 Α
1930 495 2061 534 vero
2094 480 2342 552 speciale
2374 483 2765 553 commendat,
2818 482 2972 554 quod
3023 483 3331 557 praecipuis
3362 484 3558 541 Christ

133 566 451 639 superiori,
471 567 710 635 estote).
734 570 927 621 Monet
950 584 1086 638 ergo
1112 585 1215 622 nos
1240 568 1544 638 Apostolus
1570 568 1812 624 invicem

131 656 461 729 praevenire
480 655 824 711 dilectionis
844 656 1155 723 honore,ut
1170 658 1542 713 fraternitatis
1559 658 1813 713 Charitas

133 748 190 801 iu
225 746 410 801 nobis
441 746 639 816 magis
672 749 1077 799 confirmetur.

201 836 319 890 Sed
360 834 505 905 quid
540 833 655 889 sibi
688 834 836 900 vult,
890 835 1042 905 quod
1077 834 1389 890 subditur:
1432 835 1813 891 Sollicitudine

132 940 241 979 non
270 925 453 994 pigri,
487 939 621 976 cum
658 923 936 993 superius
960 923 1203 977 dixerit:
1235 925 1578 995 Quipra’est,
1614 928 1673 979 in
1703 927 1809 980 sol-

135 1012 444 1068 licitudine
470 1013 669 1082 prmsit
696 1016 720 1063 γ
751 1011 993 1066 Videtur
1025 1012 1183 1065 enim
1208 1012 1297 1066 bis
1320 1012 1376 1066 id
1400 1030 1529 1067 esse
1562 1015 1806 1069 dictum.

130 1102 576 1156 Verumtamen
615 1100 941 1169 sciendum,
996 1101 1135 1171 quia
1176 1101 1448 1172 superius
1495 1104 1808 1173 specialem

131 1190 430 1263 praecepit
458 1188 935 1253 sollicitudinem,
983 1207 1159 1260 quam
1215 1191 1323 1245 soli
1355 1192 1567 1246 debent
1598 1193 1809 1247 habere

131 1278 418 1352 praelati;
454 1278 549 1333 hic
578 1294 704 1333 vero
752 1280 1107 1349 generalem,
1160 1296 1335 1349 quam
1370 1296 1575 1335 omnes
1608 1281 1807 1336 ﬁdeles

136 1372 383 1438 oportet
414 1367 625 1422 habere
655 1368 894 1436 scilicet,
924 1373 988 1422 ut
1038 1368 1273 1422 solliciti
1314 1368 1528 1422 diaboli
1564 1370 1806 1425 insidias

133 1456 335 1511 vitent
366 1456 533 1526 (415).
570 1455 781 1510 Fidelis
812 1457 970 1510 enim
1003 1457 1257 1526 quisque
1293 1456 1511 1512 animal
1543 1458 1641 1513 Dei
1673 1464 1802 1514 est:

140 1541 367 1597 animal
400 1546 595 1596 autem
632 1542 729 1597 Dei
760 1543 1057 1598 oculatum
1089 1560 1218 1599 esse
1247 1545 1433 1611 decet,
1466 1550 1529 1599 ut
1563 1547 1806 1602 circum-

139 1646 377 1702 quaque
409 1630 754 1701 prospiciat,
784 1648 855 1687 ne
886 1631 1115 1687 diabolo
1137 1633 1420 1704 capiatur.
1457 1638 1617 1690 Hanc
1649 1636 1805 1691 solli-

141 1720 472 1775 citudinem
498 1720 708 1774 beatus
732 1720 935 1776 Petrus
960 1721 1260 1792 apostolus
1281 1722 1467 1789 docet,
1494 1724 1800 1795 inquiens:

136 1809 384 1865 Solliciti
416 1811 601 1875 estote,
632 1814 685 1864 et
713 1811 946 1880 vigilate
977 1811 1145 1880 (416),
1180 1815 1286 1865 etc.

206 1899 432 1968 Spiritu
459 1900 751 1969 ferventes,
801 1900 1028 1955 Domino
1069 1901 1365 1956 servientes
1409 1901 1803 1972 (subauditur,

138 1988 362 2058 estote).
410 1987 639 2058 Spiritu
698 1988 983 2043 ferventes
1040 2006 1166 2045 esse
1226 1993 1521 2059 monetur,
1579 1995 1644 2045 ut
1676 1991 1808 2062 igne

140 2074 446 2131 charitatis
478 2076 733 2143 accensi,
784 2093 852 2131 ea
892 2093 1063 2149 agere
1110 2078 1477 2145 studeamus,
1532 2095 1657 2149 quas
1690 2080 1806 2135 Deo

140 2164 429 2237 placeant,
466 2182 540 2221 ne
571 2166 715 2220 forte
747 2166 975 2221 dicatur
1008 2167 1197 2233 nobis,
1246 2168 1398 2238 quod
1431 2168 1718 2224 Dominus
1750 2170 1807 2224 in

142 2254 499 2327 Apocalypsi
535 2254 817 2311 Laodicia:
867 2257 1017 2326 (417)
1048 2256 1314 2311 Ecclesia;
1366 2257 1572 2329 angelo
1628 2259 1803 2313 dicit:

147 2344 377 2399 Utinam
404 2359 553 2398 esses
601 2344 826 2410 calidus,
880 2348 977 2398 aut
1022 2345 1297 2415 frigidus:
1354 2346 1446 2400 sed
1494 2349 1623 2417 quia
1672 2350 1809 2418 tepi-

145 2432 249 2487 dus
311 2448 387 2499 es,
423 2434 688 2503 incipiam
736 2442 784 2489 te
813 2450 1060 2489 evomere
1105 2450 1178 2490 ex
1226 2450 1323 2490 ore
1351 2451 1469 2491 meo
1502 2438 1687 2507 (Apoc.
1723 2454 1809 2503 ιιι,

160 2523 244 2586 15,
283 2522 393 2591 16).

222 2611 334 2666 Sed
365 2610 512 2681 quid
541 2609 649 2665 sibi
670 2611 811 2677 vult,
840 2613 995 2683 quod
1020 2628 1125 2667 nos
1148 2612 1240 2668 hic
1263 2612 1593 2684 specialiter
1613 2615 1810 2669 admo-

158 2704 251 2755 net
282 2716 410 2755 esse
442 2701 556 2754 Deo
584 2702 919 2756 servientes?
949 2701 1042 2756 Sic
1084 2703 1238 2757 enim
1282 2703 1457 2757 verba
1488 2720 1692 2759 sonare
1722 2704 1806 2758 vi-

158 2788 382 2857 dentur,
415 2790 591 2860 quasi
624 2789 724 2860 qui
765 2806 832 2845 ea
878 2790 1032 2859 facit,
1084 2808 1209 2862 qua:
1260 2792 1530 2862 superius
1562 2794 1806 2862 dixerat,

160 2894 265 2932 non
298 2879 516 2933 serviat
548 2879 688 2933 Deo.
718 2881 988 2934 Attamen
1015 2880 1318 2936 sciendum
1353 2881 1491 2952 quia
1538 2882 1674 2937 licet
1705 2884 1805 2953 qui

158 2967 541 3037 praecedentia
584 2967 809 3022 faciunt
849 2967 965 3023 Deo
1014 2969 1288 3033 serviant,
1341 2969 1450 3026 hoc
1478 2971 1809 3041 specialiter

155 3056 462 3126 Apostolus
480 3058 899 3112 commendare
922 3056 1122 3124 voluit,
1146 3059 1252 3113 hoc
1274 3059 1612 3126 admonere,
1636 3061 1805 3131 quid-

155 3144 290 3215 quid
310 3146 565 3217 agimus,
587 3150 827 3217 propter
844 3146 1072 3201 nullum
1092 3152 1386 3202 terrenum
1406 3151 1804 3215 commodum,

155 3234 250 3288 sed
284 3240 526 3307 propter
554 3235 657 3290 Dei
710 3239 941 3291 tantum

155 3325 258 3388 est,
291 3328 353 3377 ut
380 3323 463 3378 illi
504 3323 737 3394 placere
771 3325 1090 3395 possimus.

222 3411 321 3483 Spe
374 3412 698 3483 gaudentes.
750 3413 837 3468 Illi
886 3431 987 3485 spe
1035 3415 1307 3485 gaudent,
1364 3416 1463 3487 qui
1521 3418 1804 3488 gaudium

154 3504 379 3555 aeterna:
408 3501 797 3558 beatitudinis
840 3502 923 3557 ita
968 3502 1187 3558 habent
1224 3504 1282 3558 in
1333 3521 1457 3575 spe,
1485 3505 1653 3575 quasi
1676 3507 1803 3577 jam

155 3587 413 3643 habeant
434 3588 499 3643 in
528 3603 609 3643 re.
634 3590 838 3646 Etideo
860 3590 1147 3663 quidquid
1170 3594 1394 3649 adversi
1419 3595 1725 3665 patiuntur
1745 3596 1803 3650 in

156 3677 267 3731 hoc
296 3677 527 3745 saeculo,
573 3679 858 3749 patienter
895 3682 1107 3736 ferunt.
1148 3683 1213 3735 Et
1259 3682 1331 3737 ob
1360 3683 1469 3737 hoc
1500 3684 1805 3754 subjunxit

156 3766 505 3837 Apostolus:
536 3770 603 3823 In
636 3769 1003 3825 tribulatione
1026 3773 1309 3841 patientis.
1344 3772 1488 3827 Hinc
1518 3772 1798 3830 Jacobus:

157 3854 321 3913 Omne
344 3857 619 3925 gaudium
658 3860 964 3925 exstimate,
996 3862 1195 3929 fratres
1238 3877 1362 3916 cum
1392 3864 1453 3916 in
1482 3864 1803 3918 tentationes

154 3948 329 4001 varias
350 3948 665 4002 incideritis
698 3948 837 4016 (Jac.
869 3965 909 4014 ι,
940 3949 1017 4017 2).

220 4035 417 4105 Igitur,
445 4037 591 4107 quia
612 4036 737 4090 hinc
760 4052 927 4091 nemo
951 4038 1229 4108 consequi
1252 4043 1459 4110 potest,
1487 4040 1599 4096 nisi
1625 4042 1803 4097 conti-

154 4138 265 4178 nua
295 4125 577 4192 oratione,
614 4126 955 4196 subjunxit;
984 4127 1234 4183 Orationi
1263 4130 1531 4184 instantes
1559 4132 1802 4201 (subau—

154 4211 326 4279 ditur,
356 4218 584 4283 estote).
616 4215 688 4268 Et
708 4220 862 4269 nota.
888 4216 1027 4286 quia
1048 4233 1163 4271 non
1186 4216 1266 4271 ait
1286 4222 1537 4288 tantum,
1571 4226 1802 4277 orantes

154 4302 316 4374 (418),
364 4306 743 4373 sed,orationi
787 4307 1068 4360 instantes.
1094 4306 1219 4361 Non
1274 4309 1429 4362 enim
1483 4309 1701 4364 sufﬁcit
1730 4312 1800 4365 ad

153 4396 377 4465 tempus
399 4394 601 4450 solum
630 4410 818 4459 orare,
841 4394 953 4450 nisi
978 4399 1033 4449 et
1055 4396 1330 4451 continue
1351 4413 1604 4452 oremus.
1642 4398 1801 4455 Unde
1818 4383 1830 4397 ’

152 4478 207 4534 in
236 4482 542 4555 Evangelio
584 4482 869 4539 Dominus
897 4484 1077 4539 dicit:
1104 4483 1332 4541 Orantes
1363 4488 1515 4541 omni
1543 4496 1798 4558 tempore,

1924 570 2205 624 membris
2236 577 2322 625 est
2346 572 2764 627 exhibendum.

1992 677 2591 733 Animadvertandum
2641 696 2775 733 vero
2826 683 2934 745 est,
2988 695 3099 749 quo
3143 680 3318 735 verbo
3378 685 3579 737 utatur

1919 765 2270 835 Apostolus;
2304 766 2381 821 ait
2411 767 2568 821 enim
2595 784 2607 821 :
2642 768 3066 822 Necessitatibus
3089 773 3399 825 sanctorum
3430 787 3576 825 com-

1920 857 2285 920 municantes,
2318 856 2372 909 id
2398 862 2504 921 est,
2540 857 2956 927 participantes
2983 877 2996 921 ς
3032 874 3095 911 ac
3127 857 3175 912 si
3199 864 3394 929 aperte
3419 860 3573 916 dice-

1922 949 2041 998 ret:
2080 944 2178 1011 Ea,
2212 962 2338 1015 quze
2386 951 2578 999 vestra
2609 952 2772 1011 sunt,
2825 963 2940 1001 non
2985 951 3265 1019 tanquam
3298 952 3490 1003 vestra
3520 954 3576 1005 et

1922 1034 2173 1103 propria,
2204 1035 2303 1088 sed
2338 1040 2619 1103 tanquam
2674 1034 2864 1090 aliena
2906 1040 2963 1090 et
2993 1036 3331 1091 communia
3362 1038 3574 1092 Condi-

1920 1121 2063 1175 toris
2118 1123 2270 1177 doua
2320 1123 2599 1178 membris
2646 1123 2857 1179 Christi
2913 1123 3219 1195 praecipuis
3274 1124 3574 1197 impertire

1918 1211 2089 1279 (419).

1988 1301 2423 1371 Hospitalitatem
2461 1304 2754 1356 sectantes.
2803 1302 2951 1357 Nota
2982 1303 3121 1373 quia
3152 1320 3265 1359 non
3301 1305 3571 1376 praecepit

1916 1386 2233 1459 hospitales
2255 1391 2509 1455 esse,sed
2528 1390 2986 1462 hospitalitatem
3007 1392 3238 1447 sectari.
3254 1393 3571 1464 Hospitalis

1916 1478 2133 1549 quippe
2165 1485 2272 1545 est,
2308 1479 2406 1550 qui
2451 1480 2745 1535 venientes
2777 1482 2846 1536 ad
2900 1497 2960 1536 se
2991 1481 3252 1553 hospites
3284 1481 3570 1554 suscipit;

1915 1564 2373 1637 hospitalitatem
2395 1573 2669 1636 sectatur,
2686 1572 2785 1641 qui
2801 1569 2990 1641 villas,
3010 1570 3298 1643 etplateas
3317 1569 3573 1628 civitatis

1915 1656 2140 1723 circuit,
2167 1674 2236 1712 ne
2259 1658 2403 1712 forte
2420 1658 2633 1729 aliquis
2653 1675 2978 1731 pauperum
3004 1660 3128 1716 sine
3144 1665 3293 1716 tecto
3312 1663 3568 1728 maneat,

1914 1744 1999 1799 vel
2031 1744 2210 1799 ullam
2242 1746 2569 1801 molestiam
2608 1749 2891 1819 patiatur.

1832 1851 1882 1916 B
1983 1852 2288 1907 Benedicite
2316 1855 2762 1923 persequentibus
2796 1871 2902 1909 vos.
2938 1855 3006 1909 Et
3038 1860 3128 1910 est
3158 1872 3368 1911 sensus
3400 1856 3568 1911 :Jam

1918 1940 2173 1995 innovati
2191 1940 2487 2010 estis,jam
2504 1942 2635 1995 novi
2654 1942 2910 1997 hominis
2923 1946 3161 2013 gustum
3182 1945 3567 2015 percepistiis,

1917 2030 2163 2101 ideoque
2213 2029 2475 2085 maledici
2525 2046 2652 2084 esse
2701 2047 2816 2085 non
2868 2031 3127 2085 debetis:
3165 2048 3300 2085 nam
3351 2048 3419 2086 ex
3448 2049 3567 2100 ore,

1919 2133 2033 2187 quo
2068 2118 2325 2187 procedit
2358 2118 2702 2185 benedictio,
2750 2117 3077 2172 maledictio
3111 2119 3417 2189 procedere
3451 2136 3566 2173 non

1918 2205 2110 2268 debet,
2145 2204 2295 2259 sicut
2324 2205 2476 2259 enim
2524 2206 2779 2261 Jacobus
2831 2206 2973 2261 dicit
3021 2208 3162 2276 (Jac.
3197 2224 3282 2275 ιιι,
3319 2208 3403 2277 11)
3439 2224 3452 2273 ;
3488 2207 3569 2262 Ex

1919 2310 2035 2347 uno
2081 2294 2235 2348 fonte
2283 2294 2489 2362 dulcis,
2541 2300 2597 2349 et
2644 2311 2845 2350 amara
2895 2312 3049 2367 aqua
3100 2295 3411 2367 procedere
3449 2313 3566 2351 non

1919 2387 2132 2454 potest.

1990 2488 2295 2545 Benedieitc
2323 2498 2373 2544 et
2410 2491 2585 2545 nolite
2638 2491 2980 2546 maledicere.
3024 2491 3133 2545 Sed
3184 2491 3565 2562 quaerendum

1918 2595 2097 2649 quare
2129 2579 2449 2649 subjungat
2492 2579 2805 2652 Apostolus
2832 2597 2843 2635 :
2871 2579 3122 2635 Gundere
3165 2595 3290 2633 cum
3319 2578 3565 2648 gauden-

1917 2668 2067 2723 tibus
2092 2668 2386 2739 lNunquid
2401 2669 2777 2740 gaudendum
2793 2676 2877 2723 est
2893 2685 3023 2723 cum
3051 2668 3165 2734 his,
3189 2668 3285 2737 qui
3305 2668 3375 2723 de
3397 2667 3565 2723 bonis

1916 2756 2360 2828 temporalibus,
2375 2757 2511 2812 etde
2526 2761 2710 2811 morte
2727 2774 2967 2812 suorum
2983 2756 3356 2812 inimicorum
3369 2756 3569 2813 laetan-

1914 2848 2013 2899 tur
2032 2846 2058 2898 ‘?
2075 2844 2255 2900 Absit.
2274 2846 2383 2901 Sed
2404 2847 2731 2912 sciendum,
2746 2846 2986 2917 quiaest
3003 2846 3284 2918 gaudium
3308 2846 3562 2914 carnale,

1915 2936 1985 2989 de
2013 2951 2127 3004 quo
2162 2935 2440 2990 Dominus
2483 2934 2659 2991 dicit:
2720 2937 2800 2990 Vae
2852 2937 3023 3002 vobis,
3056 2938 3152 3006 qui
3183 2935 3378 2991 ridetis
3409 2937 3565 3006 (Luc.

1913 3039 1991 3089 v1,
2022 3024 2112 3093 25)
2140 3038 2151 3076 :
2182 3028 2270 3077 est
2300 3028 2357 3078 et
2388 3023 2667 3094 spiritale,
2701 3024 2772 3079 de
2816 3042 2931 3095 quo
2963 3024 3100 3080 alibi
3133 3025 3285 3080 idem
3316 3028 3567 3097 Aposto-

1914 3110 2007 3166 lus
2038 3129 2049 3166 :
2080 3111 2312 3167 Gaudete
2343 3114 2401 3166 in
2423 3115 2649 3169 Domino
2677 3130 2890 3184 semper
2918 3114 3185 3185 (Philipp.
3212 3132 3295 3177 ιιι,
3322 3114 3395 3183 1).
3418 3117 3562 3170 Cum

989 3199 1804 3307 .ssgiggs'EasQJsja
1835 3222 1876 3288 α
1917 3199 2200 3307 merso
2231 3202 2607 3307 εαυεξεξηάυιξι
2628 3206 2746 3307 ρει,
2782 3202 2882 3307 «iui
2914 3203 2983 3307 «ie
3004 3203 3176 3301 bonis,
3200 3201 3565 3301 ερίςίιειίδυε

1916 3290 2193 3361 gaudent,
2226 3295 2282 3343 et
2311 3290 2381 3344 ad
2413 3290 2519 3344 hoc
2570 3290 2855 3357 laborant,
2909 3296 2973 3344 ut
3023 3290 3261 3345 nomina
3298 3290 3563 3360 ipsorum

1914 3378 2247 3433 scribantur
2276 3376 2333 3431 in
2369 3378 2531 3444 ccelo,
2568 3377 2783 3448 quibus
2813 3383 2869 3432 et
2900 3377 3183 3432 Dominus
3213 3378 3390 3444 dicit;
3425 3377 3565 3433 Gau-

1912 3466 2050 3530 dete,
2083 3470 2136 3519 et
2166 3466 2454 3532 exsatiate,
2487 3467 2618 3536 quia
2648 3468 2876 3521 nomina
2905 3474 3081 3522 vestra
3107 3466 3313 3536 scripta
3340 3474 3469 3521 sunt
3500 3469 3564 3522 in

1912 3555 2044 3608 cazto
2080 3555 2271 3624 (Lucx,
2304 3556 2419 3624 20).

1984 3662 2137 3716 Flere
2185 3677 2311 3717 cum
2364 3662 2619 3731 ﬂentibus
2678 3662 3075 3733 (subauditur,
3123 3663 3387 3734 oportet).
3448 3663 3561 3719 Sed

1912 3750 2181 3822 nunquid
2202 3768 2334 3805 cum
2350 3750 2442 3806 his
2458 3751 2714 3806 ﬂendum
2729 3756 2837 3817 est,
2852 3752 2950 3824 qui
2966 3751 3562 3824 damnatemporalia,

1913 3846 2013 3896 aut
2044 3844 2287 3895 mortem
2322 3842 2781 3913 propinquorum
2808 3842 3069 3897 deﬂent?
3099 3842 3222 3896 Non
3252 3858 3265 3910 ;
3290 3842 3389 3899 sed
3419 3858 3561 3898 cura

1910 3929 2003 3984 his
2036 3930 2156 4001 qui,
2215 3928 2300 3984 vel
2352 3947 2479 3997 sua,
2528 3930 2615 3985 vel
2664 3931 2913 3987 aliorum
2964 3932 3179 3987 deﬂent
3216 3934 3470 4003 peccata,
3504 3937 3564 3987 et

1910 4035 2104 4075 moras
2134 4018 2459 4075 Conditoris
2499 4020 2888 4075 differuntur:
2938 4020 3128 4092 qualis
3160 4026 3283 4076 erat
3308 4020 3426 4091 ille,
3460 4022 3561 4091 qui

1912 4108 2178 4164 dicebat:
2216 4109 2423 4162 Lavabo
2466 4124 2567 4178 per
2612 4110 2862 4177 singulas
2908 4118 3084 4165 noctes
3125 4110 3325 4165 lectum
3352 4124 3555 4180 meum,

1911 4198 2172 4268 lacrymis
2203 4201 2436 4251 stratum
2468 4213 2650 4251 meum
2680 4198 2865 4267 rigabo
2894 4198 3065 4268 (Psal.
3102 4215 3177 4262 v1,
3208 4199 3285 4269 7).

1981 4304 2040 4359 Id
2068 4306 2242 4375 ipsum
2270 4305 2502 4357 invicem
2546 4305 2841 4357 sentientes
2890 4303 3285 4374 (subauditur,
3326 4304 3554 4373 estote).

1909 4398 1989 4450 Ac
2019 4394 2067 4448 si
2100 4396 2294 4464 aperte
2346 4392 2598 4447 diceret:
2638 4391 2825 4446 Nolite
2877 4390 3228 4445 dissidentes
3271 4406 3421 4457 esse,
3454 4394 3556 4448 sed

1911 4500 2037 4554 quae
2070 4483 2139 4537 de
2168 4481 2351 4547 vobis,
2383 4482 2583 4537 eadem
2617 4482 2825 4536 sentite
2857 4481 2928 4535 de
2960 4479 3254 4535 fratribus.
3289 4480 3403 4534 Non
3438 4480 3557 4535 alla

152 4575 207 4625 ut
232 4571 387 4640 digni
431 4573 765 4629 habeamini
793 4575 948 4643 (Luc.
1007 4590 1121 4639 xxx,
1168 4574 1279 4644 36),
1331 4579 1442 4630 etc.
1490 4575 1633 4630 Hinc
1664 4575 1803 4631 alibi
1834 4592 1881 4655 D
1910 4574 2181 4643 sapientes
2204 4571 2597 4641 (subauditur,
2621 4570 2791 4643 sitis).
2810 4571 3005 4625 Altum
3026 4586 3227 4640 sapere
3246 4572 3332 4624 est
3354 4584 3555 4639 super-

151 4656 295 4715 idem
324 4662 687 4734 Apostolus:
744 4662 874 4717 Sine
920 4664 1330 4719 intermissione
1374 4672 1522 4719 orate
1553 4665 1597 4735 (Ι
1630 4664 1798 4721 Thess.

151 4763 200 4814 v,
231 4750 334 4820 17).

213 4838 650 4897 Necessitatibus
720 4844 1035 4896 sanctorum
1098 4845 1580 4898 communicantes.
1641 4844 1801 4907 Quae-

151 4928 388 4983 rendum
423 4934 515 4985 est
548 4946 659 4984 cur
676 4928 787 4984 hoc
808 4929 1125 5001 Apostolus
1147 4932 1503 5005 praeceperit,
1536 4950 1667 4987 cum
1702 4952 1800 4988 su-

152 5016 339 5084 perius
370 5019 627 5075 dixerit:
664 5020 772 5084 Qui
804 5019 1030 5091 tribuit,
1055 5020 1112 5075 in
1137 5021 1514 5093 simplicitate
1543 5022 1798 5094 tribuatI;

148 5105 372 5163 videtur
397 5109 560 5164 enim
595 5124 783 5163 unum
816 5124 961 5164 esse.
995 5110 1069 5163 At
1104 5110 1433 5179 sciendum,
1466 5110 1603 5181 quia
1628 5128 1799 5183 supe-

150 5192 263 5251 rius
290 5197 565 5269 generale
588 5214 740 5270 opus
766 5197 1177 5255 misericordiae
1209 5199 1640 5257 commendavit
1664 5217 1675 5254 :
1706 5199 1799 5256 hic

1912 4662 2064 4718 bire:
2101 4661 2222 4715 haec
2251 4660 2405 4715 euim
2438 4660 2728 4716 sententia
2756 4660 2888 4716 illos
2933 4658 3271 4732 spiritaliter
3298 4657 3553 4728 respicit,

1912 4752 2013 4823 qui
2045 4751 2115 4805 de
2145 4749 2269 4806 suis
2302 4749 2545 4817 meritis,
2571 4754 2627 4806 et
2647 4750 2983 4805 Judaeorum
3006 4747 3329 4819 abjectione
3351 4746 3560 4819 gloria-

1912 4840 2147 4895 bantur.

1983 4928 2087 4985 Sed
2118 4928 2420 4983 humilibus
2450 4930 2862 4985 consentientes.
2914 4926 3177 4984 Humiles
3209 4926 3340 4983 illos
3369 4932 3555 4996 vocat,

1910 5019 1981 5075 de
2012 5018 2227 5089 quibus
2260 5018 2545 5073 Dominus
2576 5018 2634 5072 in
2669 5018 2975 5091 Evangelio
3024 5017 3203 5072 dicit:
3232 5018 3387 5072 Beati
3408 5034 3557 5088 pau-

1908 5125 2064 5178 peres
2092 5109 2295 5180 spiritu
2334 5107 2541 5179 (Matth.
2583 5124 2635 5175 v,
2684 5110 2760 5177 3),
2816 5108 2870 5163 id
2917 5112 3027 5172 est,
3077 5106 3330 5161 humiles
3361 5106 3555 5161 corde.

1908 5199 2009 5255 His
2043 5215 2147 5254 nos
2181 5196 2495 5269 Apostolus
2543 5197 2971 5253 consentientes
3000 5212 3129 5252 esse
3167 5196 3463 5263 admonet,
3496 5194 3556 5249 id

214 5353 456 5443 (μῶλυ
486 5359 688 5443 antgg.
722 5372 907 5443 marg.
941 5359 1169 5443 laterali
1198 5359 1477 5443 leguntur
1500 5358 1594 5413 hic
1625 5360 1800 5443 verba
1904 5361 2219 5443 prudentes.

148 5420 297 5503 haec:
338 5420 539 5503 ἀις-ει
596 5420 925 5503 νὲνεειιὶηἷιδ
970 5431 1165 5503 diacon
1207 5420 1309 5503 pi:
1360 5448 1486 5503 quae
1533 5432 1709 5486 verba
1738 5432 1797 5487 in

149 5500 321 5574 parte,
355 5498 606 5574 scilicet,
638 5502 795 5570 quod
827 5498 1221 5559 Vercellinum
1250 5498 1474 5570 attinet,
1510 5504 1796 5574 interpre-

151 5568 425 5624 tationem
459 5568 786 5627 sortientur
816 5574 872 5629 in
906 5574 1018 5630 ﬁne
1040 5576 1429 5631 Epistolarum
1462 5568 1577 5631 divi
1612 5568 1793 5630 Pauli.

216 5638 360 5713 (416)
390 5644 416 5694 l
444 5646 601 5699 Petr.
653 5661 731 5711 ιν,
760 5645 816 5700 7.
865 5645 949 5702 Ibi
991 5638 1161 5721 Vulg.
1209 5648 1333 5706 loco
1362 5647 1593 5705 solliciti
1622 5647 1799 5704 habet

1979 5432 2123 5502 (417)
2157 5434 2221 5481 In
2254 5429 2450 5497 autog.
2484 5427 2795 5502 Laodocise.

1979 5500 2125 5579 (μθ)
2157 5504 2221 5579 1n
2243 5502 2448 5579 ,θυίρες
2480 5500 2778 5579 οναέίφηςδ-
2893 5571 2971 5579 ..
3120 5570 3129 5579 .
3294 5572 3328 5579 Α.
3440 5565 3453 5579 .
3539 5566 3550 5576 .

1978 5565 2127 5643 (419)
2159 5565 2537 5643 Subauditur,
2562 5570 2787 5643 debetis,
2822 5571 2929 5641 vel,
2960 5572 3082 5625 loco
3108 5570 3407 5639 impertire,
3439 5565 3551 5636 legi

1907 5640 2153 5703 fortasse
2180 5641 2371 5710 debet,
2404 5640 2789 5713 impertimini.
