  <div class='ocr_page' id='page_1' title='image "/cluster/home/n/w/nwhite01/storage/ocr_20150623/134-135/uva.x000829784/143.png"; bbox 0 0 3996 6232; ppageno 0'>
   <div class='ocr_carea' id='block_1_1' title="bbox 379 332 498 402">
    <p class='ocr_par' dir='ltr' id='par_1_1' title="bbox 379 332 498 402">
     <span class='ocr_line' id='line_1_1' title="bbox 379 332 498 402; baseline 0 -10"><span class='ocrx_word' id='word_1_1' title='bbox 379 332 498 402; x_wconf 71' lang='grc'>255</span> 
     </span>
    </p>
   </div>
   <div class='ocr_carea' id='block_1_2' title="bbox 1393 332 2766 396">
    <p class='ocr_par' dir='ltr' id='par_1_2' title="bbox 1393 332 2766 396">
     <span class='ocr_line' id='line_1_2' title="bbox 1393 332 2766 396; baseline -0.002 -1"><span class='ocrx_word' id='word_1_2' title='bbox 1393 332 1733 396; x_wconf 81' lang='lat' dir='ltr'>ATTONIS</span> <span class='ocrx_word' id='word_1_3' title='bbox 1776 332 2364 396; x_wconf 77' lang='lat' dir='ltr'>VERCELL‘ENSIS</span> <span class='ocrx_word' id='word_1_4' title='bbox 2409 332 2766 394; x_wconf 86' lang='lat' dir='ltr'>EPISCOPI</span> 
     </span>
    </p>
   </div>
   <div class='ocr_carea' id='block_1_3' title="bbox 3681 329 3842 392">
    <p class='ocr_par' dir='ltr' id='par_1_3' title="bbox 3681 329 3842 392">
     <span class='ocr_line' id='line_1_3' title="bbox 3681 329 3842 392; baseline 0 0"><span class='ocrx_word' id='word_1_5' title='bbox 3681 329 3842 392; x_wconf 71' lang='lat'>256</span> 
     </span>
    </p>
   </div>
   <div class='ocr_carea' id='block_1_4' title="bbox 383 461 3840 537">
    <p class='ocr_par' dir='ltr' id='par_1_4' title="bbox 383 461 3840 537">
     <span class='ocr_line' id='line_1_4' title="bbox 383 461 3840 537; baseline -0.001 -15"><span class='ocrx_word' id='word_1_6' title='bbox 383 467 492 534; x_wconf 85' lang='lat' dir='ltr'>est,</span> <span class='ocrx_word' id='word_1_7' title='bbox 525 466 592 519; x_wconf 90' lang='lat' dir='ltr'>ut</span> <span class='ocrx_word' id='word_1_8' title='bbox 618 461 680 519; x_wconf 90' lang='lat' dir='ltr'>in</span> <span class='ocrx_word' id='word_1_9' title='bbox 736 461 1046 536; x_wconf 88' lang='lat' dir='ltr'>colloquio,</span> <span class='ocrx_word' id='word_1_10' title='bbox 1107 464 1464 533; x_wconf 73' lang='lat' dir='ltr'>affabilitate,</span> <span class='ocrx_word' id='word_1_11' title='bbox 1523 471 1581 522; x_wconf 87' lang='lat' dir='ltr'>et</span> <span class='ocrx_word' id='word_1_12' title='bbox 1632 483 1942 532; x_wconf 90' lang='lat' dir='ltr'>consensu,</span> <span class='ocrx_word' id='word_1_13' title='bbox 1970 469 2029 522; x_wconf 86' lang='lat' dir='ltr'>et</span> <span class='ocrx_word' id='word_1_14' title='bbox 2056 467 2108 532; x_wconf 82' lang='grc' dir='ltr'>Α</span> <span class='ocrx_word' id='word_1_15' title='bbox 2210 464 2526 537; x_wconf 85' lang='lat' dir='ltr'>Sequitur:</span> <span class='ocrx_word' id='word_1_16' title='bbox 2556 465 2616 519; x_wconf 90' lang='lat' dir='ltr'>Si</span> <span class='ocrx_word' id='word_1_17' title='bbox 2643 466 2770 534; x_wconf 79' lang='lat' dir='ltr'>ﬁeri</span> <span class='ocrx_word' id='word_1_18' title='bbox 2810 469 3003 536; x_wconf 84' lang='lat' dir='ltr'>potest,</span> <span class='ocrx_word' id='word_1_19' title='bbox 3055 463 3198 536; x_wconf 88' lang='lat' dir='ltr'>quod</span> <span class='ocrx_word' id='word_1_20' title='bbox 3245 479 3320 519; x_wconf 70' lang='lat' dir='ltr'>ex</span> <span class='ocrx_word' id='word_1_21' title='bbox 3346 462 3500 520; x_wconf 81' lang='lat' dir='ltr'>vobis</span> <span class='ocrx_word' id='word_1_22' title='bbox 3534 466 3636 535; x_wconf 83' lang='lat' dir='ltr'>est,</span> <span class='ocrx_word' id='word_1_23' title='bbox 3676 479 3840 520; x_wconf 77' lang='lat' dir='ltr'>cum</span> 
     </span>
    </p>
   </div>
   <div class='ocr_carea' id='block_1_5' title="bbox 382 552 2022 628">
    <p class='ocr_par' dir='ltr' id='par_1_5' title="bbox 382 552 2022 628">
     <span class='ocr_line' id='line_1_5' title="bbox 382 552 2022 628; baseline 0.002 -21"><span class='ocrx_word' id='word_1_24' title='bbox 382 552 443 607; x_wconf 90' lang='lat' dir='ltr'>in</span> <span class='ocrx_word' id='word_1_25' title='bbox 470 554 764 624; x_wconf 89' lang='lat' dir='ltr'>omnibus,</span> <span class='ocrx_word' id='word_1_26' title='bbox 797 555 1016 626; x_wconf 88' lang='lat' dir='ltr'>quibus</span> <span class='ocrx_word' id='word_1_27' title='bbox 1047 555 1330 628; x_wconf 86' lang='lat' dir='ltr'>indigent,</span> <span class='ocrx_word' id='word_1_28' title='bbox 1355 556 1750 612; x_wconf 86' lang='lat' dir='ltr'>subveniendo</span> <span class='ocrx_word' id='word_1_29' title='bbox 1780 573 2022 612; x_wconf 91' lang='lat' dir='ltr'>consen-</span> 
     </span>
    </p>
   </div>
   <div class='ocr_carea' id='block_1_6' title="bbox 383 641 622 702">
    <p class='ocr_par' dir='ltr' id='par_1_6' title="bbox 383 641 622 702">
     <span class='ocr_line' id='line_1_6' title="bbox 383 641 622 702; baseline -0.017 -1"><span class='ocrx_word' id='word_1_30' title='bbox 383 641 622 702; x_wconf 86' lang='lat' dir='ltr'>tiamus.</span> 
     </span>
    </p>
   </div>
   <div class='ocr_carea' id='block_1_7' title="bbox 456 731 2028 807">
    <p class='ocr_par' dir='ltr' id='par_1_7' title="bbox 456 731 2028 807">
     <span class='ocr_line' id='line_1_7' title="bbox 456 731 2028 807; baseline 0.003 -21"><span class='ocrx_word' id='word_1_31' title='bbox 456 731 658 803; x_wconf 79' lang='lat' dir='ltr'>Igitur,</span> <span class='ocrx_word' id='word_1_32' title='bbox 694 735 760 786; x_wconf 91' lang='lat' dir='ltr'>ut</span> <span class='ocrx_word' id='word_1_33' title='bbox 805 733 1137 788; x_wconf 77' lang='lat' dir='ltr'>ostenderet</span> <span class='ocrx_word' id='word_1_34' title='bbox 1178 731 1316 802; x_wconf 83' lang='lat' dir='ltr'>quid</span> <span class='ocrx_word' id='word_1_35' title='bbox 1350 738 1502 788; x_wconf 84' lang='lat' dir='ltr'>esset</span> <span class='ocrx_word' id='word_1_36' title='bbox 1549 734 1666 790; x_wconf 87' lang='lat' dir='ltr'>alta</span> <span class='ocrx_word' id='word_1_37' title='bbox 1714 751 1936 807; x_wconf 83' lang='lat' dir='ltr'>sapere,</span> <span class='ocrx_word' id='word_1_38' title='bbox 1970 739 2028 792; x_wconf 88' lang='lat' dir='ltr'>et</span> 
     </span>
    </p>
   </div>
   <div class='ocr_carea' id='block_1_8' title="bbox 384 821 2023 893">
    <p class='ocr_par' dir='ltr' id='par_1_8' title="bbox 384 821 2023 893">
     <span class='ocr_line' id='line_1_8' title="bbox 384 821 2023 893; baseline 0.002 -18"><span class='ocrx_word' id='word_1_39' title='bbox 384 822 676 892; x_wconf 91' lang='lat' dir='ltr'>quomodo</span> <span class='ocrx_word' id='word_1_40' title='bbox 709 821 1032 876; x_wconf 85' lang='lat' dir='ltr'>humilibus</span> <span class='ocrx_word' id='word_1_41' title='bbox 1055 821 1380 877; x_wconf 89' lang='lat' dir='ltr'>consentire</span> <span class='ocrx_word' id='word_1_42' title='bbox 1411 823 1750 889; x_wconf 87' lang='lat' dir='ltr'>debeamus,</span> <span class='ocrx_word' id='word_1_43' title='bbox 1781 825 2023 893; x_wconf 82' lang='lat' dir='ltr'>subjun-</span> 
     </span>
    </p>
   </div>
   <div class='ocr_carea' id='block_1_9' title="bbox 382 909 2024 983">
    <p class='ocr_par' dir='ltr' id='par_1_9' title="bbox 382 909 2024 983">
     <span class='ocr_line' id='line_1_9' title="bbox 382 909 2024 983; baseline 0.002 -19"><span class='ocrx_word' id='word_1_44' title='bbox 382 909 468 964; x_wconf 83' lang='lat' dir='ltr'>xit</span> <span class='ocrx_word' id='word_1_45' title='bbox 490 927 501 964; x_wconf 92' lang='lat'>:</span> <span class='ocrx_word' id='word_1_46' title='bbox 527 910 706 966; x_wconf 78' lang='lat' dir='ltr'>Nolite</span> <span class='ocrx_word' id='word_1_47' title='bbox 728 927 845 966; x_wconf 89' lang='lat' dir='ltr'>esse</span> <span class='ocrx_word' id='word_1_48' title='bbox 856 911 1148 981; x_wconf 75' lang='lat' dir='ltr'>prudentes</span> <span class='ocrx_word' id='word_1_49' title='bbox 1167 912 1318 981; x_wconf 84' lang='lat' dir='ltr'>apud</span> <span class='ocrx_word' id='word_1_50' title='bbox 1339 914 1709 983; x_wconf 70' lang='lat' dir='ltr'>vosmetipsos:</span> <span class='ocrx_word' id='word_1_51' title='bbox 1732 930 1847 983; x_wconf 85' lang='lat' dir='ltr'>quo</span> <span class='ocrx_word' id='word_1_52' title='bbox 1871 913 2024 967; x_wconf 86' lang='lat' dir='ltr'>dicto</span> 
     </span>
    </p>
   </div>
   <div class='ocr_carea' id='block_1_10' title="bbox 383 999 2028 1072">
    <p class='ocr_par' dir='ltr' id='par_1_10' title="bbox 383 999 2028 1072">
     <span class='ocr_line' id='line_1_10' title="bbox 383 999 2028 1072; baseline 0.002 -19"><span class='ocrx_word' id='word_1_53' title='bbox 383 1000 641 1054; x_wconf 85' lang='lat' dir='ltr'>ostendit</span> <span class='ocrx_word' id='word_1_54' title='bbox 669 1015 795 1054; x_wconf 90' lang='lat' dir='ltr'>esse</span> <span class='ocrx_word' id='word_1_55' title='bbox 824 999 1140 1068; x_wconf 82' lang='lat' dir='ltr'>prudentes</span> <span class='ocrx_word' id='word_1_56' title='bbox 1172 1000 1325 1070; x_wconf 90' lang='lat' dir='ltr'>apud</span> <span class='ocrx_word' id='word_1_57' title='bbox 1376 1001 1741 1069; x_wconf 89' lang='lat' dir='ltr'>semetipsos,</span> <span class='ocrx_word' id='word_1_58' title='bbox 1777 1001 1876 1072; x_wconf 89' lang='lat' dir='ltr'>qui</span> <span class='ocrx_word' id='word_1_59' title='bbox 1910 1001 2028 1056; x_wconf 86' lang='lat' dir='ltr'>alta</span> 
     </span>
    </p>
   </div>
   <div class='ocr_carea' id='block_1_11' title="bbox 386 1086 2028 1158">
    <p class='ocr_par' dir='ltr' id='par_1_11' title="bbox 386 1086 2028 1158">
     <span class='ocr_line' id='line_1_11' title="bbox 386 1086 2028 1158; baseline 0.001 -14"><span class='ocrx_word' id='word_1_60' title='bbox 386 1087 641 1158; x_wconf 89' lang='lat' dir='ltr'>sapiunt.</span> <span class='ocrx_word' id='word_1_61' title='bbox 677 1089 741 1141; x_wconf 81' lang='lat' dir='ltr'>Et</span> <span class='ocrx_word' id='word_1_62' title='bbox 773 1092 926 1148; x_wconf 87' lang='lat' dir='ltr'>nota,</span> <span class='ocrx_word' id='word_1_63' title='bbox 962 1086 1098 1158; x_wconf 88' lang='lat' dir='ltr'>quia</span> <span class='ocrx_word' id='word_1_64' title='bbox 1138 1105 1252 1143; x_wconf 91' lang='lat' dir='ltr'>non</span> <span class='ocrx_word' id='word_1_65' title='bbox 1303 1090 1385 1144; x_wconf 86' lang='lat' dir='ltr'>ait</span> <span class='ocrx_word' id='word_1_66' title='bbox 1414 1094 1675 1144; x_wconf 87' lang='lat' dir='ltr'>tantum:</span> <span class='ocrx_word' id='word_1_67' title='bbox 1712 1091 1888 1145; x_wconf 77' lang='lat' dir='ltr'>Nolite</span> <span class='ocrx_word' id='word_1_68' title='bbox 1918 1106 2028 1145; x_wconf 75' lang='lat' dir='ltr'>esse</span> 
     </span>
    </p>
   </div>
   <div class='ocr_carea' id='block_1_12' title="bbox 383 1175 2027 1246">
    <p class='ocr_par' dir='ltr' id='par_1_12' title="bbox 383 1175 2027 1246">
     <span class='ocr_line' id='line_1_12' title="bbox 383 1175 2027 1246; baseline 0.004 -19"><span class='ocrx_word' id='word_1_69' title='bbox 383 1175 694 1246; x_wconf 78' lang='lat' dir='ltr'>prudentes,</span> <span class='ocrx_word' id='word_1_70' title='bbox 728 1192 800 1229; x_wconf 91' lang='lat' dir='ltr'>ne</span> <span class='ocrx_word' id='word_1_71' title='bbox 829 1177 1190 1230; x_wconf 89' lang='lat' dir='ltr'>contrarium</span> <span class='ocrx_word' id='word_1_72' title='bbox 1222 1178 1516 1233; x_wconf 79' lang='lat' dir='ltr'>videretur</span> <span class='ocrx_word' id='word_1_73' title='bbox 1545 1179 1768 1234; x_wconf 90' lang='lat' dir='ltr'>Domini</span> <span class='ocrx_word' id='word_1_74' title='bbox 1801 1185 2027 1234; x_wconf 85' lang='lat' dir='ltr'>senten-</span> 
     </span>
    </p>
   </div>
   <div class='ocr_carea' id='block_1_13' title="bbox 382 1263 2028 1339">
    <p class='ocr_par' dir='ltr' id='par_1_13' title="bbox 382 1263 2028 1339">
     <span class='ocr_line' id='line_1_13' title="bbox 382 1263 2028 1339; baseline 0.002 -21"><span class='ocrx_word' id='word_1_75' title='bbox 382 1263 495 1329; x_wconf 77' lang='lat' dir='ltr'>tiae,</span> <span class='ocrx_word' id='word_1_76' title='bbox 531 1264 631 1333; x_wconf 92' lang='lat' dir='ltr'>qui</span> <span class='ocrx_word' id='word_1_77' title='bbox 676 1263 795 1318; x_wconf 91' lang='lat' dir='ltr'>ait:</span> <span class='ocrx_word' id='word_1_78' title='bbox 848 1268 1026 1320; x_wconf 87' lang='lat' dir='ltr'>Estote</span> <span class='ocrx_word' id='word_1_79' title='bbox 1069 1267 1364 1337; x_wconf 83' lang='lat' dir='ltr'>prudentes</span> <span class='ocrx_word' id='word_1_80' title='bbox 1389 1285 1406 1328; x_wconf 91' lang='grc'>.·</span> <span class='ocrx_word' id='word_1_81' title='bbox 1456 1270 1558 1324; x_wconf 88' lang='lat' dir='ltr'>sed</span> <span class='ocrx_word' id='word_1_82' title='bbox 1596 1269 1844 1339; x_wconf 84' lang='lat' dir='ltr'>abjecit:</span> <span class='ocrx_word' id='word_1_83' title='bbox 1879 1269 2028 1339; x_wconf 82' lang='lat' dir='ltr'>Apud</span> 
     </span>
    </p>
   </div>
   <div class='ocr_carea' id='block_1_14' title="bbox 381 1355 2028 1428">
    <p class='ocr_par' dir='ltr' id='par_1_14' title="bbox 381 1355 2028 1428">
     <span class='ocr_line' id='line_1_14' title="bbox 381 1355 2028 1428; baseline 0.004 -20"><span class='ocrx_word' id='word_1_84' title='bbox 381 1356 730 1424; x_wconf 74' lang='lat' dir='ltr'>vosmetipsos</span> <span class='ocrx_word' id='word_1_85' title='bbox 755 1355 961 1424; x_wconf 81' lang='lat' dir='ltr'>(Matth.</span> <span class='ocrx_word' id='word_1_86' title='bbox 990 1374 1044 1422; x_wconf 84' lang='grc' dir='ltr'>χ,</span> <span class='ocrx_word' id='word_1_87' title='bbox 1081 1358 1187 1427; x_wconf 84' lang='grc'>16).</span> <span class='ocrx_word' id='word_1_88' title='bbox 1241 1359 1409 1427; x_wconf 86' lang='lat' dir='ltr'>Apud</span> <span class='ocrx_word' id='word_1_89' title='bbox 1450 1358 1671 1428; x_wconf 89' lang='lat' dir='ltr'>seipsos</span> <span class='ocrx_word' id='word_1_90' title='bbox 1716 1360 2028 1428; x_wconf 86' lang='lat' dir='ltr'>prudentes</span> 
     </span>
    </p>
   </div>
   <div class='ocr_carea' id='block_1_15' title="bbox 384 1442 2027 1519">
    <p class='ocr_par' dir='ltr' id='par_1_15' title="bbox 384 1442 2027 1519">
     <span class='ocr_line' id='line_1_15' title="bbox 384 1442 2027 1519; baseline 0.003 -22"><span class='ocrx_word' id='word_1_91' title='bbox 384 1447 542 1513; x_wconf 85' lang='lat' dir='ltr'>sunt,</span> <span class='ocrx_word' id='word_1_92' title='bbox 572 1442 673 1513; x_wconf 90' lang='lat' dir='ltr'>qui</span> <span class='ocrx_word' id='word_1_93' title='bbox 705 1460 766 1498; x_wconf 90' lang='lat' dir='ltr'>se</span> <span class='ocrx_word' id='word_1_94' title='bbox 792 1461 896 1515; x_wconf 86' lang='lat' dir='ltr'>pro</span> <span class='ocrx_word' id='word_1_95' title='bbox 949 1461 1057 1500; x_wconf 91' lang='lat' dir='ltr'>sua</span> <span class='ocrx_word' id='word_1_96' title='bbox 1087 1446 1397 1516; x_wconf 88' lang='lat' dir='ltr'>prudentia</span> <span class='ocrx_word' id='word_1_97' title='bbox 1427 1448 1675 1517; x_wconf 85' lang='lat' dir='ltr'>jactant,</span> <span class='ocrx_word' id='word_1_98' title='bbox 1712 1447 1810 1519; x_wconf 88' lang='lat' dir='ltr'>qui</span> <span class='ocrx_word' id='word_1_99' title='bbox 1859 1465 2027 1502; x_wconf 89' lang='lat' dir='ltr'>suam</span> 
     </span>
    </p>
   </div>
   <div class='ocr_carea' id='block_1_16' title="bbox 381 1531 2027 1608">
    <p class='ocr_par' dir='ltr' id='par_1_16' title="bbox 381 1531 2027 1608">
     <span class='ocr_line' id='line_1_16' title="bbox 381 1531 2027 1608; baseline 0.004 -23"><span class='ocrx_word' id='word_1_100' title='bbox 381 1531 866 1603; x_wconf 83' lang='lat' dir='ltr'>imprudentiam,</span> <span class='ocrx_word' id='word_1_101' title='bbox 902 1534 1069 1604; x_wconf 89' lang='lat' dir='ltr'>quasi</span> <span class='ocrx_word' id='word_1_102' title='bbox 1120 1551 1412 1591; x_wconf 87' lang='lat' dir='ltr'>summam</span> <span class='ocrx_word' id='word_1_103' title='bbox 1447 1538 1814 1607; x_wconf 88' lang='lat' dir='ltr'>prudentiam</span> <span class='ocrx_word' id='word_1_104' title='bbox 1846 1538 2027 1608; x_wconf 91' lang='lat' dir='ltr'>depu-</span> 
     </span>
    </p>
   </div>
   <div class='ocr_carea' id='block_1_17' title="bbox 381 1621 2028 1696">
    <p class='ocr_par' dir='ltr' id='par_1_17' title="bbox 381 1621 2028 1696">
     <span class='ocr_line' id='line_1_17' title="bbox 381 1621 2028 1696; baseline 0.003 -21"><span class='ocrx_word' id='word_1_105' title='bbox 381 1623 540 1687; x_wconf 86' lang='lat' dir='ltr'>tant;</span> <span class='ocrx_word' id='word_1_106' title='bbox 557 1621 655 1692; x_wconf 89' lang='lat' dir='ltr'>qui</span> <span class='ocrx_word' id='word_1_107' title='bbox 672 1622 741 1677; x_wconf 87' lang='lat' dir='ltr'>de</span> <span class='ocrx_word' id='word_1_108' title='bbox 756 1622 978 1678; x_wconf 89' lang='lat' dir='ltr'>meritis</span> <span class='ocrx_word' id='word_1_109' title='bbox 993 1625 1560 1694; x_wconf 79' lang='lat' dir='ltr'>praesumunt,alioru</span> <span class='ocrx_word' id='word_1_110' title='bbox 1572 1642 1742 1696; x_wconf 89' lang='lat' dir='ltr'>mque</span> <span class='ocrx_word' id='word_1_111' title='bbox 1756 1625 2028 1696; x_wconf 88' lang='lat' dir='ltr'>abjectio-</span> 
     </span>
    </p>
   </div>
   <div class='ocr_carea' id='block_1_18' title="bbox 385 1709 2029 1786">
    <p class='ocr_par' dir='ltr' id='par_1_18' title="bbox 385 1709 2029 1786">
     <span class='ocr_line' id='line_1_18' title="bbox 385 1709 2029 1786; baseline 0.003 -22"><span class='ocrx_word' id='word_1_112' title='bbox 385 1726 459 1764; x_wconf 91' lang='lat' dir='ltr'>ne</span> <span class='ocrx_word' id='word_1_113' title='bbox 472 1709 828 1780; x_wconf 88' lang='lat' dir='ltr'>gloriantur:</span> <span class='ocrx_word' id='word_1_114' title='bbox 845 1711 926 1765; x_wconf 84' lang='lat' dir='ltr'>illi</span> <span class='ocrx_word' id='word_1_115' title='bbox 940 1713 1334 1785; x_wconf 88' lang='lat' dir='ltr'>videlicet,qui</span> <span class='ocrx_word' id='word_1_116' title='bbox 1351 1714 1542 1770; x_wconf 89' lang='lat' dir='ltr'>carnis</span> <span class='ocrx_word' id='word_1_117' title='bbox 1554 1719 1884 1786; x_wconf 88' lang='lat' dir='ltr'>sequuntur</span> <span class='ocrx_word' id='word_1_118' title='bbox 1897 1732 2029 1786; x_wconf 92' lang='lat' dir='ltr'>pru-</span> 
     </span>
    </p>
   </div>
   <div class='ocr_carea' id='block_1_19' title="bbox 387 1799 2106 1904">
    <p class='ocr_par' dir='ltr' id='par_1_19' title="bbox 387 1799 2106 1904">
     <span class='ocr_line' id='line_1_19' title="bbox 387 1799 2106 1904; baseline 0.003 -50"><span class='ocrx_word' id='word_1_119' title='bbox 387 1799 670 1868; x_wconf 82' lang='lat' dir='ltr'>dentiam,</span> <span class='ocrx_word' id='word_1_120' title='bbox 703 1800 772 1854; x_wconf 91' lang='lat' dir='ltr'>de</span> <span class='ocrx_word' id='word_1_121' title='bbox 805 1817 922 1872; x_wconf 90' lang='lat' dir='ltr'>qua</span> <span class='ocrx_word' id='word_1_122' title='bbox 943 1801 1213 1873; x_wconf 90' lang='lat' dir='ltr'>superius</span> <span class='ocrx_word' id='word_1_123' title='bbox 1235 1802 1315 1857; x_wconf 87' lang='lat' dir='ltr'>ait</span> <span class='ocrx_word' id='word_1_124' title='bbox 1342 1802 1689 1873; x_wconf 86' lang='lat' dir='ltr'>Apostolus:</span> <span class='ocrx_word' id='word_1_125' title='bbox 1721 1803 2028 1858; x_wconf 76' lang='lat' dir='ltr'>Prudentia</span> <span class='ocrx_word' id='word_1_126' title='bbox 2060 1841 2106 1904; x_wconf 85' lang='lat' dir='ltr'><strong>B</strong></span> 
     </span>
    </p>
   </div>
   <div class='ocr_carea' id='block_1_20' title="bbox 384 1890 2027 1964">
    <p class='ocr_par' dir='ltr' id='par_1_20' title="bbox 384 1890 2027 1964">
     <span class='ocr_line' id='line_1_20' title="bbox 384 1890 2027 1964; baseline 0.004 -22"><span class='ocrx_word' id='word_1_127' title='bbox 384 1890 574 1943; x_wconf 84' lang='lat' dir='ltr'>carnis</span> <span class='ocrx_word' id='word_1_128' title='bbox 601 1905 750 1943; x_wconf 85' lang='lat' dir='ltr'>mors</span> <span class='ocrx_word' id='word_1_129' title='bbox 778 1892 856 1943; x_wconf 89' lang='lat' dir='ltr'>est</span> <span class='ocrx_word' id='word_1_130' title='bbox 908 1891 1078 1946; x_wconf 83' lang='lat' dir='ltr'>(Rom.</span> <span class='ocrx_word' id='word_1_131' title='bbox 1123 1907 1244 1960; x_wconf 81' lang='lat' dir='ltr'>vni,</span> <span class='ocrx_word' id='word_1_132' title='bbox 1292 1892 1368 1962; x_wconf 84' lang='lat'>6),</span> <span class='ocrx_word' id='word_1_133' title='bbox 1420 1891 1475 1946; x_wconf 90' lang='lat' dir='ltr'>id</span> <span class='ocrx_word' id='word_1_134' title='bbox 1519 1897 1624 1958; x_wconf 89' lang='lat' dir='ltr'>est,</span> <span class='ocrx_word' id='word_1_135' title='bbox 1660 1892 1758 1964; x_wconf 88' lang='lat' dir='ltr'>qui</span> <span class='ocrx_word' id='word_1_136' title='bbox 1792 1891 2027 1949; x_wconf 91' lang='lat' dir='ltr'>inimico</span> 
     </span>
    </p>
   </div>
   <div class='ocr_carea' id='block_1_21' title="bbox 384 1976 2029 2052">
    <p class='ocr_par' dir='ltr' id='par_1_21' title="bbox 384 1976 2029 2052">
     <span class='ocr_line' id='line_1_21' title="bbox 384 1976 2029 2052; baseline 0.003 -22"><span class='ocrx_word' id='word_1_137' title='bbox 384 1976 567 2031; x_wconf 88' lang='lat' dir='ltr'>vicem</span> <span class='ocrx_word' id='word_1_138' title='bbox 598 1978 870 2047; x_wconf 87' lang='lat' dir='ltr'>reddunt,</span> <span class='ocrx_word' id='word_1_139' title='bbox 894 1977 1260 2034; x_wconf 82' lang='lat' dir='ltr'>maledicenti</span> <span class='ocrx_word' id='word_1_140' title='bbox 1286 1996 1346 2035; x_wconf 91' lang='lat' dir='ltr'>se</span> <span class='ocrx_word' id='word_1_141' title='bbox 1371 1979 1759 2047; x_wconf 86' lang='lat' dir='ltr'>maledicunt;</span> <span class='ocrx_word' id='word_1_142' title='bbox 1785 1980 2029 2052; x_wconf 88' lang='lat' dir='ltr'>ideoque</span> 
     </span>
    </p>
   </div>
   <div class='ocr_carea' id='block_1_22' title="bbox 386 2065 2028 2139">
    <p class='ocr_par' dir='ltr' id='par_1_22' title="bbox 386 2065 2028 2139">
     <span class='ocr_line' id='line_1_22' title="bbox 386 2065 2028 2139; baseline 0.002 -19"><span class='ocrx_word' id='word_1_143' title='bbox 386 2065 726 2136; x_wconf 85' lang='lat' dir='ltr'>subjunxit:</span> <span class='ocrx_word' id='word_1_144' title='bbox 777 2068 958 2122; x_wconf 83' lang='lat' dir='ltr'>Nulli’</span> <span class='ocrx_word' id='word_1_145' title='bbox 1012 2069 1225 2122; x_wconf 87' lang='lat' dir='ltr'>malum</span> <span class='ocrx_word' id='word_1_146' title='bbox 1275 2085 1377 2139; x_wconf 88' lang='lat' dir='ltr'>pro</span> <span class='ocrx_word' id='word_1_147' title='bbox 1431 2071 1577 2123; x_wconf 86' lang='lat' dir='ltr'>malo</span> <span class='ocrx_word' id='word_1_148' title='bbox 1626 2068 1919 2125; x_wconf 85' lang='lat' dir='ltr'>reddentes.</span> <span class='ocrx_word' id='word_1_149' title='bbox 1972 2069 2028 2123; x_wconf 89' lang='lat' dir='ltr'>Si</span> 
     </span>
    </p>
   </div>
   <div class='ocr_carea' id='block_1_23' title="bbox 383 2153 2028 2227">
    <p class='ocr_par' dir='ltr' id='par_1_23' title="bbox 383 2153 2028 2227">
     <span class='ocr_line' id='line_1_23' title="bbox 383 2153 2028 2227; baseline 0.002 -19"><span class='ocrx_word' id='word_1_150' title='bbox 383 2153 539 2208; x_wconf 90' lang='lat' dir='ltr'>enim</span> <span class='ocrx_word' id='word_1_151' title='bbox 570 2153 791 2209; x_wconf 90' lang='lat' dir='ltr'>malum</span> <span class='ocrx_word' id='word_1_152' title='bbox 824 2159 913 2210; x_wconf 89' lang='lat' dir='ltr'>est</span> <span class='ocrx_word' id='word_1_153' title='bbox 946 2155 1165 2210; x_wconf 87' lang='lat' dir='ltr'>malum</span> <span class='ocrx_word' id='word_1_154' title='bbox 1196 2155 1369 2211; x_wconf 89' lang='lat' dir='ltr'>alicui</span> <span class='ocrx_word' id='word_1_155' title='bbox 1400 2157 1631 2226; x_wconf 87' lang='lat' dir='ltr'>inferre,</span> <span class='ocrx_word' id='word_1_156' title='bbox 1663 2157 2028 2227; x_wconf 87' lang='lat' dir='ltr'>incompara-</span> 
     </span>
    </p>
   </div>
   <div class='ocr_carea' id='block_1_24' title="bbox 383 2241 2028 2316">
    <p class='ocr_par' dir='ltr' id='par_1_24' title="bbox 383 2241 2028 2316">
     <span class='ocr_line' id='line_1_24' title="bbox 383 2241 2028 2316; baseline 0.002 -20"><span class='ocrx_word' id='word_1_157' title='bbox 383 2241 577 2298; x_wconf 90' lang='lat' dir='ltr'>biliter</span> <span class='ocrx_word' id='word_1_158' title='bbox 608 2245 801 2313; x_wconf 88' lang='lat' dir='ltr'>majus</span> <span class='ocrx_word' id='word_1_159' title='bbox 831 2248 919 2298; x_wconf 92' lang='lat' dir='ltr'>est</span> <span class='ocrx_word' id='word_1_160' title='bbox 953 2243 1176 2300; x_wconf 87' lang='lat' dir='ltr'>malum</span> <span class='ocrx_word' id='word_1_161' title='bbox 1219 2263 1321 2316; x_wconf 91' lang='lat' dir='ltr'>pro</span> <span class='ocrx_word' id='word_1_162' title='bbox 1373 2245 1526 2300; x_wconf 88' lang='lat' dir='ltr'>malo</span> <span class='ocrx_word' id='word_1_163' title='bbox 1574 2247 1850 2301; x_wconf 88' lang='lat' dir='ltr'>reddere:</span> <span class='ocrx_word' id='word_1_164' title='bbox 1885 2245 2028 2300; x_wconf 92' lang='lat' dir='ltr'>illud</span> 
     </span>
    </p>
   </div>
   <div class='ocr_carea' id='block_1_25' title="bbox 382 2332 2032 2406">
    <p class='ocr_par' dir='ltr' id='par_1_25' title="bbox 382 2332 2032 2406">
     <span class='ocr_line' id='line_1_25' title="bbox 382 2332 2032 2406; baseline 0.001 -19"><span class='ocrx_word' id='word_1_165' title='bbox 382 2332 540 2387; x_wconf 89' lang='lat' dir='ltr'>enim</span> <span class='ocrx_word' id='word_1_166' title='bbox 569 2333 902 2403; x_wconf 81' lang='lat' dir='ltr'>frequenter</span> <span class='ocrx_word' id='word_1_167' title='bbox 948 2332 1281 2404; x_wconf 84' lang='lat' dir='ltr'>ignorantia</span> <span class='ocrx_word' id='word_1_168' title='bbox 1330 2335 1412 2396; x_wconf 84' lang='lat' dir='ltr'>ﬁt,</span> <span class='ocrx_word' id='word_1_169' title='bbox 1466 2335 1576 2389; x_wconf 91' lang='lat' dir='ltr'>hoc</span> <span class='ocrx_word' id='word_1_170' title='bbox 1624 2350 1757 2389; x_wconf 91' lang='lat' dir='ltr'>vero</span> <span class='ocrx_word' id='word_1_171' title='bbox 1803 2351 2032 2406; x_wconf 89' lang='lat' dir='ltr'>semper</span> 
     </span>
    </p>
   </div>
   <div class='ocr_carea' id='block_1_26' title="bbox 384 2419 2029 2494">
    <p class='ocr_par' dir='ltr' id='par_1_26' title="bbox 384 2419 2029 2494">
     <span class='ocr_line' id='line_1_26' title="bbox 384 2419 2029 2494; baseline 0.001 -19"><span class='ocrx_word' id='word_1_172' title='bbox 384 2419 600 2475; x_wconf 89' lang='lat' dir='ltr'>studio.</span> <span class='ocrx_word' id='word_1_173' title='bbox 635 2420 736 2474; x_wconf 87' lang='lat' dir='ltr'>His</span> <span class='ocrx_word' id='word_1_174' title='bbox 767 2436 902 2492; x_wconf 90' lang='lat' dir='ltr'>ergo</span> <span class='ocrx_word' id='word_1_175' title='bbox 925 2422 1115 2476; x_wconf 87' lang='lat' dir='ltr'>verbis</span> <span class='ocrx_word' id='word_1_176' title='bbox 1159 2422 1267 2476; x_wconf 88' lang='lat' dir='ltr'>hoc</span> <span class='ocrx_word' id='word_1_177' title='bbox 1319 2423 1485 2477; x_wconf 86' lang='lat' dir='ltr'>docet</span> <span class='ocrx_word' id='word_1_178' title='bbox 1514 2423 1841 2493; x_wconf 89' lang='lat' dir='ltr'>Apostolus,</span> <span class='ocrx_word' id='word_1_179' title='bbox 1877 2423 2029 2494; x_wconf 90' lang='lat' dir='ltr'>quod</span> 
     </span>
    </p>
   </div>
   <div class='ocr_carea' id='block_1_27' title="bbox 385 2507 2030 2582">
    <p class='ocr_par' dir='ltr' id='par_1_27' title="bbox 385 2507 2030 2582">
     <span class='ocr_line' id='line_1_27' title="bbox 385 2507 2030 2582; baseline 0.002 -18"><span class='ocrx_word' id='word_1_180' title='bbox 385 2507 671 2564; x_wconf 88' lang='lat' dir='ltr'>Dominus</span> <span class='ocrx_word' id='word_1_181' title='bbox 700 2509 757 2562; x_wconf 91' lang='lat' dir='ltr'>in</span> <span class='ocrx_word' id='word_1_182' title='bbox 789 2509 1089 2580; x_wconf 84' lang='lat' dir='ltr'>Evangelio</span> <span class='ocrx_word' id='word_1_183' title='bbox 1115 2527 1128 2565; x_wconf 94' lang='lat'>:</span> <span class='ocrx_word' id='word_1_184' title='bbox 1158 2513 1225 2566; x_wconf 90' lang='lat' dir='ltr'>Si</span> <span class='ocrx_word' id='word_1_185' title='bbox 1253 2515 1375 2582; x_wconf 89' lang='lat' dir='ltr'>quis</span> <span class='ocrx_word' id='word_1_186' title='bbox 1406 2515 1456 2566; x_wconf 86' lang='lat' dir='ltr'>te</span> <span class='ocrx_word' id='word_1_187' title='bbox 1479 2515 1800 2582; x_wconf 80' lang='lat' dir='ltr'>percusserit</span> <span class='ocrx_word' id='word_1_188' title='bbox 1830 2514 1889 2567; x_wconf 83' lang='lat' dir='ltr'>in</span> <span class='ocrx_word' id='word_1_189' title='bbox 1919 2529 2030 2567; x_wconf 87' lang='lat' dir='ltr'>una</span> 
     </span>
    </p>
   </div>
   <div class='ocr_carea' id='block_1_28' title="bbox 386 2597 2028 2670">
    <p class='ocr_par' dir='ltr' id='par_1_28' title="bbox 386 2597 2028 2670">
     <span class='ocr_line' id='line_1_28' title="bbox 386 2597 2028 2670; baseline 0.003 -19"><span class='ocrx_word' id='word_1_190' title='bbox 386 2597 643 2663; x_wconf 58' lang='lat' dir='ltr'>mamilla,</span> <span class='ocrx_word' id='word_1_191' title='bbox 671 2597 858 2669; x_wconf 68' lang='lat' dir='ltr'>praebe</span> <span class='ocrx_word' id='word_1_192' title='bbox 885 2601 940 2653; x_wconf 91' lang='lat' dir='ltr'>ei</span> <span class='ocrx_word' id='word_1_193' title='bbox 967 2603 1019 2653; x_wconf 89' lang='lat' dir='ltr'>et</span> <span class='ocrx_word' id='word_1_194' title='bbox 1047 2600 1282 2655; x_wconf 85' lang='lat' dir='ltr'>alteram</span> <span class='ocrx_word' id='word_1_195' title='bbox 1326 2601 1537 2665; x_wconf 84' lang='lat' dir='ltr'>(Matth.</span> <span class='ocrx_word' id='word_1_196' title='bbox 1567 2618 1620 2670; x_wconf 83' lang='grc' dir='ltr'>ν,</span> <span class='ocrx_word' id='word_1_197' title='bbox 1653 2602 1722 2655; x_wconf 82' lang='grc'>39</span> <span class='ocrx_word' id='word_1_198' title='bbox 1748 2620 1760 2668; x_wconf 89' lang='grc'><strong>;</strong></span> <span class='ocrx_word' id='word_1_199' title='bbox 1790 2605 1918 2658; x_wconf 83' lang='lat' dir='ltr'>Luc.</span> <span class='ocrx_word' id='word_1_200' title='bbox 1952 2619 2028 2668; x_wconf 88' lang='lat' dir='ltr'>v1,</span> 
     </span>
    </p>
   </div>
   <div class='ocr_carea' id='block_1_29' title="bbox 385 2685 2032 2763">
    <p class='ocr_par' dir='ltr' id='par_1_29' title="bbox 385 2685 2032 2763">
     <span class='ocr_line' id='line_1_29' title="bbox 385 2685 2032 2763; baseline 0.002 -21"><span class='ocrx_word' id='word_1_201' title='bbox 385 2687 502 2754; x_wconf 88' lang='lat'>29),</span> <span class='ocrx_word' id='word_1_202' title='bbox 534 2687 656 2749; x_wconf 91' lang='lat' dir='ltr'>Quo</span> <span class='ocrx_word' id='word_1_203' title='bbox 687 2685 744 2740; x_wconf 90' lang='lat' dir='ltr'>in</span> <span class='ocrx_word' id='word_1_204' title='bbox 773 2703 1002 2758; x_wconf 88' lang='lat' dir='ltr'>genere,</span> <span class='ocrx_word' id='word_1_205' title='bbox 1037 2693 1101 2743; x_wconf 90' lang='lat' dir='ltr'>ut</span> <span class='ocrx_word' id='word_1_206' title='bbox 1123 2690 1329 2745; x_wconf 89' lang='lat' dir='ltr'>beatus</span> <span class='ocrx_word' id='word_1_207' title='bbox 1353 2691 1705 2763; x_wconf 83' lang='lat' dir='ltr'>Augustinus</span> <span class='ocrx_word' id='word_1_208' title='bbox 1737 2691 1897 2760; x_wconf 91' lang='lat' dir='ltr'>dicit,</span> <span class='ocrx_word' id='word_1_209' title='bbox 1932 2706 2032 2745; x_wconf 86' lang='lat' dir='ltr'>sex</span> 
     </span>
    </p>
   </div>
   <div class='ocr_carea' id='block_1_30' title="bbox 388 2774 2033 2850">
    <p class='ocr_par' dir='ltr' id='par_1_30' title="bbox 388 2774 2033 2850">
     <span class='ocr_line' id='line_1_30' title="bbox 388 2774 2033 2850; baseline 0.003 -21"><span class='ocrx_word' id='word_1_210' title='bbox 388 2779 528 2829; x_wconf 88' lang='lat' dir='ltr'>sunt</span> <span class='ocrx_word' id='word_1_211' title='bbox 557 2774 894 2830; x_wconf 63' lang='lat' dir='ltr'>differentia:</span> <span class='ocrx_word' id='word_1_212' title='bbox 922 2794 934 2835; x_wconf 91' lang='lat'>:</span> <span class='ocrx_word' id='word_1_213' title='bbox 961 2777 1113 2832; x_wconf 90' lang='lat' dir='ltr'>bona</span> <span class='ocrx_word' id='word_1_214' title='bbox 1135 2795 1239 2850; x_wconf 92' lang='lat' dir='ltr'>pro</span> <span class='ocrx_word' id='word_1_215' title='bbox 1267 2779 1437 2835; x_wconf 88' lang='lat' dir='ltr'>malis</span> <span class='ocrx_word' id='word_1_216' title='bbox 1468 2780 1703 2835; x_wconf 89' lang='lat' dir='ltr'>reddere</span> <span class='ocrx_word' id='word_1_217' title='bbox 1728 2798 1740 2847; x_wconf 91' lang='lat'>;</span> <span class='ocrx_word' id='word_1_218' title='bbox 1769 2797 1882 2835; x_wconf 92' lang='lat' dir='ltr'>non</span> <span class='ocrx_word' id='word_1_219' title='bbox 1906 2781 2033 2834; x_wconf 91' lang='lat' dir='ltr'>red-</span> 
     </span>
    </p>
   </div>
   <div class='ocr_carea' id='block_1_31' title="bbox 390 2863 2027 2942">
    <p class='ocr_par' dir='ltr' id='par_1_31' title="bbox 390 2863 2027 2942">
     <span class='ocr_line' id='line_1_31' title="bbox 390 2863 2027 2942; baseline 0.004 -24"><span class='ocrx_word' id='word_1_220' title='bbox 390 2864 525 2919; x_wconf 89' lang='lat' dir='ltr'>dere</span> <span class='ocrx_word' id='word_1_221' title='bbox 582 2863 738 2919; x_wconf 89' lang='lat' dir='ltr'>mala</span> <span class='ocrx_word' id='word_1_222' title='bbox 791 2882 893 2937; x_wconf 92' lang='lat' dir='ltr'>pro</span> <span class='ocrx_word' id='word_1_223' title='bbox 943 2866 1150 2934; x_wconf 86' lang='lat' dir='ltr'>malis;</span> <span class='ocrx_word' id='word_1_224' title='bbox 1198 2868 1350 2924; x_wconf 90' lang='lat' dir='ltr'>bona</span> <span class='ocrx_word' id='word_1_225' title='bbox 1397 2886 1498 2942; x_wconf 91' lang='lat' dir='ltr'>pro</span> <span class='ocrx_word' id='word_1_226' title='bbox 1547 2870 1715 2925; x_wconf 91' lang='lat' dir='ltr'>nobis</span> <span class='ocrx_word' id='word_1_227' title='bbox 1747 2870 2027 2936; x_wconf 89' lang='lat' dir='ltr'>reddere;</span> 
     </span>
    </p>
   </div>
   <div class='ocr_carea' id='block_1_32' title="bbox 392 2952 2028 3032">
    <p class='ocr_par' dir='ltr' id='par_1_32' title="bbox 392 2952 2028 3032">
     <span class='ocr_line' id='line_1_32' title="bbox 392 2952 2028 3032; baseline 0.003 -25"><span class='ocrx_word' id='word_1_228' title='bbox 392 2952 547 3008; x_wconf 91' lang='lat' dir='ltr'>mala</span> <span class='ocrx_word' id='word_1_229' title='bbox 579 2970 681 3025; x_wconf 93' lang='lat' dir='ltr'>pro</span> <span class='ocrx_word' id='word_1_230' title='bbox 713 2953 885 3010; x_wconf 88' lang='lat' dir='ltr'>malis</span> <span class='ocrx_word' id='word_1_231' title='bbox 912 2973 924 3022; x_wconf 94' lang='lat'>;</span> <span class='ocrx_word' id='word_1_232' title='bbox 961 2973 1073 3010; x_wconf 79' lang='lat' dir='ltr'>non</span> <span class='ocrx_word' id='word_1_233' title='bbox 1104 2958 1340 3012; x_wconf 90' lang='lat' dir='ltr'>reddere</span> <span class='ocrx_word' id='word_1_234' title='bbox 1370 2959 1522 3014; x_wconf 91' lang='lat' dir='ltr'>bona</span> <span class='ocrx_word' id='word_1_235' title='bbox 1553 2975 1655 3032; x_wconf 88' lang='lat' dir='ltr'>pro</span> <span class='ocrx_word' id='word_1_236' title='bbox 1687 2959 1893 3026; x_wconf 88' lang='lat' dir='ltr'>bonis;</span> <span class='ocrx_word' id='word_1_237' title='bbox 1927 2958 2028 3013; x_wconf 91' lang='lat' dir='ltr'>sed</span> 
     </span>
    </p>
   </div>
   <div class='ocr_carea' id='block_1_33' title="bbox 393 3041 2028 3119">
    <p class='ocr_par' dir='ltr' id='par_1_33' title="bbox 393 3041 2028 3119">
     <span class='ocr_line' id='line_1_33' title="bbox 393 3041 2028 3119; baseline 0.002 -23"><span class='ocrx_word' id='word_1_238' title='bbox 393 3041 549 3096; x_wconf 89' lang='lat' dir='ltr'>mala</span> <span class='ocrx_word' id='word_1_239' title='bbox 579 3058 681 3114; x_wconf 92' lang='lat' dir='ltr'>pro</span> <span class='ocrx_word' id='word_1_240' title='bbox 703 3043 893 3098; x_wconf 88' lang='lat' dir='ltr'>bonis.</span> <span class='ocrx_word' id='word_1_241' title='bbox 917 3044 1172 3107; x_wconf 89' lang='lat' dir='ltr'>Quorum</span> <span class='ocrx_word' id='word_1_242' title='bbox 1196 3047 1310 3102; x_wconf 89' lang='lat' dir='ltr'>duo</span> <span class='ocrx_word' id='word_1_243' title='bbox 1342 3047 1843 3119; x_wconf 83' lang='lat' dir='ltr'>primajustorum</span> <span class='ocrx_word' id='word_1_244' title='bbox 1867 3050 2028 3114; x_wconf 85' lang='lat' dir='ltr'>sunt,</span> 
     </span>
    </p>
   </div>
   <div class='ocr_carea' id='block_1_34' title="bbox 394 3130 2029 3209">
    <p class='ocr_par' dir='ltr' id='par_1_34' title="bbox 394 3130 2029 3209">
     <span class='ocr_line' id='line_1_34' title="bbox 394 3130 2029 3209; baseline 0.002 -22"><span class='ocrx_word' id='word_1_245' title='bbox 394 3135 451 3187; x_wconf 86' lang='lat' dir='ltr'>et</span> <span class='ocrx_word' id='word_1_246' title='bbox 480 3130 640 3202; x_wconf 89' lang='lat' dir='ltr'>prius</span> <span class='ocrx_word' id='word_1_247' title='bbox 671 3131 918 3188; x_wconf 90' lang='lat' dir='ltr'>melius:</span> <span class='ocrx_word' id='word_1_248' title='bbox 949 3134 1062 3189; x_wconf 86' lang='lat' dir='ltr'>duo</span> <span class='ocrx_word' id='word_1_249' title='bbox 1090 3151 1222 3190; x_wconf 89' lang='lat' dir='ltr'>vero</span> <span class='ocrx_word' id='word_1_250' title='bbox 1251 3136 1456 3191; x_wconf 91' lang='lat' dir='ltr'>ultima</span> <span class='ocrx_word' id='word_1_251' title='bbox 1478 3137 1880 3209; x_wconf 89' lang='lat' dir='ltr'>reproborum,</span> <span class='ocrx_word' id='word_1_252' title='bbox 1929 3135 2029 3191; x_wconf 83' lang='lat' dir='ltr'>sed</span> 
     </span>
    </p>
   </div>
   <div class='ocr_carea' id='block_1_35' title="bbox 393 3209 2108 3292">
    <p class='ocr_par' dir='ltr' id='par_1_35' title="bbox 393 3209 2108 3292">
     <span class='ocr_line' id='line_1_35' title="bbox 393 3209 2108 3292; baseline 0.002 -18"><span class='ocrx_word' id='word_1_253' title='bbox 393 3219 682 3292; x_wconf 89' lang='lat' dir='ltr'>posterius</span> <span class='ocrx_word' id='word_1_254' title='bbox 713 3225 802 3276; x_wconf 90' lang='lat' dir='ltr'>est</span> <span class='ocrx_word' id='word_1_255' title='bbox 833 3222 1125 3279; x_wconf 88' lang='lat' dir='ltr'>deterius:</span> <span class='ocrx_word' id='word_1_256' title='bbox 1168 3224 1267 3280; x_wconf 87' lang='lat' dir='ltr'>illa</span> <span class='ocrx_word' id='word_1_257' title='bbox 1311 3242 1444 3280; x_wconf 88' lang='lat' dir='ltr'>vero</span> <span class='ocrx_word' id='word_1_258' title='bbox 1495 3227 1689 3281; x_wconf 90' lang='lat' dir='ltr'>media</span> <span class='ocrx_word' id='word_1_259' title='bbox 1718 3224 2035 3281; x_wconf 89' lang='lat' dir='ltr'>mediocria</span> <span class='ocrx_word' id='word_1_260' title='bbox 2063 3209 2108 3277; x_wconf 85' lang='lat' dir='ltr'>C</span> 
     </span>
    </p>
   </div>
   <div class='ocr_carea' id='block_1_36' title="bbox 393 3311 2031 3387">
    <p class='ocr_par' dir='ltr' id='par_1_36' title="bbox 393 3311 2031 3387">
     <span class='ocr_line' id='line_1_36' title="bbox 393 3311 2031 3387; baseline 0.004 -23"><span class='ocrx_word' id='word_1_261' title='bbox 393 3314 552 3376; x_wconf 90' lang='lat' dir='ltr'>sunt,</span> <span class='ocrx_word' id='word_1_262' title='bbox 585 3314 640 3365; x_wconf 88' lang='lat' dir='ltr'>et</span> <span class='ocrx_word' id='word_1_263' title='bbox 670 3311 833 3382; x_wconf 91' lang='lat' dir='ltr'>prius</span> <span class='ocrx_word' id='word_1_264' title='bbox 869 3311 1033 3367; x_wconf 91' lang='lat' dir='ltr'>bonis</span> <span class='ocrx_word' id='word_1_265' title='bbox 1064 3314 1479 3386; x_wconf 88' lang='lat' dir='ltr'>prepinquum,</span> <span class='ocrx_word' id='word_1_266' title='bbox 1513 3315 1806 3387; x_wconf 87' lang='lat' dir='ltr'>posterius</span> <span class='ocrx_word' id='word_1_267' title='bbox 1837 3313 2031 3370; x_wconf 83' lang='lat' dir='ltr'>malis.</span> 
     </span>
    </p>
   </div>
   <div class='ocr_carea' id='block_1_37' title="bbox 392 3397 2038 3476">
    <p class='ocr_par' dir='ltr' id='par_1_37' title="bbox 392 3397 2038 3476">
     <span class='ocr_line' id='line_1_37' title="bbox 392 3397 2038 3476; baseline 0.001 -22"><span class='ocrx_word' id='word_1_268' title='bbox 392 3397 754 3456; x_wconf 83' lang='lat' dir='ltr'>Mediocriter</span> <span class='ocrx_word' id='word_1_269' title='bbox 786 3400 942 3456; x_wconf 90' lang='lat' dir='ltr'>enim</span> <span class='ocrx_word' id='word_1_270' title='bbox 981 3401 1136 3468; x_wconf 90' lang='lat' dir='ltr'>boni,</span> <span class='ocrx_word' id='word_1_271' title='bbox 1164 3403 1314 3459; x_wconf 87' lang='lat' dir='ltr'>bona</span> <span class='ocrx_word' id='word_1_272' title='bbox 1340 3421 1444 3476; x_wconf 91' lang='lat' dir='ltr'>pro</span> <span class='ocrx_word' id='word_1_273' title='bbox 1475 3405 1646 3460; x_wconf 91' lang='lat' dir='ltr'>bonis</span> <span class='ocrx_word' id='word_1_274' title='bbox 1675 3404 1947 3471; x_wconf 88' lang='lat' dir='ltr'>reddunt,</span> <span class='ocrx_word' id='word_1_275' title='bbox 1982 3406 2038 3458; x_wconf 90' lang='lat' dir='ltr'>et</span> 
     </span>
    </p>
   </div>
   <div class='ocr_carea' id='block_1_38' title="bbox 393 3489 2037 3563">
    <p class='ocr_par' dir='ltr' id='par_1_38' title="bbox 393 3489 2037 3563">
     <span class='ocr_line' id='line_1_38' title="bbox 393 3489 2037 3563; baseline 0.002 -20"><span class='ocrx_word' id='word_1_276' title='bbox 393 3489 760 3546; x_wconf 88' lang='lat' dir='ltr'>mediocriter</span> <span class='ocrx_word' id='word_1_277' title='bbox 788 3491 949 3560; x_wconf 87' lang='lat' dir='ltr'>mali,</span> <span class='ocrx_word' id='word_1_278' title='bbox 983 3492 1137 3547; x_wconf 89' lang='lat' dir='ltr'>mala</span> <span class='ocrx_word' id='word_1_279' title='bbox 1166 3509 1268 3563; x_wconf 91' lang='lat' dir='ltr'>pro</span> <span class='ocrx_word' id='word_1_280' title='bbox 1312 3493 1506 3549; x_wconf 89' lang='lat' dir='ltr'>malis.</span> <span class='ocrx_word' id='word_1_281' title='bbox 1551 3493 1697 3548; x_wconf 90' lang='lat' dir='ltr'>Nam</span> <span class='ocrx_word' id='word_1_282' title='bbox 1730 3498 1788 3548; x_wconf 90' lang='lat' dir='ltr'>et</span> <span class='ocrx_word' id='word_1_283' title='bbox 1811 3492 1901 3548; x_wconf 86' lang='lat' dir='ltr'>lex</span> <span class='ocrx_word' id='word_1_284' title='bbox 1927 3491 2037 3547; x_wconf 91' lang='lat' dir='ltr'>hoc</span> 
     </span>
    </p>
   </div>
   <div class='ocr_carea' id='block_1_39' title="bbox 391 3577 2038 3653">
    <p class='ocr_par' dir='ltr' id='par_1_39' title="bbox 391 3577 2038 3653">
     <span class='ocr_line' id='line_1_39' title="bbox 391 3577 2038 3653; baseline 0.003 -22"><span class='ocrx_word' id='word_1_285' title='bbox 391 3577 476 3632; x_wconf 90' lang='lat' dir='ltr'>eis</span> <span class='ocrx_word' id='word_1_286' title='bbox 509 3579 785 3650; x_wconf 71' lang='lat' dir='ltr'>praecipit,</span> <span class='ocrx_word' id='word_1_287' title='bbox 819 3581 1051 3635; x_wconf 89' lang='lat' dir='ltr'>dicens:</span> <span class='ocrx_word' id='word_1_288' title='bbox 1094 3583 1293 3653; x_wconf 81' lang='lat' dir='ltr'>Diliges</span> <span class='ocrx_word' id='word_1_289' title='bbox 1340 3585 1581 3638; x_wconf 88' lang='lat' dir='ltr'>amicum</span> <span class='ocrx_word' id='word_1_290' title='bbox 1623 3588 1804 3652; x_wconf 83' lang='lat' dir='ltr'>tuum,</span> <span class='ocrx_word' id='word_1_291' title='bbox 1839 3585 1888 3636; x_wconf 88' lang='lat' dir='ltr'>et</span> <span class='ocrx_word' id='word_1_292' title='bbox 1918 3581 2038 3636; x_wconf 80' lang='lat' dir='ltr'>odio</span> 
     </span>
    </p>
   </div>
   <div class='ocr_carea' id='block_1_40' title="bbox 394 3667 2037 3743">
    <p class='ocr_par' dir='ltr' id='par_1_40' title="bbox 394 3667 2037 3743">
     <span class='ocr_line' id='line_1_40' title="bbox 394 3667 2037 3743; baseline 0.002 -23"><span class='ocrx_word' id='word_1_293' title='bbox 394 3667 616 3721; x_wconf 81' lang='lat' dir='ltr'>habebis</span> <span class='ocrx_word' id='word_1_294' title='bbox 648 3669 942 3724; x_wconf 86' lang='lat' dir='ltr'>inimicum</span> <span class='ocrx_word' id='word_1_295' title='bbox 963 3673 1117 3724; x_wconf 85' lang='lat' dir='ltr'>tuum</span> <span class='ocrx_word' id='word_1_296' title='bbox 1141 3671 1289 3726; x_wconf 87' lang='lat' dir='ltr'>Levit</span> <span class='ocrx_word' id='word_1_297' title='bbox 1313 3689 1325 3726; x_wconf 91' lang='lat'>:</span> <span class='ocrx_word' id='word_1_298' title='bbox 1349 3689 1464 3743; x_wconf 84' lang='grc' dir='ltr'>χιχ,</span> <span class='ocrx_word' id='word_1_299' title='bbox 1495 3673 1592 3738; x_wconf 89' lang='grc'>18;</span> <span class='ocrx_word' id='word_1_300' title='bbox 1621 3672 1806 3725; x_wconf 83' lang='lat' dir='ltr'>Matth.</span> <span class='ocrx_word' id='word_1_301' title='bbox 1839 3688 1892 3724; x_wconf 94' lang='lat' dir='ltr'>v.</span> <span class='ocrx_word' id='word_1_302' title='bbox 1926 3671 2037 3738; x_wconf 87' lang='grc'><strong>43).</strong></span> 
     </span>
    </p>
   </div>
   <div class='ocr_carea' id='block_1_41' title="bbox 395 3755 2042 3832">
    <p class='ocr_par' dir='ltr' id='par_1_41' title="bbox 395 3755 2042 3832">
     <span class='ocr_line' id='line_1_41' title="bbox 395 3755 2042 3832; baseline 0.001 -23"><span class='ocrx_word' id='word_1_303' title='bbox 395 3755 569 3809; x_wconf 75' lang='lat' dir='ltr'>lubet</span> <span class='ocrx_word' id='word_1_304' title='bbox 591 3755 802 3828; x_wconf 89' lang='lat' dir='ltr'>quippe</span> <span class='ocrx_word' id='word_1_305' title='bbox 825 3757 1100 3814; x_wconf 88' lang='lat' dir='ltr'>talionem</span> <span class='ocrx_word' id='word_1_306' title='bbox 1127 3777 1226 3832; x_wconf 90' lang='lat' dir='ltr'>pro</span> <span class='ocrx_word' id='word_1_307' title='bbox 1251 3761 1462 3816; x_wconf 83' lang='lat' dir='ltr'>talione</span> <span class='ocrx_word' id='word_1_308' title='bbox 1479 3761 1739 3826; x_wconf 86' lang='lat' dir='ltr'>reddere,</span> <span class='ocrx_word' id='word_1_309' title='bbox 1763 3764 1819 3815; x_wconf 91' lang='lat' dir='ltr'>et</span> <span class='ocrx_word' id='word_1_310' title='bbox 1836 3764 2042 3813; x_wconf 70' lang='lat' dir='ltr'>caetera</span> 
     </span>
    </p>
   </div>
   <div class='ocr_carea' id='block_1_42' title="bbox 398 3843 2042 3921">
    <p class='ocr_par' dir='ltr' id='par_1_42' title="bbox 398 3843 2042 3921">
     <span class='ocr_line' id='line_1_42' title="bbox 398 3843 2042 3921; baseline 0.002 -23"><span class='ocrx_word' id='word_1_311' title='bbox 398 3843 736 3913; x_wconf 72' lang='lat' dir='ltr'>huiusmodi</span> <span class='ocrx_word' id='word_1_312' title='bbox 768 3847 933 3916; x_wconf 86' lang='grc'>(420).</span> <span class='ocrx_word' id='word_1_313' title='bbox 970 3847 1252 3905; x_wconf 90' lang='lat' dir='ltr'>Dominus</span> <span class='ocrx_word' id='word_1_314' title='bbox 1282 3850 1462 3921; x_wconf 84' lang='lat' dir='ltr'>igitur</span> <span class='ocrx_word' id='word_1_315' title='bbox 1483 3849 1690 3904; x_wconf 88' lang='lat' dir='ltr'>nolens</span> <span class='ocrx_word' id='word_1_316' title='bbox 1722 3846 2042 3918; x_wconf 89' lang='lat' dir='ltr'>discipulos</span> 
     </span>
    </p>
   </div>
   <div class='ocr_carea' id='block_1_43' title="bbox 401 3932 2040 4008">
    <p class='ocr_par' dir='ltr' id='par_1_43' title="bbox 401 3932 2040 4008">
     <span class='ocr_line' id='line_1_43' title="bbox 401 3932 2040 4008; baseline 0 -20"><span class='ocrx_word' id='word_1_317' title='bbox 401 3949 540 3988; x_wconf 89' lang='lat' dir='ltr'>suos</span> <span class='ocrx_word' id='word_1_318' title='bbox 570 3932 628 3987; x_wconf 90' lang='lat' dir='ltr'>in</span> <span class='ocrx_word' id='word_1_319' title='bbox 662 3933 753 3990; x_wconf 91' lang='lat' dir='ltr'>his</span> <span class='ocrx_word' id='word_1_320' title='bbox 800 3952 1054 4001; x_wconf 86' lang='lat' dir='ltr'>manere,</span> <span class='ocrx_word' id='word_1_321' title='bbox 1105 3942 1169 3992; x_wconf 90' lang='lat' dir='ltr'>ut</span> <span class='ocrx_word' id='word_1_322' title='bbox 1197 3956 1295 3994; x_wconf 90' lang='lat' dir='ltr'>eos</span> <span class='ocrx_word' id='word_1_323' title='bbox 1342 3941 1414 3994; x_wconf 93' lang='lat' dir='ltr'>ad</span> <span class='ocrx_word' id='word_1_324' title='bbox 1448 3937 1655 3993; x_wconf 83' lang='lat' dir='ltr'>altiora</span> <span class='ocrx_word' id='word_1_325' title='bbox 1687 3939 2040 4008; x_wconf 81' lang='lat' dir='ltr'>provocarat,</span> 
     </span>
    </p>
   </div>
   <div class='ocr_carea' id='block_1_44' title="bbox 401 4022 2046 4096">
    <p class='ocr_par' dir='ltr' id='par_1_44' title="bbox 401 4022 2046 4096">
     <span class='ocr_line' id='line_1_44' title="bbox 401 4022 2046 4096; baseline 0.001 -20"><span class='ocrx_word' id='word_1_326' title='bbox 401 4022 676 4094; x_wconf 61' lang='lat' dir='ltr'>praecepit</span> <span class='ocrx_word' id='word_1_327' title='bbox 699 4040 712 4078; x_wconf 88' lang='lat'>:</span> <span class='ocrx_word' id='word_1_328' title='bbox 747 4026 974 4096; x_wconf 87' lang='lat' dir='ltr'>Diligite</span> <span class='ocrx_word' id='word_1_329' title='bbox 994 4028 1247 4082; x_wconf 83' lang='lat' dir='ltr'>inimicos</span> <span class='ocrx_word' id='word_1_330' title='bbox 1270 4031 1494 4093; x_wconf 79' lang='lat' dir='ltr'>vestros,</span> <span class='ocrx_word' id='word_1_331' title='bbox 1521 4025 1815 4094; x_wconf 81' lang='lat' dir='ltr'>benefacite</span> <span class='ocrx_word' id='word_1_332' title='bbox 1846 4022 1931 4077; x_wconf 89' lang='lat' dir='ltr'>his</span> <span class='ocrx_word' id='word_1_333' title='bbox 1953 4024 2046 4094; x_wconf 89' lang='lat' dir='ltr'>qui</span> 
     </span>
    </p>
   </div>
   <div class='ocr_carea' id='block_1_45' title="bbox 399 4112 2044 4186">
    <p class='ocr_par' dir='ltr' id='par_1_45' title="bbox 399 4112 2044 4186">
     <span class='ocr_line' id='line_1_45' title="bbox 399 4112 2044 4186; baseline -0.001 -18"><span class='ocrx_word' id='word_1_334' title='bbox 399 4129 492 4168; x_wconf 92' lang='lat' dir='ltr'>vos</span> <span class='ocrx_word' id='word_1_335' title='bbox 523 4112 751 4168; x_wconf 85' lang='lat' dir='ltr'>oderunt</span> <span class='ocrx_word' id='word_1_336' title='bbox 780 4115 984 4186; x_wconf 84' lang='lat' dir='ltr'>(Matth.</span> <span class='ocrx_word' id='word_1_337' title='bbox 1034 4133 1087 4184; x_wconf 93' lang='lat' dir='ltr'>v,</span> <span class='ocrx_word' id='word_1_338' title='bbox 1141 4117 1246 4184; x_wconf 70' lang='lat'>44;</span> <span class='ocrx_word' id='word_1_339' title='bbox 1297 4121 1428 4172; x_wconf 83' lang='lat' dir='ltr'>Luc.</span> <span class='ocrx_word' id='word_1_340' title='bbox 1474 4131 1553 4179; x_wconf 82' lang='lat' dir='ltr'>v1,</span> <span class='ocrx_word' id='word_1_341' title='bbox 1602 4115 1714 4180; x_wconf 85' lang='grc'>26).</span> <span class='ocrx_word' id='word_1_342' title='bbox 1747 4112 1820 4168; x_wconf 88' lang='lat' dir='ltr'>Ut</span> <span class='ocrx_word' id='word_1_343' title='bbox 1850 4117 2044 4167; x_wconf 90' lang='lat' dir='ltr'>autem</span> 
     </span>
    </p>
   </div>
   <div class='ocr_carea' id='block_1_46' title="bbox 401 4193 2046 4278">
    <p class='ocr_par' dir='ltr' id='par_1_46' title="bbox 401 4193 2046 4278">
     <span class='ocr_line' id='line_1_46' title="bbox 401 4193 2046 4278; baseline 0 -23"><span class='ocrx_word' id='word_1_344' title='bbox 401 4193 730 4258; x_wconf 71' lang='lat' dir='ltr'>ostenderet</span> <span class='ocrx_word' id='word_1_345' title='bbox 744 4205 841 4276; x_wconf 90' lang='lat' dir='ltr'>qui</span> <span class='ocrx_word' id='word_1_346' title='bbox 856 4209 996 4260; x_wconf 88' lang='lat' dir='ltr'>sunt</span> <span class='ocrx_word' id='word_1_347' title='bbox 1010 4206 1109 4278; x_wconf 91' lang='lat' dir='ltr'>qui</span> <span class='ocrx_word' id='word_1_348' title='bbox 1123 4206 1346 4261; x_wconf 87' lang='lat' dir='ltr'>malum</span> <span class='ocrx_word' id='word_1_349' title='bbox 1363 4220 1466 4276; x_wconf 90' lang='lat' dir='ltr'>pro</span> <span class='ocrx_word' id='word_1_350' title='bbox 1480 4201 1633 4256; x_wconf 89' lang='lat' dir='ltr'>malo</span> <span class='ocrx_word' id='word_1_351' title='bbox 1645 4218 1760 4256; x_wconf 92' lang='lat' dir='ltr'>non</span> <span class='ocrx_word' id='word_1_352' title='bbox 1774 4201 2046 4267; x_wconf 88' lang='lat' dir='ltr'>reddunt,</span> 
     </span>
    </p>
   </div>
   <div class='ocr_carea' id='block_1_47' title="bbox 404 4291 2050 4362">
    <p class='ocr_par' dir='ltr' id='par_1_47' title="bbox 404 4291 2050 4362">
     <span class='ocr_line' id='line_1_47' title="bbox 404 4291 2050 4362; baseline 0.004 -16"><span class='ocrx_word' id='word_1_353' title='bbox 404 4307 469 4346; x_wconf 88' lang='lat' dir='ltr'>su</span> <span class='ocrx_word' id='word_1_354' title='bbox 479 4291 706 4362; x_wconf 83' lang='lat' dir='ltr'>bjunxit</span> <span class='ocrx_word' id='word_1_355' title='bbox 731 4310 744 4350; x_wconf 95' lang='lat'>:</span> <span class='ocrx_word' id='word_1_356' title='bbox 767 4295 1118 4352; x_wconf 81' lang='lat' dir='ltr'>Providentes</span> <span class='ocrx_word' id='word_1_357' title='bbox 1137 4300 1279 4351; x_wconf 85' lang='lat' dir='ltr'>bona</span> <span class='ocrx_word' id='word_1_358' title='bbox 1295 4311 1405 4349; x_wconf 84' lang='lat' dir='ltr'>non</span> <span class='ocrx_word' id='word_1_359' title='bbox 1425 4292 1604 4346; x_wconf 81' lang='lat' dir='ltr'>solum</span> <span class='ocrx_word' id='word_1_360' title='bbox 1620 4307 1802 4346; x_wconf 74' lang='lat' dir='ltr'>coram</span> <span class='ocrx_word' id='word_1_361' title='bbox 1817 4293 1887 4345; x_wconf 73' lang='lat' dir='ltr'>De</span> <span class='ocrx_word' id='word_1_362' title='bbox 1895 4307 1944 4355; x_wconf 84' lang='lat'>0.</span> <span class='ocrx_word' id='word_1_363' title='bbox 1959 4292 2050 4346; x_wconf 74' lang='lat' dir='ltr'>sed</span> 
     </span>
    </p>
   </div>
   <div class='ocr_carea' id='block_1_48' title="bbox 403 4382 2045 4456">
    <p class='ocr_par' dir='ltr' id='par_1_48' title="bbox 403 4382 2045 4456">
     <span class='ocr_line' id='line_1_48' title="bbox 403 4382 2045 4456; baseline -0.001 -20"><span class='ocrx_word' id='word_1_364' title='bbox 403 4382 566 4437; x_wconf 86' lang='lat' dir='ltr'>etiam</span> <span class='ocrx_word' id='word_1_365' title='bbox 578 4398 761 4438; x_wconf 84' lang='lat' dir='ltr'>coram</span> <span class='ocrx_word' id='word_1_366' title='bbox 778 4384 926 4456; x_wconf 85' lang='grc'>(421)</span> <span class='ocrx_word' id='word_1_367' title='bbox 951 4385 1286 4441; x_wconf 82' lang='lat' dir='ltr'>hami-nibus.</span> <span class='ocrx_word' id='word_1_368' title='bbox 1310 4382 1654 4450; x_wconf 88' lang='lat' dir='ltr'>Quicunque</span> <span class='ocrx_word' id='word_1_369' title='bbox 1677 4397 1865 4434; x_wconf 90' lang='lat' dir='ltr'>mores</span> <span class='ocrx_word' id='word_1_370' title='bbox 1887 4397 2045 4447; x_wconf 89' lang='lat' dir='ltr'>suos,</span> 
     </span>
    </p>
   </div>
   <div class='ocr_carea' id='block_1_49' title="bbox 401 4469 2050 4547">
    <p class='ocr_par' dir='ltr' id='par_1_49' title="bbox 401 4469 2050 4547">
     <span class='ocr_line' id='line_1_49' title="bbox 401 4469 2050 4547; baseline -0.001 -21"><span class='ocrx_word' id='word_1_371' title='bbox 401 4475 459 4526; x_wconf 87' lang='lat' dir='ltr'>et</span> <span class='ocrx_word' id='word_1_372' title='bbox 486 4474 742 4528; x_wconf 86' lang='lat' dir='ltr'>actiones</span> <span class='ocrx_word' id='word_1_373' title='bbox 775 4475 855 4529; x_wconf 90' lang='lat' dir='ltr'>ita</span> <span class='ocrx_word' id='word_1_374' title='bbox 898 4479 1279 4547; x_wconf 92' lang='lat' dir='ltr'>componunt,</span> <span class='ocrx_word' id='word_1_375' title='bbox 1332 4471 1629 4532; x_wconf 87' lang='lat' dir='ltr'>ordinant,</span> <span class='ocrx_word' id='word_1_376' title='bbox 1661 4473 1725 4522; x_wconf 93' lang='lat' dir='ltr'>ut</span> <span class='ocrx_word' id='word_1_377' title='bbox 1755 4486 1787 4522; x_wconf 89' lang='lat' dir='ltr'>a</span> <span class='ocrx_word' id='word_1_378' title='bbox 1817 4469 2050 4525; x_wconf 90' lang='lat' dir='ltr'>nemine</span> 
     </span>
    </p>
   </div>
   <div class='ocr_carea' id='block_1_50' title="bbox 403 4557 2046 4635">
    <p class='ocr_par' dir='ltr' id='par_1_50' title="bbox 403 4557 2046 4635">
     <span class='ocr_line' id='line_1_50' title="bbox 403 4557 2046 4635; baseline -0.002 -19"><span class='ocrx_word' id='word_1_379' title='bbox 403 4562 746 4633; x_wconf 91' lang='lat' dir='ltr'>reprehendi</span> <span class='ocrx_word' id='word_1_380' title='bbox 781 4563 1026 4635; x_wconf 86' lang='lat' dir='ltr'>possint,</span> <span class='ocrx_word' id='word_1_381' title='bbox 1063 4563 1122 4618; x_wconf 91' lang='lat' dir='ltr'>hi</span> <span class='ocrx_word' id='word_1_382' title='bbox 1154 4578 1350 4616; x_wconf 89' lang='lat' dir='ltr'>coram</span> <span class='ocrx_word' id='word_1_383' title='bbox 1384 4559 1499 4614; x_wconf 88' lang='lat' dir='ltr'>Deo</span> <span class='ocrx_word' id='word_1_384' title='bbox 1530 4559 1680 4612; x_wconf 89' lang='lat' dir='ltr'>bona</span> <span class='ocrx_word' id='word_1_385' title='bbox 1711 4557 2046 4628; x_wconf 88' lang='lat' dir='ltr'>provident;</span> 
     </span>
    </p>
   </div>
   <div class='ocr_carea' id='block_1_51' title="bbox 403 4646 2050 4722">
    <p class='ocr_par' dir='ltr' id='par_1_51' title="bbox 403 4646 2050 4722">
     <span class='ocr_line' id='line_1_51' title="bbox 403 4646 2050 4722; baseline -0.001 -17"><span class='ocrx_word' id='word_1_386' title='bbox 403 4650 503 4722; x_wconf 89' lang='lat' dir='ltr'>qui</span> <span class='ocrx_word' id='word_1_387' title='bbox 533 4668 666 4706; x_wconf 91' lang='lat' dir='ltr'>vero</span> <span class='ocrx_word' id='word_1_388' title='bbox 693 4651 794 4720; x_wconf 89' lang='lat' dir='ltr'>ita,</span> <span class='ocrx_word' id='word_1_389' title='bbox 821 4657 885 4707; x_wconf 92' lang='lat' dir='ltr'>ut</span> <span class='ocrx_word' id='word_1_390' title='bbox 905 4653 1081 4708; x_wconf 91' lang='lat' dir='ltr'>etiam</span> <span class='ocrx_word' id='word_1_391' title='bbox 1106 4649 1425 4704; x_wconf 88' lang='lat' dir='ltr'>imitabiles</span> <span class='ocrx_word' id='word_1_392' title='bbox 1453 4648 1784 4717; x_wconf 82' lang='lat' dir='ltr'>ostendant,</span> <span class='ocrx_word' id='word_1_393' title='bbox 1808 4646 1868 4700; x_wconf 91' lang='lat' dir='ltr'>hi</span> <span class='ocrx_word' id='word_1_394' title='bbox 1898 4648 2050 4703; x_wconf 90' lang='lat' dir='ltr'>bona</span> 
     </span>
    </p>
   </div>
   <div class='ocr_carea' id='block_1_52' title="bbox 402 4734 2049 4811">
    <p class='ocr_par' dir='ltr' id='par_1_52' title="bbox 402 4734 2049 4811">
     <span class='ocr_line' id='line_1_52' title="bbox 402 4734 2049 4811; baseline 0 -17"><span class='ocrx_word' id='word_1_395' title='bbox 402 4739 708 4811; x_wconf 90' lang='lat' dir='ltr'>provident</span> <span class='ocrx_word' id='word_1_396' title='bbox 737 4741 912 4796; x_wconf 89' lang='lat' dir='ltr'>etiam</span> <span class='ocrx_word' id='word_1_397' title='bbox 943 4757 1140 4796; x_wconf 92' lang='lat' dir='ltr'>coram</span> <span class='ocrx_word' id='word_1_398' title='bbox 1165 4735 1541 4791; x_wconf 89' lang='lat' dir='ltr'>hominibus:</span> <span class='ocrx_word' id='word_1_399' title='bbox 1580 4734 1782 4805; x_wconf 87' lang='lat' dir='ltr'>quales</span> <span class='ocrx_word' id='word_1_400' title='bbox 1813 4736 2049 4795; x_wconf 86' lang='lat' dir='ltr'>fuerunt</span> 
     </span>
    </p>
   </div>
   <div class='ocr_carea' id='block_1_53' title="bbox 401 4821 2049 4901">
    <p class='ocr_par' dir='ltr' id='par_1_53' title="bbox 401 4821 2049 4901">
     <span class='ocr_line' id='line_1_53' title="bbox 401 4821 2049 4901; baseline -0.001 -18"><span class='ocrx_word' id='word_1_401' title='bbox 401 4832 674 4899; x_wconf 87' lang='lat' dir='ltr'>parentes</span> <span class='ocrx_word' id='word_1_402' title='bbox 706 4828 1084 4901; x_wconf 71' lang='lat' dir='ltr'>praecursoris</span> <span class='ocrx_word' id='word_1_403' title='bbox 1132 4823 1361 4879; x_wconf 91' lang='lat' dir='ltr'>Domini</span> <span class='ocrx_word' id='word_1_404' title='bbox 1411 4821 1595 4876; x_wconf 87' lang='lat' dir='ltr'>nostri</span> <span class='ocrx_word' id='word_1_405' title='bbox 1635 4823 1959 4895; x_wconf 88' lang='lat' dir='ltr'>Zacharias,</span> <span class='ocrx_word' id='word_1_406' title='bbox 1993 4831 2049 4882; x_wconf 90' lang='lat' dir='ltr'>et</span> 
     </span>
    </p>
   </div>
   <div class='ocr_carea' id='block_1_54' title="bbox 401 4911 2047 4989">
    <p class='ocr_par' dir='ltr' id='par_1_54' title="bbox 401 4911 2047 4989">
     <span class='ocr_line' id='line_1_54' title="bbox 401 4911 2047 4989; baseline -0.001 -16"><span class='ocrx_word' id='word_1_407' title='bbox 401 4917 720 4987; x_wconf 87' lang='lat' dir='ltr'>Elisabeth,</span> <span class='ocrx_word' id='word_1_408' title='bbox 755 4920 826 4974; x_wconf 90' lang='lat' dir='ltr'>de</span> <span class='ocrx_word' id='word_1_409' title='bbox 857 4918 1074 4989; x_wconf 89' lang='lat' dir='ltr'>quibus</span> <span class='ocrx_word' id='word_1_410' title='bbox 1096 4913 1346 4984; x_wconf 90' lang='lat' dir='ltr'>legitur:</span> <span class='ocrx_word' id='word_1_411' title='bbox 1382 4911 1522 4978; x_wconf 83' lang='lat' dir='ltr'>Quia</span> <span class='ocrx_word' id='word_1_412' title='bbox 1550 4917 1705 4966; x_wconf 88' lang='lat' dir='ltr'>erant</span> <span class='ocrx_word' id='word_1_413' title='bbox 1721 4913 1860 4983; x_wconf 83' lang='lat' dir='ltr'>justi</span> <span class='ocrx_word' id='word_1_414' title='bbox 1887 4918 2047 4971; x_wconf 90' lang='lat' dir='ltr'>ambo</span> 
     </span>
    </p>
   </div>
   <div class='ocr_carea' id='block_1_55' title="bbox 399 4999 2046 5074">
    <p class='ocr_par' dir='ltr' id='par_1_55' title="bbox 399 4999 2046 5074">
     <span class='ocr_line' id='line_1_55' title="bbox 399 4999 2046 5074; baseline -0.01 -12"><span class='ocrx_word' id='word_1_415' title='bbox 399 5009 728 5074; x_wconf 81' lang='lat' dir='ltr'>anteDevm,</span> <span class='ocrx_word' id='word_1_416' title='bbox 756 5007 1069 5062; x_wconf 76' lang='lat' dir='ltr'>incedentes</span> <span class='ocrx_word' id='word_1_417' title='bbox 1095 5005 1157 5056; x_wconf 88' lang='lat' dir='ltr'>in</span> <span class='ocrx_word' id='word_1_418' title='bbox 1205 4999 1459 5056; x_wconf 82' lang='lat' dir='ltr'>omnibus</span> <span class='ocrx_word' id='word_1_419' title='bbox 1486 5000 1778 5068; x_wconf 84' lang='lat' dir='ltr'>mandatis,</span> <span class='ocrx_word' id='word_1_420' title='bbox 1809 5007 1859 5057; x_wconf 83' lang='lat' dir='ltr'>et</span> <span class='ocrx_word' id='word_1_421' title='bbox 1890 5005 2046 5073; x_wconf 68' lang='lat' dir='ltr'>iam-</span> 
     </span>
    </p>
   </div>
   <div class='ocr_carea' id='block_1_56' title="bbox 397 5087 1762 5167">
    <p class='ocr_par' dir='ltr' id='par_1_56' title="bbox 397 5087 1762 5167">
     <span class='ocr_line' id='line_1_56' title="bbox 397 5087 1762 5167; baseline -0.005 -15"><span class='ocrx_word' id='word_1_422' title='bbox 397 5097 745 5167; x_wconf 84' lang='lat' dir='ltr'>ﬁcationibus</span> <span class='ocrx_word' id='word_1_423' title='bbox 771 5095 994 5149; x_wconf 85' lang='lat' dir='ltr'>Domini</span> <span class='ocrx_word' id='word_1_424' title='bbox 1021 5094 1149 5146; x_wconf 84' lang='lat' dir='ltr'>sine</span> <span class='ocrx_word' id='word_1_425' title='bbox 1181 5088 1407 5160; x_wconf 85' lang='lat' dir='ltr'>querela</span> <span class='ocrx_word' id='word_1_426' title='bbox 1439 5087 1586 5157; x_wconf 87' lang='lat' dir='ltr'>(Luc.</span> <span class='ocrx_word' id='word_1_427' title='bbox 1621 5107 1654 5160; x_wconf 87' lang='grc' dir='ltr'>ι,</span> <span class='ocrx_word' id='word_1_428' title='bbox 1686 5090 1762 5161; x_wconf 88' lang='grc'>6).</span> 
     </span>
    </p>
   </div>
   <div class='ocr_carea' id='block_1_57' title="bbox 471 5267 2046 5345">
    <p class='ocr_par' dir='ltr' id='par_1_57' title="bbox 471 5267 2046 5345">
     <span class='ocr_line' id='line_1_57' title="bbox 471 5267 2046 5345; baseline 0.002 -24"><span class='ocrx_word' id='word_1_429' title='bbox 471 5272 623 5345; x_wconf 68' lang='grc'>(429)</span> <span class='ocrx_word' id='word_1_430' title='bbox 654 5270 830 5324; x_wconf 86' lang='lat' dir='ltr'>Exod.</span> <span class='ocrx_word' id='word_1_431' title='bbox 862 5285 977 5345; x_wconf 71' lang='lat' dir='ltr'>xxi,</span> <span class='ocrx_word' id='word_1_432' title='bbox 1292 5268 1349 5320; x_wconf 89' lang='lat' dir='ltr'>et</span> <span class='ocrx_word' id='word_1_433' title='bbox 1379 5280 1569 5345; x_wconf 37' lang='lat' dir='ltr'>“seqq.</span> <span class='ocrx_word' id='word_1_434' title='bbox 1595 5282 1631 5345; x_wconf 26' lang='grc' dir='ltr'>ξς</span> <span class='ocrx_word' id='word_1_435' title='bbox 1668 5267 1844 5345; x_wconf 82' lang='lat' dir='ltr'>L_evit.</span> <span class='ocrx_word' id='word_1_436' title='bbox 1888 5286 2046 5345; x_wconf 70' lang='lat' dir='ltr'>xxiv,</span> 
     </span>
    </p>
   </div>
   <div class='ocr_carea' id='block_1_58' title="bbox 398 5336 2047 5410">
    <p class='ocr_par' dir='ltr' id='par_1_58' title="bbox 398 5336 2047 5410">
     <span class='ocr_line' id='line_1_58' title="bbox 398 5336 2047 5410; baseline -0.004 -11"><span class='ocrx_word' id='word_1_437' title='bbox 398 5336 488 5399; x_wconf 81' lang='grc' dir='ltr'>2οξ</span> <span class='ocrx_word' id='word_1_438' title='bbox 519 5361 533 5410; x_wconf 89' lang='grc'>;</span> <span class='ocrx_word' id='word_1_439' title='bbox 567 5336 735 5396; x_wconf 86' lang='lat' dir='ltr'>Deut.</span> <span class='ocrx_word' id='word_1_440' title='bbox 769 5357 883 5404; x_wconf 81' lang='grc' dir='ltr'>χιχ,</span> <span class='ocrx_word' id='word_1_441' title='bbox 916 5340 979 5391; x_wconf 92' lang='grc'>21</span> <span class='ocrx_word' id='word_1_442' title='bbox 1010 5356 1022 5404; x_wconf 91' lang='grc'><strong>;</strong></span> <span class='ocrx_word' id='word_1_443' title='bbox 1048 5337 1258 5410; x_wconf 85' lang='lat' dir='ltr'>Matth.</span> <span class='ocrx_word' id='word_1_444' title='bbox 1291 5354 1343 5400; x_wconf 91' lang='lat' dir='ltr'>v,</span> <span class='ocrx_word' id='word_1_445' title='bbox 1377 5337 1464 5410; x_wconf 70' lang='lat'>3_8.</span> <span class='ocrx_word' id='word_1_446' title='bbox 1503 5339 1566 5410; x_wconf 56' lang='grc' dir='ltr'><strong>γ.</strong></span> <span class='ocrx_word' id='word_1_447' title='bbox 1595 5336 1654 5390; x_wconf 90' lang='grc' dir='ltr'>Β.</span> <span class='ocrx_word' id='word_1_448' title='bbox 1678 5340 1920 5410; x_wconf 84' lang='lat' dir='ltr'>August.</span> <span class='ocrx_word' id='word_1_449' title='bbox 1948 5336 2047 5394; x_wconf 80' lang='lat' dir='ltr'>lib.</span> 
     </span>
    </p>
   </div>
   <div class='ocr_carea' id='block_1_59' title="bbox 402 5406 2051 5480">
    <p class='ocr_par' dir='ltr' id='par_1_59' title="bbox 402 5406 2051 5480">
     <span class='ocr_line' id='line_1_59' title="bbox 402 5406 2051 5480; baseline -0.003 -10"><span class='ocrx_word' id='word_1_450' title='bbox 402 5406 560 5470; x_wconf 86' lang='lat' dir='ltr'>cont.</span> <span class='ocrx_word' id='word_1_451' title='bbox 599 5412 793 5464; x_wconf 85' lang='lat' dir='ltr'>Faust.</span> <span class='ocrx_word' id='word_1_452' title='bbox 829 5426 877 5463; x_wconf 86' lang='lat' dir='ltr'>c.</span> <span class='ocrx_word' id='word_1_453' title='bbox 922 5411 1007 5463; x_wconf 79' lang='lat'>25.</span> <span class='ocrx_word' id='word_1_454' title='bbox 1045 5409 1278 5463; x_wconf 79' lang='lat' dir='ltr'>Pmnam</span> <span class='ocrx_word' id='word_1_455' title='bbox 1338 5406 1580 5480; x_wconf 73' lang='lat' dir='ltr'>talionis</span> <span class='ocrx_word' id='word_1_456' title='bbox 1627 5425 1741 5480; x_wconf 87' lang='lat' dir='ltr'>non</span> <span class='ocrx_word' id='word_1_457' title='bbox 1772 5406 2051 5480; x_wconf 41' lang='lat' dir='ltr'>vprivatus</span> 
     </span>
    </p>
   </div>
   <div class='ocr_carea' id='block_1_60' title="bbox 407 5477 2051 5560">
    <p class='ocr_par' dir='ltr' id='par_1_60' title="bbox 407 5477 2051 5560">
     <span class='ocr_line' id='line_1_60' title="bbox 407 5477 2051 5560; baseline -0.001 -22"><span class='ocrx_word' id='word_1_458' title='bbox 407 5484 766 5560; x_wconf 72' lang='lat' dir='ltr'>quicunque,</span> <span class='ocrx_word' id='word_1_459' title='bbox 799 5481 895 5534; x_wconf 90' lang='lat' dir='ltr'>sed</span> <span class='ocrx_word' id='word_1_460' title='bbox 921 5481 1102 5560; x_wconf 76' lang='lat' dir='ltr'>judex</span> <span class='ocrx_word' id='word_1_461' title='bbox 1140 5478 1464 5560; x_wconf 73' lang='lat' dir='ltr'>infligebat.</span> <span class='ocrx_word' id='word_1_462' title='bbox 1499 5477 1625 5560; x_wconf 62' lang='lat' dir='ltr'>Haec</span> <span class='ocrx_word' id='word_1_463' title='bbox 1673 5479 1763 5533; x_wconf 82' lang='lat' dir='ltr'>lex</span> <span class='ocrx_word' id='word_1_464' title='bbox 1791 5477 1944 5560; x_wconf 74' lang='lat' dir='ltr'>bdiis</span> <span class='ocrx_word' id='word_1_465' title='bbox 1969 5480 2051 5560; x_wconf 83' lang='lat' dir='ltr'>vi-</span> 
     </span>
    </p>
   </div>
   <div class='ocr_carea' id='block_1_61' title="bbox 406 5550 2052 5633">
    <p class='ocr_par' dir='ltr' id='par_1_61' title="bbox 406 5550 2052 5633">
     <span class='ocr_line' id='line_1_61' title="bbox 406 5550 2052 5633; baseline -0.002 -25"><span class='ocrx_word' id='word_1_466' title='bbox 406 5550 608 5633; x_wconf 60' lang='lat' dir='ltr'>tandis</span> <span class='ocrx_word' id='word_1_467' title='bbox 630 5550 823 5633; x_wconf 77' lang='lat' dir='ltr'>potius</span> <span class='ocrx_word' id='word_1_468' title='bbox 843 5569 1019 5633; x_wconf 78' lang='lat' dir='ltr'>quam</span> <span class='ocrx_word' id='word_1_469' title='bbox 1039 5552 1309 5633; x_wconf 65' lang='lat' dir='ltr'>vindictae</span> <span class='ocrx_word' id='word_1_470' title='bbox 1337 5550 1677 5633; x_wconf 69' lang='lat' dir='ltr'>exercendae</span> <span class='ocrx_word' id='word_1_471' title='bbox 1693 5552 2052 5633; x_wconf 79' lang='lat' dir='ltr'>consulebat.</span> 
     </span>
    </p>
   </div>
   <div class='ocr_carea' id='block_1_62' title="bbox 405 5619 2053 5694">
    <p class='ocr_par' dir='ltr' id='par_1_62' title="bbox 405 5619 2053 5694">
     <span class='ocr_line' id='line_1_62' title="bbox 405 5619 2053 5694; baseline -0.001 -14"><span class='ocrx_word' id='word_1_472' title='bbox 405 5624 557 5681; x_wconf 88' lang='lat' dir='ltr'>Nam</span> <span class='ocrx_word' id='word_1_473' title='bbox 579 5619 778 5680; x_wconf 88' lang='lat' dir='ltr'>odium</span> <span class='ocrx_word' id='word_1_474' title='bbox 801 5619 1173 5683; x_wconf 81' lang='lat' dir='ltr'>inimicorum</span> <span class='ocrx_word' id='word_1_475' title='bbox 1198 5622 1305 5682; x_wconf 90' lang='lat' dir='ltr'>Dei</span> <span class='ocrx_word' id='word_1_476' title='bbox 1335 5619 1709 5690; x_wconf 84' lang='lat' dir='ltr'>lexjubebat,</span> <span class='ocrx_word' id='word_1_477' title='bbox 1729 5637 1845 5677; x_wconf 91' lang='lat' dir='ltr'>non</span> <span class='ocrx_word' id='word_1_478' title='bbox 1865 5623 2053 5694; x_wconf 84' lang='lat' dir='ltr'>priva-</span> 
     </span>
    </p>
   </div>
   <div class='ocr_carea' id='block_1_63' title="bbox 2132 553 3836 624">
    <p class='ocr_par' dir='ltr' id='par_1_63' title="bbox 2132 553 3836 624">
     <span class='ocr_line' id='line_1_63' title="bbox 2132 553 3836 624; baseline 0 -14"><span class='ocrx_word' id='word_1_479' title='bbox 2132 555 2388 610; x_wconf 85' lang='lat' dir='ltr'>omnibus</span> <span class='ocrx_word' id='word_1_480' title='bbox 2418 555 2731 610; x_wconf 87' lang='lat' dir='ltr'>hominibus</span> <span class='ocrx_word' id='word_1_481' title='bbox 2757 570 2951 624; x_wconf 76' lang='lat' dir='ltr'>pacem</span> <span class='ocrx_word' id='word_1_482' title='bbox 2998 555 3272 608; x_wconf 80' lang='lat' dir='ltr'>habentes.</span> <span class='ocrx_word' id='word_1_483' title='bbox 3323 553 3442 608; x_wconf 85' lang='lat' dir='ltr'>Pax</span> <span class='ocrx_word' id='word_1_484' title='bbox 3479 554 3632 609; x_wconf 90' lang='lat' dir='ltr'>duos</span> <span class='ocrx_word' id='word_1_485' title='bbox 3661 570 3836 610; x_wconf 88' lang='lat' dir='ltr'>con-</span> 
     </span>
    </p>
   </div>
   <div class='ocr_carea' id='block_1_64' title="bbox 2125 644 3835 715">
    <p class='ocr_par' dir='ltr' id='par_1_64' title="bbox 2125 644 3835 715">
     <span class='ocr_line' id='line_1_64' title="bbox 2125 644 3835 715; baseline 0 -17"><span class='ocrx_word' id='word_1_486' title='bbox 2125 645 2346 715; x_wconf 88' lang='lat' dir='ltr'>jungit,</span> <span class='ocrx_word' id='word_1_487' title='bbox 2382 645 2629 714; x_wconf 90' lang='lat' dir='ltr'>Ideoque</span> <span class='ocrx_word' id='word_1_488' title='bbox 2659 661 2788 714; x_wconf 89' lang='lat' dir='ltr'>pax,</span> <span class='ocrx_word' id='word_1_489' title='bbox 2837 644 2950 698; x_wconf 90' lang='lat' dir='ltr'>nisi</span> <span class='ocrx_word' id='word_1_490' title='bbox 2982 644 3131 698; x_wconf 87' lang='lat' dir='ltr'>inter</span> <span class='ocrx_word' id='word_1_491' title='bbox 3175 645 3345 710; x_wconf 91' lang='lat' dir='ltr'>duos,</span> <span class='ocrx_word' id='word_1_492' title='bbox 3379 660 3510 699; x_wconf 89' lang='lat' dir='ltr'>esse</span> <span class='ocrx_word' id='word_1_493' title='bbox 3540 659 3660 699; x_wconf 89' lang='lat' dir='ltr'>non</span> <span class='ocrx_word' id='word_1_494' title='bbox 3701 659 3835 715; x_wconf 87' lang='lat' dir='ltr'>po-</span> 
     </span>
    </p>
   </div>
   <div class='ocr_carea' id='block_1_65' title="bbox 2131 732 3830 804">
    <p class='ocr_par' dir='ltr' id='par_1_65' title="bbox 2131 732 3830 804">
     <span class='ocr_line' id='line_1_65' title="bbox 2131 732 3830 804; baseline 0 -17"><span class='ocrx_word' id='word_1_495' title='bbox 2131 736 2265 788; x_wconf 89' lang='lat' dir='ltr'>test.</span> <span class='ocrx_word' id='word_1_496' title='bbox 2294 733 2456 787; x_wconf 91' lang='lat' dir='ltr'>Undc</span> <span class='ocrx_word' id='word_1_497' title='bbox 2487 733 2640 787; x_wconf 88' lang='lat' dir='ltr'>idem</span> <span class='ocrx_word' id='word_1_498' title='bbox 2661 732 2968 803; x_wconf 83' lang='lat' dir='ltr'>Apostolus</span> <span class='ocrx_word' id='word_1_499' title='bbox 2993 751 3005 788; x_wconf 92' lang='lat'>:</span> <span class='ocrx_word' id='word_1_500' title='bbox 3040 733 3288 788; x_wconf 83' lang='lat' dir='ltr'>Christus</span> <span class='ocrx_word' id='word_1_501' title='bbox 3329 741 3406 788; x_wconf 85' lang='lat' dir='ltr'>est</span> <span class='ocrx_word' id='word_1_502' title='bbox 3431 749 3548 804; x_wconf 69' lang='lat' dir='ltr'>pax</span> <span class='ocrx_word' id='word_1_503' title='bbox 3576 743 3830 800; x_wconf 79' lang='lat' dir='ltr'>nostra,</span> 
     </span>
    </p>
   </div>
   <div class='ocr_carea' id='block_1_66' title="bbox 2135 822 3832 894">
    <p class='ocr_par' dir='ltr' id='par_1_66' title="bbox 2135 822 3832 894">
     <span class='ocr_line' id='line_1_66' title="bbox 2135 822 3832 894; baseline 0.001 -18"><span class='ocrx_word' id='word_1_504' title='bbox 2135 823 2231 891; x_wconf 89' lang='lat' dir='ltr'>qui</span> <span class='ocrx_word' id='word_1_505' title='bbox 2258 823 2388 890; x_wconf 82' lang='lat' dir='ltr'>fecit</span> <span class='ocrx_word' id='word_1_506' title='bbox 2415 828 2652 892; x_wconf 78' lang='lat' dir='ltr'>utraque</span> <span class='ocrx_word' id='word_1_507' title='bbox 2711 839 2884 875; x_wconf 87' lang='lat' dir='ltr'>unum</span> <span class='ocrx_word' id='word_1_508' title='bbox 2929 823 3144 893; x_wconf 84' lang='lat' dir='ltr'>(Ephes.</span> <span class='ocrx_word' id='word_1_509' title='bbox 3192 840 3254 890; x_wconf 83' lang='lat' dir='ltr'>II,</span> <span class='ocrx_word' id='word_1_510' title='bbox 3307 822 3414 894; x_wconf 85' lang='grc'>14).</span> <span class='ocrx_word' id='word_1_511' title='bbox 3465 822 3832 878; x_wconf 69' lang='grc' dir='ltr'>Ρνεενίάεῐιε</span> 
     </span>
    </p>
   </div>
   <div class='ocr_carea' id='block_1_67' title="bbox 2134 911 3832 983">
    <p class='ocr_par' dir='ltr' id='par_1_67' title="bbox 2134 911 3832 983">
     <span class='ocr_line' id='line_1_67' title="bbox 2134 911 3832 983; baseline 0.001 -19"><span class='ocrx_word' id='word_1_512' title='bbox 2134 927 2290 980; x_wconf 89' lang='lat' dir='ltr'>ergo,</span> <span class='ocrx_word' id='word_1_513' title='bbox 2326 911 2462 980; x_wconf 88' lang='lat' dir='ltr'>quia</span> <span class='ocrx_word' id='word_1_514' title='bbox 2505 927 2614 981; x_wconf 85' lang='lat' dir='ltr'>pax</span> <span class='ocrx_word' id='word_1_515' title='bbox 2663 911 3004 966; x_wconf 90' lang='lat' dir='ltr'>inconvulsa</span> <span class='ocrx_word' id='word_1_516' title='bbox 3061 913 3278 966; x_wconf 88' lang='lat' dir='ltr'>servari</span> <span class='ocrx_word' id='word_1_517' title='bbox 3339 927 3455 966; x_wconf 91' lang='lat' dir='ltr'>non</span> <span class='ocrx_word' id='word_1_518' title='bbox 3499 916 3709 983; x_wconf 85' lang='lat' dir='ltr'>potest</span> <span class='ocrx_word' id='word_1_519' title='bbox 3743 927 3832 966; x_wconf 83' lang='lat' dir='ltr'>ex</span> 
     </span>
    </p>
   </div>
   <div class='ocr_carea' id='block_1_68' title="bbox 2135 999 3830 1071">
    <p class='ocr_par' dir='ltr' id='par_1_68' title="bbox 2135 999 3830 1071">
     <span class='ocr_line' id='line_1_68' title="bbox 2135 999 3830 1071; baseline 0.001 -18"><span class='ocrx_word' id='word_1_520' title='bbox 2135 1006 2297 1070; x_wconf 87' lang='lat' dir='ltr'>parte</span> <span class='ocrx_word' id='word_1_521' title='bbox 2320 999 2715 1066; x_wconf 90' lang='lat' dir='ltr'>inimicorum,</span> <span class='ocrx_word' id='word_1_522' title='bbox 2748 1017 2950 1054; x_wconf 88' lang='lat' dir='ltr'>eorum</span> <span class='ocrx_word' id='word_1_523' title='bbox 2984 999 3271 1068; x_wconf 88' lang='lat' dir='ltr'>videlicet,</span> <span class='ocrx_word' id='word_1_524' title='bbox 3304 1001 3403 1071; x_wconf 91' lang='lat' dir='ltr'>qui</span> <span class='ocrx_word' id='word_1_525' title='bbox 3438 1017 3471 1055; x_wconf 91' lang='lat' dir='ltr'>a</span> <span class='ocrx_word' id='word_1_526' title='bbox 3503 1001 3683 1056; x_wconf 88' lang='lat' dir='ltr'>bonis</span> <span class='ocrx_word' id='word_1_527' title='bbox 3724 1016 3830 1055; x_wconf 87' lang='lat' dir='ltr'>re-</span> 
     </span>
    </p>
   </div>
   <div class='ocr_carea' id='block_1_69' title="bbox 2137 1088 3825 1159">
    <p class='ocr_par' dir='ltr' id='par_1_69' title="bbox 2137 1088 3825 1159">
     <span class='ocr_line' id='line_1_69' title="bbox 2137 1088 3825 1159; baseline 0.003 -18"><span class='ocrx_word' id='word_1_528' title='bbox 2137 1088 2948 1159; x_wconf 88' lang='lat' dir='ltr'>prehenduntur,temperavit</span> <span class='ocrx_word' id='word_1_529' title='bbox 2969 1106 3137 1144; x_wconf 88' lang='lat' dir='ltr'>suam</span> <span class='ocrx_word' id='word_1_530' title='bbox 3159 1088 3777 1155; x_wconf 86' lang='lat' dir='ltr'>locutionem,dicens</span> <span class='ocrx_word' id='word_1_531' title='bbox 3807 1106 3825 1146; x_wconf 91' lang='lat'>:</span> 
     </span>
    </p>
   </div>
   <div class='ocr_carea' id='block_1_70' title="bbox 2135 1177 3830 1250">
    <p class='ocr_par' dir='ltr' id='par_1_70' title="bbox 2135 1177 3830 1250">
     <span class='ocr_line' id='line_1_70' title="bbox 2135 1177 3830 1250; baseline 0.002 -20"><span class='ocrx_word' id='word_1_532' title='bbox 2135 1177 2196 1230; x_wconf 90' lang='lat' dir='ltr'>Si</span> <span class='ocrx_word' id='word_1_533' title='bbox 2223 1177 2355 1247; x_wconf 75' lang='lat' dir='ltr'>fieri</span> <span class='ocrx_word' id='word_1_534' title='bbox 2380 1186 2574 1249; x_wconf 83' lang='lat' dir='ltr'>potest,</span> <span class='ocrx_word' id='word_1_535' title='bbox 2608 1178 2964 1232; x_wconf 76' lang='lat' dir='ltr'>Praevidebat</span> <span class='ocrx_word' id='word_1_536' title='bbox 2984 1178 3140 1232; x_wconf 90' lang='lat' dir='ltr'>enim</span> <span class='ocrx_word' id='word_1_537' title='bbox 3176 1178 3331 1248; x_wconf 89' lang='lat' dir='ltr'>quod</span> <span class='ocrx_word' id='word_1_538' title='bbox 3359 1177 3483 1232; x_wconf 82' lang='lat' dir='ltr'>fieri</span> <span class='ocrx_word' id='word_1_539' title='bbox 3515 1195 3632 1234; x_wconf 92' lang='lat' dir='ltr'>non</span> <span class='ocrx_word' id='word_1_540' title='bbox 3670 1195 3830 1250; x_wconf 86' lang='lat' dir='ltr'>pos-</span> 
     </span>
    </p>
   </div>
   <div class='ocr_carea' id='block_1_71' title="bbox 2137 1266 3822 1337">
    <p class='ocr_par' dir='ltr' id='par_1_71' title="bbox 2137 1266 3822 1337">
     <span class='ocr_line' id='line_1_71' title="bbox 2137 1266 3822 1337; baseline 0.001 -17"><span class='ocrx_word' id='word_1_541' title='bbox 2137 1272 2243 1332; x_wconf 88' lang='lat' dir='ltr'>set,</span> <span class='ocrx_word' id='word_1_542' title='bbox 2279 1267 2526 1337; x_wconf 87' lang='lat' dir='ltr'>ideoque</span> <span class='ocrx_word' id='word_1_543' title='bbox 2574 1266 2916 1336; x_wconf 84' lang='lat' dir='ltr'>subjunxit;</span> <span class='ocrx_word' id='word_1_544' title='bbox 2979 1268 3128 1334; x_wconf 83' lang='lat' dir='ltr'>Quod</span> <span class='ocrx_word' id='word_1_545' title='bbox 3175 1282 3244 1322; x_wconf 74' lang='lat' dir='ltr'>ea:</span> <span class='ocrx_word' id='word_1_546' title='bbox 3300 1269 3451 1322; x_wconf 85' lang='lat' dir='ltr'>vobis</span> <span class='ocrx_word' id='word_1_547' title='bbox 3491 1272 3614 1335; x_wconf 81' lang='lat' dir='ltr'>est;</span> <span class='ocrx_word' id='word_1_548' title='bbox 3645 1284 3726 1322; x_wconf 86' lang='lat' dir='ltr'>ac</span> <span class='ocrx_word' id='word_1_549' title='bbox 3763 1268 3822 1322; x_wconf 86' lang='lat' dir='ltr'>si</span> 
     </span>
    </p>
   </div>
   <div class='ocr_carea' id='block_1_72' title="bbox 2137 1355 3825 1427">
    <p class='ocr_par' dir='ltr' id='par_1_72' title="bbox 2137 1355 3825 1427">
     <span class='ocr_line' id='line_1_72' title="bbox 2137 1355 3825 1427; baseline 0.002 -20"><span class='ocrx_word' id='word_1_550' title='bbox 2137 1359 2333 1425; x_wconf 88' lang='lat' dir='ltr'>aperte</span> <span class='ocrx_word' id='word_1_551' title='bbox 2346 1355 2562 1409; x_wconf 86' lang='lat' dir='ltr'>diceret</span> <span class='ocrx_word' id='word_1_552' title='bbox 2587 1372 2599 1410; x_wconf 89' lang='lat'><strong>:</strong></span> <span class='ocrx_word' id='word_1_553' title='bbox 2627 1355 2773 1419; x_wconf 88' lang='lat' dir='ltr'>Quia</span> <span class='ocrx_word' id='word_1_554' title='bbox 2788 1371 2855 1410; x_wconf 88' lang='lat' dir='ltr'>ex</span> <span class='ocrx_word' id='word_1_555' title='bbox 2877 1357 3248 1410; x_wconf 88' lang='lat' dir='ltr'>inimicorum</span> <span class='ocrx_word' id='word_1_556' title='bbox 3272 1361 3434 1427; x_wconf 87' lang='lat' dir='ltr'>parte</span> <span class='ocrx_word' id='word_1_557' title='bbox 3449 1356 3825 1412; x_wconf 88' lang='lat' dir='ltr'>inconvulsa</span> 
     </span>
    </p>
   </div>
   <div class='ocr_carea' id='block_1_73' title="bbox 2137 1443 3822 1516">
    <p class='ocr_par' dir='ltr' id='par_1_73' title="bbox 2137 1443 3822 1516">
     <span class='ocr_line' id='line_1_73' title="bbox 2137 1443 3822 1516; baseline 0.002 -18"><span class='ocrx_word' id='word_1_558' title='bbox 2137 1443 2356 1498; x_wconf 87' lang='lat' dir='ltr'>servari</span> <span class='ocrx_word' id='word_1_559' title='bbox 2387 1461 2502 1498; x_wconf 91' lang='lat' dir='ltr'>non</span> <span class='ocrx_word' id='word_1_560' title='bbox 2532 1447 2913 1516; x_wconf 87' lang='lat' dir='ltr'>potest,quod</span> <span class='ocrx_word' id='word_1_561' title='bbox 2945 1461 3014 1500; x_wconf 85' lang='lat' dir='ltr'>ex</span> <span class='ocrx_word' id='word_1_562' title='bbox 3037 1445 3204 1500; x_wconf 87' lang='lat' dir='ltr'>vobis</span> <span class='ocrx_word' id='word_1_563' title='bbox 3227 1449 3335 1513; x_wconf 89' lang='lat' dir='ltr'>est,</span> <span class='ocrx_word' id='word_1_564' title='bbox 3372 1445 3430 1500; x_wconf 92' lang='lat' dir='ltr'>id</span> <span class='ocrx_word' id='word_1_565' title='bbox 3462 1448 3570 1512; x_wconf 88' lang='lat' dir='ltr'>est,</span> <span class='ocrx_word' id='word_1_566' title='bbox 3606 1461 3822 1516; x_wconf 86' lang='lat' dir='ltr'>quan-</span> 
     </span>
    </p>
   </div>
   <div class='ocr_carea' id='block_1_74' title="bbox 2136 1534 3824 1606">
    <p class='ocr_par' dir='ltr' id='par_1_74' title="bbox 2136 1534 3824 1606">
     <span class='ocr_line' id='line_1_74' title="bbox 2136 1534 3824 1606; baseline 0.002 -20"><span class='ocrx_word' id='word_1_567' title='bbox 2136 1537 2262 1586; x_wconf 89' lang='lat' dir='ltr'>tum</span> <span class='ocrx_word' id='word_1_568' title='bbox 2294 1534 2365 1587; x_wconf 90' lang='lat' dir='ltr'>ad</span> <span class='ocrx_word' id='word_1_569' title='bbox 2397 1550 2496 1587; x_wconf 89' lang='lat' dir='ltr'>vos</span> <span class='ocrx_word' id='word_1_570' title='bbox 2527 1537 2634 1598; x_wconf 88' lang='lat' dir='ltr'>est,</span> <span class='ocrx_word' id='word_1_571' title='bbox 2667 1550 2735 1587; x_wconf 86' lang='lat' dir='ltr'>ex</span> <span class='ocrx_word' id='word_1_572' title='bbox 2764 1540 2954 1589; x_wconf 89' lang='lat' dir='ltr'>vestra</span> <span class='ocrx_word' id='word_1_573' title='bbox 2998 1534 3217 1589; x_wconf 90' lang='lat' dir='ltr'>scilicet</span> <span class='ocrx_word' id='word_1_574' title='bbox 3246 1539 3410 1606; x_wconf 89' lang='lat' dir='ltr'>parte</span> <span class='ocrx_word' id='word_1_575' title='bbox 3447 1534 3824 1590; x_wconf 82' lang='lat' dir='ltr'>inconvulsa</span> 
     </span>
    </p>
   </div>
   <div class='ocr_carea' id='block_1_75' title="bbox 2135 1623 3818 1694">
    <p class='ocr_par' dir='ltr' id='par_1_75' title="bbox 2135 1623 3818 1694">
     <span class='ocr_line' id='line_1_75' title="bbox 2135 1623 3818 1694; baseline 0.001 -16"><span class='ocrx_word' id='word_1_576' title='bbox 2135 1627 2415 1690; x_wconf 86' lang='lat' dir='ltr'>servetur,</span> <span class='ocrx_word' id='word_1_577' title='bbox 2459 1627 2523 1676; x_wconf 88' lang='lat' dir='ltr'>ut</span> <span class='ocrx_word' id='word_1_578' title='bbox 2567 1638 2798 1694; x_wconf 86' lang='lat' dir='ltr'>semper</span> <span class='ocrx_word' id='word_1_579' title='bbox 2843 1623 3074 1678; x_wconf 89' lang='lat' dir='ltr'>illorum</span> <span class='ocrx_word' id='word_1_580' title='bbox 3123 1623 3467 1679; x_wconf 80' lang='lat' dir='ltr'>desideratis</span> <span class='ocrx_word' id='word_1_581' title='bbox 3514 1623 3818 1680; x_wconf 84' lang='lat' dir='ltr'>salutem.</span> 
     </span>
    </p>
   </div>
   <div class='ocr_carea' id='block_1_76' title="bbox 2138 1711 3821 1784">
    <p class='ocr_par' dir='ltr' id='par_1_76' title="bbox 2138 1711 3821 1784">
     <span class='ocr_line' id='line_1_76' title="bbox 2138 1711 3821 1784; baseline 0.001 -19"><span class='ocrx_word' id='word_1_582' title='bbox 2138 1711 2362 1774; x_wconf 86' lang='lat' dir='ltr'>Quibus</span> <span class='ocrx_word' id='word_1_583' title='bbox 2391 1711 2584 1767; x_wconf 86' lang='lat' dir='ltr'>verbis</span> <span class='ocrx_word' id='word_1_584' title='bbox 2631 1728 3005 1784; x_wconf 86' lang='lat' dir='ltr'>nequaquam</span> <span class='ocrx_word' id='word_1_585' title='bbox 3039 1712 3496 1768; x_wconf 88' lang='lat' dir='ltr'>ecclesiasticam</span> <span class='ocrx_word' id='word_1_586' title='bbox 3529 1713 3821 1784; x_wconf 84' lang='lat' dir='ltr'>discipli-</span> 
     </span>
    </p>
   </div>
   <div class='ocr_carea' id='block_1_77' title="bbox 2136 1800 3821 1872">
    <p class='ocr_par' dir='ltr' id='par_1_77' title="bbox 2136 1800 3821 1872">
     <span class='ocr_line' id='line_1_77' title="bbox 2136 1800 3821 1872; baseline 0.001 -18"><span class='ocrx_word' id='word_1_587' title='bbox 2136 1817 2270 1855; x_wconf 90' lang='lat' dir='ltr'>nam</span> <span class='ocrx_word' id='word_1_588' title='bbox 2296 1800 2591 1855; x_wconf 90' lang='lat' dir='ltr'>interdicit</span> <span class='ocrx_word' id='word_1_589' title='bbox 2617 1818 2629 1868; x_wconf 91' lang='lat'>;</span> <span class='ocrx_word' id='word_1_590' title='bbox 2656 1801 2711 1855; x_wconf 90' lang='lat' dir='ltr'>id</span> <span class='ocrx_word' id='word_1_591' title='bbox 2735 1805 2844 1867; x_wconf 89' lang='lat' dir='ltr'>est,</span> <span class='ocrx_word' id='word_1_592' title='bbox 2868 1805 2934 1856; x_wconf 90' lang='lat' dir='ltr'>ut</span> <span class='ocrx_word' id='word_1_593' title='bbox 2956 1818 3088 1856; x_wconf 91' lang='lat' dir='ltr'>cum</span> <span class='ocrx_word' id='word_1_594' title='bbox 3115 1801 3384 1857; x_wconf 88' lang='lat' dir='ltr'>videmus</span> <span class='ocrx_word' id='word_1_595' title='bbox 3408 1801 3664 1872; x_wconf 87' lang='lat' dir='ltr'>aliquem</span> <span class='ocrx_word' id='word_1_596' title='bbox 3689 1804 3821 1856; x_wconf 87' lang='lat' dir='ltr'>fra-</span> 
     </span>
    </p>
   </div>
   <div class='ocr_carea' id='block_1_78' title="bbox 2138 1889 3817 1962">
    <p class='ocr_par' dir='ltr' id='par_1_78' title="bbox 2138 1889 3817 1962">
     <span class='ocr_line' id='line_1_78' title="bbox 2138 1889 3817 1962; baseline 0.001 -18"><span class='ocrx_word' id='word_1_597' title='bbox 2138 1895 2285 1944; x_wconf 89' lang='lat' dir='ltr'>trem</span> <span class='ocrx_word' id='word_1_598' title='bbox 2307 1889 2560 1960; x_wconf 89' lang='lat' dir='ltr'>lapsum,</span> <span class='ocrx_word' id='word_1_599' title='bbox 2579 1907 2693 1945; x_wconf 91' lang='lat' dir='ltr'>non</span> <span class='ocrx_word' id='word_1_600' title='bbox 2711 1906 2844 1945; x_wconf 89' lang='lat' dir='ltr'>eum</span> <span class='ocrx_word' id='word_1_601' title='bbox 2863 1891 3256 1962; x_wconf 86' lang='lat' dir='ltr'>corrigamus:</span> <span class='ocrx_word' id='word_1_602' title='bbox 3276 1891 3672 1962; x_wconf 80' lang='lat' dir='ltr'>oportetenim</span> <span class='ocrx_word' id='word_1_603' title='bbox 3691 1891 3817 1946; x_wconf 92' lang='lat' dir='ltr'>hoc</span> 
     </span>
    </p>
   </div>
   <div class='ocr_carea' id='block_1_79' title="bbox 2138 1977 3811 2050">
    <p class='ocr_par' dir='ltr' id='par_1_79' title="bbox 2138 1977 3811 2050">
     <span class='ocr_line' id='line_1_79' title="bbox 2138 1977 3811 2050; baseline 0.002 -19"><span class='ocrx_word' id='word_1_604' title='bbox 2138 1993 2327 2048; x_wconf 86' lang='lat' dir='ltr'>agere,</span> <span class='ocrx_word' id='word_1_605' title='bbox 2363 1977 2413 2032; x_wconf 90' lang='lat' dir='ltr'>si</span> <span class='ocrx_word' id='word_1_606' title='bbox 2463 1978 2705 2033; x_wconf 87' lang='lat' dir='ltr'>forsitan</span> <span class='ocrx_word' id='word_1_607' title='bbox 2755 1978 2924 2033; x_wconf 90' lang='lat' dir='ltr'>illum</span> <span class='ocrx_word' id='word_1_608' title='bbox 2972 1979 3283 2034; x_wconf 88' lang='lat' dir='ltr'>emendare</span> <span class='ocrx_word' id='word_1_609' title='bbox 3324 1979 3644 2050; x_wconf 89' lang='lat' dir='ltr'>possimus.</span> <span class='ocrx_word' id='word_1_610' title='bbox 3681 1979 3811 2034; x_wconf 85' lang='lat' dir='ltr'>Sed</span> 
     </span>
    </p>
   </div>
   <div class='ocr_carea' id='block_1_80' title="bbox 2139 2066 3816 2138">
    <p class='ocr_par' dir='ltr' id='par_1_80' title="bbox 2139 2066 3816 2138">
     <span class='ocr_line' id='line_1_80' title="bbox 2139 2066 3816 2138; baseline 0.001 -18"><span class='ocrx_word' id='word_1_611' title='bbox 2139 2067 2636 2136; x_wconf 89' lang='lat' dir='ltr'>quemadmodum</span> <span class='ocrx_word' id='word_1_612' title='bbox 2657 2083 2788 2121; x_wconf 91' lang='lat' dir='ltr'>cum</span> <span class='ocrx_word' id='word_1_613' title='bbox 2813 2067 3089 2122; x_wconf 87' lang='lat' dir='ltr'>omnibus</span> <span class='ocrx_word' id='word_1_614' title='bbox 3111 2066 3451 2122; x_wconf 90' lang='lat' dir='ltr'>hominibus</span> <span class='ocrx_word' id='word_1_615' title='bbox 3464 2083 3670 2138; x_wconf 88' lang='lat' dir='ltr'>pacem</span> <span class='ocrx_word' id='word_1_616' title='bbox 3695 2067 3816 2122; x_wconf 84' lang='lat' dir='ltr'>ha-</span> 
     </span>
    </p>
   </div>
   <div class='ocr_carea' id='block_1_81' title="bbox 2137 2155 3810 2228">
    <p class='ocr_par' dir='ltr' id='par_1_81' title="bbox 2137 2155 3810 2228">
     <span class='ocr_line' id='line_1_81' title="bbox 2137 2155 3810 2228; baseline 0.001 -19"><span class='ocrx_word' id='word_1_617' title='bbox 2137 2155 2272 2210; x_wconf 90' lang='lat' dir='ltr'>bere</span> <span class='ocrx_word' id='word_1_618' title='bbox 2305 2155 2622 2226; x_wconf 88' lang='lat' dir='ltr'>possimus,</span> <span class='ocrx_word' id='word_1_619' title='bbox 2681 2156 2805 2226; x_wconf 90' lang='lat' dir='ltr'>ipse</span> <span class='ocrx_word' id='word_1_620' title='bbox 2853 2157 3211 2220; x_wconf 87' lang='lat' dir='ltr'>manifestat,</span> <span class='ocrx_word' id='word_1_621' title='bbox 3261 2172 3394 2211; x_wconf 91' lang='lat' dir='ltr'>cum</span> <span class='ocrx_word' id='word_1_622' title='bbox 3441 2156 3810 2228; x_wconf 84' lang='lat' dir='ltr'>subjungit:</span> 
     </span>
    </p>
   </div>
   <div class='ocr_carea' id='block_1_82' title="bbox 2136 2244 3809 2315">
    <p class='ocr_par' dir='ltr' id='par_1_82' title="bbox 2136 2244 3809 2315">
     <span class='ocr_line' id='line_1_82' title="bbox 2136 2244 3809 2315; baseline 0 -15"><span class='ocrx_word' id='word_1_623' title='bbox 2136 2246 2250 2300; x_wconf 85' lang='lat' dir='ltr'>Non</span> <span class='ocrx_word' id='word_1_624' title='bbox 2273 2261 2360 2299; x_wconf 88' lang='lat' dir='ltr'>vos</span> <span class='ocrx_word' id='word_1_625' title='bbox 2374 2246 2626 2315; x_wconf 87' lang='lat' dir='ltr'>metipsos</span> <span class='ocrx_word' id='word_1_626' title='bbox 2641 2244 3004 2314; x_wconf 77' lang='lat' dir='ltr'>defendentes,</span> <span class='ocrx_word' id='word_1_627' title='bbox 3026 2245 3453 2312; x_wconf 85' lang='lat' dir='ltr'>charissimi,sed</span> <span class='ocrx_word' id='word_1_628' title='bbox 3471 2245 3598 2301; x_wconf 86' lang='lat' dir='ltr'>date</span> <span class='ocrx_word' id='word_1_629' title='bbox 3617 2245 3809 2301; x_wconf 82' lang='lat' dir='ltr'>locum</span> 
     </span>
    </p>
   </div>
   <div class='ocr_carea' id='block_1_83' title="bbox 2138 2333 3808 2406">
    <p class='ocr_par' dir='ltr' id='par_1_83' title="bbox 2138 2333 3808 2406">
     <span class='ocr_line' id='line_1_83' title="bbox 2138 2333 3808 2406; baseline -0.001 -17"><span class='ocrx_word' id='word_1_630' title='bbox 2138 2337 2254 2390; x_wconf 77' lang='lat' dir='ltr'>irae.</span> <span class='ocrx_word' id='word_1_631' title='bbox 2288 2334 2378 2388; x_wconf 88' lang='lat' dir='ltr'>Ira</span> <span class='ocrx_word' id='word_1_632' title='bbox 2401 2333 2462 2389; x_wconf 92' lang='lat' dir='ltr'>in</span> <span class='ocrx_word' id='word_1_633' title='bbox 2495 2335 2602 2388; x_wconf 91' lang='lat' dir='ltr'>hoc</span> <span class='ocrx_word' id='word_1_634' title='bbox 2634 2334 2781 2401; x_wconf 91' lang='lat' dir='ltr'>loco,</span> <span class='ocrx_word' id='word_1_635' title='bbox 2817 2334 3086 2406; x_wconf 89' lang='lat' dir='ltr'>quamvis</span> <span class='ocrx_word' id='word_1_636' title='bbox 3114 2333 3373 2389; x_wconf 90' lang='lat' dir='ltr'>hominis</span> <span class='ocrx_word' id='word_1_637' title='bbox 3401 2334 3589 2405; x_wconf 85' lang='lat' dir='ltr'>possit</span> <span class='ocrx_word' id='word_1_638' title='bbox 3621 2334 3808 2389; x_wconf 88' lang='lat' dir='ltr'>intel-</span> 
     </span>
    </p>
   </div>
   <div class='ocr_carea' id='block_1_84' title="bbox 2137 2422 3804 2496">
    <p class='ocr_par' dir='ltr' id='par_1_84' title="bbox 2137 2422 3804 2496">
     <span class='ocr_line' id='line_1_84' title="bbox 2137 2422 3804 2496; baseline 0 -18"><span class='ocrx_word' id='word_1_639' title='bbox 2137 2422 2260 2495; x_wconf 87' lang='lat' dir='ltr'>ligi,</span> <span class='ocrx_word' id='word_1_640' title='bbox 2286 2423 2707 2494; x_wconf 85' lang='lat' dir='ltr'>congruentius</span> <span class='ocrx_word' id='word_1_641' title='bbox 2733 2429 2928 2478; x_wconf 89' lang='lat' dir='ltr'>tamen</span> <span class='ocrx_word' id='word_1_642' title='bbox 2953 2423 3276 2494; x_wconf 89' lang='lat' dir='ltr'>accipimus</span> <span class='ocrx_word' id='word_1_643' title='bbox 3296 2423 3445 2478; x_wconf 87' lang='lat' dir='ltr'>iram</span> <span class='ocrx_word' id='word_1_644' title='bbox 3468 2423 3659 2493; x_wconf 83' lang='lat' dir='ltr'>Dei,id</span> <span class='ocrx_word' id='word_1_645' title='bbox 3687 2427 3804 2496; x_wconf 86' lang='lat' dir='ltr'>est,</span> 
     </span>
    </p>
   </div>
   <div class='ocr_carea' id='block_1_85' title="bbox 2135 2512 3803 2585">
    <p class='ocr_par' dir='ltr' id='par_1_85' title="bbox 2135 2512 3803 2585">
     <span class='ocr_line' id='line_1_85' title="bbox 2135 2512 3803 2585; baseline 0.001 -19"><span class='ocrx_word' id='word_1_646' title='bbox 2135 2512 2473 2567; x_wconf 88' lang='lat' dir='ltr'>vindictam.</span> <span class='ocrx_word' id='word_1_647' title='bbox 2509 2512 2653 2567; x_wconf 90' lang='lat' dir='ltr'>Cum</span> <span class='ocrx_word' id='word_1_648' title='bbox 2677 2529 2813 2584; x_wconf 88' lang='lat' dir='ltr'>ergo</span> <span class='ocrx_word' id='word_1_649' title='bbox 2838 2514 3230 2584; x_wconf 91' lang='lat' dir='ltr'>nosmetipsos</span> <span class='ocrx_word' id='word_1_650' title='bbox 3261 2529 3375 2567; x_wconf 92' lang='lat' dir='ltr'>non</span> <span class='ocrx_word' id='word_1_651' title='bbox 3398 2512 3803 2585; x_wconf 87' lang='lat' dir='ltr'>defendimus,</span> 
     </span>
    </p>
   </div>
   <div class='ocr_carea' id='block_1_86' title="bbox 2139 2600 3804 2672">
    <p class='ocr_par' dir='ltr' id='par_1_86' title="bbox 2139 2600 3804 2672">
     <span class='ocr_line' id='line_1_86' title="bbox 2139 2600 3804 2672; baseline 0 -16"><span class='ocrx_word' id='word_1_652' title='bbox 2139 2602 2369 2657; x_wconf 85' lang='lat' dir='ltr'>duobus</span> <span class='ocrx_word' id='word_1_653' title='bbox 2400 2601 2590 2656; x_wconf 88' lang='lat' dir='ltr'>modis</span> <span class='ocrx_word' id='word_1_654' title='bbox 2619 2600 2812 2657; x_wconf 90' lang='lat' dir='ltr'>locum</span> <span class='ocrx_word' id='word_1_655' title='bbox 2858 2602 2956 2657; x_wconf 67' lang='lat' dir='ltr'>iras</span> <span class='ocrx_word' id='word_1_656' title='bbox 2983 2603 3230 2670; x_wconf 89' lang='lat' dir='ltr'>damus;</span> <span class='ocrx_word' id='word_1_657' title='bbox 3275 2601 3362 2657; x_wconf 86' lang='lat' dir='ltr'>vel</span> <span class='ocrx_word' id='word_1_658' title='bbox 3396 2601 3537 2672; x_wconf 86' lang='lat' dir='ltr'>quia</span> <span class='ocrx_word' id='word_1_659' title='bbox 3567 2601 3657 2657; x_wconf 90' lang='lat' dir='ltr'>ira</span> <span class='ocrx_word' id='word_1_660' title='bbox 3686 2601 3804 2656; x_wconf 90' lang='lat' dir='ltr'>ini-</span> 
     </span>
    </p>
   </div>
   <div class='ocr_carea' id='block_1_87' title="bbox 2139 2689 3802 2760">
    <p class='ocr_par' dir='ltr' id='par_1_87' title="bbox 2139 2689 3802 2760">
     <span class='ocr_line' id='line_1_87' title="bbox 2139 2689 3802 2760; baseline 0 -14"><span class='ocrx_word' id='word_1_661' title='bbox 2139 2691 2276 2746; x_wconf 89' lang='lat' dir='ltr'>mici</span> <span class='ocrx_word' id='word_1_662' title='bbox 2309 2692 2572 2755; x_wconf 87' lang='lat' dir='ltr'>sedatur,</span> <span class='ocrx_word' id='word_1_663' title='bbox 2605 2692 2746 2746; x_wconf 92' lang='lat' dir='ltr'>dum</span> <span class='ocrx_word' id='word_1_664' title='bbox 2789 2691 2900 2746; x_wconf 90' lang='lat' dir='ltr'>sibi</span> <span class='ocrx_word' id='word_1_665' title='bbox 2954 2689 3236 2746; x_wconf 89' lang='lat' dir='ltr'>ultionem</span> <span class='ocrx_word' id='word_1_666' title='bbox 3275 2692 3438 2746; x_wconf 90' lang='lat' dir='ltr'>reddi</span> <span class='ocrx_word' id='word_1_667' title='bbox 3474 2708 3589 2747; x_wconf 92' lang='lat' dir='ltr'>non</span> <span class='ocrx_word' id='word_1_668' title='bbox 3615 2692 3802 2760; x_wconf 85' lang='lat' dir='ltr'>videt,</span> 
     </span>
    </p>
   </div>
   <div class='ocr_carea' id='block_1_88' title="bbox 2138 2779 3804 2851">
    <p class='ocr_par' dir='ltr' id='par_1_88' title="bbox 2138 2779 3804 2851">
     <span class='ocr_line' id='line_1_88' title="bbox 2138 2779 3804 2851; baseline -0.001 -16"><span class='ocrx_word' id='word_1_669' title='bbox 2138 2779 2224 2836; x_wconf 88' lang='lat' dir='ltr'>vel</span> <span class='ocrx_word' id='word_1_670' title='bbox 2256 2779 2396 2851; x_wconf 87' lang='lat' dir='ltr'>quia</span> <span class='ocrx_word' id='word_1_671' title='bbox 2425 2796 2526 2851; x_wconf 90' lang='lat' dir='ltr'>pro</span> <span class='ocrx_word' id='word_1_672' title='bbox 2555 2795 2749 2834; x_wconf 89' lang='lat' dir='ltr'>amore</span> <span class='ocrx_word' id='word_1_673' title='bbox 2781 2779 2878 2834; x_wconf 89' lang='lat' dir='ltr'>Dei</span> <span class='ocrx_word' id='word_1_674' title='bbox 2907 2780 3196 2850; x_wconf 81' lang='lat' dir='ltr'>patienter</span> <span class='ocrx_word' id='word_1_675' title='bbox 3227 2780 3470 2834; x_wconf 84' lang='lat' dir='ltr'>adversa</span> <span class='ocrx_word' id='word_1_676' title='bbox 3496 2779 3804 2835; x_wconf 88' lang='lat' dir='ltr'>sustinen-</span> 
     </span>
    </p>
   </div>
   <div class='ocr_carea' id='block_1_89' title="bbox 2140 2867 3804 2940">
    <p class='ocr_par' dir='ltr' id='par_1_89' title="bbox 2140 2867 3804 2940">
     <span class='ocr_line' id='line_1_89' title="bbox 2140 2867 3804 2940; baseline -0.001 -15"><span class='ocrx_word' id='word_1_677' title='bbox 2140 2873 2248 2935; x_wconf 88' lang='lat' dir='ltr'>tes,</span> <span class='ocrx_word' id='word_1_678' title='bbox 2283 2869 2475 2923; x_wconf 89' lang='lat' dir='ltr'>locum</span> <span class='ocrx_word' id='word_1_679' title='bbox 2508 2873 2621 2924; x_wconf 87' lang='lat' dir='ltr'>Deo</span> <span class='ocrx_word' id='word_1_680' title='bbox 2654 2868 3066 2940; x_wconf 89' lang='lat' dir='ltr'>relinquimus,</span> <span class='ocrx_word' id='word_1_681' title='bbox 3114 2873 3180 2923; x_wconf 88' lang='lat' dir='ltr'>ut</span> <span class='ocrx_word' id='word_1_682' title='bbox 3210 2868 3335 2939; x_wconf 86' lang='lat' dir='ltr'>ipse</span> <span class='ocrx_word' id='word_1_683' title='bbox 3367 2885 3470 2940; x_wconf 90' lang='lat' dir='ltr'>pro</span> <span class='ocrx_word' id='word_1_684' title='bbox 3503 2869 3679 2924; x_wconf 88' lang='lat' dir='ltr'>nobis</span> <span class='ocrx_word' id='word_1_685' title='bbox 3711 2867 3804 2924; x_wconf 87' lang='lat' dir='ltr'>ul-</span> 
     </span>
    </p>
   </div>
   <div class='ocr_carea' id='block_1_90' title="bbox 2141 2956 3803 3014">
    <p class='ocr_par' dir='ltr' id='par_1_90' title="bbox 2141 2956 3803 3014">
     <span class='ocr_line' id='line_1_90' title="bbox 2141 2956 3803 3014; baseline 0 -1"><span class='ocrx_word' id='word_1_686' title='bbox 2141 2959 2411 3014; x_wconf 90' lang='lat' dir='ltr'>ciscatur.</span> <span class='ocrx_word' id='word_1_687' title='bbox 2440 2962 2712 3012; x_wconf 83' lang='lat' dir='ltr'>Attamen</span> <span class='ocrx_word' id='word_1_688' title='bbox 2763 2973 2878 3012; x_wconf 92' lang='lat' dir='ltr'>non</span> <span class='ocrx_word' id='word_1_689' title='bbox 2928 2973 2997 3012; x_wconf 83' lang='lat' dir='ltr'>ea</span> <span class='ocrx_word' id='word_1_690' title='bbox 3052 2957 3375 3012; x_wconf 85' lang='lat' dir='ltr'>intentione</span> <span class='ocrx_word' id='word_1_691' title='bbox 3422 2956 3650 3011; x_wconf 88' lang='lat' dir='ltr'>malum</span> <span class='ocrx_word' id='word_1_692' title='bbox 3683 2974 3803 3013; x_wconf 91' lang='lat' dir='ltr'>non</span> 
     </span>
    </p>
   </div>
   <div class='ocr_carea' id='block_1_91' title="bbox 2141 3045 3803 3118">
    <p class='ocr_par' dir='ltr' id='par_1_91' title="bbox 2141 3045 3803 3118">
     <span class='ocr_line' id='line_1_91' title="bbox 2141 3045 3803 3118; baseline 0 -16"><span class='ocrx_word' id='word_1_693' title='bbox 2141 3047 2327 3102; x_wconf 89' lang='lat' dir='ltr'>facere</span> <span class='ocrx_word' id='word_1_694' title='bbox 2358 3048 2504 3117; x_wconf 78' lang='grc'>(422)</span> <span class='ocrx_word' id='word_1_695' title='bbox 2553 3047 2852 3118; x_wconf 86' lang='lat' dir='ltr'>debemus,</span> <span class='ocrx_word' id='word_1_696' title='bbox 2901 3051 2966 3102; x_wconf 88' lang='lat' dir='ltr'>ut</span> <span class='ocrx_word' id='word_1_697' title='bbox 3013 3047 3166 3102; x_wconf 91' lang='lat' dir='ltr'>Deus</span> <span class='ocrx_word' id='word_1_698' title='bbox 3225 3046 3428 3118; x_wconf 88' lang='lat' dir='ltr'>puniat</span> <span class='ocrx_word' id='word_1_699' title='bbox 3456 3045 3803 3117; x_wconf 89' lang='lat' dir='ltr'>inimicum,</span> 
     </span>
    </p>
   </div>
   <div class='ocr_carea' id='block_1_92' title="bbox 2141 3135 3803 3207">
    <p class='ocr_par' dir='ltr' id='par_1_92' title="bbox 2141 3135 3803 3207">
     <span class='ocr_line' id='line_1_92' title="bbox 2141 3135 3803 3207; baseline -0.001 -15"><span class='ocrx_word' id='word_1_700' title='bbox 2141 3137 2242 3192; x_wconf 89' lang='lat' dir='ltr'>sed</span> <span class='ocrx_word' id='word_1_701' title='bbox 2271 3136 2512 3201; x_wconf 90' lang='lat' dir='ltr'>instare,</span> <span class='ocrx_word' id='word_1_702' title='bbox 2545 3139 2609 3189; x_wconf 92' lang='lat' dir='ltr'>ut</span> <span class='ocrx_word' id='word_1_703' title='bbox 2654 3136 2725 3189; x_wconf 90' lang='lat' dir='ltr'>ad</span> <span class='ocrx_word' id='word_1_704' title='bbox 2759 3152 2957 3207; x_wconf 83' lang='lat' dir='ltr'>pacem</span> <span class='ocrx_word' id='word_1_705' title='bbox 2990 3139 3380 3202; x_wconf 88' lang='lat' dir='ltr'>convertatur,</span> <span class='ocrx_word' id='word_1_706' title='bbox 3433 3139 3491 3190; x_wconf 88' lang='lat' dir='ltr'>et</span> <span class='ocrx_word' id='word_1_707' title='bbox 3517 3135 3803 3191; x_wconf 86' lang='lat' dir='ltr'>salvetur.</span> 
     </span>
    </p>
   </div>
   <div class='ocr_carea' id='block_1_93' title="bbox 2217 3225 3808 3297">
    <p class='ocr_par' dir='ltr' id='par_1_93' title="bbox 2217 3225 3808 3297">
     <span class='ocr_line' id='line_1_93' title="bbox 2217 3225 3808 3297; baseline 0.001 -18"><span class='ocrx_word' id='word_1_708' title='bbox 2217 3225 2328 3282; x_wconf 89' lang='lat' dir='ltr'>Sed</span> <span class='ocrx_word' id='word_1_709' title='bbox 2361 3225 2548 3279; x_wconf 88' lang='lat' dir='ltr'>oritur</span> <span class='ocrx_word' id='word_1_710' title='bbox 2569 3225 2834 3297; x_wconf 76' lang='lat' dir='ltr'>quaestio,</span> <span class='ocrx_word' id='word_1_711' title='bbox 2859 3241 2990 3280; x_wconf 89' lang='lat' dir='ltr'>cum</span> <span class='ocrx_word' id='word_1_712' title='bbox 3014 3225 3298 3281; x_wconf 90' lang='lat' dir='ltr'>Dominus</span> <span class='ocrx_word' id='word_1_713' title='bbox 3326 3225 3518 3279; x_wconf 88' lang='lat' dir='ltr'>dicat:</span> <span class='ocrx_word' id='word_1_714' title='bbox 3572 3226 3808 3296; x_wconf 80' lang='lat' dir='ltr'>Diligite</span> 
     </span>
    </p>
   </div>
   <div class='ocr_carea' id='block_1_94' title="bbox 2145 3313 3803 3386">
    <p class='ocr_par' dir='ltr' id='par_1_94' title="bbox 2145 3313 3803 3386">
     <span class='ocr_line' id='line_1_94' title="bbox 2145 3313 3803 3386; baseline -0.001 -15"><span class='ocrx_word' id='word_1_715' title='bbox 2145 3313 2400 3371; x_wconf 87' lang='lat' dir='ltr'>inimicos</span> <span class='ocrx_word' id='word_1_716' title='bbox 2427 3322 2650 3378; x_wconf 87' lang='lat' dir='ltr'>vestros,</span> <span class='ocrx_word' id='word_1_717' title='bbox 2705 3319 2760 3368; x_wconf 90' lang='lat' dir='ltr'>et</span> <span class='ocrx_word' id='word_1_718' title='bbox 2789 3313 3120 3385; x_wconf 86' lang='lat' dir='ltr'>Apostolus.</span> <span class='ocrx_word' id='word_1_719' title='bbox 3163 3316 3280 3370; x_wconf 76' lang='lat' dir='ltr'>Non</span> <span class='ocrx_word' id='word_1_720' title='bbox 3311 3329 3402 3370; x_wconf 88' lang='lat' dir='ltr'>vos</span> <span class='ocrx_word' id='word_1_721' title='bbox 3429 3313 3803 3386; x_wconf 77' lang='lat' dir='ltr'>defendentes,</span> 
     </span>
    </p>
   </div>
   <div class='ocr_carea' id='block_1_95' title="bbox 2143 3402 3802 3475">
    <p class='ocr_par' dir='ltr' id='par_1_95' title="bbox 2143 3402 3802 3475">
     <span class='ocr_line' id='line_1_95' title="bbox 2143 3402 3802 3475; baseline 0 -17"><span class='ocrx_word' id='word_1_722' title='bbox 2143 3403 2480 3469; x_wconf 86' lang='lat' dir='ltr'>charissimi,</span> <span class='ocrx_word' id='word_1_723' title='bbox 2516 3403 2616 3457; x_wconf 88' lang='lat' dir='ltr'>sed</span> <span class='ocrx_word' id='word_1_724' title='bbox 2638 3402 2762 3457; x_wconf 85' lang='lat' dir='ltr'>date</span> <span class='ocrx_word' id='word_1_725' title='bbox 2783 3402 2963 3458; x_wconf 85' lang='lat' dir='ltr'>locum</span> <span class='ocrx_word' id='word_1_726' title='bbox 2991 3404 3092 3459; x_wconf 69' lang='lat' dir='ltr'>irae</span> <span class='ocrx_word' id='word_1_727' title='bbox 3113 3420 3132 3457; x_wconf 86' lang='lat'>:</span> <span class='ocrx_word' id='word_1_728' title='bbox 3155 3419 3280 3468; x_wconf 90' lang='lat' dir='ltr'>cur,</span> <span class='ocrx_word' id='word_1_729' title='bbox 3305 3403 3460 3458; x_wconf 90' lang='lat' dir='ltr'>sicut</span> <span class='ocrx_word' id='word_1_730' title='bbox 3484 3402 3545 3456; x_wconf 89' lang='lat' dir='ltr'>in</span> <span class='ocrx_word' id='word_1_731' title='bbox 3577 3405 3802 3475; x_wconf 86' lang='lat' dir='ltr'>Apoca-</span> 
     </span>
    </p>
   </div>
   <div class='ocr_carea' id='block_1_96' title="bbox 2145 3490 3801 3564">
    <p class='ocr_par' dir='ltr' id='par_1_96' title="bbox 2145 3490 3801 3564">
     <span class='ocr_line' id='line_1_96' title="bbox 2145 3490 3801 3564; baseline 0 -18"><span class='ocrx_word' id='word_1_732' title='bbox 2145 3491 2295 3564; x_wconf 87' lang='lat' dir='ltr'>lypsi</span> <span class='ocrx_word' id='word_1_733' title='bbox 2325 3490 2571 3563; x_wconf 88' lang='lat' dir='ltr'>legitur:</span> <span class='ocrx_word' id='word_1_734' title='bbox 2609 3491 2796 3547; x_wconf 82' lang='lat' dir='ltr'>Sancti</span> <span class='ocrx_word' id='word_1_735' title='bbox 2818 3492 2914 3545; x_wconf 84' lang='lat' dir='ltr'>sub</span> <span class='ocrx_word' id='word_1_736' title='bbox 2935 3507 3036 3546; x_wconf 87' lang='lat' dir='ltr'>ara</span> <span class='ocrx_word' id='word_1_737' title='bbox 3059 3495 3166 3547; x_wconf 90' lang='lat' dir='ltr'>Dei</span> <span class='ocrx_word' id='word_1_738' title='bbox 3183 3493 3428 3547; x_wconf 83' lang='lat' dir='ltr'>clamant</span> <span class='ocrx_word' id='word_1_739' title='bbox 3446 3509 3467 3547; x_wconf 92' lang='grc'>.·</span> <span class='ocrx_word' id='word_1_740' title='bbox 3501 3493 3801 3564; x_wconf 86' lang='lat' dir='ltr'>Usquequo.</span> 
     </span>
    </p>
   </div>
   <div class='ocr_carea' id='block_1_97' title="bbox 2146 3581 3804 3652">
    <p class='ocr_par' dir='ltr' id='par_1_97' title="bbox 2146 3581 3804 3652">
     <span class='ocr_line' id='line_1_97' title="bbox 2146 3581 3804 3652; baseline 0.001 -17"><span class='ocrx_word' id='word_1_741' title='bbox 2146 3581 2622 3650; x_wconf 61' lang='lat' dir='ltr'>Dominez&#39;sanctus</span> <span class='ocrx_word' id='word_1_742' title='bbox 2674 3584 2727 3634; x_wconf 89' lang='lat' dir='ltr'>et</span> <span class='ocrx_word' id='word_1_743' title='bbox 2778 3595 2967 3647; x_wconf 71' lang='lat' dir='ltr'>verax,</span> <span class='ocrx_word' id='word_1_744' title='bbox 3008 3596 3120 3636; x_wconf 85' lang='lat' dir='ltr'>non</span> <span class='ocrx_word' id='word_1_745' title='bbox 3159 3581 3380 3652; x_wconf 84' lang='lat' dir='ltr'>judicas</span> <span class='ocrx_word' id='word_1_746' title='bbox 3434 3586 3490 3636; x_wconf 82' lang='lat' dir='ltr'>et</span> <span class='ocrx_word' id='word_1_747' title='bbox 3541 3582 3804 3637; x_wconf 82' lang='lat' dir='ltr'>vindicas</span> 
     </span>
    </p>
   </div>
   <div class='ocr_carea' id='block_1_98' title="bbox 2145 3670 3802 3742">
    <p class='ocr_par' dir='ltr' id='par_1_98' title="bbox 2145 3670 3802 3742">
     <span class='ocr_line' id='line_1_98' title="bbox 2145 3670 3802 3742; baseline 0.001 -17"><span class='ocrx_word' id='word_1_748' title='bbox 2145 3671 2473 3740; x_wconf 83' lang='lat' dir='ltr'>sanguinem</span> <span class='ocrx_word' id='word_1_749' title='bbox 2501 3673 2746 3724; x_wconf 85' lang='lat' dir='ltr'>nostrum</span> <span class='ocrx_word' id='word_1_750' title='bbox 2775 3670 2957 3740; x_wconf 85' lang='lat' dir='ltr'>(Apoc.</span> <span class='ocrx_word' id='word_1_751' title='bbox 3008 3687 3085 3740; x_wconf 75' lang='lat' dir='ltr'>vr,</span> <span class='ocrx_word' id='word_1_752' title='bbox 3123 3670 3208 3741; x_wconf 88' lang='grc'>10)</span> <span class='ocrx_word' id='word_1_753' title='bbox 3229 3671 3257 3724; x_wconf 78' lang='lat' dir='ltr'>‘t</span> <span class='ocrx_word' id='word_1_754' title='bbox 3286 3671 3366 3725; x_wconf 89' lang='lat' dir='ltr'>Ne</span> <span class='ocrx_word' id='word_1_755' title='bbox 3395 3685 3533 3742; x_wconf 86' lang='lat' dir='ltr'>ergo</span> <span class='ocrx_word' id='word_1_756' title='bbox 3564 3675 3802 3726; x_wconf 85' lang='lat' dir='ltr'>contra-</span> 
     </span>
    </p>
   </div>
   <div class='ocr_carea' id='block_1_99' title="bbox 2147 3759 3801 3830">
    <p class='ocr_par' dir='ltr' id='par_1_99' title="bbox 2147 3759 3801 3830">
     <span class='ocr_line' id='line_1_99' title="bbox 2147 3759 3801 3830; baseline 0 -16"><span class='ocrx_word' id='word_1_757' title='bbox 2147 3760 2302 3814; x_wconf 90' lang='lat' dir='ltr'>rium</span> <span class='ocrx_word' id='word_1_758' title='bbox 2325 3759 2612 3826; x_wconf 89' lang='lat' dir='ltr'>videatur,</span> <span class='ocrx_word' id='word_1_759' title='bbox 2635 3759 2942 3813; x_wconf 89' lang='lat' dir='ltr'>sciendum</span> <span class='ocrx_word' id='word_1_760' title='bbox 2965 3769 3074 3823; x_wconf 88' lang='lat' dir='ltr'>est,</span> <span class='ocrx_word' id='word_1_761' title='bbox 3100 3759 3238 3830; x_wconf 91' lang='lat' dir='ltr'>quia</span> <span class='ocrx_word' id='word_1_762' title='bbox 3259 3760 3446 3814; x_wconf 89' lang='lat' dir='ltr'>sancti</span> <span class='ocrx_word' id='word_1_763' title='bbox 3470 3776 3585 3814; x_wconf 89' lang='lat' dir='ltr'>non</span> <span class='ocrx_word' id='word_1_764' title='bbox 3610 3759 3801 3814; x_wconf 87' lang='lat' dir='ltr'>vindi-</span> 
     </span>
    </p>
   </div>
   <div class='ocr_carea' id='block_1_100' title="bbox 2149 3848 3800 3917">
    <p class='ocr_par' dir='ltr' id='par_1_100' title="bbox 2149 3848 3800 3917">
     <span class='ocr_line' id='line_1_100' title="bbox 2149 3848 3800 3917; baseline 0.001 -14"><span class='ocrx_word' id='word_1_765' title='bbox 2149 3852 2316 3917; x_wconf 24' lang='lat' dir='ltr'>ctam,</span> <span class='ocrx_word' id='word_1_766' title='bbox 2335 3864 2576 3903; x_wconf 89' lang='lat' dir='ltr'>suorum</span> <span class='ocrx_word' id='word_1_767' title='bbox 2609 3849 2982 3904; x_wconf 88' lang='lat' dir='ltr'>inimicorum</span> <span class='ocrx_word' id='word_1_768' title='bbox 3005 3848 3341 3904; x_wconf 88' lang='lat' dir='ltr'>desiderant</span> <span class='ocrx_word' id='word_1_769' title='bbox 3362 3849 3434 3904; x_wconf 89' lang='lat' dir='ltr'>ad</span> <span class='ocrx_word' id='word_1_770' title='bbox 3466 3849 3800 3904; x_wconf 85' lang='lat' dir='ltr'>damnatio-</span> 
     </span>
    </p>
   </div>
   <div class='ocr_carea' id='block_1_101' title="bbox 2149 3936 3803 4004">
    <p class='ocr_par' dir='ltr' id='par_1_101' title="bbox 2149 3936 3803 4004">
     <span class='ocr_line' id='line_1_101' title="bbox 2149 3936 3803 4004; baseline 0.002 -13"><span class='ocrx_word' id='word_1_771' title='bbox 2149 3953 2304 4004; x_wconf 91' lang='lat' dir='ltr'>nem,</span> <span class='ocrx_word' id='word_1_772' title='bbox 2338 3938 2435 3990; x_wconf 89' lang='lat' dir='ltr'>sed</span> <span class='ocrx_word' id='word_1_773' title='bbox 2473 3937 2544 3989; x_wconf 91' lang='lat' dir='ltr'>ad</span> <span class='ocrx_word' id='word_1_774' title='bbox 2576 3936 3011 3992; x_wconf 89' lang='lat' dir='ltr'>conversionem</span> <span class='ocrx_word' id='word_1_775' title='bbox 3038 3962 3051 4004; x_wconf 87' lang='lat'>;</span> <span class='ocrx_word' id='word_1_776' title='bbox 3085 3937 3205 3992; x_wconf 73' lang='lat' dir='ltr'>haec</span> <span class='ocrx_word' id='word_1_777' title='bbox 3236 3942 3326 3992; x_wconf 85' lang='lat' dir='ltr'>est</span> <span class='ocrx_word' id='word_1_778' title='bbox 3353 3937 3511 3993; x_wconf 90' lang='lat' dir='ltr'>enim</span> <span class='ocrx_word' id='word_1_779' title='bbox 3542 3937 3803 3994; x_wconf 85' lang='lat' dir='ltr'>vindicta</span> 
     </span>
    </p>
   </div>
   <div class='ocr_carea' id='block_1_102' title="bbox 2151 4023 3802 4098">
    <p class='ocr_par' dir='ltr' id='par_1_102' title="bbox 2151 4023 3802 4098">
     <span class='ocr_line' id='line_1_102' title="bbox 2151 4023 3802 4098; baseline 0.002 -19"><span class='ocrx_word' id='word_1_780' title='bbox 2151 4024 2458 4096; x_wconf 89' lang='lat' dir='ltr'>sanguinis</span> <span class='ocrx_word' id='word_1_781' title='bbox 2479 4023 2737 4089; x_wconf 90' lang='lat' dir='ltr'>illorum,</span> <span class='ocrx_word' id='word_1_782' title='bbox 2756 4024 2844 4079; x_wconf 91' lang='lat' dir='ltr'>vel</span> <span class='ocrx_word' id='word_1_783' title='bbox 2867 4029 3020 4080; x_wconf 89' lang='lat' dir='ltr'>certe</span> <span class='ocrx_word' id='word_1_784' title='bbox 3046 4029 3250 4097; x_wconf 89' lang='lat' dir='ltr'>optant</span> <span class='ocrx_word' id='word_1_785' title='bbox 3270 4026 3424 4082; x_wconf 88' lang='lat' dir='ltr'>diem</span> <span class='ocrx_word' id='word_1_786' title='bbox 3441 4025 3802 4098; x_wconf 89' lang='lat' dir='ltr'>judicii,quo</span> 
     </span>
    </p>
   </div>
   <div class='ocr_carea' id='block_1_103' title="bbox 2153 4113 3803 4187">
    <p class='ocr_par' dir='ltr' id='par_1_103' title="bbox 2153 4113 3803 4187">
     <span class='ocr_line' id='line_1_103' title="bbox 2153 4113 3803 4187; baseline 0.002 -18"><span class='ocrx_word' id='word_1_787' title='bbox 2153 4129 2354 4169; x_wconf 89' lang='lat' dir='ltr'>eorum</span> <span class='ocrx_word' id='word_1_788' title='bbox 2376 4129 2660 4168; x_wconf 91' lang='lat' dir='ltr'>numerus</span> <span class='ocrx_word' id='word_1_789' title='bbox 2676 4113 3009 4185; x_wconf 89' lang='lat' dir='ltr'>impleatur,</span> <span class='ocrx_word' id='word_1_790' title='bbox 3027 4115 3237 4170; x_wconf 88' lang='lat' dir='ltr'>etmali</span> <span class='ocrx_word' id='word_1_791' title='bbox 3249 4116 3594 4187; x_wconf 89' lang='lat' dir='ltr'>puniantur,</span> <span class='ocrx_word' id='word_1_792' title='bbox 3609 4121 3803 4172; x_wconf 89' lang='lat' dir='ltr'>utnon</span> 
     </span>
    </p>
   </div>
   <div class='ocr_carea' id='block_1_104' title="bbox 2153 4201 3005 4273">
    <p class='ocr_par' dir='ltr' id='par_1_104' title="bbox 2153 4201 3005 4273">
     <span class='ocr_line' id='line_1_104' title="bbox 2153 4201 3005 4273; baseline -0.002 -15"><span class='ocrx_word' id='word_1_793' title='bbox 2153 4203 2238 4258; x_wconf 90' lang='lat' dir='ltr'>eis</span> <span class='ocrx_word' id='word_1_794' title='bbox 2266 4202 2433 4256; x_wconf 88' lang='lat' dir='ltr'>liceat</span> <span class='ocrx_word' id='word_1_795' title='bbox 2464 4201 2718 4272; x_wconf 89' lang='lat' dir='ltr'>amplius</span> <span class='ocrx_word' id='word_1_796' title='bbox 2749 4219 3005 4273; x_wconf 90' lang='lat' dir='ltr'>peccare.</span> 
     </span>
    </p>
   </div>
   <div class='ocr_carea' id='block_1_105' title="bbox 2229 4291 3801 4365">
    <p class='ocr_par' dir='ltr' id='par_1_105' title="bbox 2229 4291 3801 4365">
     <span class='ocr_line' id='line_1_105' title="bbox 2229 4291 3801 4365; baseline 0.003 -20"><span class='ocrx_word' id='word_1_797' title='bbox 2229 4291 2410 4362; x_wconf 86' lang='lat' dir='ltr'>Igitur</span> <span class='ocrx_word' id='word_1_798' title='bbox 2428 4291 2626 4346; x_wconf 90' lang='lat' dir='ltr'>volens</span> <span class='ocrx_word' id='word_1_799' title='bbox 2648 4308 2814 4346; x_wconf 90' lang='lat' dir='ltr'>suam</span> <span class='ocrx_word' id='word_1_800' title='bbox 2841 4291 3230 4347; x_wconf 85' lang='lat' dir='ltr'>narrationem</span> <span class='ocrx_word' id='word_1_801' title='bbox 3246 4291 3511 4364; x_wconf 82' lang='lat' dir='ltr'>exemplo</span> <span class='ocrx_word' id='word_1_802' title='bbox 3531 4293 3801 4365; x_wconf 81' lang='lat' dir='ltr'>probare,</span> 
     </span>
    </p>
   </div>
   <div class='ocr_carea' id='block_1_106' title="bbox 2156 4380 3803 4452">
    <p class='ocr_par' dir='ltr' id='par_1_106' title="bbox 2156 4380 3803 4452">
     <span class='ocr_line' id='line_1_106' title="bbox 2156 4380 3803 4452; baseline 0.001 -16"><span class='ocrx_word' id='word_1_803' title='bbox 2156 4381 2406 4446; x_wconf 79' lang='lat' dir='ltr'>subjecit</span> <span class='ocrx_word' id='word_1_804' title='bbox 2428 4397 2439 4436; x_wconf 94' lang='lat'>:</span> <span class='ocrx_word' id='word_1_805' title='bbox 2465 4381 2890 4451; x_wconf 84' lang='lat' dir='ltr'>Sicutscriptum</span> <span class='ocrx_word' id='word_1_806' title='bbox 2903 4382 3065 4448; x_wconf 87' lang='lat' dir='ltr'>est,in</span> <span class='ocrx_word' id='word_1_807' title='bbox 3079 4380 3228 4437; x_wconf 91' lang='lat' dir='ltr'>libro</span> <span class='ocrx_word' id='word_1_808' title='bbox 3247 4382 3469 4437; x_wconf 84' lang='lat' dir='ltr'>scilicet</span> <span class='ocrx_word' id='word_1_809' title='bbox 3490 4383 3803 4452; x_wconf 86' lang='lat' dir='ltr'>cujusdam</span> 
     </span>
    </p>
   </div>
   <div class='ocr_carea' id='block_1_107' title="bbox 2157 4469 3805 4541">
    <p class='ocr_par' dir='ltr' id='par_1_107' title="bbox 2157 4469 3805 4541">
     <span class='ocr_line' id='line_1_107' title="bbox 2157 4469 3805 4541; baseline 0.001 -15"><span class='ocrx_word' id='word_1_810' title='bbox 2157 4469 2477 4540; x_wconf 86' lang='lat' dir='ltr'>sapientis;</span> <span class='ocrx_word' id='word_1_811' title='bbox 2510 4470 2639 4524; x_wconf 86' lang='lat' dir='ltr'>Mihi</span> <span class='ocrx_word' id='word_1_812' title='bbox 2671 4471 3002 4538; x_wconf 79' lang='lat' dir='ltr'>vingictam;</span> <span class='ocrx_word' id='word_1_813' title='bbox 3035 4487 3129 4541; x_wconf 86' lang='lat' dir='ltr'>ego</span> <span class='ocrx_word' id='word_1_814' title='bbox 3171 4472 3499 4540; x_wconf 84' lang='lat' dir='ltr'>retribuam,</span> <span class='ocrx_word' id='word_1_815' title='bbox 3531 4471 3668 4526; x_wconf 80' lang='lat' dir='ltr'>dicit</span> <span class='ocrx_word' id='word_1_816' title='bbox 3694 4471 3805 4527; x_wconf 93' lang='lat' dir='ltr'>Do-</span> 
     </span>
    </p>
   </div>
   <div class='ocr_carea' id='block_1_108' title="bbox 2078 4559 3804 4646">
    <p class='ocr_par' dir='ltr' id='par_1_108' title="bbox 2078 4559 3804 4646">
     <span class='ocr_line' id='line_1_108' title="bbox 2078 4559 3804 4646; baseline 0.001 -32"><span class='ocrx_word' id='word_1_817' title='bbox 2078 4580 2127 4646; x_wconf 82' lang='lat' dir='ltr'><strong>D</strong></span> <span class='ocrx_word' id='word_1_818' title='bbox 2156 4562 2341 4614; x_wconf 79' lang='lat' dir='ltr'>minus</span> <span class='ocrx_word' id='word_1_819' title='bbox 2369 4560 2546 4629; x_wconf 85' lang='lat' dir='ltr'>(Deut.</span> <span class='ocrx_word' id='word_1_820' title='bbox 2604 4576 2780 4621; x_wconf 83' lang='lat' dir='ltr'>xxxu,</span> <span class='ocrx_word' id='word_1_821' title='bbox 2813 4559 2925 4629; x_wconf 84' lang='lat'>35).</span> <span class='ocrx_word' id='word_1_822' title='bbox 2985 4559 3131 4628; x_wconf 81' lang='lat' dir='ltr'>Haec</span> <span class='ocrx_word' id='word_1_823' title='bbox 3156 4562 3332 4616; x_wconf 88' lang='lat' dir='ltr'>verba</span> <span class='ocrx_word' id='word_1_824' title='bbox 3382 4560 3614 4615; x_wconf 90' lang='lat' dir='ltr'>Domini</span> <span class='ocrx_word' id='word_1_825' title='bbox 3645 4565 3804 4631; x_wconf 88' lang='lat' dir='ltr'>sunt,</span> 
     </span>
    </p>
   </div>
   <div class='ocr_carea' id='block_1_109' title="bbox 2159 4648 3805 4718">
    <p class='ocr_par' dir='ltr' id='par_1_109' title="bbox 2159 4648 3805 4718">
     <span class='ocr_line' id='line_1_109' title="bbox 2159 4648 3805 4718; baseline 0.001 -15"><span class='ocrx_word' id='word_1_826' title='bbox 2159 4649 2405 4718; x_wconf 88' lang='lat' dir='ltr'>ideoque</span> <span class='ocrx_word' id='word_1_827' title='bbox 2427 4648 2901 4702; x_wconf 86' lang='lat' dir='ltr'>subaudiendum</span> <span class='ocrx_word' id='word_1_828' title='bbox 2932 4652 3056 4704; x_wconf 88' lang='lat' dir='ltr'>est:</span> <span class='ocrx_word' id='word_1_829' title='bbox 3109 4649 3251 4704; x_wconf 89' lang='lat' dir='ltr'>Mihi</span> <span class='ocrx_word' id='word_1_830' title='bbox 3281 4649 3599 4704; x_wconf 88' lang='lat' dir='ltr'>vindictam</span> <span class='ocrx_word' id='word_1_831' title='bbox 3634 4649 3805 4706; x_wconf 89' lang='lat' dir='ltr'>relin-</span> 
     </span>
    </p>
   </div>
   <div class='ocr_carea' id='block_1_110' title="bbox 2157 4735 3802 4810">
    <p class='ocr_par' dir='ltr' id='par_1_110' title="bbox 2157 4735 3802 4810">
     <span class='ocr_line' id='line_1_110' title="bbox 2157 4735 3802 4810; baseline 0.001 -18"><span class='ocrx_word' id='word_1_832' title='bbox 2157 4738 2350 4810; x_wconf 80' lang='lat' dir='ltr'>quite;</span> <span class='ocrx_word' id='word_1_833' title='bbox 2392 4752 2492 4806; x_wconf 83' lang='lat' dir='ltr'>ego</span> <span class='ocrx_word' id='word_1_834' title='bbox 2524 4735 2866 4803; x_wconf 86' lang='lat' dir='ltr'>retribuam,</span> <span class='ocrx_word' id='word_1_835' title='bbox 2917 4737 2973 4791; x_wconf 93' lang='lat' dir='ltr'>id</span> <span class='ocrx_word' id='word_1_836' title='bbox 3008 4741 3116 4803; x_wconf 89' lang='lat' dir='ltr'>est,</span> <span class='ocrx_word' id='word_1_837' title='bbox 3175 4742 3428 4793; x_wconf 89' lang='lat' dir='ltr'>vestram</span> <span class='ocrx_word' id='word_1_838' title='bbox 3463 4739 3802 4810; x_wconf 84' lang='lat' dir='ltr'>patientiam</span> 
     </span>
    </p>
   </div>
   <div class='ocr_carea' id='block_1_111' title="bbox 2157 4823 3802 4896">
    <p class='ocr_par' dir='ltr' id='par_1_111' title="bbox 2157 4823 3802 4896">
     <span class='ocr_line' id='line_1_111' title="bbox 2157 4823 3802 4896; baseline 0.001 -14"><span class='ocrx_word' id='word_1_839' title='bbox 2157 4826 2565 4889; x_wconf 91' lang='lat' dir='ltr'>remunerabo,</span> <span class='ocrx_word' id='word_1_840' title='bbox 2623 4823 2713 4879; x_wconf 90' lang='lat' dir='ltr'>vel</span> <span class='ocrx_word' id='word_1_841' title='bbox 2771 4842 2874 4896; x_wconf 89' lang='lat' dir='ltr'>pro</span> <span class='ocrx_word' id='word_1_842' title='bbox 2948 4826 3116 4881; x_wconf 89' lang='lat' dir='ltr'>vobis</span> <span class='ocrx_word' id='word_1_843' title='bbox 3175 4825 3458 4882; x_wconf 86' lang='lat' dir='ltr'>ultionem</span> <span class='ocrx_word' id='word_1_844' title='bbox 3521 4829 3802 4885; x_wconf 82' lang='lat' dir='ltr'>reddam:</span> 
     </span>
    </p>
   </div>
   <div class='ocr_carea' id='block_1_112' title="bbox 2155 4914 3314 4987">
    <p class='ocr_par' dir='ltr' id='par_1_112' title="bbox 2155 4914 3314 4987">
     <span class='ocr_line' id='line_1_112' title="bbox 2155 4914 3314 4987; baseline -0.001 -15"><span class='ocrx_word' id='word_1_845' title='bbox 2155 4920 2406 4986; x_wconf 88' lang='lat' dir='ltr'>utroque</span> <span class='ocrx_word' id='word_1_846' title='bbox 2436 4914 2593 4969; x_wconf 89' lang='lat' dir='ltr'>enim</span> <span class='ocrx_word' id='word_1_847' title='bbox 2625 4915 2797 4968; x_wconf 90' lang='lat' dir='ltr'>modo</span> <span class='ocrx_word' id='word_1_848' title='bbox 2827 4914 3072 4986; x_wconf 86' lang='lat' dir='ltr'>intelligi</span> <span class='ocrx_word' id='word_1_849' title='bbox 3104 4919 3314 4987; x_wconf 88' lang='lat' dir='ltr'>potest.</span> 
     </span>
    </p>
   </div>
   <div class='ocr_carea' id='block_1_113' title="bbox 2229 5003 3805 5075">
    <p class='ocr_par' dir='ltr' id='par_1_113' title="bbox 2229 5003 3805 5075">
     <span class='ocr_line' id='line_1_113' title="bbox 2229 5003 3805 5075; baseline 0.001 -16"><span class='ocrx_word' id='word_1_850' title='bbox 2229 5005 2361 5068; x_wconf 90' lang='lat' dir='ltr'>Sed,</span> <span class='ocrx_word' id='word_1_851' title='bbox 2396 5003 2535 5075; x_wconf 90' lang='lat' dir='ltr'>quia</span> <span class='ocrx_word' id='word_1_852' title='bbox 2563 5003 2824 5058; x_wconf 87' lang='lat' dir='ltr'>dixerat:</span> <span class='ocrx_word' id='word_1_853' title='bbox 2857 5003 2992 5059; x_wconf 85' lang='lat' dir='ltr'>Mihi</span> <span class='ocrx_word' id='word_1_854' title='bbox 3013 5004 3332 5074; x_wconf 80' lang='lat' dir='ltr'>vindictam,</span> <span class='ocrx_word' id='word_1_855' title='bbox 3358 5007 3497 5075; x_wconf 89' lang='lat' dir='ltr'>etc.,</span> <span class='ocrx_word' id='word_1_856' title='bbox 3520 5007 3590 5060; x_wconf 87' lang='lat' dir='ltr'>ut</span> <span class='ocrx_word' id='word_1_857' title='bbox 3618 5008 3805 5061; x_wconf 87' lang='lat' dir='ltr'>osten-</span> 
     </span>
    </p>
   </div>
   <div class='ocr_carea' id='block_1_114' title="bbox 2158 5091 3808 5165">
    <p class='ocr_par' dir='ltr' id='par_1_114' title="bbox 2158 5091 3808 5165">
     <span class='ocr_line' id='line_1_114' title="bbox 2158 5091 3808 5165; baseline 0.001 -15"><span class='ocrx_word' id='word_1_858' title='bbox 2158 5094 2320 5150; x_wconf 90' lang='lat' dir='ltr'>deret</span> <span class='ocrx_word' id='word_1_859' title='bbox 2347 5094 2490 5164; x_wconf 92' lang='lat' dir='ltr'>quid</span> <span class='ocrx_word' id='word_1_860' title='bbox 2523 5109 2692 5165; x_wconf 87' lang='lat' dir='ltr'>agere</span> <span class='ocrx_word' id='word_1_861' title='bbox 2743 5092 3110 5161; x_wconf 89' lang='lat' dir='ltr'>deberemus,</span> <span class='ocrx_word' id='word_1_862' title='bbox 3165 5094 3419 5164; x_wconf 86' lang='lat' dir='ltr'>adjecit:</span> <span class='ocrx_word' id='word_1_863' title='bbox 3461 5091 3526 5150; x_wconf 88' lang='lat' dir='ltr'>Si</span> <span class='ocrx_word' id='word_1_864' title='bbox 3553 5095 3808 5151; x_wconf 76' lang='lat' dir='ltr'>esurisrit</span> 
     </span>
    </p>
   </div>
   <div class='ocr_carea' id='block_1_115' title="bbox 2157 5267 3801 5341">
    <p class='ocr_par' dir='ltr' id='par_1_115' title="bbox 2157 5267 3801 5341">
     <span class='ocr_line' id='line_1_115' title="bbox 2157 5267 3801 5341; baseline 0.002 -18"><span class='ocrx_word' id='word_1_865' title='bbox 2157 5273 2374 5336; x_wconf 89' lang='lat' dir='ltr'>torum,</span> <span class='ocrx_word' id='word_1_866' title='bbox 2408 5285 2557 5341; x_wconf 89' lang='lat' dir='ltr'>quos</span> <span class='ocrx_word' id='word_1_867' title='bbox 2578 5284 2608 5322; x_wconf 94' lang='lat' dir='ltr'>e</span> <span class='ocrx_word' id='word_1_868' title='bbox 2630 5269 2918 5323; x_wconf 91' lang='lat' dir='ltr'>contrario</span> <span class='ocrx_word' id='word_1_869' title='bbox 2944 5267 3184 5341; x_wconf 79' lang='lat' dir='ltr'>diligere</span> <span class='ocrx_word' id='word_1_870' title='bbox 3205 5267 3603 5340; x_wconf 78' lang='lat' dir='ltr'>praecipiebat.</span> <span class='ocrx_word' id='word_1_871' title='bbox 3631 5270 3801 5328; x_wconf 83' lang='lat' dir='ltr'>Levit.</span> 
     </span>
    </p>
   </div>
   <div class='ocr_carea' id='block_1_116' title="bbox 2158 5340 3652 5412">
    <p class='ocr_par' dir='ltr' id='par_1_116' title="bbox 2158 5340 3652 5412">
     <span class='ocr_line' id='line_1_116' title="bbox 2158 5340 3652 5412; baseline 0.001 -18"><span class='ocrx_word' id='word_1_872' title='bbox 2158 5357 2277 5404; x_wconf 83' lang='grc' dir='ltr'>χιχ,</span> <span class='ocrx_word' id='word_1_873' title='bbox 2315 5340 2526 5412; x_wconf 65' lang='grc'>17,18;</span> <span class='ocrx_word' id='word_1_874' title='bbox 2563 5341 2736 5394; x_wconf 88' lang='lat' dir='ltr'>Exod.</span> <span class='ocrx_word' id='word_1_875' title='bbox 2768 5356 2928 5402; x_wconf 80' lang='grc' dir='ltr'>χχιιι,</span> <span class='ocrx_word' id='word_1_876' title='bbox 2959 5340 3010 5404; x_wconf 87' lang='grc'>4,</span> <span class='ocrx_word' id='word_1_877' title='bbox 3042 5341 3114 5407; x_wconf 87' lang='grc'>5;</span> <span class='ocrx_word' id='word_1_878' title='bbox 3151 5340 3320 5395; x_wconf 90' lang='lat' dir='ltr'>Deut.</span> <span class='ocrx_word' id='word_1_879' title='bbox 3355 5357 3495 5412; x_wconf 81' lang='grc' dir='ltr'>χχιι,</span> <span class='ocrx_word' id='word_1_880' title='bbox 3529 5342 3652 5397; x_wconf 84' lang='grc'>1-4.</span> 
     </span>
    </p>
   </div>
   <div class='ocr_carea' id='block_1_117' title="bbox 2233 5409 3487 5482">
    <p class='ocr_par' dir='ltr' id='par_1_117' title="bbox 2233 5409 3487 5482">
     <span class='ocr_line' id='line_1_117' title="bbox 2233 5409 3487 5482; baseline 0.002 -19"><span class='ocrx_word' id='word_1_881' title='bbox 2233 5413 2378 5481; x_wconf 81' lang='grc'>(421)</span> <span class='ocrx_word' id='word_1_882' title='bbox 2408 5409 2604 5482; x_wconf 70' lang='lat' dir='ltr'>Vulg,</span> <span class='ocrx_word' id='word_1_883' title='bbox 2635 5427 2821 5466; x_wconf 87' lang='lat' dir='ltr'>coram</span> <span class='ocrx_word' id='word_1_884' title='bbox 2847 5412 3100 5465; x_wconf 84' lang='lat' dir='ltr'>omnibus</span> <span class='ocrx_word' id='word_1_885' title='bbox 3133 5409 3487 5467; x_wconf 75' lang='lat' dir='ltr'>homimibus.</span> 
     </span>
    </p>
   </div>
   <div class='ocr_carea' id='block_1_118' title="bbox 2236 5482 3805 5556">
    <p class='ocr_par' dir='ltr' id='par_1_118' title="bbox 2236 5482 3805 5556">
     <span class='ocr_line' id='line_1_118' title="bbox 2236 5482 3805 5556; baseline 0.004 -22"><span class='ocrx_word' id='word_1_886' title='bbox 2236 5482 2382 5552; x_wconf 80' lang='grc'>(422)</span> <span class='ocrx_word' id='word_1_887' title='bbox 2417 5483 2488 5556; x_wconf 83' lang='lat' dir='ltr'>In</span> <span class='ocrx_word' id='word_1_888' title='bbox 2511 5487 2704 5554; x_wconf 88' lang='lat' dir='ltr'>autog.</span> <span class='ocrx_word' id='word_1_889' title='bbox 2735 5485 2944 5556; x_wconf 81' lang='lat' dir='ltr'>facere,</span> <span class='ocrx_word' id='word_1_890' title='bbox 2960 5483 3182 5556; x_wconf 74' lang='lat' dir='ltr'>absque</span> <span class='ocrx_word' id='word_1_891' title='bbox 3205 5483 3499 5556; x_wconf 85' lang='lat' dir='ltr'>particula</span> <span class='ocrx_word' id='word_1_892' title='bbox 3519 5499 3676 5548; x_wconf 79' lang='lat' dir='ltr'>non;</span> <span class='ocrx_word' id='word_1_893' title='bbox 3704 5485 3805 5540; x_wconf 82' lang='lat' dir='ltr'>for-</span> 
     </span>
    </p>
   </div>
   <div class='ocr_carea' id='block_1_119' title="bbox 2161 5553 3136 5627">
    <p class='ocr_par' dir='ltr' id='par_1_119' title="bbox 2161 5553 3136 5627">
     <span class='ocr_line' id='line_1_119' title="bbox 2161 5553 3136 5627; baseline 0.001 -18"><span class='ocrx_word' id='word_1_894' title='bbox 2161 5556 2323 5609; x_wconf 88' lang='lat' dir='ltr'>tasse</span> <span class='ocrx_word' id='word_1_895' title='bbox 2350 5553 2619 5610; x_wconf 85' lang='lat' dir='ltr'>sustinere</span> <span class='ocrx_word' id='word_1_896' title='bbox 2640 5553 2782 5627; x_wconf 81' lang='lat' dir='ltr'>pati,</span> <span class='ocrx_word' id='word_1_897' title='bbox 2814 5559 2872 5611; x_wconf 87' lang='lat' dir='ltr'>et</span> <span class='ocrx_word' id='word_1_898' title='bbox 2899 5553 3136 5610; x_wconf 77' lang='lat' dir='ltr'>similia.</span> 
     </span>
    </p>
   </div>
  </div>
