3996 6232
142 355 256 418 261

755 347 1178 411 EXPOSITIO
1222 348 1302 409 ΙΝ
1346 346 1766 409 EPISTULAS
1811 346 2065 408 PAULI.
2093 380 2165 391 —
2197 348 2274 408 IN
2316 348 2566 411 EPIST.
2614 351 2718 411 AD
2766 351 2958 413 ROM.

3445 360 3564 419 269

140 491 359 564 propter
388 484 806 550 conscientiam,
840 483 899 537 id
927 485 1017 538 est
1078 484 1312 553 propter
1362 482 1491 552 ejus
1550 496 1805 536 amorem
1835 479 2287 546 Adilectionem
2347 482 2591 553 proximi
2654 483 2967 555 pertinent,
3029 485 3156 540 ideo
3214 489 3568 559 generaliter

147 580 318 650 cujus
345 573 625 648 praecepti
659 572 838 627 vultis
868 588 997 627 esse
1029 570 1361 641 impletores
1391 588 1401 624 :
1428 576 1485 625 et
1516 588 1662 641 pura
1683 570 1806 641 qui-

144 669 278 724 dem
314 669 509 720 mente
543 662 806 734 idipsum
840 661 1029 715 facere
1059 660 1306 728 debetis,
1337 676 1446 715 non
1487 660 1565 714 ad
1594 661 1806 714 oculum

144 756 523 821 servientes,et
552 752 714 824 quasi
744 750 1059 806 hominibus
1087 748 1356 819 placentes
1387 748 1600 819 (Ephes.
1628 766 1703 813 vx,
1730 749 1806 820 6),

147 847 247 901 sed
283 845 424 913 Deo,
458 841 559 913 qui
595 841 803 912 probat
836 840 1012 894 corda
1040 838 1417 907 vestra(437).
1442 839 1509 891 Et
1532 838 1807 908 quoniam

148 933 473 1007 praemisit:
500 930 597 986 Dei
626 930 881 983 minister
910 930 1007 992 est,
1042 928 1251 981 vindex
1280 929 1345 981 in
1375 930 1463 980 ira
1492 930 1543 981 ei
1571 930 1669 998 qui
1698 944 1811 981 ma-

152 1026 270 1079 lum
298 1024 435 1093 agit,
496 1020 716 1075 idcirco
776 1016 1116 1087 subjuuxit:
1173 1017 1296 1071 Ideo
1346 1018 1494 1070 enim
1521 1025 1574 1070 et
1604 1018 1812 1071 tributa

150 1113 473 1186 praestatis;
505 1110 565 1163 id
600 1111 789 1171 est,ne
820 1105 1213 1177 persequendi
1244 1106 1607 1160 occasionem
1641 1105 1807 1160 detis.

154 1201 405 1257 Ministri
427 1199 574 1254 enim
602 1198 698 1251 Dei
729 1203 877 1259 sunt,
914 1197 971 1249 in
1004 1195 1103 1248 hoc
1134 1196 1313 1265 ipsum
1347 1196 1666 1249 servientes.
1704 1194 1811 1248 Mi-

159 1292 389 1346 nistros
420 1287 521 1342 Dei
550 1284 836 1357 principes
866 1288 1054 1347 vocat,
1105 1284 1323 1354 quibus
1374 1301 1407 1337 a
1454 1283 1570 1338 Deo
1605 1282 1813 1339 collata

164 1384 258 1436 est
291 1381 543 1450 potestas
574 1376 645 1431 ad
677 1374 1026 1445 exigendum
1056 1373 1365 1427 tributum.
1401 1372 1566 1428 Unde
1624 1377 1680 1427 ct
1710 1389 1812 1444 ge—

167 1466 444 1523 neraliter
474 1481 571 1520 eos
603 1463 938 1528 exhortans,
971 1462 1259 1532 subjecit:
1296 1462 1513 1518 Reddite
1541 1480 1667 1531 ergo
1698 1480 1813 1518 om-

162 1558 329 1612 nibus
357 1554 537 1610 debita
556 1571 579 1617 ;
609 1553 759 1624 (438)
790 1553 884 1607 cui
912 1552 1197 1618 tributum,
1231 1552 1503 1607 tributum
1524 1574 1542 1611 :
1573 1555 1664 1607 cui
1694 1570 1809 1609 vec-

165 1645 323 1714 tigal,
348 1643 600 1711 vectigal.
635 1641 965 1708 Tributum,
1000 1644 1065 1695 ut
1093 1640 1335 1711 quidam
1384 1641 1607 1711 volunt,
1642 1660 1675 1697 a
1706 1645 1814 1697 tri-

169 1732 377 1789 buendo
406 1731 644 1787 dicitur.
680 1730 781 1785 Est
804 1730 959 1785 enim
1010 1744 1245 1799 census,
1276 1733 1377 1785 aut
1416 1730 1680 1786 redditus
1713 1732 1815 1803 qui

172 1821 421 1893 exigitur
450 1837 484 1875 a
516 1817 863 1884 colonis,vel
885 1818 1194 1873 territoriis
1220 1843 1234 1887 ;
1268 1834 1466 1874 revera
1494 1824 1689 1875 autem
1712 1820 1814 1875 tri-
1847 1852 1895 1916 Β

170 1910 376 1965 butum
392 1925 424 1961 α
438 1908 688 1962 tribubus
710 1905 944 1960 dicitur.
962 1904 1206 1960 Romani
1224 1906 1511 1977 siquidem
1528 1908 1816 1961 mundum

171 1999 228 2053 in
242 2001 359 2053 tres
377 2000 573 2068 partes
591 1994 1419 2060 diviserunt,Asiam,Africam
1434 2000 1491 2049 et
1507 2000 1817 2067 Europam,

172 2086 383 2158 quibus
405 2085 504 2157 qui
528 2086 815 2155 praeerant
837 2082 1055 2138 tribuni
1078 2083 1454 2153 vocabantur,
1481 2089 1536 2139 et
1556 2086 1654 2156 qui
1690 2103 1820 2141 cen-

171 2190 301 2232 sum
342 2173 671 2240 solvebant,
706 2172 1021 2226 tributarii.
1054 2170 1313 2243 Vectigal
1331 2178 1525 2228 autem
1541 2176 1823 2231 avehendo

172 2263 393 2319 dictum
417 2268 505 2317 est
534 2280 549 2328 ;
589 2266 675 2316 est
692 2261 845 2315 enim
870 2278 1079 2316 census
1102 2261 1340 2317 fiscalis.
1373 2262 1440 2316 Et
1461 2268 1549 2319 est
1578 2282 1820 2321 sensus:

167 2353 341 2423 juxta
358 2350 653 2421 propriam
677 2350 1019 2420 dignitatem
1036 2351 1310 2405 omnibus
1332 2350 1525 2407 debita
1545 2354 1824 2410 solvite:si

176 2441 500 2511 imperator
528 2443 635 2504 est,
659 2438 705 2493 si
730 2454 826 2492 rex
848 2441 957 2507 est,
978 2439 1025 2492 si
1051 2438 1339 2510 princeps,
1364 2440 1413 2494 si
1441 2441 1738 2513 magister,
1774 2444 1823 2499 si

175 2528 475 2594 dominus,
503 2527 550 2581 si
573 2535 750 2597 paler,
776 2526 863 2581 vel
890 2526 1175 2598 quidquid
1209 2527 1547 2597 hujusmodi
1577 2548 1588 2583 :
1623 2531 1679 2585 id
1713 2536 1823 2597 est,

173 2615 649 2688 imperatoribus,
674 2615 930 2687 regibus,
954 2615 1341 2687 principibus,
1367 2617 1587 2673 tributa
1610 2624 1666 2674 et
1697 2638 1822 2676 vec-

180 2705 413 2778 tigalia;
448 2703 735 2776 magistro
768 2708 823 2758 et
844 2704 1014 2775 patri,
1045 2703 1363 2772 honorem;
1389 2705 1625 2762 domino
1654 2708 1821 2764 timo-

181 2811 317 2850 rem.
352 2795 422 2849 Et
454 2794 567 2848 hoc
598 2798 688 2848 est
719 2794 873 2863 quod
905 2792 1212 2848 subditur:
1246 2796 1349 2849 Cui
1379 2796 1821 2863 timorem,timo-

183 2901 331 2946 rem;
360 2884 453 2938 cui
485 2882 769 2948 honorem,
802 2882 1077 2936 honorem.
1111 2882 1220 2936 Sed
1255 2883 1392 2953 quia
1430 2883 1668 2957 longum
1704 2892 1827 2943 erat

182 2990 279 3044 per
306 2971 542 3044 singula
565 2986 937 3038 enumerare,
986 2969 1115 3025 ideo
1161 2971 1513 3041 generaliter
1557 2976 1827 3033 universa

185 3058 911 3134 complectens,subjunxit
935 3076 947 3113 :
972 3059 1193 3114 Nemini
1220 3060 1515 3133 quidquam
1544 3062 1785 3120 debeatis
1810 3084 1822 3133 ;

182 3152 238 3205 id
270 3156 377 3206 est.
424 3150 706 3206 omnibus
748 3148 917 3218 juxta
965 3147 1312 3221 dignitatem
1360 3151 1552 3207 debita
1582 3154 1823 3226 reddite,

1918 570 2216 625 subdidit:
2255 573 2389 625 Etsi
2416 572 2555 642 quod
2586 582 2663 627 est
2714 573 2868 627 aliud
2898 576 3225 631 mandatum
3252 579 3557 649 (subaudi-

1919 663 2032 723 tur,
2068 660 2135 713 ad
2162 658 2528 715 dilectionem
2557 662 2803 731 proximi
2832 663 3171 734 pertinens),
3198 668 3257 720 in
3279 668 3379 723 hoc
3402 670 3565 725 verbo

1918 749 2281 815 instauratur,
2316 749 2372 803 id
2406 754 2512 819 est,
2548 750 2607 803 in
2666 752 2836 805 verbo
2894 752 3221 810 dilectionis
3264 757 3560 828 impletur.

1920 836 2081 890 Unde
2110 842 2165 891 et
2197 838 2471 893 continuo
2533 839 2726 909 ipsum
2776 841 3014 895 verbum
3066 843 3285 909 intulit,
3321 845 3561 903 dicens:

1920 924 2130 994 Diliges
2182 928 2496 995 proximum
2552 936 2707 982 tuum
2760 931 2904 983 sicut
2950 933 2999 984 te
3032 932 3233 1001 ipsum.
3272 933 3339 987 Ut
3368 940 3563 991 autem

1920 1015 2253 1068 ostenderet
2309 1017 2601 1085 quomodo
2660 1017 2899 1088 impleat
2957 1018 3163 1089 legem,
3226 1023 3324 1093 qui
3374 1024 3566 1096 diligit

1919 1102 2272 1172 proximum,
2305 1104 2607 1173 subjunxit
2636 1122 2647 1158 :
2685 1107 2910 1161 Dilectio
2938 1111 3186 1178 proximi
3216 1112 3424 1165 malum
3454 1130 3565 1168 non

1921 1195 2193 1262 operatur.
2229 1192 2571 1264 Quicunque
2604 1200 2801 1249 sancte
2832 1202 2887 1250 et
2918 1197 3007 1267 pie
3040 1198 3119 1252 ita
3148 1200 3476 1269 proximum
3502 1206 3568 1256 ut

1922 1298 1983 1335 se
2013 1281 2223 1352 diligit,
2254 1282 2528 1352 peccandi
2587 1284 2950 1339 occasionem
3012 1303 3125 1341 non
3186 1288 3393 1355 habet;
3429 1307 3565 1346 nam

1923 1370 2060 1439 quia
2091 1387 2202 1425 non
2236 1370 2359 1425 vult
2389 1376 2453 1425 ut
2482 1388 2588 1426 sua
2637 1390 2780 1427 uxor
2829 1382 3255 1447 corrumpatur,
3286 1378 3408 1450 ipse
3450 1397 3565 1435 non

1923 1458 2244 1530 corrumpit
2274 1459 2535 1527 alterius,
2571 1462 2707 1531 quia
2741 1478 2853 1516 non
2886 1464 3006 1517 vult
3047 1466 3250 1535 occidi,
3286 1484 3389 1523 nec
3441 1468 3567 1541 ipse

1924 1548 2127 1617 quaerit
2152 1548 2414 1603 occidere
2446 1549 2797 1620 proximum.
2833 1554 2925 1606 Sic
2958 1558 3007 1607 cl
3046 1571 3147 1624 per
3176 1560 3402 1612 caetera.
3438 1559 3569 1615 Pro-

1924 1637 2146 1690 ximum
2180 1652 2414 1692 omnem
2448 1638 2741 1693 hominem
2791 1641 2930 1695 dicit
2986 1658 3115 1697 cum
3167 1660 3282 1715 quo
3334 1663 3570 1718 peccare

1924 1740 2261 1796 possumus.

1997 1813 2289 1867 Plenitudo
2322 1829 2453 1884 ergo
2482 1814 2613 1884 legis
2635 1822 2710 1869 est
2738 1815 2973 1871 dilectio.
3011 1818 3069 1872 Si
3110 1820 3368 1878 charitas
3400 1825 3571 1893 juxta

1931 1919 2130 1957 vocem
2154 1902 2407 1973 Apostoli
2442 1902 2741 1973 plenitudo
2767 1904 2912 1975 legis
2944 1912 3053 1971 est,
3071 1913 3126 1961 et
3147 1908 3299 1964 sicut
3316 1912 3571 1971 Joannes

1933 1992 2089 2059 dicit,
2126 1991 2383 2045 Charitas
2414 1994 2552 2045 Deus
2582 1996 2659 2045 est
2692 1996 2871 2061 (Joan.
2906 2012 2979 2060 1v,
3014 1997 3120 2065 16),
3175 2014 3310 2069 ergo
3358 2008 3413 2053 et
3448 2002 3564 2072 ple-

1934 2081 2137 2134 nitudo
2168 2080 2313 2151 legis
2345 2080 2495 2134 Deus
2527 2084 2632 2145 est,
2668 2081 2767 2151 qui
2801 2081 2981 2138 dixit:
3042 2085 3158 2137 Non
3210 2090 3333 2141 veni
3361 2088 3573 2147 solvere

1935 2173 2101 2239 legem
2128 2169 2219 2224 sed
2244 2170 2545 2241 adimplere
2576 2170 2797 2237 (Matth.
2830 2187 2882 2237 v,
2927 2172 3033 2239 17).
3065 2172 3295 2229 Poterat
3326 2176 3570 2236 fortasse

1935 2260 2002 2314 ad
2040 2259 2157 2313 hinc
2184 2258 2398 2329 aliquis
2430 2259 2657 2313 dicere:
2698 2260 2989 2329 Apostole,
3050 2262 3183 2331 quis
3231 2262 3289 2318 in
3340 2268 3570 2323 mortali

1936 2364 2173 2418 corpore
2203 2347 2556 2401 constitutus
2589 2350 2777 2417 potest
2808 2346 3049 2418 implere
3081 2352 3233 2420 quod
3285 2353 3469 2422 dicis;
3516 2357 3573 2412 id

1935 2442 2044 2502 est,
2078 2440 2141 2490 ut
2172 2435 2499 2507 proximum
2534 2435 2830 2507 diligendo
2860 2436 3088 2492 nullum
3120 2439 3339 2496 malum
3373 2460 3573 2516 opere-

1935 2532 2032 2581 tur
2056 2528 2077 2579 ?
2104 2526 2353 2597 Ideoque
2386 2524 2692 2595 subjungit
2718 2524 3032 2596 Apostolus
3061 2543 3073 2582 :
3106 2528 3168 2581 Et
3224 2530 3321 2586 hoc
3348 2536 3576 2590 scientes

1932 2620 2141 2683 tempus
2172 2613 2315 2683 (439)
2352 2613 2743 2684 (subauditur,
2777 2630 2904 2669 esse
2934 2617 3181 2686 aptum).
3216 2618 3284 2673 Et
3322 2637 3577 2693 congrue

1934 2704 2042 2759 hoc
2068 2708 2300 2773 tempus
2322 2707 2524 2773 aptum
2545 2719 2671 2757 esse
2692 2703 2831 2757 dicit
2851 2703 2923 2759 ab
2950 2704 3169 2762 bonum
3191 2712 3574 2780 operandum,

1936 2793 2073 2864 quia
2096 2796 2226 2864 post
2242 2792 2390 2846 hanc
2411 2792 2587 2845 vitam
2629 2796 2861 2863 tempus
2909 2794 3020 2848 erit
3066 2795 3383 2869 unicuique
3406 2818 3438 2855 a
3461 2801 3575 2857 Deo

1936 2881 2247 2951 recipiendi
2280 2882 2431 2951 quod
2465 2880 2663 2953 gessit.
2700 2881 2859 2937 Unde
2881 2883 3165 2939 Dominus
3196 2902 3297 2956 per
3327 2890 3576 2961 prophe-

1934 2975 2053 3025 tam
2079 2988 2090 3023 :
2132 2972 2386 3041 Tempore
2414 2978 2632 3040 accepto
2661 2971 2928 3025 exaudiui
2958 2980 3033 3043 te,
3065 2981 3117 3028 et
3172 2977 3233 3029 in
3267 2976 3355 3033 die
3383 2981 3578 3035 salutis

1935 3060 2127 3130 adjuvi
2156 3064 2207 3114 te
2237 3060 2390 3130 (lsai.
2424 3076 2573 3126 xux,
2597 3060 2659 3113 81
2692 3079 2704 3127 ;
2738 3062 2791 3115 Il
2822 3060 2941 3115 Cor.
2974 3079 3053 3129 v1,
3090 3061 3168 3129 2),
3215 3067 3367 3135 quod
3401 3084 3575 3139 BXPQ-

1939 3165 2082 3203 nens
2110 3147 2421 3219 Apostolus
2452 3150 2567 3202 ait:
2606 3149 2733 3203 Ecce
2762 3166 2908 3203 nunc
2955 3158 3166 3221 tempus
3222 3156 3574 3225 aceeptabile,

180 3240 413 3307 Verum,
447 3240 589 3311 quia
610 3239 836 3293 bonum
859 3219 1160 3293 charitatis
1192 3256 1307 3294 non
1341 3241 1541 3310 semel,
1568 3244 1663 3297 sed
1695 3219 1828 3299 con;
1856 3219 1900 3284 (ἶ
1938 3253 2055 3292 ecce
2086 3252 2234 3291 nunc
2260 3236 2373 3291 dies
2401 3237 2595 3291 salutis
2626 3236 2810 3307 llbid.)
2840 3238 2923 3291 Ad
2958 3219 3095 3308 quid
3130 3219 3579 3299 autemdixerit

183 3330 347 3385 tinue
378 3329 746 3385 reddendum
779 3330 887 3394 est,
922 3326 1122 3383 intulit
1150 3346 1161 3383 :
1194 3329 1318 3383 Nisi
1347 3334 1407 3384 ut
1437 3332 1668 3387 invicem
1696 3332 1827 3388 dili-

179 3421 356 3489 gatis;
390 3434 456 3473 ac
489 3418 540 3472 si
577 3417 830 3471 diceret:
855 3416 969 3471 Hoc
994 3416 1323 3473 dilectionis
1357 3419 1574 3475 bonum
1603 3438 1834 3493 semper

180 3508 346 3563 vobis
374 3506 628 3561 invicem
658 3503 997 3576 persolvetis
1021 3522 1256 3562 necesse
1276 3512 1383 3579 est,
1408 3509 1545 3580 quia
1571 3528 1685 3582 quo
1708 3528 1831 3566 am-

186 3596 345 3669 plius
375 3594 663 3659 redditur,
688 3598 847 3649 tanto
879 3594 1067 3667 magis
1086 3600 1350 3667 augetur.
1376 3598 1445 3653 Et
1476 3604 1541 3653 ut
1564 3600 1834 3655 ostende-

188 3688 277 3739 ret
305 3686 594 3755 quantum
626 3684 841 3737 bonum
873 3683 952 3738 sit
982 3683 1233 3755 dilectio,
1252 3686 1503 3756 subjecit
1525 3705 1537 3741 :
1562 3690 1666 3756 Qui
1684 3691 1838 3744 enim

186 3772 369 3844 diligit
390 3773 735 3845 proximum,
771 3773 941 3841 legem
970 3774 1239 3843 implevit.

256 3863 363 3918 Sed
399 3879 533 3918 cum
568 3861 856 3916 Dominus
890 3861 947 3915 in
970 3862 1277 3933 Evangelio
1308 3868 1442 3935 post
1470 3868 1840 3922 commenda-

185 3955 303 4007 tam
330 3951 709 4007 dilectionem
733 3949 829 4004 Dei
854 3954 909 4004 et
930 3951 1177 4021 proximi
1203 3952 1358 4007 dicat
1382 3970 1394 4008 :
1423 3954 1487 4008 In
1517 3953 1604 4009 his
1633 3956 1841 4011 duobus

185 4041 453 4096 mandatis
485 4044 597 4095 tota
632 4039 726 4094 lex
752 4039 948 4110 pendet
978 4040 1185 4111 (Matth.
1220 4058 1360 4112 xxxx,
1394 4042 1503 4113 40),
1547 4046 1838 4115 quomodo

187 4129 492 4201 Apostolus
513 4145 655 4185 eum
682 4128 781 4199 qui
802 4129 1133 4199 proximum
1154 4128 1575 4202 diligat,legem
1599 4132 1840 4204 implere

189 4218 370 4273 dicit?
394 4219 475 4273 Ne
506 4233 649 4290 ergo
681 4216 949 4271 videatur
970 4217 1351 4285 contrarium,
1377 4219 1842 4276 animadverten-

190 4307 326 4363 dum
360 4312 446 4363 est
476 4308 624 4379 quia
655 4322 774 4360 non
807 4306 888 4361 ait
915 4306 1256 4377 Apostolus,
1284 4310 1466 4362 totam
1497 4308 1706 4380 legem,
1738 4310 1841 4365 sed

187 4400 437 4464 tantum,
468 4396 669 4469 legem
701 4394 886 4460 illam,
919 4396 1120 4451 volens
1152 4395 1477 4468 intelligere
1507 4414 1633 4468 quae
1656 4398 1845 4470 proxi-

188 4485 263 4539 mi
288 4486 456 4556 jubet
486 4483 1066 4549 dilectionem.Quod
1089 4484 1137 4539 si
1168 4489 1351 4540 totam
1377 4484 1564 4557 legem
1598 4486 1841 4559 intelligi

1940 3326 2049 3380 hoc
2082 3331 2311 3396 tempus
2345 3330 2570 3396 aptum,
2599 3324 2858 3395 aperitur
2912 3342 3045 3380 cum
3093 3329 3395 3384 subditur:
3439 3333 3579 3400 Quia

1940 3415 2077 3469 hora
2106 3417 2185 3467 est
2205 3415 2324 3483 jam
2354 3429 2452 3467 nos
2482 3413 2545 3467 de
2581 3428 2764 3467 somno
2814 3430 3038 3483 surgere
3054 3432 3074 3475 ;
3118 3433 3184 3471 ac
3230 3417 3278 3471 si
3327 3418 3576 3476 diceret:

1942 3502 2051 3556 Diu
2084 3501 2319 3572 quidem
2345 3500 2615 3572 jacuistis
2645 3500 2703 3555 in
2736 3518 2942 3557 somno
2973 3502 3357 3572 infidelitatis,
3383 3522 3585 3578 corpo-

1945 3592 2025 3647 ris
2051 3591 2312 3662 ignavim,
2351 3594 2407 3645 et
2436 3594 2774 3645 caeterorum
2806 3591 3100 3647 vitiorum.
3157 3595 3305 3650 Hora
3342 3600 3431 3651 est
3454 3596 3579 3667 jam

1945 3695 2201 3751 surgere.
2236 3680 2352 3733 Cur
2382 3684 2575 3735 autem
2604 3681 2729 3750 jam
2761 3679 2900 3737 hora
2958 3681 3053 3747 sit,
3111 3685 3399 3741 ostendit:
3429 3686 3585 3741 Nunc

1944 3772 2095 3824 enim
2123 3770 2345 3840 propior
2372 3774 2447 3824 est
2476 3777 2667 3825 nostra
2694 3771 2863 3835 salus,
2886 3788 3053 3842 quam
3080 3790 3205 3828 cum
3232 3775 3583 3831 credidimus.

1948 3860 2012 3913 Et
2042 3862 2131 3914 est
2160 3875 2368 3914 sensus
2399 3875 2411 3912 :
2447 3860 2585 3930 quia
2615 3859 2741 3915 dies
2764 3861 2972 3931 judicii
3004 3863 3257 3931 advenit,
3292 3868 3348 3919 et
3374 3870 3586 3920 nostra:

1946 3948 2072 4002 vitae
2106 3947 2240 4002 finis
2272 3948 2719 4019 appropinquat,
2780 3949 2907 4005 ideo
2967 3952 3233 4022 proprior
3288 3958 3375 4009 est
3433 3970 3589 4009 nunc

1948 4042 2149 4092 nostra
2178 4036 2360 4102 salus,
2420 4054 2595 4107 quam
2654 4042 2811 4101 tunc,
2874 4057 3005 4094 cum
3047 4042 3422 4111 credidimus,
3452 4043 3592 4113 quia

1949 4144 2063 4198 quo
2096 4126 2379 4197 prmterita
2410 4130 2765 4189 crcscunt,eo
2795 4127 3142 4182 minuuntur
3171 4130 3387 4184 futura.
3430 4130 3591 4184 Salu-

1949 4221 2066 4271 tem
2099 4231 2231 4269 vero
2282 4230 2397 4268 non
2456 4214 2833 4283 temporalem
2893 4215 3051 4282 dicit,
3114 4218 3214 4271 sed
3273 4222 3588 4274 aeternam:

1952 4320 2127 4376 quam
2160 4303 2409 4374 perfecte
2467 4301 2704 4372 quidem
2764 4303 2966 4357 ﬁdeles
3020 4304 3367 4375 percipiunt,
3396 4321 3531 4359 cum
3562 4322 3595 4361 e

1953 4392 2293 4464 corporibus
2356 4395 2584 4457 exeunt,
2646 4391 2959 4462 perfectius
3016 4397 3213 4447 tamen
3274 4393 3596 4465 percipient

1953 4499 2087 4538 cum
2119 4498 2153 4536 a
2182 4481 2429 4535 mortuis
2460 4481 2929 4535 resurrrexerint.

188 4572 385 4645 voluit,
422 4591 530 4630 nec
565 4574 656 4628 sic
689 4571 1046 4627 contrarium
1105 4576 1210 4628 est.
1271 4573 1377 4636 Qui
1440 4574 1596 4629 enim
1652 4574 1847 4645 diligit
1878 4593 1923 4656 Ι)
2026 4570 2344 4642 Sequitur:
2375 4571 2494 4625 No.1:
2515 4573 2812 4641 praecessit,
2845 4574 2949 4627 etc.
2989 4572 3102 4627 Iste
3133 4575 3370 4627 sanctus
3413 4573 3595 4643 Apos-

188 4661 386 4729 Deum,
407 4663 609 4734 diligit
632 4661 841 4732 utique
865 4662 1219 4733 proximum,
1240 4663 1517 4734 quoniam
1540 4664 1848 4734 ipsejubet
1958 4659 2549 4732 stolus,Evangelium
2587 4660 2975 4731 praedicando,
3000 4678 3144 4731 pene
3177 4665 3367 4715 totum
3397 4661 3597 4716 orbem

189 4750 420 4824 diligere
444 4752 793 4825 proximum
820 4768 833 4817 ;
858 4755 913 4805 et
936 4749 1035 4822 qui
1066 4750 1394 4822 proximum
1419 4752 1627 4825 diligit,
1645 4753 1845 4825 utique

189 4840 371 4912 diligit
400 4847 457 4897 et
488 4842 708 4909 Deum,
742 4839 1022 4911 quoniam
1070 4841 1196 4910 ejus
1240 4840 1443 4912 implet
1471 4848 1841 4914 praeceptum.

188 4926 307 4999 Ipse
329 4936 532 4986 autem
557 4931 621 4984 in
640 4928 955 5000 Evangelio
978 4928 1117 4983 dicit
1144 4946 1156 4983 :
1193 4931 1296 4997 Qui
1338 4931 1525 5001 diligit
1559 4948 1663 4999 me,
1696 4949 1847 4987 man-

187 5016 310 5073 data
338 5037 460 5074 mea
488 5018 749 5075 servabit
782 5019 959 5088 (Joan.
992 5036 1108 5085 x1v,
1139 5020 1253 5086 15.)
1286 5018 1355 5073 Ut
1412 5025 1606 5075 autem
1654 5027 1847 5076 osten-

190 5106 342 5163 deret
372 5126 557 5181 quam
592 5107 811 5163 dixerit
840 5106 1047 5178 legem,
1072 5107 1318 5180 adjecit:
1347 5110 1484 5164 Nam
1508 5126 1616 5164 non
1645 5110 1849 5165 occides

190 5195 586 5265 (subauditur,
624 5195 915 5266 scriptum
948 5198 1077 5267 est),
1110 5214 1219 5252 non
1253 5198 1729 5263 adulterabis,non
1759 5201 1848 5269 fu-

190 5284 413 5353 raberis,
446 5302 561 5342 non
618 5284 991 5353 concupisces,
1048 5302 1159 5341 non
1215 5286 1422 5357 falsum
1480 5287 1851 5342 testimonium

191 5373 344 5430 dices.
376 5376 447 5430 Et
482 5374 634 5447 quia
666 5389 781 5427 non
813 5372 1010 5427 omnia
1060 5374 1561 5443 commemoravit,
1598 5392 1724 5447 qua
1779 5375 1851 5430 ad

258 5569 405 5646 (437)
437 5571 523 5646 En
557 5566 905 5646 pontificem
936 5571 1289 5646 evangelicis
1318 5587 1449 5629 vere
1479 5572 1766 5641 moribus,
1799 5574 1857 5628 et

192 5639 457 5698 doctrina
482 5639 815 5699 imbutum.

1954 4754 2242 4805 terrarum
2275 4749 2620 4816 circumivit,
2655 4754 2711 4803 et
2740 4748 2875 4819 quia
2902 4749 3047 4805 vidit
3080 4766 3210 4804 cum
3243 4750 3303 4804 in
3342 4750 3599 4806 tenebris

1956 4837 2315 4893 inﬁdelitatis
2347 4844 2404 4893 et
2432 4838 2789 4911 reliquorum
2833 4840 3106 4893 vitiorum
3149 4840 3364 4909 jacere,
3407 4838 3602 4895 excla-

1956 4929 2138 4983 mavit
2161 4945 2172 4982 :
2199 4929 2316 4983 No.23
2332 4931 2631 4999 praecessit,
2658 4928 2879 4983 scilicet
2911 4928 3161 4999 antiquae
3215 4928 3510 4997 caecitatis,
3544 4928 3602 4983 id

1956 5022 2045 5072 est
2072 5016 2433 5073 infidelitatis
2460 5036 2472 5085 ;
2506 5020 2618 5072 dies
2648 5022 2832 5073 autem
2864 5020 3332 5089 appropinquavit
3377 5022 3601 5072 aeternae

1958 5105 2187 5172 salutis,
2210 5104 2269 5159 id
2301 5112 2391 5159 est
2410 5106 2535 5160 dies
2559 5106 2691 5161 fidei
2716 5110 2772 5160 et
2805 5110 3143 5160 caeterarum
3170 5106 3478 5169 virtutum,
3503 5102 3604 5173 qui

1958 5201 2098 5250 tunc
2122 5193 2375 5260 advenit,
2403 5210 2535 5247 cum
2556 5194 2822 5249 Christus
2845 5211 2945 5265 per
2968 5194 3310 5265 mysterium
3340 5195 3606 5248 Incarna-

1960 5283 2137 5339 tionis
2160 5282 2216 5335 in
2246 5281 2465 5335 mundo
2484 5283 2775 5351 apparuit,
2793 5284 2962 5352 cujus
2983 5282 3116 5337 fidei
3142 5281 3271 5337 luce
3292 5278 3606 5335 infidelita-

1962 5373 2041 5427 tis
2072 5370 2321 5425 tenebraa
2355 5373 2494 5424 sunt
2548 5369 2831 5439 effugata).
2898 5371 2964 5423 Et
3018 5370 3156 5439 quia
3187 5369 3469 5441 praemisit
3495 5380 3608 5421 nea:

2058 5564 2181 5635 438)
2214 5565 2275 5619 In
2309 5579 2494 5635 marg.
2527 5567 2723 5634 autog,
2759 5562 2853 5619 hic
2882 5562 3095 5635 legitur
3120 5578 3248 5634 cap.
3284 5560 3472 5635 ξων.

2058 5632 2179 5711 439)
2211 5634 2313 5694 Hic
2344 5635 2405 5692 in
2436 5632 2621 5711 marg,
2654 5632 2847 5715 autog.
2880 5632 3096 5709 legitur
3124 5632 3251 5715 cap.
3284 5632 3449 5707 XLV,
