1998 3116
200 154 259 184 263

711 148 881 180 AT'I‘ONIS
903 147 1195 180 VERCELLENSIS
1217 147 1393 179 EPlSCOPl

1842 153 1899 187 ΞΜ

199 219 350 255 ρναεεεεεὶί,
365 217 473 245 idcirco
488 216 643 244 exhortans
658 215 829 252 subjungit:
856 215 1024 248 Adiit-tamus
1037 214 1064 247 Α
1081 216 1113 242 ut
1124 215 1289 242 ostenderet
1300 222 1363 250 quas
1375 215 1434 242 sint
1453 222 1535 242 arma
1551 214 1637 249 lucis,
1650 218 1702 244 aut
1716 217 1746 245 in
1761 225 1818 254 quo
1832 218 1892 257 sint,

200 271 266 298 ergo
281 271 364 299 opera
378 263 572 291 tenebrarum;
587 260 616 288 id
632 262 685 295 est,
703 260 884 288 infidelitatis
899 262 926 287 et
940 263 1023 287 caete-

201 316 301 335 rorum
315 307 465 334 vitiorum.
485 306 597 333 Rursus
611 305 681 340 quia
696 304 837 340 praemisit
851 305 912 331 dies
930 306 1024 331 autem

199 352 441 388 appropinquavit,
451 351 515 378 ideo
526 350 572 377 hic
580 357 696 385 quoque
708 349 857 376 subditur:
871 349 1024 376 Induamur

199 405 279 424 arma
296 397 377 431 lucis,
393 396 422 423 id
438 397 491 427 est,
508 394 605 427 ﬁdem,
619 401 710 429 spem,
723 393 905 427 charitatem,
915 395 943 420 et
958 393 1022 420 reli-

199 449 275 477 quas
289 441 422 472 virtutes,
440 448 502 474 quis
521 439 592 465 bene
611 446 693 465 arma
716 437 865 469 dicuntur,
880 437 1019 472 quoniam

199 485 245 513 his
260 485 366 520 gladiis
390 491 470 511 arma
494 482 601 509 diaboli
632 484 817 517 superantur.
845 481 925 508 Unde
950 481 1018 509 alibi

196 529 372 565 Apostolus:
388 527 495 555 Induite
510 535 555 554 vos
574 530 749 554 amaturum
776 526 834 558 Dei,
853 530 883 552 ut
908 526 1019 561 possitis

197 575 322 601 resistere
336 573 465 600 adversus
479 571 596 599 insidias
610 571 723 604 diaboli,
739 571 764 598 et
777 571 808 597 in
823 570 948 597 omnibus
961 578 1020 605 per-

195 619 263 653 fecti
276 620 351 645 stare
365 617 468 653 (Ephes.
486 625 525 649 v1,
544 616 598 649 11).
619 615 703 643 Lucis
731 617 830 642 autem
858 623 940 642 arma
953 614 1017 643 ideo

195 663 345 697 dicuntur,
362 661 501 697 quoniam
518 661 578 687 vita
593 659 722 687 ﬁdelium
746 660 777 686 in
802 659 1018 695 comparatione

194 706 359 734 infidelium
375 706 425 733 lux
440 707 484 733 est
500 707 528 732 et
543 705 605 732 dies
619 717 626 737 ;
641 704 691 731 sed
708 703 755 731 hic
771 704 833 731 dies
863 704 1017 739 permistas

195 751 283 779 habet
294 750 430 778 tenebras
439 749 578 785 quoniam
589 749 694 776 militia
700 751 738 776 est
745 749 801 775 vita
809 749 927 776 hominis
937 756 1018 783 super

195 797 300 822 terram
315 794 383 830 (Job.
393 794 494 829 v11,i);
512 796 582 821 tunc
597 795 693 820 autem
711 793 773 820 sine
788 793 926 820 omnibus
937 795 1016 820 tene-

194 839 256 867 bris
270 839 335 872 erit,
351 847 417 866 cum
433 838 514 866 electi
534 837 702 865 aeternitatis
731 837 795 864 luce
819 837 1014 872 perfruentur.

195 883 231 911 Ut
241 885 339 911 autem
350 881 721 917 ostenderetquomodoind
727 881 755 908 ui
764 882 923 909 debeamus
933 889 1014 909 arma

192 927 278 961 lucis,
290 926 431 962 subjecit:
450 926 524 953 Sicut
538 927 567 953 in
583 926 627 953 die
641 925 748 953 honeste
762 925 944 953 ambulemus.
960 925 1013 953 Ubi

192 971 381 1007 qumrendum
396 973 442 998 est
456 978 546 1006 quare
560 969 674 997 addidit
687 970 758 997 sicut
772 970 800 996 in
817 969 870 996 die.
887 969 1012 1004 Scilicet,

191 1015 261 1051 quis
275 1015 325 1051 qui
342 1021 395 1051 per
408 1017 522 1042 noctem
539 1014 701 1045 ambulant,
719 1013 813 1041 solent
828 1014 970 1047 distincti,
985 1016 1014 1042 et

190 1059 378 1095 incompositi
392 1058 434 1086 ire
447 1067 453 1086 :
467 1058 587 1094 quidam
603 1058 690 1085 etiam
705 1057 786 1088 nudi.
799 1057 938 1093 quoniam
954 1066 1013 1086 non

189 1104 326 1131 videntur
341 1103 376 1130 ab
391 1102 456 1130 aliis
468 1111 475 1136 ;
486 1102 536 1138 qui
551 1110 617 1129 vero
633 1110 684 1137 per
699 1102 788 1135 diem,
802 1102 971 1142 omnimodo
982 1111 1013 1130 se

190 1149 380 1183 componunt,
388 1154 424 1173 ne
432 1146 630 1181 inspectorum
640 1145 739 1174 oculos
750 1146 906 1174 offendant.
915 1146 1014 1174 Voluit

191 1200 257 1226 ergo
272 1191 434 1223 ostendere,
452 1189 521 1226 quia
535 1198 653 1218 necesse
668 1193 723 1224 est,
740 1193 772 1218 ut
794 1191 836 1218 sic
860 1199 913 1218 nos
929 1190 1013 1219 bonis

190 1235 328 1271 operibus
340 1234 529 1268 adornamus,
541 1237 569 1261 et
579 1234 608 1261 in
620 1234 773 1270 splendore
780 1234 922 1262 virtutum
935 1235 1012 1263 ince-

191 1281 346 1312 damus,ne
355 1278 587 1314 Deiinspectoris
600 1279 690 1305 nostri
704 1279 802 1306 oculos
814 1279 1011 1313 attendamus;

190 1324 218 1351 id
234 1325 289 1356 est,
300 1323 329 1350 in
346 1322 430 1350 bonis
441 1323 588 1358 operibus,
602 1331 659 1350 non
673 1322 808 1350 humanae
819 1322 916 1350 laudis
928 1331 1015 1359 appe-

189 1368 350 1400 titum,non
362 1366 443 1394 lucra
451 1369 576 1399 terrena,
589 1367 639 1394 sed
651 1366 706 1393 hoc
723 1366 817 1394 solum
836 1375 1013 1402 quaeramus,

190 1414 223 1439 ut
235 1411 276 1439 illi
292 1411 472 1447 placeamus.
488 1410 590 1446 Igitur,
607 1411 676 1446 quia
692 1411 824 1438 hortatus
839 1414 927 1446 est,ut
943 1411 1015 1446 abji-

189 1464 323 1484 ceremus
338 1463 427 1491 opera
440 1456 639 1487 tenebrarum,
655 1457 688 1482 ut
704 1456 868 1483 ostenderet
883 1464 946 1491 qua:
969 1463 1013 1483 es-

186 1505 262 1536 sent,
274 1500 400 1536 subjecit
412 1508 419 1528 :
434 1501 493 1528 Non
508 1501 538 1527 in
552 1500 806 1534 comessationibus,
819 1502 872 1527 etc.
895 1500 1012 1527 Comes-

185 1545 259 1574 satio
274 1544 393 1579 dicitur,
411 1544 495 1580 quasi
511 1552 619 1572 mensa:
635 1544 769 1572 collatio:
798 1552 861 1580 qua:
889 1547 952 1571 tum
969 1545 1011 1574 ﬁt.

184 1597 250 1617 cum
266 1598 283 1617 a
296 1588 429 1621 diversis,
443 1588 567 1623 diversa,
579 1589 650 1617 vela
659 1588 761 1616 multis
773 1588 866 1616 multa
876 1588 905 1615 in
915 1597 1005 1616 unum
1021 1582 1043 1615 Ο

183 1632 522 1669 conferuntur,utsimul
530 1632 693 1668 epulantur.
704 1634 781 1660 Inter
795 1634 896 1660 caetera
907 1638 1004 1660 autem

181 1678 273 1706 multa
287 1678 366 1710 vitia,
398 1686 431 1705 ex
461 1677 672 1705 comessatione
700 1677 825 1704 ebrietas
854 1678 1001 1710 nascitur;

179 1723 303 1758 ideoque
319 1731 384 1749 mox
402 1722 483 1749 addit
495 1730 500 1749 :
513 1723 543 1749 Et
554 1722 737 1749 ebrietatibus.
750 1723 873 1749 Sursum
886 1722 953 1757 quin
969 1731 1002 1748 ex

179 1767 317 1794 ebrietate
328 1766 417 1793 libido
430 1768 594 1801 generatur,
606 1766 729 1800 adjecit:
743 1767 799 1793 Non
811 1767 839 1793 in
851 1767 999 1794 cubilibus.

178 1810 279 1838 Cubile
295 1818 311 1837 a
327 1811 470 1843 cubando,
486 1809 513 1836 id
526 1812 579 1839 cst.
593 1818 609 1836 a
621 1810 694 1836 Γωόο
715 1811 868 1837 concubitu
884 1811 999 1843 dicitur,

179 1855 256 1890 quod
274 1854 367 1889 magis
384 1854 461 1885 feris,
478 1856 506 1880 et
522 1854 623 1880 bestiis
652 1855 784 1889 congruit
803 1863 891 1889 quam
909 1855 1000 1882 homi-

178 1899 265 1926 nibus
282 1898 392 1925 ratione
407 1898 567 1925 utentibus.
594 1897 693 1932 lgitur,
725 1898 793 1932 quia
808 1899 837 1925 in
853 1899 999 1926 cubilibus

177 1945 331 1978 patrantur
346 1942 540 1969 immunditiis
552 1944 580 1968 et
596 1942 809 1975 fornicationes,
822 1943 927 1977 adjecit
945 1952 950 1970 :
968 1945 999 1970 Et

176 1987 365 2015 immunditiis
379 1987 462 2023 (440).
492 1987 551 2014 Non
579 1987 609 2014 in
638 1987 818 2014 contentione.
848 1988 997 2015 Contentio

175 2034 219 2059 est
236 2031 409 2059 animositas
424 2031 542 2067 mentis,
559 2031 587 2058 id
602 2033 646 2059 est
662 2031 742 2059 furor
763 2032 864 2065 animi,
882 2039 914 2058 ex
929 2041 996 2067 qua,

174 2076 242 2111 quia
257 2084 332 2112 smpe
347 2076 479 2103 nascitur
491 2076 610 2109 invidia,
627 2078 678 2103 aut
694 2076 789 2109 dolus,
806 2076 913 2103 idcirco
927 2077 996 2104 sub-

169 2121 324 2156 jungitur:
343 2121 376 2148 Et
387 2121 575 2155 inmutatione,
592 2120 635 2148 vel
653 2123 684 2148 ut
700 2121 831 2156 quaedam
849 2121 996 2157 exempla-

172 2164 214 2192 ria
230 2165 347 2197 habent,
364 2165 434 2192 dolo.

206 2210 259 2236 Sed
276 2210 466 2245 qumrendum
479 2212 524 2237 est
536 2218 626 2244 quare
636 2209 793 2244 Apostolus
800 2211 925 2244 quatuor
933 2218 994 2237 car-

173 2252 290 2280 nalibus
298 2253 377 2280 vitiis
388 2254 446 2280 duo
456 2253 600 2288 spiritalia
608 2253 801 2287 conjunxit,id
811 2256 864 2286 est,
876 2256 994 2281 conten-
1009 2266 1033 2298 D

171 2296 293 2331 tionem,
305 2298 488 2324 etinvidiam.
500 2297 627 2329 Scilicet,
648 2297 717 2332 quia
740 2297 889 2325 ostendere
905 2297 995 2326 voluit

174 2340 312 2376 quoniam
325 2343 353 2368 et
364 2341 425 2368 haec
438 2341 627 2374 duo,nonnisi
640 2342 688 2376 qui
701 2340 831 2368 carnales
841 2344 994 2378 sunt,ope-

172 2386 424 2412 rantur.Attamen
442 2385 605 2419 sciendum,
619 2385 687 2420 quia
703 2386 805 2413 beatus
813 2386 994 2422 Augustinus

172 2429 228 2456 tria
240 2428 335 2456 solum
348 2429 418 2456 vitia
427 2429 481 2456 hoc
495 2429 556 2456 loco
567 2438 812 2458 commemorasse
821 2432 992 2466 Apostolum

170 2473 242 2500 dicit
258 2481 264 2501 :
282 2472 354 2500 Nam
371 2474 645 2501 commessationem
662 2477 691 2502 et
713 2475 883 2503 ebrietatem
901 2485 990 2504 unum

168 2518 274 2553 accipit
289 2526 295 2551 ;
310 2517 445 2545 similiter
460 2517 567 2545 cubilia
581 2521 609 2547 et
624 2519 836 2556 immunditias,
848 2520 889 2548 ita
903 2521 992 2549 etiam

168 2563 384 2590 contentionem
400 2565 428 2589 et
443 2562 655 2591 aemulationem
671 2573 677 2597 ;
695 2564 817 2600 ideoque
831 2565 915 2593 illum
930 2565 992 2594 hac

166 2607 348 2634 triatantum
364 2615 608 2636 commemorasse
629 2609 708 2643 dicit,
724 2610 863 2644 quoniam
887 2618 921 2637 ex
943 2609 992 2638 his

165 2651 244 2679 velut
260 2651 367 2684 radice,
379 2651 475 2679 omnis
490 2651 626 2680 vitiorum
639 2653 764 2689 pullulat
774 2662 867 2690 seges.
878 2654 991 2683 Rursus

217 2749 277 2785 440)
293 2749 378 2786 Vulg.
395 2750 590 2785 impudicitiis.

1079 259 1229 294 adjunxit:
1259 260 1311 287 Sed
1334 259 1441 287 induite
1463 260 1610 287 Dominum
1629 262 1721 289 Iesum
1747 262 1894 297 Christum:

1077 304 1132 331 hoc
1147 306 1191 331 est
1206 303 1234 331 in
1250 304 1301 331 Die
1317 304 1437 331 honeste
1452 304 1612 332 ambulare.
1628 306 1784 334 Dominum
1799 308 1892 337 Jesum

1077 357 1130 375 nos
1146 350 1245 376 monet
1269 348 1408 382 induere;
1424 348 1452 375 id
1482 351 1536 383 est,
1567 347 1667 385 ﬁdem,
1687 351 1847 386 veritatem,
1867 356 1893 381 et

1076 396 1196 420 cunctas
1212 393 1408 429 virtutes,qute
1423 393 1453 420 in
1468 393 1583 421 Christo
1598 393 1891 430 interpretantur-Sed

1075 437 1145 472 quia
1158 437 1218 464 haec
1234 445 1316 464 arma
1331 437 1453 465 induere
1468 446 1525 465 non
1550 440 1656 473 potest,
1668 439 1720 474 qui
1739 440 1817 468 curis
1843 450 1890 469 ss:-

1074 481 1223 509 cularibus
1238 481 1416 517 implicatur,
1434 482 1560 516 adjecit:
1577 483 1609 510 Et
1625 484 1717 517 carni,
1741 487 1839 513 vestra
1852 494 1891 513 cu-

1073 533 1134 553 ram
1148 534 1184 553 ne
1197 527 1318 561 feceritis
1334 528 1364 554 in
1379 526 1532 554 desideriis.
1549 528 1623 563 (441)
1640 527 1775 555 Prasvidit
1793 529 1890 566 quippe

1072 570 1238 605 Apostolus,
1256 571 1326 606 quia
1340 571 1403 598 sine
1419 579 1488 598 cura
1513 571 1610 599 carnis
1634 572 1725 600 homo
1739 573 1889 601 subsistere

1072 623 1129 641 non
1147 618 1251 650 potest,
1268 615 1392 651 ideoque
1407 616 1531 651 adjecit:
1546 617 1577 643 In
1593 616 1749 644 desideriis.
1766 618 1803 644 Ac
1817 617 1840 645 si
1853 617 1889 645 di-

1071 661 1166 687 ceret:
1183 660 1256 687 Fieri
1272 669 1329 687 non
1344 663 1440 696 potest
1454 663 1486 688 ut
1501 661 1596 688 carnis
1611 669 1714 689 curam
1738 669 1794 688 non
1809 662 1887 690 facia-

1072 703 1130 736 tis;
1147 703 1172 731 si
1188 712 1255 740 ergo
1267 704 1404 738 feceritis,
1418 713 1475 732 non
1492 705 1522 732 in
1538 705 1705 739 desideriis,
1722 705 1751 732 id
1771 708 1822 738 est,
1838 714 1887 734 non

1070 747 1101 774 in
1117 748 1373 784 concupiscentiis,
1391 748 1433 776 vel
1450 751 1482 776 ut
1497 748 1653 777 desideriis
1668 749 1774 777 vestris
1786 749 1888 777 satisfa-

1071 791 1166 820 ciatis.
1180 793 1240 824 Quo
1257 793 1334 821 dicto
1349 793 1495 821 evidenter
1512 793 1655 828 insinuat,
1668 793 1807 830 quoniam
1826 802 1886 822 cura

1070 837 1166 864 carnis
1182 837 1317 865 habenda
1331 840 1376 865 est
1391 838 1421 865 in
1437 838 1788 872 necessariis,adimenda
1798 840 1884 866 autem

1070 882 1099 909 in
1118 882 1285 917 superﬂuis.
1302 884 1335 909 Et
1351 882 1405 910 hoc
1419 885 1472 916 est,
1489 882 1566 918 quod
1593 883 1737 911 Dominus
1756 883 1785 910 in
1801 883 1884 911 Evan-

1069 926 1143 961 gelio
1159 926 1246 954 dicit:
1262 927 1354 954 Nolite
1369 927 1480 955 solliciti
1493 935 1549 955 esse
1566 928 1596 955 in
1620 928 1774 956 crastinum
1788 926 1882 962 (Matth.

1068 979 1106 1005 v1,
1121 971 1186 1005 3’1);
1203 971 1253 998 ubi
1283 972 1385 999 beatus
1415 972 1627 1008 Hieronymus:
1656 973 1745 1001 Labor
1769 979 1882 1000 exercen-

1068 1015 1118 1042 dus
1132 1015 1205 1051 (442)
1220 1017 1268 1049 est,
1284 1016 1439 1044 sollicitudo
1454 1017 1581 1044 tollenda.

1102 1077 1245 1105 Praeterea
1258 1077 1424 1112 sciendum,
1437 1078 1576 1114 quoniam
1588 1078 1718 1115 gentiles
1736 1078 1884 1110 credentes,

1068 1121 1139 1149 adeo
1167 1121 1256 1149 fortes
1284 1124 1311 1149 et
1335 1122 1453 1158 perfecti
1482 1126 1565 1150 erant
1592 1124 1621 1151 in
1654 1124 1722 1159 fide,
1739 1125 1770 1150 ut
1798 1122 1883 1150 omnia

1068 1165 1179 1193 munda
1193 1166 1342 1193 crederent
1356 1175 1362 1200 ;
1379 1166 1502 1202 ideoque
1514 1167 1601 1195 etiam
1616 1167 1680 1196 illis
1694 1167 1881 1200 vescebantur,

1068 1218 1131 1245 quo:
1148 1210 1295 1245 prohibita
1310 1213 1379 1238 sunt
1394 1211 1423 1238 in
1440 1210 1511 1247 lege,
1529 1212 1659 1240 scientes
1675 1221 1709 1240 ea
1726 1213 1778 1240 sub
1800 1211 1882 1248 ﬁgura

1068 1254 1214 1289 prohibita
1231 1262 1237 1281 :
1254 1255 1346 1282 Judmi
1374 1258 1471 1283 autem
1501 1257 1655 1285 credentes
1677 1256 1785 1284 infirmi
1799 1258 1878 1289 erant,

1068 1306 1120 1325 nec
1136 1298 1200 1326 aliis
1217 1299 1293 1326 vesci
1310 1299 1422 1327 licitum
1437 1301 1590 1336 putabant,
1601 1304 1707 1337 praeter
1718 1310 1779 1337 qua:
1790 1301 1816 1328 in
1827 1300 1880 1336 lege

1068 1345 1212 1377 przcccpta
1226 1345 1305 1370 sunt.
1322 1344 1430 1371 Videns
1459 1353 1527 1380 ergo
1555 1346 1715 1381 Apostolus
1743 1346 1814 1373 hanc
1828 1344 1878 1371 dis-

1068 1386 1242 1422 sentionem,
1260 1389 1291 1414 ut
1306 1396 1354 1415 eos
1379 1388 1413 1416 ad
1446 1397 1546 1424 pacem
1575 1392 1733 1426 revocaret,
1750 1388 1877 1425 subjecit:

1070 1430 1144 1465 (CAP.
1157 1430 1240 1465 XIV.)
1251 1431 1396 1466 inﬁrmum
1411 1436 1502 1460 autem
1518 1434 1548 1460 in
1562 1434 1617 1468 ﬁde
1631 1435 1774 1462 assumite.
1790 1431 1877 1460 Genti-

1068 1474 1124 1502 bus
1138 1475 1215 1502 enim
1231 1475 1285 1503 hoc
1314 1476 1439 1511 dicebat,
1457 1485 1521 1513 quas
1539 1478 1618 1506 adeo
1649 1479 1742 1506 ﬁrmas
1765 1479 1841 1506 erant
1853 1476 1878 1503 in

1070 1519 1136 1552 ﬁde,
1152 1522 1184 1546 ut
1197 1520 1297 1547 omnia
1311 1521 1462 1548 crederent
1490 1523 1615 1556 munda;
1641 1525 1670 1550 et
1698 1524 1742 1550 est
1765 1528 1875 1549 sensus:

1067 1563 1219 1591 Inﬁrmum
1229 1564 1364 1591 Judaaum
1376 1565 1404 1592 in
1422 1565 1519 1599 ﬁde,id
1532 1568 1652 1601 est,non
1663 1566 1764 1594 omnia
1779 1564 1877 1593 munda

1062 1609 1256 1643 putantem,in
1267 1609 1446 1637 consortium
1458 1612 1588 1638 vestrum
1601 1610 1744 1639 assumite
1757 1619 1763 1637 :
1777 1609 1799 1637 si
1814 1609 1877 1636 forte

1059 1651 1088 1679 in
1106 1652 1161 1679 ﬁde
1179 1653 1320 1688 proﬁciat,
1339 1655 1367 1681 et
1382 1662 1417 1681 ne
1429 1653 1569 1689 judicetis
1586 1663 1652 1682 eum
1678 1652 1874 1691 reprobum,et

1058 1695 1270 1730 imperfectum.
1289 1698 1322 1724 Et
1338 1697 1392 1725 hoc
1406 1701 1450 1725 est
1465 1699 1541 1734 quod
1558 1701 1709 1735 sequitur:
1723 1698 1781 1726 Non
1796 1699 1822 1726 in
1836 1696 1872 1724 di-

1056 1742 1264 1776 sceptationibus
1284 1743 1501 1776 cogitationum;
1517 1744 1545 1770 id
1575 1747 1628 1777 est,
1642 1753 1699 1772 non
1730 1745 1763 1771 ut
1777 1740 1872 1778 cogit!-

1056 1785 1151 1813 tiones
1159 1786 1223 1821 ejus
1233 1786 1449 1821 dijudicetis,de
1462 1787 1569 1823 quibus
1581 1787 1783 1824 solusjudicat
1792 1786 1869 1815 Dens.

1054 1829 1144 1865 Elegit
1159 1831 1266 1866 quippe
1281 1832 1446 1867 Apostolus,
1462 1834 1494 1859 ut
1509 1833 1572 1868 ejus
1587 1829 1871 1870 infirmitasporm‘ﬂ-

1053 1862 1271 1909 tur,vquaten.us
1305 1862 1337 1902 in
1369 1875 1425 1903 ﬁde
1439 1862 1596 1904 recederet.
1613 1876 1722 1906 Undeet
1736 1862 1870 1913 εἴληφε.

1053 1918 1130 1944 Alius
1146 1919 1256 1953 quidem
1277 1928 1289 1945 ε
1321 1920 1407 1947 credit
1421 1920 1588 1949 manducare
1602 1922 1699 1950 omnia

1051 1962 1086 1989 de
1102 1962 1202 1997 gentili
1225 1963 1306 1995 dicit,
1323 1964 1371 1999 qui
1387 1964 1487 1992 omnia
1501 1964 1591 2002 licita,
1607 1967 1638 1994 et

1051 2007 1101 2033 bat
1115 2016 1121 2033 :
1139 2007 1249 2035 vacatio
1266 2016 1392 2044 namque
1406 2008 1456 2037 Dei
1471 2008 1570 2038 nullos

1050 2050 1124 2078 ratio
1139 2051 1320 2080 abstinentia:
1335 2052 1420 2081 etiam
1436 2061 1453 2081 a
1466 2048 1738 2095 licinium

1736 1890 1854 1915 Iun”:on
1860 1891 1870 1901 ι’

1729 1904 1882 1987 Ἢ·

1727 1953 1779 1987 πὲτ
1875 1956 1882 1987 ἴ

1567 1987 1908 2085 ζωῇ-πῄ

1571 2085 1941 2126 °

1565 2116 1597 2126 ι

1431 2126 1941 2175 επ

1431 2159 1477 2175 ἔ..
1532 2159 1585 2174 “ν“

1423 2175 1941 2221 .

1330 2263 1941 2361 Π

1087 2113 1140 2147 Qui
1154 2117 1247 2141 autem
1274 2115 1403 2150 inﬁrmus
1431 2117 1484 2151 est.
1496 2115 1576 2151 θη

1049 2157 1149 2186 Judmo
1165 2158 1244 2193 dicit,
1255 2158 1305 2195 qui
1320 2159 1353 2187 in'
1365 2155 1585 2195 ﬁdem

1049 2204 1195 2238 credebat,
1212 2213 1276 2241 quae
1291 2205 1322 2235 in
1338 2197 1427 2243 1689χὴ

1049 2244 1154 2276 sensus
1166 2256 1173 2276 :
1190 2249 1230 2276 Ea
1242 2250 1359 2290 taan

1048 2292 1122 2328 legis
1136 2294 1279 2330 praecepto

1049 2337 1187 2366 subditur
1196 2345 1207 2365 ς
1219 2334 1382 2378 ξι

1049 2382 1162 2398 ,ωηο
1175 2389 1183 2397 .
1196 2361 1941 2398 :A’Z$_

1046 2398 1941 2543 xxx;

1045 2469 1225 2507 Judaum,’
1245 2466 1263 2504 εἶ
1284 2484 1287 2486 λ

1045 2516 1191 2543 spernat.
1205 2515 1223 2534 ‹
1242 2523 1243 2526 η

936 2662 1941 2845 ω,

217 2784 281 2825 441)
297 2784 394 2816 Hic—in
408 2784 515 2824 Autog.
532 2794 624 2824 marg.
640 2785 747 2824 legitur
759 2795 822 2825 cap.
838 2787 936 2819 XLVI.
983 2824 987 2826 ,
