3996 6232
423 340 541 399 267

1441 335 1779 395 ATTONIS
1824 331 2409 396 VERCELLENSIS
2455 330 2811 394 EPISCOPI

3715 337 3845 400 268

426 473 543 543 ipso
572 472 719 527 enim
748 470 1006 538 vivimus,
1029 484 1314 523 movemur
1343 472 1394 521 et
1422 485 1609 522 sumus
1636 469 1769 539 (Act.
1793 485 1929 532 xvn,
1950 468 2063 537 28).
2097 467 2147 533 Α
2179 469 2420 521 terrena)
2443 466 2870 533 similitudinis,
2892 465 3092 522 dicens
3116 483 3128 521 :
3162 465 3469 521 Astabimus
3497 471 3628 523 ante
3659 468 3842 524 tribu-

356 606 363 609 ν
429 560 637 616 Omnia
668 559 879 630 quippe
904 562 1058 612 Deus
1091 561 1325 628 propter
1352 556 1621 611 homines
1643 557 1938 613 condidit:
1972 556 2070 609 ho-

430 650 648 705 minem
672 652 865 703 autem
888 648 961 702 ad
996 663 1058 701 se
1090 646 1450 701 laudandum
1483 647 1734 714 creavit;
1769 650 1825 700 et
1855 645 2069 700 idcirco

430 754 602 793 nemo
618 741 891 793 nostrum
914 735 1024 791 sibi
1049 734 1317 803 moritur,
1333 733 1611 803 quoniam
1632 738 1898 788 mortuus
1916 733 2072 803 quis-

429 844 545 899 que
566 826 754 882 fidelis
787 844 819 882 a
846 825 1018 881 laude
1048 824 1146 878 Dei
1179 838 1292 876 non
1323 822 1592 877 cessabit.
1614 824 1913 887 Quomodo
1935 838 2071 891 ergo

428 916 715 989 scriptum
766 918 898 971 est:
948 915 1065 969 Non
1114 913 1323 966 mortui
1378 912 1678 965 laudabunt
1729 920 1794 978 te,
1844 912 2073 964 Domine

428 1007 600 1075 (Psal.
652 1021 808 1069 cxm,
859 1004 966 1069 17).
1017 1000 1378 1071 Quapropter
1419 1000 1744 1067 sciendum,
1797 999 1935 1070 quia
1987 998 2072 1053 illi

427 1091 967 1150 mortuiDominum
990 1106 1104 1144 non
1128 1089 1389 1155 laudant,
1415 1088 1514 1159 qui
1538 1088 1682 1143 tales
1704 1087 2070 1158 sunt,qua1is

421 1182 539 1250 ille,
572 1183 643 1237 de
671 1197 787 1251 quo
818 1180 1102 1250 scriptum
1134 1183 1221 1234 est
1254 1194 1265 1233 :
1313 1178 1351 1232 Α
1381 1183 1615 1244 mortuo,
1648 1180 1806 1248 quasi
1835 1192 1946 1233 non
1973 1179 2068 1241 sit,

421 1271 564 1344 perit
606 1271 868 1341 confessio
922 1269 1111 1340 (Eccli.
1144 1285 1279 1335 xvn,
1309 1267 1421 1337 26).
1476 1266 1562 1320 Illi
1605 1271 1799 1322 autem
1854 1265 2072 1321 mortui

425 1360 614 1433 magis
640 1359 949 1415 Dominum
976 1357 1242 1423 laudaut,
1267 1358 1367 1427 qui
1394 1355 1539 1410 tales
1562 1360 1721 1423 sunt,
1741 1354 1932 1425 qualis
1955 1354 2070 1422 ille,

423 1451 494 1505 de
524 1466 640 1521 quo
678 1448 964 1504 Dominus
1002 1447 1187 1501 dicit:
1242 1447 1347 1513 Qui
1392 1446 1561 1499 credit
1610 1447 1668 1498 in
1720 1461 1823 1509 me,
1856 1444 2074 1498 etiamsi

421 1543 674 1594 mortuus
702 1538 896 1609 fuerit,
928 1540 1105 1597 vivet;
1134 1544 1184 1590 et
1212 1537 1409 1601 omnis,
1444 1536 1537 1603 qui
1568 1536 1699 1588 vivit
1731 1538 1781 1588 et
1809 1533 1983 1587 credit
2013 1536 2071 1586 in

423 1646 533 1695 me,
572 1644 683 1683 non
730 1628 1003 1682 morietur
1049 1634 1100 1680 et
1146 1629 1421 1681 mternum
1470 1625 1650 1689 (Joan.
1704 1639 1782 1691 x1,
1832 1624 1960 1691 25);
2018 1627 2075 1676 et

427 1715 699 1790 qualibus
729 1716 871 1771 dicit
895 1714 1207 1786 Apostolus
1242 1731 1254 1768 :
1295 1714 1498 1767 Mortui
1525 1713 1672 1766 enim
1702 1713 1844 1778 estis,
1878 1720 1929 1765 et
1964 1712 2074 1764 vita

424 1816 602 1863 vestra
648 1806 964 1862 abscondita
1011 1809 1087 1859 est
1139 1821 1263 1857 cum
1313 1802 1527 1857 Christo
1579 1801 1800 1899 (Coloss.
1862 1818 1943 1898 ni,
1994 1800 2070 1869 3).
2104 1835 2149 1899 Β

423 1897 607 1953 Aliter
638 1913 652 1950 :
687 1896 868 1951 Nemo
899 1898 1166 1949 nostrum
1196 1892 1308 1947 sibi
1341 1891 1623 1955 moritur;
1656 1889 1797 1960 quia
1824 1889 2072 1960 quicun-

431 2003 545 2058 que
564 1985 718 2042 vitiis
750 1985 1016 2050 moritur,
1042 1999 1157 2037 non
1189 1981 1324 2048 sibi,
1348 1980 1449 2035 sed
1474 1980 1590 2034 Deo
1612 1978 1879 2045 moritur,
1902 1977 2073 2047 cujus

430 2075 619 2147 gratia
649 2074 892 2145 accepit,
925 2077 991 2128 ut
1034 2074 1377 2125 moreretur.
1413 2068 1573 2122 Unde
1622 2066 1893 2137 superius
1944 2065 2024 2120 ait
2055 2083 2069 2120 :

431 2166 746 2234 Quicunque
785 2163 1050 2232 baptimti
1078 2176 1263 2214 sumus
1295 2160 1354 2211 in
1387 2158 1604 2213 Christo
1631 2161 1781 2222 Jesu,
1812 2158 1873 2210 in
1903 2163 2074 2210 morte

428 2256 601 2325 ipsius
630 2253 892 2325 baptimti
920 2266 1105 2305 sumus
1127 2249 1299 2317 (Rom.
1332 2264 1408 2311 VI,
1438 2250 1493 2312 2,
1528 2248 1601 2316 3).
1630 2245 1911 2299 Similiter
1941 2244 2070 2316 qui-

425 2358 658 2413 cunque
694 2339 837 2394 vivit
874 2337 1215 2402 virtutibus,
1250 2352 1360 2390 non
1410 2335 1544 2404 sibi,
1579 2334 1679 2389 scd
1728 2334 1843 2388 Deo
1890 2334 2067 2401 viv1t;

426 2430 565 2501 quia
595 2430 667 2484 ad
698 2430 827 2499 ejus
858 2427 1091 2481 laudem
1121 2424 1281 2489 vivit,
1315 2424 1481 2494 cujus
1514 2422 1701 2494 gratia
1731 2424 1948 2477 factum
1983 2425 2072 2477 est

425 2523 494 2574 ut
521 2518 753 2573 viveret.
788 2515 952 2570 Unde
983 2515 1251 2585 superius
1283 2512 1363 2567 ait
1394 2528 1407 2568 :
1444 2515 1504 2568 Ut
1535 2512 1797 2581 quomodo
1828 2515 2071 2566 surrexit

430 2607 674 2662 Christus
719 2623 753 2660 a
798 2604 1027 2661 mortuis
1062 2619 1163 2675 per
1190 2602 1427 2670 gloriam
1456 2602 1661 2666 Patris,
1695 2602 1774 2653 ita
1804 2604 1853 2654 et
1883 2616 1981 2654 nos
2010 2602 2071 2654 in

424 2698 665 2752 novitate
681 2696 811 2751 vita?
831 2693 1165 2748 ambulemus
1187 2691 1372 2762 (Ibid.,
1393 2691 1466 2760 4).
1483 2689 1695 2744 Beatus
1716 2705 1848 2742 vero
1864 2694 2071 2759 Grego-

427 2785 551 2840 rius
580 2785 735 2839 hunc
765 2783 956 2839 locum
996 2782 1079 2837 ita
1122 2780 1359 2852 exponit
1392 2797 1403 2833 :
1459 2794 1628 2833 nemo
1660 2781 1926 2831 nostrum
1960 2777 2070 2831 sibi

423 2873 589 2942 vivit,
611 2879 667 2928 et
694 2889 863 2928 nemo
885 2875 1151 2927 nostrum
1182 2869 1295 2924 sibi
1320 2867 1598 2933 moritur;
1635 2866 1911 2936 quoniam
1940 2865 2069 2937 qui-

428 2979 656 3034 cunque
678 2963 864 3023 bonus
886 2964 1065 3027 est,et
1086 2957 1425 3031 quicunque
1447 2955 1661 3023 malus,
1678 2971 1795 3009 non
1819 2954 1929 3010 sibi
1948 2959 2071 3010 tan-

424 3056 551 3108 tum
582 3056 689 3121 est,
712 3052 813 3107 sed
845 3056 904 3105 et
934 3048 1087 3114 aliis,
1111 3047 1329 3118 quibus
1360 3048 1461 3101 aut
1492 3046 1657 3114 bene,
1682 3047 1785 3099 aut
1813 3043 1962 3099 male
1989 3045 2070 3099 vi-

422 3142 593 3198 vendi
624 3141 840 3214 praebet
869 3135 1222 3208 exemplum.

2178 556 2311 621 nat;
2337 573 2501 626 reges
2523 556 2737 628 quippe
2754 555 2967 611 terreni
2990 554 3209 627 aliquid
3224 556 3549 626 judicaturi
3572 556 3844 613 eminen-

2179 644 2385 699 tiorem
2405 644 2596 699 locum
2616 645 3197 710 conscendunt,unde
3214 660 3418 700 omnes
3434 644 3844 718 contemplen-

2179 736 2296 797 tur,
2330 736 2395 787 ut
2434 733 2536 803 qui
2568 733 2996 788 condemnandi
3028 737 3184 800 sunt,
3218 733 3397 789 latere
3425 751 3542 790 non
3574 734 3842 807 possint,

2180 837 2370 891 neque
2397 821 2495 892 qui
2518 822 2824 892 praemium
2848 821 3177 893 accepturi;
3208 825 3266 877 et
3291 822 3387 878 ille
3408 820 3572 879 locus
3598 824 3845 896 proprie

2180 909 2436 963 tribunal
2468 909 2701 975 dicitur,
2725 926 2790 965 eo
2821 911 2975 981 quod
3007 909 3143 965 inde
3172 909 3515 966 tribuantur
3544 917 3847 984 praecepta

2180 996 2269 1051 vel
2302 997 2549 1067 judicia.

2250 1086 2564 1157 Apostolus
2596 1087 2810 1158 itaque,
2844 1092 2909 1141 ut
2956 1088 3287 1143 ostenderet
3317 1088 3598 1161 quoniam
3628 1089 3839 1146 nullus

2179 1174 2325 1230 illud
2347 1176 2640 1245 judicium
2674 1177 2914 1232 evadere
2945 1176 3173 1247 poterit,
3205 1176 3419 1232 idcirco
3451 1177 3641 1250 ipsam
3665 1179 3840 1249 judi-

2182 1264 2420 1319 ciariam
2453 1265 2673 1330 sedem,
2704 1265 2950 1320 tribunal
2995 1264 3347 1338 appellavit;
3382 1267 3580 1323 omnia
3611 1268 3841 1341 quippe

2182 1358 2416 1424 peccata
2447 1354 2756 1409 manifesta
2786 1359 2958 1409 erunt
2987 1371 3100 1409 non
3134 1353 3325 1410 solum
3358 1354 3542 1411 oculis
3572 1356 3699 1425 Dei,
3734 1358 3841 1414 sed

2182 1443 2445 1496 omnium
2478 1442 2784 1498 hominum
2820 1460 2833 1498 :
2886 1460 3022 1499 nam
3056 1443 3180 1515 ipse
3215 1444 3401 1514 judex
3426 1448 3717 1500 venturus
3749 1449 3843 1502 est

2182 1548 2299 1585 non
2330 1531 2520 1586 solum
2553 1548 2815 1603 operum,
2844 1532 3014 1602 juxta
3045 1531 3187 1586 illud
3221 1548 3234 1585 :
3271 1534 3508 1605 Recipiet
3536 1538 3841 1606 unusquis-

2183 1636 2281 1690 que
2308 1636 2543 1692 propria
2570 1623 2813 1692 corporis
2841 1623 2949 1690 sui,
2975 1630 3141 1692 prout
3177 1623 3343 1693 gessit
3374 1622 3448 1694 (II
3476 1622 3597 1681 Cor.
3629 1641 3687 1694 ν,
3721 1626 3837 1696 10),

2183 1710 2283 1763 sed
2316 1709 2490 1764 etiam
2541 1715 2596 1765 et
2644 1710 3091 1781 cogitationum,
3123 1711 3448 1766 secundum
3498 1713 3657 1784 quod
3706 1713 3837 1786 ipse

2183 1800 2499 1870 Apostolus
2530 1799 2667 1854 alibi
2699 1799 2840 1855 dicit
2872 1816 2885 1853 :
2936 1801 3119 1856 Nolite
3145 1804 3271 1856 ante
3299 1806 3508 1873 tempus
3549 1802 3839 1873 judicare,

2185 1904 2460 1959 quousque
2486 1890 2674 1943 veniat
2701 1890 2981 1956 Dominus,
3010 1898 3061 1944 et
3088 1888 3375 1945 illuminet
3403 1892 3724 1948 abscondita
3756 1897 3836 1948 te-

2181 1978 2476 2032 nebrarum
2522 1979 2567 2049 (I
2597 1977 2721 2033 Cor.
2756 1995 2830 2046 IV,
2871 1978 2949 2049 5),
2999 1982 3107 2033 etc.
3142 1979 3211 2033 Et
3242 1979 3523 2036 Dominus
3552 1980 3612 2036 in
3644 1980 3835 2038 Evan-

2181 2066 2378 2138 gelio:
2435 2066 2585 2121 Nihil
2635 2070 2905 2139 opertum,
2947 2067 3087 2137 quod
3132 2084 3242 2123 non
3290 2070 3600 2131 reveletur;
3649 2088 3839 2142 neque

2181 2157 2470 2221 occultum,
2517 2156 2656 2225 quod
2701 2172 2811 2211 non
2861 2158 3070 2211 sciatur
3121 2157 3269 2228 (Luc.
3319 2175 3419 2228 xu,
3468 2160 3563 2230 2):
3611 2159 3836 2216 nihilo-

2181 2246 2379 2299 minus
2413 2248 2468 2299 et
2496 2245 2878 2313 locutionum,
2912 2246 3069 2316 quia,
3093 2246 3246 2302 sicut
3275 2247 3400 2320 ipse
3430 2247 3489 2303 in
3520 2249 3836 2322 Evangelia

2181 2333 2323 2388 dicit
2352 2351 2364 2387 :
2398 2335 2472 2388 De
2500 2336 2650 2389 omni
2676 2335 2837 2389 verbo
2866 2337 3033 2391 otioso
3059 2336 3244 2392 reddet
3272 2338 3430 2393 homo
3459 2339 3745 2394 rationem
3775 2340 3835 2394 in

2179 2422 2267 2477 die
2297 2422 2499 2491 indicii
2528 2423 2735 2493 (Matth.
2769 2438 2871 2491 xu,
2904 2424 3013 2496 36).
3037 2428 3104 2480 Et
3135 2430 3199 2480 ut
3231 2442 3400 2481 suam
3432 2429 3833 2484 narrationem

2180 2510 2442 2581 exemplo
2465 2512 2856 2582 conﬁrmaret,
2882 2512 3221 2583 subjunxit:
3257 2514 3409 2570 Sicut
3427 2516 3699 2587 scriptum
3717 2524 3833 2572 est:

2181 2598 2423 2670 (scilicet
2465 2600 2523 2653 in
2572 2599 2721 2655 Isaia
2759 2600 3062 2672 propheta)
3097 2604 3224 2658 Vivo
3252 2619 3370 2674 ego,
3403 2603 3537 2659 dicit
3563 2605 3836 2661 Dominus

2179 2690 2329 2758 (Isai.
2360 2705 2486 2753 XLV,
2518 2690 2586 2742 24
2616 2709 2630 2759 ;
2674 2690 2913 2761 Philipp.
2948 2707 3011 2755 ιι,
3047 2691 3153 2763 10),
3186 2695 3295 2746 etc.
3328 2696 3458 2748 Haec
3486 2693 3668 2749 verba
3699 2692 3831 2752 Filii

2179 2777 2279 2832 Dei
2310 2782 2467 2832 sunt.
2503 2777 2769 2833 Prmvidit
2814 2778 3033 2850 quippe
3075 2780 3358 2851 propheta
3386 2782 3707 2839 Dominum
3758 2785 3830 2840 ad

2174 2865 2462 2936 judicium
2487 2870 2796 2921 venturum
2818 2885 2831 2935 ;
2858 2866 3105 2939 ideoque
3130 2867 3190 2923 in
3207 2886 3345 2924 voce
3366 2870 3633 2942 ejusdem
3657 2871 3835 2929 dixit:

2184 2955 2308 3010 Vivo
2336 2971 2432 3025 ego
2452 2972 2474 3017 ;
2504 2972 2570 3010 ac
2602 2956 2650 3011 si
2683 2955 2901 3011 diceret
2932 2973 2946 3012 :
2995 2956 3138 3013 Vivo
3169 2974 3273 3029 per
3301 2958 3836 3033 immortalitatem,

2178 3043 2317 3114 quia
2338 3047 2604 3100 mortuus
2625 3060 2760 3101 sum
2792 3062 2896 3118 per
2915 3045 3107 3102 carnis
3139 3047 3662 3120 dispensationem.
3692 3050 3838 3119 Quo-

2175 3134 2335 3187 niam
2381 3134 2525 3189 mihi
2571 3135 2748 3203 ﬂectet
2798 3151 2958 3190 omne
3005 3152 3169 3205 genu.
3203 3140 3314 3192 Per
3341 3136 3837 3209 genuﬂectionem

491 3232 561 3286 Et
588 3203 654 3286 ut
682 3232 881 3301 aperte
902 3203 1333 3282 demonstraret
1357 3238 1538 3295 quare
1567 3221 1675 3276 hoc
1697 3222 2062 3294 praemiserit,
2095 3203 2138 3270 Ο
2179 3222 2510 3279 humiliatio
2542 3224 2755 3280 mentis
2785 3203 3147 3298 designatur,
3171 3225 3310 3298 quia
3338 3203 3531 3284 omnis
3562 3233 3837 3287 creatura

423 3319 733 3391 subjunxit
756 3335 769 3372 :
804 3317 933 3373 Sive
954 3317 1102 3371 enim
1120 3315 1381 3380 vivimus,
1404 3313 1634 3368 Domino
1657 3312 1891 3366 vivimus
1912 3330 1931 3366 :
1959 3313 2072 3367 sive

416 3411 724 3480 morimur,
755 3407 986 3462 Domino
1014 3405 1309 3460 morimur.
1341 3402 1466 3457 Sive
1507 3417 1635 3470 ergo
1670 3403 1929 3469 vivimus,
1959 3404 2073 3457 sive

415 3500 711 3565 morimur,
736 3496 959 3551 Domini
976 3510 1186 3550 sumus.
1211 3490 1441 3547 Domini
1466 3506 1694 3558 sumus,
1719 3490 1857 3561 quia
1886 3491 2071 3562 pretio

420 3585 729 3658 sanguinis
760 3585 885 3654 ejus
915 3581 1202 3652 redempti
1251 3597 1264 3634 :
1315 3580 1471 3633 unde
1502 3595 1633 3633 mox
1664 3578 1976 3635 subditur:
2009 3581 2071 3634 In

422 3675 520 3728 hoc
537 3673 687 3727 enim
707 3671 955 3725 Christus
975 3672 1225 3724 mortuus
1245 3675 1343 3737 est,
1367 3675 1417 3721 et
1444 3668 1764 3731 resurrexit,
1789 3671 1897 3722 etc.
1922 3668 2071 3739 (447)

419 3764 500 3817 A3
523 3761 574 3816 si
595 3761 843 3815 diceret:
869 3762 1111 3828 Propter
1130 3758 1240 3811 hoc
1261 3754 1415 3809 enim
1436 3754 1702 3809 Christus
1726 3770 1937 3825 passus
1960 3761 2068 3826 est,

419 3854 488 3907 ut
515 3850 702 3922 pretio
731 3845 1038 3919 sanguinis
1064 3844 1156 3900 sui
1179 3842 1379 3899 ﬁdeles
1400 3841 1729 3910 redimeret,
1755 3847 1804 3898 et
1833 3852 2073 3901 mortuo-

418 3955 545 3995 rum
571 3936 761 4007 simul,
791 3940 842 3991 et
878 3935 1123 3991 vivorum
1151 3933 1551 3989 dominaretur.
1585 3931 1929 3988 Dominatur
1958 3934 2066 4009 igi-

415 4033 515 4083 tur
557 4027 844 4094 vivorum,
876 4023 1154 4096 quoniam
1198 4022 1256 4076 in
1289 4022 1372 4077 eis
1404 4020 1628 4077 habitat
1657 4038 1759 4093 per
1787 4024 2062 4094 gratiam,

413 4133 626 4188 eosque
646 4116 816 4188 regit,
831 4118 888 4169 et
907 4113 1222 4185 gubernat;
1247 4112 1583 4166 dominatur
1599 4116 1655 4165 et
1673 4117 2062 4181 mortuorum,

411 4205 691 4277 quoniam
715 4202 894 4259 simul
924 4218 1057 4257 cum
1090 4217 1156 4257 eo
1180 4204 1427 4272 regnant
1456 4200 1515 4255 in
1543 4200 1721 4268 coclis,
1746 4202 1819 4257 de
1846 4202 2063 4273 quibus

408 4296 693 4369 scriptum
727 4300 816 4350 est
847 4311 861 4349 :
906 4294 1065 4347 Beati
1094 4292 1301 4347 mortui
1330 4292 1426 4361 qui
1456 4292 1519 4346 in
1547 4292 1774 4346 Domino
1807 4294 2062 4346 moriun-

404 4390 503 4440 tur
533 4385 716 4458 (Apoc.
748 4400 865 4453 xw,
904 4383 1010 4453 13).

476 4475 756 4547 Denique,
794 4477 859 4528 ut
887 4475 1130 4526 terreret
1163 4487 1286 4538 eos,
1319 4469 1417 4541 qui
1450 4485 1510 4526 se
1542 4470 1789 4524 invicem
1822 4485 2057 4539 sperne-

2181 3311 2494 3381 subjicitur
2522 3312 2660 3368 Deo.

2252 3399 2450 3456 Voluit
2478 3405 2672 3457 autem
2705 3402 2989 3475 propheta
3010 3404 3322 3460 Dominum
3352 3405 3663 3464 ostendere
3692 3409 3837 3465 emi-

2181 3490 2506 3546 nentiorem
2534 3491 2809 3547 omnibus
2840 3492 3158 3561 creaturis;
3191 3493 3439 3566 ideoque
3469 3494 3529 3550 in
3560 3497 3833 3567 ejusdem

2178 3595 2314 3634 voce
2344 3581 2424 3635 ait
2451 3593 2465 3634 :
2495 3580 2767 3647 Quoniam
2787 3580 2930 3635 mihi
2947 3582 3119 3651 ﬂectet
3144 3598 3300 3637 omne
3328 3599 3494 3653 genu.
3518 3583 3669 3642 Hinc
3691 3587 3834 3643 alibi

2179 3665 2333 3721 idem
2356 3666 2669 3737 Apostolus
2693 3684 2705 3721 :
2738 3668 2799 3721 In
2828 3670 3050 3723 nomine
3066 3672 3198 3724 Jesu
3218 3684 3376 3726 omne
3396 3675 3833 3743 genuﬂectatur;

2178 3763 2228 3810 et
2258 3757 2441 3811 omnis
2471 3756 2665 3827 lingua
2692 3757 3038 3826 confitebitur
3065 3759 3175 3814 Deo
3205 3760 3410 3832 (lbid.).
3446 3762 3549 3817 Hic
3592 3779 3629 3819 a
3670 3770 3835 3837 parte

2177 3848 2365 3900 totum
2416 3845 2789 3901 ostenditur:
2847 3846 3039 3903 omnis
3089 3847 3311 3920 lingua,
3361 3849 3419 3905 id
3471 3854 3580 3920 est,
3634 3853 3834 3912 omnis

2178 3939 2467 4000 creatura,
2490 3951 2605 3989 non
2637 3934 2897 3991 humana
2924 3939 3178 4008 tantum,
3203 3938 3305 3993 sed
3330 3938 3507 3995 etiam
3538 3942 3832 4015 angelica.

2176 4023 2300 4077 Non
2340 4027 2536 4079 tamen
2581 4025 2737 4095 quod
2781 4024 3043 4097 angelica
3072 4031 3336 4083 creatura
3366 4044 3578 4101 corpus
3609 4030 3832 4091 habeat

2175 4111 2572 4183 corruptibile,
2605 4115 2776 4184 cujus
2804 4112 3006 4187 lingua
3036 4115 3152 4171 Deo
3183 4116 3550 4187 confiteatur,
3584 4121 3692 4176 sed
3726 4138 3831 4194 per

2172 4200 2465 4270 angelicas
2495 4200 2748 4274 linguas,
2772 4203 3033 4260 occultas
3062 4209 3120 4260 et
3140 4208 3393 4262 secretas
3419 4205 3624 4264 laudes
3652 4209 3832 4267 intel-

2170 4288 2434 4361 ligimus,
2466 4307 2616 4361 quas
2646 4291 2838 4364 angeli
2872 4292 3125 4349 referant
3167 4294 3283 4350 Deo
3319 4312 3332 4350 :
3384 4312 3520 4352 nam
3552 4298 3698 4369 quia
3727 4317 3830 4357 ore

2169 4392 2273 4449 per
2318 4379 2582 4450 linguam
2639 4380 2973 4450 laudamus,
3024 4387 3176 4440 recte
3233 4384 3361 4456 ipsa
3414 4384 3545 4442 laus
3603 4387 3825 4462 lingua

2168 4468 2503 4524 ascribitur.

403 4566 545 4620 bant
592 4567 648 4618 et
696 4560 1184 4627 condemnabant,
1220 4558 1485 4629 adjunxit
1517 4575 1530 4612 :
1584 4559 1656 4611 Tu
1698 4560 1885 4611 autem
1923 4558 2059 4627 quid
2086 4575 2133 4638 D
2237 4558 2369 4623 Sed,
2402 4558 2542 4629 quia
2571 4559 2796 4615 dixerat
2828 4577 2841 4615 :
2895 4562 3092 4619 Omnes
3137 4564 3445 4619 astabimus
3473 4571 3606 4622 ante
3636 4569 3825 4627 tribu-

405 4654 616 4723 judicas
644 4655 879 4723 fratrem
911 4654 1112 4705 tuum?
1161 4649 1324 4714 Quod
1366 4647 1571 4717 utique
1612 4646 1814 4700 Judaco
1865 4644 2005 4700 dicit
2039 4663 2051 4700 :
2166 4647 2260 4701 nat
2311 4646 2536 4717 Christi,
2572 4650 2638 4702 ut
2683 4650 3015 4706 ostenderet
3054 4651 3193 4722 quid
3235 4651 3354 4707 illic
3384 4654 3571 4709 acturi
3599 4655 3822 4726 simus,

403 4744 509 4797 Aul
555 4746 614 4795 tu
661 4740 791 4811 quid
837 4741 1053 4810 spernis
1094 4740 1330 4809 fratrem
1376 4743 1532 4789 tuum
1552 4738 1576 4785 .9
1606 4737 1719 4787 Hoc
1749 4731 1951 4802 utique
1977 4735 2048 4789 ad
2162 4734 2430 4805 adjunxit
2466 4752 2478 4790 :
2531 4737 2721 4808 Itaque
2747 4742 3122 4812 unusquisque
3151 4747 3401 4797 nostrum
3426 4758 3529 4813 pro
3557 4759 3617 4799 se
3644 4749 3823 4804 ratio-

401 4828 680 4902 gentilem
707 4828 868 4882 dicit.
888 4829 997 4883 Sed
1026 4827 1164 4898 quia
1188 4825 1382 4893 majus
1406 4820 1627 4876 malum
1654 4822 2045 4894 estjudicare,
2158 4839 2285 4877 nem
2312 4822 2499 4877 reddet
2526 4824 2655 4881 Deo.
2686 4826 2753 4881 Et
2782 4833 2871 4882 est
2904 4844 3113 4884 sensus
3146 4845 3159 4884 :
3195 4828 3319 4892 Qua
3348 4832 3681 4889 temeritate
3713 4835 3820 4891 Dei

403 4935 581 4992 quam
614 4934 904 4989 spernere,
935 4917 1176 4982 idcirco,
1202 4912 1401 4967 relicto
1432 4909 1839 4981 praeventionis
1872 4910 2044 4980 malo,
2150 4911 2443 4982 judicium
2477 4915 2789 4984 praevenire
2819 4917 3066 4981 audetis,
3102 4922 3160 4973 et
3204 4934 3307 4974 vos
3354 4919 3605 4976 invicem
3651 4923 3821 4993 judi-

397 5007 785 5065 temeritatem
837 5005 1050 5077 judicii
1101 5004 1431 5071 exaggerat,
1484 4998 1744 5052 subdens
1781 5014 1793 5053 ε
1849 5001 2046 5057 Omnes
2158 5017 2306 5070 care,
2335 5018 2465 5057 cum
2492 5004 2901 5085 unusquisque
2923 5010 3056 5061 ante
3085 5006 3343 5062 tribunal
3367 5008 3582 5065 Christi
3613 5029 3722 5085 pro
3755 5030 3819 5071 se

393 5102 542 5155 enim
567 5097 874 5154 astabimus
896 5098 1027 5148 ante
1059 5088 1309 5145 tribunal
1332 5086 1537 5141 Christi
1557 5107 1577 5152 ,-
1606 5091 1662 5141 et
1692 5091 1779 5142 est
1799 5104 2043 5146 sensus:
2156 5090 2441 5146 rationem
2462 5091 2563 5148 Dei
2587 5082 2925 5150 redditu’rus
2949 5096 3069 5150 sit?
3096 5097 3261 5152 Unde
3290 5097 3573 5155 continuo
3605 5082 3817 5159 subdi-

390 5190 515 5254 Qua
543 5185 875 5243 temeritate
906 5178 1138 5236 audetis
1163 5174 1457 5245 judicium
1487 5175 1588 5230 Dei
1620 5177 1953 5248 prmvenire,
1988 5184 2047 5234 et
2151 5185 2293 5235 tur:
2345 5185 2462 5237 Non
2514 5197 2651 5253 ergo
2696 5184 2935 5255 amplius
2981 5186 3216 5239 invicem
3262 5186 3611 5257 iudicemus;
3653 5208 3722 5248 ac
3766 5192 3819 5249 si

389 5277 461 5333 de
485 5271 1035 5341 occultisjudicare,
1061 5280 1195 5318 cum
1220 5264 1765 5321 omnesastabimus
1787 5271 1919 5321 ante
1942 5268 2043 5322 tri-
2151 5268 2367 5324 diceret
2419 5285 2433 5325 :
2494 5269 2814 5339 Hactenus,
2877 5272 3012 5343 quia
3066 5272 3310 5330 forsitan
3358 5275 3633 5346 judicem
3694 5297 3815 5338 non

388 5364 575 5422 bunal
605 5356 871 5417 Christi?
914 5354 988 5409 Ut
1036 5356 1232 5407 autem
1264 5357 1457 5422 aperte
1487 5356 1833 5427 ostenderet,
1867 5356 2038 5426 quale
2148 5357 2490 5428 agnovistis,
2522 5358 2649 5413 ideo
2678 5376 2779 5415 vos
2805 5359 3053 5416 invicem
3080 5362 3395 5433 judicastis
3427 5382 3441 5420 :
3492 5366 3640 5438 quia
3670 5385 3811 5443 ergo

388 5455 657 5509 futurum
677 5446 756 5499 sit
777 5441 923 5496 illud
937 5438 1253 5512 judicium,
1278 5439 1488 5500 idcirco
1510 5445 1765 5517 sumpsit
1785 5445 2036 5502 formam
2139 5444 2403 5528 judicem
2434 5447 2773 5518 agnoscitis,
2805 5466 2922 5507 non
2969 5467 3071 5507 vos
3111 5450 3357 5508 ulterius
3395 5456 3622 5512 temere
3652 5438 3811 5534 diju-

467 5621 619 5713 (447)
638 5620 701 5677 In
720 5622 914 5694 autog.
930 5619 1195 5694 margine
1210 5618 1303 5676 hic
1320 5619 1413 5681 vix
1427 5622 1639 5698 legitur
1655 5624 2030 5699 cap.XLVIII,
