3996 6232
94 327 188 386 269

687 321 1104 386 EXPOSITIO
1149 323 1228 383 IN
1274 323 1698 385 EPISTOLAS
1746 326 2001 388 PAULI.
2037 361 2113 370 ——
2145 329 2218 388 ΙΝ
2267 329 2514 390 EPIST.
2548 331 2651 389 AD
2701 331 2891 389 ROM.

3379 336 3494 393 270

91 457 290 513 dicstis.
324 453 394 510 Et
425 457 495 510 ut
527 470 633 510 eos
665 455 900 511 facilius
929 456 1183 512 flecteret
1214 458 1282 512 ad
1316 457 1370 510 id
1405 459 1560 529 quod
1596 474 1731 529 sug-
1764 465 1816 526 Α
1849 477 1961 514 non
1999 460 2162 515 illum
2196 462 2468 529 imitaris,
2509 462 2608 532 qui
2642 463 2710 516 de
2742 462 2882 516 cmlo
2913 461 2982 515 ad
3021 465 3203 517 terras
3246 462 3494 517 descen-

85 545 318 616 gerebat,
353 544 582 600 idcirco
613 562 785 599 suam
821 562 1131 616 personam
1167 547 1732 614 associavit,dicens,

78 635 387 705 judicemus.

142 724 235 780 Sed
267 724 367 779 hoc
422 723 669 790 iudicate
716 725 916 792 magis,
969 740 1035 779 ne
1081 727 1298 796 ponatis
1347 725 1736 796 oﬂendieulum

82 816 252 883 fratri,
284 815 368 868 vel
402 813 755 868 scandalum.
791 813 1146 874 Notandum,
1174 813 1313 884 quia
1365 830 1544 884 supra
1574 814 1733 884 judi-

85 903 227 958 cium
259 901 821 958 condemnationem
855 901 1178 972 signilicat;
1211 903 1303 956 hic
1334 919 1487 966 vero,
1512 904 1734 956 discre-

85 992 310 1047 tionem.
347 993 419 1046 Et
451 996 542 1046 est
574 1006 787 1045 sensus
823 1008 834 1045 :
871 994 987 1044 Hoc
1029 991 1265 1045 statuite
1314 996 1370 1045 et
1421 992 1733 1056 decernite,

82 1098 146 1135 ne
174 1081 539 1136 comedendo
595 1096 686 1145 ea,
720 1096 847 1150 qua:
896 1079 1118 1133 munda
1161 1083 1215 1134 et
1257 1079 1416 1134 licita
1473 1081 1732 1145 creditis,

81 1170 240 1224 fratri
273 1170 540 1234 inﬁrmo,
575 1169 628 1221 id
662 1173 749 1223 est
771 1168 997 1235 Judzeo,
1033 1169 1398 1223 occasionem
1449 1170 1599 1224 dctis
1649 1173 1731 1222 ot-

81 1257 379 1323 lendendi,
414 1262 516 1310 aut
558 1256 1012 1312 scandalizandi.
1069 1257 1270 1328 Igitur,
1322 1257 1461 1328 quia
1511 1263 1735 1328 poterat

79 1346 386 1417 gentilium
420 1345 633 1418 aliquis
663 1347 851 1401 dicere
884 1362 895 1401 :
930 1347 1229 1417 Apostole,
1259 1348 1397 1418 quia
1427 1346 1508 1402 sic
1553 1348 1732 1401 inter-

79 1435 225 1490 dicis
247 1436 442 1491 omnia
473 1436 940 1507 comedere,ergo
964 1439 1020 1490 et
1043 1440 1102 1490 tu
1135 1453 1250 1490 non
1283 1436 1480 1490 omnia
1513 1437 1733 1490 munda

80 1524 504 1597 putas.ldcirco
536 1524 844 1594 subjunxit
878 1542 890 1578 :
927 1524 1048 1579 Scio
1081 1524 1377 1594 («148).Nec
1409 1525 1517 1580 hoc
1541 1525 1731 1580 solum

84 1614 312 1680 sufﬁcit,
347 1615 450 1669 sed
485 1612 714 1668 addidit
747 1630 758 1668 :
794 1616 867 1667 Et
899 1613 1105 1682 con/ide
1133 1616 1188 1667 in
1221 1615 1448 1669 Domino
1477 1619 1635 1670 Jesu.
1663 1614 1733 1668 Ut

82 1702 229 1757 enim
261 1703 484 1758 arctius
517 1719 721 1757 eorum
755 1702 1028 1756 cordibus
1060 1701 1556 1774 inculcaret,quod
1578 1703 1733 1758 dice-

82 1793 195 1858 bat,
228 1792 357 1846 ideo
386 1792 500 1847 hoc
529 1792 764 1862 adjecit.
802 1791 948 1855 Quid
981 1797 1176 1846 autem
1227 1792 1400 1848 sciret
1447 1799 1501 1848 et
1553 1794 1732 1847 confi-
1764 1832 1811 1895 Β

84 1881 237 1935 deret
267 1880 523 1935 ostendit
558 1896 571 1935 :
609 1881 749 1947 Quia
781 1880 925 1934 nihil
953 1897 1240 1936 commune
1275 1898 1373 1952 per
1424 1884 1619 1952 ipsum.
1655 1883 1732 1936 Ac

85 1969 128 2022 si
160 1973 352 2040 aperte
382 1969 644 2024 diceret:
673 1969 795 2023 Non
829 1974 1133 2040 propterea
1165 1969 1610 2042 prohibeo.quia
1631 1988 1734 2042 pu-

83 2063 191 2113 tem
217 2058 553 2126 immunda,
587 2058 687 2112 sed
725 2074 796 2112 ne
828 2058 1057 2128 ponatis
1089 2059 1501 2114 ol'fendiculum
1545 2059 1729 2122 fratri,

81 2145 163 2200 vel
194 2146 542 2202 scandalum
577 2163 590 2200 :
621 2146 728 2200 hoc
755 2147 913 2200 enim
942 2147 1280 2213 verbum,id
1313 2151 1401 2202 est
1429 2163 1731 2212 comm-une,

80 2233 258 2288 Judaei
292 2252 399 2306 pro
431 2235 724 2290 immundo
754 2234 1118 2305 accipiebant
1169 2253 1181 2290 :
1235 2236 1390 2290 unde
1435 2235 1731 2302 animalia,

82 2339 207 2393 quae
235 2340 341 2394 per
371 2322 566 2394 legem
600 2339 871 2379 concessa
895 2328 1036 2379 sunt
1056 2325 1128 2379 ad
1161 2325 1733 2390 edendum,munda;

81 2412 308 2482 reliqua
358 2416 562 2467 autem
611 2413 942 2468 communia
988 2413 1321 2468 vocabant:
1355 2431 1494 2468 vasa
1536 2414 1732 2483 etiam,

83 2501 295 2571 quibus
330 2501 655 2556 utebantur
685 2503 1013 2557 sacerdotes
1035 2502 1092 2556 in
1115 2503 1565 2574 templo,sancta
1587 2503 1738 2557 dice-

84 2591 378 2658 bantur,et
399 2591 471 2646 ad
497 2607 700 2646 eorum
727 2593 1465 2663 comparationem,cuncta
1489 2593 1739 2647 immun-

87 2679 172 2747 da,
203 2680 260 2734 id
287 2684 399 2746 est,
420 2681 1060 2735 communia.Attamen
1093 2681 1208 2735 vim
1242 2681 1420 2750 hujus
1451 2682 1740 2736 sermonis

87 2784 191 2822 non
223 2768 639 2840 intelligebant
670 2785 680 2823 :
717 2786 852 2824 nam
883 2786 1016 2824 cum
1051 2769 1327 2824 animalia
1347 2776 1402 2825 et
1430 2788 1567 2826 vasa
1586 2787 1741 2826 com-

89 2858 279 2913 munia
325 2863 629 2924 vocarent,
684 2857 739 2910 id
793 2863 882 2913 est
933 2858 1273 2926 immunda;
1307 2875 1366 2913 se
1398 2876 1740 2914 communes

87 2963 205 3001 esse
234 2964 346 3002 non
377 2947 818 3018 intelligebant.
856 2946 1017 3001 Sicut
1046 2948 1199 3002 enim
1235 2965 1371 3002 vasa
1403 2948 1648 3020 reliqua,
1669 2949 1739 3003 ad

87 3037 578 3108 comparationem
597 3037 1051 3107 eorum,quibus
1073 3038 1392 3092 utebantur
1413 3039 1742 3093 sacerdotes

85 3125 136 3178 in
168 3125 406 3196 templo,
443 3124 792 3180 communia
815 3125 1186 3193 dicebantur;
1213 3126 1296 3181 sic
1319 3127 1517 3181 anima
1546 3143 1742 3198 pecca-

1845 549 2011 610 ὤμοι
2037 569 2136 620 pro
2168 569 2232 603 eo
2261 569 2433 603 suum
2469 550 2818 620 sanguinem
2853 550 3192 604 fuditllnrle
3215 551 3494 608 continuo

1845 638 2118 692 subditur
2151 655 2162 691 :
2201 639 2331 693 Noli
2360 640 2474 694 cibo
2505 644 2596 692 tuo
2628 640 2789 693 illum
2817 639 3066 710 perdere,
3079 656 3175 708 pro
3207 657 3309 710 quo
3334 641 3494 696 Chri-

1843 731 1956 780 stus
2005 739 2250 781 mortuus
2299 733 2397 783 est.
2449 733 2528 781 Ac
2583 728 2629 782 si
2682 732 2946 798 patenter
2992 728 3187 784 dicat:
3222 728 3360 783 Cibo
3392 735 3491 786 tuo

1845 814 2011 869 illum
2047 816 2262 886 perdis,
2295 833 2467 887 quem
2502 816 2722 870 salvare
2757 822 3007 887 poteras,
3044 816 3152 871 nisi
3189 834 3384 872 coram
3425 836 3491 873 eo

1846 920 2128 958 sumeres.
2166 906 2286 967 Quo
2320 906 2472 959 dicto
2507 906 2780 970 ostendit,
2828 907 3105 975 quoniam
3156 907 3493 977 quicunque

1846 997 2091 1062 pereunt
2121 997 2175 1047 et
2205 993 2414 1047 salvari
2449 998 2732 1064 poterant,
2755 995 2825 1048 ab
2861 994 2976 1047 illis
3009 995 3208 1065 utique
3235 996 3492 1066 perdun-

1844 1085 1995 1144 tur,a
2025 1083 2240 1152 quibus
2275 1088 2540 1153 poterant
2572 1083 2801 1136 salvari.
2831 1084 3086 1153 Denique
3119 1084 3258 1154 quia
3282 1102 3491 1138 nomen

1844 1169 2053 1224 Christi
2106 1169 2566 1241 blasphematur,
2615 1172 2754 1224 dum
2809 1170 3022 1241 aliquis
3076 1173 3204 1226 cibo
3257 1173 3492 1226 fratrem

1844 1275 2015 1312 suum
2053 1260 2258 1330 perdit,
2295 1260 2506 1313 idcirco
2555 1260 2913 1315 exhortando
2960 1261 3263 1331 subjunxit
3314 1278 3325 1315 :
3375 1263 3491 1315 Non

1841 1363 1964 1417 ergo
1997 1349 2404 1418 blasphematur
2435 1351 2632 1404 [tonum
2663 1355 2927 1404 nostrum.
2969 1355 3193 1404 Bonum
3238 1350 3494 1422 appellat

1843 1436 2060 1491 donum
2095 1439 2227 1492 fidei
2261 1443 2320 1492 et
2351 1444 2692 1494 cunctarum
2723 1439 3029 1506 virtutum,
3063 1439 3150 1494 vel
3192 1444 3344 1494 certe
3388 1455 3489 1494 no-

1845 1542 1976 1579 men
2010 1527 2129 1590 Dei,
2153 1532 2354 1597 prieter
2383 1529 2518 1597 quod
2549 1545 2659 1582 non
2689 1534 2766 1583 est
2797 1529 2958 1583 aliud
2991 1545 3184 1583 nomen.
3212 1530 3309 1583 sub
3339 1531 3490 1596 ca’lo,

1845 1616 1899 1667 in
1949 1631 2053 1685 quo
2105 1632 2199 1669 nos
2247 1625 2487 1686 oporteat
2513 1618 2688 1671 salvos
2736 1619 2856 1686 ﬁeri
2907 1619 3040 1686 (Aet.
3094 1635 3166 1684 ιν,
3221 1620 3329 1688 1'3).
3363 1619 3493 1673 Sive

1843 1704 2062 1757 bonum
2096 1709 2276 1766 vocat,
2314 1705 2603 1775 Evangelii
2636 1706 2906 1774 gratiam.
2958 1707 3073 1760 Iloc
3124 1707 3343 1762 bonum
3390 1725 3492 1762 n0-

1844 1799 2029 1849 strum
2063 1799 2169 1862 est,
2203 1810 2335 1847 cum
2369 1794 2687 1864 accipimus
2721 1811 2733 1847 :
2769 1794 2870 1848 Dei
2903 1800 3118 1863 autem,
3155 1796 3293 1866 quia
3323 1797 3395 1850 ab
3426 1813 3492 1851 eo

1844 1883 2035 1936 datur.
2073 1883 2349 1953 Sequitur
2382 1900 2393 1937 :
2428 1883 2544 1936 Non
2576 1885 2720 1937 enim
2761 1892 2837 1937 est
2885 1899 3113 1952 regnum
3144 1887 3245 1938 Dei
3273 1900 3410 1948 esca,
3442 1890 3494 1939 et

1841 1972 2168 2041 potus.Esca
2199 1976 2252 2025 et
2284 1975 2456 2042 potus
2488 1989 2602 2026 non
2635 1977 2773 2026 sunt
2805 1988 3045 2042 regnum
3085 1972 3354 2043 Dei,quia
3376 1989 3490 2027 non

1843 2060 2173 2132 perducunt
2201 2061 2271 2114 ad
2306 2076 2550 2128 regnum
2584 2060 2706 2126 Dei,
2739 2075 2926 2128 neque
2976 2060 3400 2130 permanebunt
3430 2059 3491 2114 in

1844 2149 1969 2220 ipso
2003 2166 2014 2203 :
2049 2150 2268 2204 caduca
2298 2150 2509 2220 quippe
2540 2156 2712 2213 sunt;
2739 2153 2794 2203 et
2822 2147 2914 2202 vix
2945 2149 3112 2203 nobis
3145 2149 3214 2203 ad
3238 2165 3491 2220 praesen-

1844 2243 1963 2293 tem
1989 2238 2167 2292 vitam
2194 2237 2515 2293 sufﬁciunt.
2558 2238 2909 2308 Sedjustitia,
2931 2242 2982 2291 et
2999 2245 3193 2308 pa.e,et
3209 2238 3492 2309 gaudium.

1845 2331 1975 2382 H830
2006 2329 2160 2382 enim
2194 2333 2333 2381 sunt
2364 2343 2603 2396 regnum
2655 2325 2782 2391 Dei;
2835 2343 2958 2397 quae
3007 2327 3297 2398 prmcipua
3345 2327 3499 2381 dona

1847 2421 2005 2482 sunt,
2040 2433 2142 2488 per
2172 2433 2296 2486 quae
2328 2432 2648 2487 possumus
2680 2415 2981 2485 pervenire
3015 2416 3085 2469 ad
3118 2414 3293 2469 vitam
3333 2420 3500 2470 aeter-

1849 2521 2006 2559 nam.
2041 2504 2281 2559 Justitia
2320 2505 2553 2570 dicitur,
2605 2503 2774 2574 quasi
2817 2502 2971 2573 juris
3015 2507 3226 2558 status.
3260 2503 3504 2559 Justitia

1850 2610 1985 2664 ergo
2016 2598 2122 2658 est,
2157 2610 2288 2646 cum
2338 2593 2653 2662 unicuique
2704 2591 3008 2663 proprium
3053 2593 3154 2661 jus
3203 2591 3504 2646 tribuitur.

1849 2681 2087 2737 Justitia
2120 2682 2299 2752 igitur
2330 2681 2428 2736 Dei
2460 2681 2724 2735 Christus
2755 2687 2864 2749 est,
2893 2681 2994 2751 qui
3028 2698 3134 2736 nos
3159 2681 3509 2751 justificavit

1852 2789 1884 2824 a
1917 2771 2168 2842 peccatis
2193 2774 2250 2824 et
2281 2769 2541 2824 redemit.
2579 2769 2739 2823 Unde
2771 2769 2908 2823 alibi
2942 2769 3096 2824 idem
3131 2769 3446 2840 Apostolus
3490 2786 3503 2824 :

1855 2861 1960 2929 Qui
2007 2862 2182 2930 [actus
2227 2868 2303 2914 est
2348 2859 2498 2914 nobis
2546 2875 2582 2913 α
2627 2861 2736 2913 Deo
2776 2859 3021 2928 justitia,
3057 2867 3106 2913 et
3135 2859 3430 2930 redemptio
3461 2860 3511 2926 (Ι

1856 2949 1974 3004 Cor.
2015 2967 2051 3018 1,
2086 2950 2207 3016 30);
2239 2948 2361 3019 ipse
2393 2953 2481 3003 est
2510 2953 2565 3002 et
2596 2965 2724 3018 pax,
2761 2947 2911 3002 sicut
2943 2948 3097 3002 idem
3130 2949 3272 3003 dicit
3305 2948 3504 3004 :Chri-

1851 3046 1964 3094 stus
1993 3042 2069 3092 est
2099 3055 2213 3108 pax
2245 3046 2434 3093 nostra
2481 3039 2694 3107 (Ephes.
2729 3054 2788 3106 ιι,
2825 3039 2930 3106 14).
2984 3037 3274 3091 Gaudium
3308 3041 3502 3091 autem

1855 3128 2254 3191 dicit,znterna:
2287 3126 2666 3181 beatitudinis
2693 3143 2704 3179 :
2728 3142 2861 3179 nam
2893 3126 3171 3194 gaudium
3197 3126 3254 3179 in
3276 3130 3502 3196 tempo-

83 3213 210 3282 trix,
243 3215 315 3269 ad
339 3213 851 3286 comparationem
878 3218 1091 3268 sanctae
1117 3218 1174 3269 et
1193 3215 1298 3286 pia:
1323 3215 1550 3285 animae,
1583 3231 1739 3270 com-
1771 3201 1814 3268 C
1854 3216 2075 3272 ralibus
2107 3216 2344 3270 abusive
2376 3215 2589 3269 dicitur
2622 3232 2633 3268 :
2660 3214 2717 3267 in
2751 3213 3114 3284 spiritalibus
3144 3218 3502 3283 autem,pro-

88 3303 276 3358 munis
304 3308 583 3368 vocatur;
639 3304 778 3374 quia
829 3320 945 3357 non
997 3308 1084 3358 est
1132 3304 1310 3359 unius
1359 3304 1611 3368 Domini,
1645 3305 1744 3359 sed

91 3391 429 3457 multorum,
462 3393 524 3447 id
558 3397 670 3458 est,
703 3393 1001 3462 vitiorum,
1035 3397 1092 3448 et
1140 3393 1468 3447 dmmonum
1503 3393 1742 3448 famula.

89 3486 190 3535 Per
219 3484 406 3552 ipsum
437 3482 608 3547 dicit,
642 3481 699 3534 id
731 3486 836 3549 est,
889 3498 991 3552 per
1037 3482 1333 3537 Christum
1371 3501 1383 3539 :
1413 3482 1557 3537 nihil
1591 3483 1746 3537 enim

92 3588 406 3626 commune
437 3587 544 3642 per
577 3571 788 3641 ipsum,
823 3572 1099 3643 quoniam
1135 3590 1167 3626 a
1202 3573 1351 3628 bono
1383 3573 1520 3641 Deo,
1553 3572 1749 3627 omnia

92 3661 246 3716 bona
279 3665 337 3714 et
369 3661 599 3715 munda
633 3665 822 3716 creata
852 3665 992 3716 sunt
1025 3679 1037 3716 :
1069 3662 1223 3717 unde
1257 3662 1312 3716 in
1345 3661 1551 3717 Genesi
1601 3661 1748 3732 legi-

89 3753 228 3804 tur:
271 3749 414 3805 Vidit
461 3750 611 3804 Deus
657 3754 870 3816 cuncta,
923 3765 1048 3820 qua?
1091 3751 1237 3820 fecit,
1289 3759 1339 3806 et
1385 3754 1546 3805 erant
1590 3749 1752 3804 valde

90 3839 224 3894 bona
255 3840 413 3910 (Gen.
444 3857 483 3906 Ι,
518 3839 727 3909 10-12).
762 3838 1002 3893 Videtur
1028 3855 1165 3910 ergo
1213 3839 1303 3894 his
1351 3840 1543 3894 verbis
1595 3844 1746 3910 Apo-

86 3927 265 3983 stolus
309 3930 501 4001 legem
556 3944 858 3995 accusare,
913 3944 1039 3998 quae
1092 3929 1258 3983 docet
1307 3929 1574 4000 quaedam
1621 3944 1748 3984 esse

85 4018 409 4073 immunda.
445 4017 561 4072 Sed
601 4017 780 4071 absit.
813 4021 936 4070 lmo
967 4017 1244 4084 ostendit,
1274 4017 1430 4087 quia,
1465 4034 1592 4088 qua:
1623 4034 1750 4089 pro-

78 4103 261 4162 hibita
293 4111 455 4174 sunt,
491 4107 617 4162 sub
648 4106 841 4178 figura
879 4104 1081 4176 utique
1130 4110 1268 4160 sunt
1315 4106 1629 4177 prohibita.
1683 4106 1752 4160 Et

78 4195 556 4268 sciendum,quia
580 4211 740 4266 saepe
752 4195 1111 4250 conscientia
1128 4195 1600 4265 uniuscujusque
1621 4211 1746 4250 rem

75 4282 445 4340 immundam
500 4284 624 4340 sibi
687 4285 972 4339 mundam
1042 4284 1196 4351 facit,
1230 4283 1316 4338 vel
1369 4284 1695 4340 econtrario
1739 4312 1751 4348 ;

75 4374 223 4428 verbi
248 4375 461 4447 gratia,
486 4375 538 4431 si
565 4373 963 4445 idolothytum
997 4373 1055 4428 in
1091 4373 1332 4428 macello
1354 4374 1662 4440 vendatur,
1697 4378 1753 4428 et

86 4463 210 4532 quis
238 4481 444 4520 emens
476 4463 729 4520 nescius
759 4461 1098 4530 comederit,
1128 4462 1484 4518 conscientia
1513 4479 1621 4517 sua
1642 4461 1755 4517 sibi

1856 3306 2008 3377 prie;
2043 3306 2194 3358 unde
2227 3305 2284 3356 in
2316 3302 2678 3374 spiritalibus
2712 3301 2837 3356 sine
2891 3301 3213 3370 adjectione
3244 3301 3502 3372 ponitur.

1857 3393 2149 3449 Gaudium
2181 3393 2377 3462 itaque
2417 3391 2558 3444 dicit
2609 3389 3164 3461 contemplationem
3205 3390 3508 3461 praesentis

1856 3483 2053 3537 vultus
2082 3482 2204 3536 Dei.
2241 3481 2400 3534 Unde
2450 3481 2508 3533 in
2562 3479 2868 3550 Evangelio
2915 3478 3194 3534 Dominus
3229 3495 3240 3532 :
3272 3481 3399 3535 "rec
3428 3483 3512 3534 est

1858 3575 1972 3627 vita
2000 3576 2233 3636 aeterna,
2268 3579 2325 3625 ut
2355 3575 2679 3638 cognoscant
2709 3578 2756 3624 te
2789 3586 2968 3624 verum
3003 3571 3306 3635 Deum,etc.
3332 3571 3512 3640 (Joan.

1858 3679 1993 3728 xvu,
2031 3663 2104 3730 3).
2141 3661 2209 3714 Et
2259 3659 2398 3730 quia
2446 3659 2566 3714 haec
2616 3660 2770 3714 dona
2818 3659 3040 3730 absque
3086 3658 3275 3729 gratia
3325 3659 3512 3713 sancti

1861 3749 2112 3822 Spiritus
2164 3766 2335 3803 nemo
2385 3749 2599 3805 habere
2649 3753 2858 3821 potest,
2893 3748 3110 3803 idcirco
3155 3747 3509 3818 subjunxit:

1859 3845 1926 3895 In
1965 3841 2180 3910 Spiritu
2209 3843 2413 3893 sancto.

1929 3930 2206 4000 Sequitur
2237 3946 2249 3984 :
2285 3930 2390 3996 Qui
2411 3929 2558 3982 enim
2583 3929 2640 3982 in
2672 3928 2769 3984 hoc
2797 3929 2962 3982 servit
2994 3927 3226 3994 Christo,
3259 3932 3510 3997 acceptus

1860 4023 1935 4073 est
1967 4020 2070 4074 Deo
2101 4023 2152 4072 et
2182 4018 2438 4089 probatus
2465 4017 2868 4072 hominibuan
2897 4019 2993 4071 hoc
3017 4017 3177 4084 dicit,
3213 4016 3268 4069 id
3304 4019 3413 4081 est,
3448 4016 3506 4069 in

1861 4106 2079 4178 Spiritu
2113 4110 2333 4160 sancto.
2370 4105 2476 4168 Qui
2509 4103 2663 4158 enim
2696 4106 2753 4158 in
2785 4121 2849 4157 eo
2883 4104 3077 4165 servit,
3110 4103 3288 4158 servit
3335 4102 3508 4156 verbo

1861 4195 2178 4268 sapientiae,
2213 4192 2512 4259 charitati;
2548 4210 2612 4246 ac
2642 4207 2746 4263 per
2776 4192 2881 4245 hoc
2913 4191 3103 4262 placet
3150 4196 3284 4254 Deo,
3313 4195 3369 4244 et
3415 4205 3510 4244 ac-

1863 4288 2069 4356 ceptus
2100 4287 2189 4338 est
2218 4281 2586 4348 hominibus;
2620 4280 2755 4351 quia
2785 4280 2905 4335 haec
2940 4280 3092 4333 dona
3141 4282 3259 4333 tam
3311 4277 3511 4349 praeci-

1864 4391 1980 4445 pua
2027 4376 2184 4439 sunt,
2221 4377 2284 4426 ut
2325 4371 2406 4425 eis
2455 4387 2622 4426 nemo
2672 4370 2858 4440 possit
2905 4369 3215 4440 derogare;
3268 4367 3514 4437 ideoque

1866 4463 2277 4520 manifestatus
2309 4464 2393 4516 est
2427 4477 2554 4516 esse
2585 4461 2874 4532 perfectus
2909 4474 3103 4514 coram
3154 4457 3269 4512 Deo
3318 4460 3375 4511 et
3417 4472 3512 4511 co-

84 4554 399 4621 mundum;
435 4551 782 4609 econtrario
814 4551 913 4622 qui
949 4551 1166 4622 aliquid
1201 4551 1752 4620 immundumjudi—
1787 4567 1834 4631 D
1867 4569 1990 4607 ram
2024 4551 2388 4606 hominibus.

87 4646 188 4695 cat.
220 4642 304 4697 illi
338 4644 558 4715 utique
591 4641 976 4696 immundum
1009 4644 1115 4696 est.
1167 4641 1236 4695 Et
1286 4639 1395 4696 hoc
1443 4644 1553 4707 est,
1599 4641 1754 4712 quod

85 4731 343 4802 sequitur
377 4751 390 4788 :
426 4733 557 4788 Nisi
590 4732 666 4797 ei,
705 4731 800 4801 qui
829 4729 1108 4784 existimat
1137 4729 1268 4801 quid
1297 4746 1581 4785 commune
1619 4745 1750 4796 esse,

85 4819 168 4873 illi
195 4837 489 4876 commune
513 4819 708 4876 est.Ut
738 4826 936 4873 nutem
970 4819 1301 4873 ostenderet
1331 4837 1509 4890 quare
1532 4818 1753 4890 praemi-

87 4909 215 4965 serit
245 4927 258 4966 :
290 4912 402 4967 Hoc
419 4910 693 4983 judicate
728 4909 922 4977 magis,
970 4923 1038 4961 ne
1084 4909 1297 4978 ponatis
1345 4909 1754 4980 oﬁendiculum,

85 4999 156 5050 vel
186 4995 992 5068 scandalum(4:29),subdidit
1028 5011 1038 5049 :
1072 4998 1135 5050 Si
1162 4999 1304 5051 enim
1335 5001 1552 5069 propter
1583 5014 1757 5051 escam

78 5087 246 5154 frater
287 5097 419 5145 tuus
471 5084 906 5142 scandalizatur
952 5085 1098 5155 (450)
1121 5102 1132 5151 ;
1156 5087 1279 5157 jam
1309 5103 1418 5140 non
1455 5085 1758 5139 secundum

85 5176 415 5232 charitatem
463 5174 770 5238 ambulas;
818 5172 874 5226 id
924 5176 1031 5236 est,
1087 5173 1135 5228 si
1180 5191 1266 5244 ea,
1319 5191 1445 5245 quae
1497 5173 1655 5227 licita
1705 5176 1763 5226 et

88 5266 304 5321 munda
336 5265 888 5335 credis,propterea
918 5261 1196 5330 sumis,ut
1229 5264 1403 5317 frater
1433 5267 1573 5317 tuus
1596 5278 1762 5316 scan-

59 5352 406 5424 .dalizetur;
445 5370 573 5409 non
613 5349 944 5405 secundum
967 5350 1306 5407 charitatem
1330 5351 1767 5423 ambulas,quia

178 5550 303 5621 448)
338 5551 404 5606 In
440 5552 661 5618 autog.
684 5545 963 5621 margine
993 5546 1085 5621 hic
1115 5547 1329 5621 legitur
1357 5565 1483 5620 cap.
1517 5548 1703 5605 XLIX.

178 5550 278 5605 4ιὶ8
338 5551 404 5606 In
440 5552 661 5618 autog.
697 5550 963 5617 margine
993 5550 1085 5602 hic
1115 5550 1329 5621 legitur
1357 5565 1483 5620 cap.
1517 5550 1564 5603 Χ

155 5550 304 5702 2449i
342 5621 448 5678 Hic
483 5621 550 5676 in
587 5620 797 5689 autog.
833 5617 1093 5690 margine
1124 5619 1336 5694 legitur
1365 5637 1489 5696 cap.
1526 5621 1567 5675 Ι.

1940 4639 2141 4712 Igitur,
2180 4645 2243 4694 ut
2273 4657 2370 4695 eos
2401 4640 2472 4694 ad
2504 4637 2665 4711 pacis
2697 4643 2753 4694 et
2783 4637 3101 4694 concordia:
3135 4637 3352 4692 bonum
3380 4652 3519 4707 pro-

1862 4733 2112 4793 vocaret,
2149 4729 2455 4798 subjunxit
2479 4745 2490 4782 :
2517 4730 2704 4799 Itaque
2731 4745 2847 4798 quae
2875 4729 3028 4799 pacis
3054 4729 3201 4798 sunt,
3233 4735 3512 4782 sectemur.

1863 4819 1969 4874 Ubi
2003 4818 2319 4873 notandum
2355 4819 2490 4888 quia
2514 4836 2629 4873 non
2651 4817 3079 4884 ait,sectamur;
3115 4815 3265 4872 sicut
3313 4821 3368 4870 et
3412 4833 3514 4871 su-

1866 4907 2065 4980 perius
2120 4925 2131 4961 :
2185 4909 2627 4979 Hospitalitatem
2678 4911 2941 4962 sectantes
2991 4907 3164 4978 (Rom.
3218 4923 3314 4969 xu,
3373 4907 3514 4972 13):

1868 5012 2070 5068 pacem
2102 4996 2318 5067 quippe
2351 4996 2543 5063 habet,
2578 5001 2632 5051 et
2665 4996 2951 5066 sequitur,
2986 4995 3083 5066 qui
3117 5011 3308 5049 mores
3357 5011 3518 5057 suos,

1869 5090 1924 5140 et
1973 5085 2228 5138 actiones
2281 5086 2360 5138 ita
2405 5085 2701 5156 componit
2732 5091 2787 5138 et
2817 5085 2984 5155 regit,
3017 5089 3081 5138 ut
3112 5101 3144 5136 a
3175 5082 3406 5137 nemine
3439 5098 3523 5135 re-

1872 5173 2153 5245 prehendi
2210 5173 2397 5243 possit
2433 5189 2443 5225 :
2480 5178 2735 5227 sectatur
2785 5189 2916 5227 vero
2972 5188 3172 5242 pacem
3220 5171 3319 5241 qui
3351 5170 3432 5223 ita
3463 5183 3523 5222 se

1873 5262 2173 5333 componit
2203 5266 2258 5316 et
2289 5259 2458 5330 regit,
2491 5265 2554 5312 ut
2583 5262 2709 5328 ejus
2760 5259 3024 5330 exemplo
3073 5259 3170 5312 alii
3221 5257 3528 5329 proficiant

1877 5356 1933 5406 ct
1964 5351 2328 5404 mdiﬁcentur
2356 5346 2413 5399 in
2446 5347 2797 5402 bono.Unde
2831 5349 2925 5402 hic
2959 5362 3188 5417 quoque
3219 5343 3530 5416 subjungi-

1953 5546 2102 5621 (450)
2135 5542 2304 5616 Vulg.
2337 5543 2710 5598 contristatur.
