3996 6232
464 345 577 404 271

1479 340 1817 402 ATTONIS
1860 340 2451 403 VERCELLENSIS
2494 338 2852 402 EPISCOPI

3758 342 3883 401 3'12

465 481 565 534 tur
596 496 610 535 :
642 478 704 532 Et
734 489 857 548 qua:
884 474 1269 545 wdiﬁcationis
1298 481 1425 528 sunt
1454 475 1513 528 in
1543 476 1778 529 invicem
1798 474 1944 546 (451)
1976 474 2110 529 sub-
2138 476 2193 543 Α
2222 474 2367 530 dicat
2392 476 2735 546 semetipsum
2766 477 2828 529 in
2854 489 2938 543 eo,
2968 472 3112 545 quod
3137 473 3358 545 probat.
3394 471 3496 529 Ille
3522 470 3684 529 enim
3733 473 3879 530 bea-

468 568 722 635 auditur,
754 564 1087 635 sectemur).

2223 567 2321 619 tus
2349 566 2458 633 est,
2490 563 2591 634 qui
2622 580 2709 627 eo,
2743 564 2897 634 quod
2929 564 3217 619 mundum
3265 567 3323 619 et
3368 561 3596 619 licitum
3639 564 3879 636 probat,

536 657 669 712 Noti
694 659 920 727 propter
950 670 1129 710 escam
1152 652 1429 708 destruere
1456 668 1590 724 Opus
1620 654 1734 708 Dei.
1769 657 1900 708 Hac
1940 654 2115 709 verba
2224 652 2373 707 male
2403 669 2518 707 non
2545 653 2751 717 utitur,
2780 652 2838 707 id
2873 656 2983 718 est,
3017 669 3212 707 coram
3242 651 3476 707 infirmo
3526 652 3708 709 fratre
3756 670 3880 709 non

466 748 550 802 ita
579 761 789 801 sonare
816 745 1109 807 videntur,
1142 758 1207 796 ac
1237 740 1287 796 si
1319 758 1451 796 esca
1498 758 1614 797 non
1666 742 1742 796 sit
1790 760 1938 815 opus
1986 742 2109 797 Dei.

470 836 583 892 Sed
614 831 1087 904 sciendum,quia
1108 847 1253 902 opus
1276 829 1377 885 Dei
1397 830 1791 901 est,quoniam
1815 830 2108 886 subsistit.

468 928 741 979 Attamen
770 922 939 992 longe
969 918 1125 974 aliud
1159 918 1428 989 est,quod
1452 924 1689 990 propter
1718 936 1807 984 se;
1842 922 1899 974 et
1928 918 2107 987 aliud,

470 1013 626 1084 quod
654 1014 891 1082 propter
919 1007 1141 1078 aliquid
1173 1006 1333 1063 aliud
1366 1007 1517 1063 Deus
1541 1008 1926 1063 creavit.Esca
1953 1008 2106 1063 enim

468 1118 581 1156 non
615 1104 849 1171 propter
876 1113 960 1162 se,
994 1097 1095 1151 scd
1138 1100 1372 1167 propter
1397 1096 1697 1151 hominem
1744 1101 1938 1151 creata
1980 1102 2106 1163 est;

463 1190 637 1244 homo
669 1203 801 1243 vero
834 1192 1072 1258 propter
1101 1202 1183 1255 se,
1218 1185 1356 1256 quia
1386 1187 1455 1239 ad
1494 1185 1853 1241 laudandum
1907 1192 2105 1240 Deum.

460 1279 528 1334 Et
558 1277 773 1333 idcirco
804 1293 874 1331 ex
902 1274 1179 1331 omnibus
1211 1274 1455 1329 terrenis
1488 1274 1769 1329 creaturis
1808 1274 2106 1330 hominem

460 1366 791 1440 specialiter
820 1364 1135 1436 Apostolus
1165 1363 1406 1429 vocavit,
1439 1362 1525 1417 vel
1560 1362 1745 1434 ipsius
1776 1363 2025 1418 salutem
2052 1368 2110 1419 ct

457 1455 945 1528 redemptionem.
977 1457 1220 1525 Propter
1246 1468 1439 1506 escam
1473 1468 1607 1522 ergo
1662 1468 1809 1522 opus
1859 1451 1959 1507 Dei
2007 1453 2104 1507 de-

458 1544 728 1609 struitur,
751 1559 887 1599 cum
912 1542 1086 1597 homo
1118 1542 1387 1596 inﬁrmus
1411 1557 1479 1595 ex
1509 1541 1637 1596 cibo
1669 1541 1909 1595 alterius
1937 1557 2105 1595 scan-

462 1633 766 1688 dalizatur.
796 1632 865 1686 Et
895 1631 1064 1703 quasi
1096 1630 1312 1685 diceret
1332 1628 1546 1700 aliquis
1582 1646 1593 1683 :
1627 1628 1778 1683 Dum
1811 1628 1893 1683 sic
1923 1628 2104 1683 inter-

457 1721 605 1778 dicis
636 1738 744 1778 nos
774 1721 971 1777 omnia
1001 1720 1314 1792 percipere,
1345 1718 1560 1774 videris
1590 1717 1764 1773 etiam
1796 1722 1859 1772 tu
1887 1734 1955 1772 ea
1992 1718 2101 1772 im-

458 1811 679 1867 munda
701 1810 989 1880 judicare,
1023 1808 1273 1879 subjecit
1321 1824 1333 1862 :
1385 1808 1581 1906 Omnia
1611 1806 1829 1905 quidem
1855 1806 2102 1912 munda;
2131 1847 2179 1912 B

459 1918 523 1957 ac
550 1899 599 1957 si
629 1900 846 1956 diceret
878 1915 891 1955 :
926 1898 1051 1953 Non
1080 1897 1207 1951 ideo
1255 1895 1555 1967 prohibeo,
1609 1894 1749 1966 quia
1795 1894 2104 1949 immunda

449 1988 739 2059 judicem,
772 1988 1051 2059 quoniam
1084 2004 1118 2041 a
1147 1986 1390 2053 mundo,
1442 1989 1499 2039 et
1545 1984 1695 2039 bono
1745 1984 1861 2039 Deo
1910 1989 2104 2039 creata

452 2078 763 2135 immunda
788 2093 914 2133 esse
946 2093 1061 2130 non
1092 2078 1361 2147 possunt,
1390 2073 1512 2141 sed,
1548 2089 1617 2127 ne
1640 2089 1835 2128 coram
1866 2071 2101 2127 inﬁrmo

452 2171 754 2223 sumentes
786 2166 1149 2221 occasionem
1184 2163 1335 2218 detis
1365 2161 1821 2217 scandalizandi.
1873 2162 1940 2215 Et
1992 2160 2102 2216 hoc

448 2260 557 2322 est,
592 2256 748 2327 quod
779 2254 1047 2327 sequitur
1079 2268 1092 2306 :
1124 2252 1229 2308 Sed
1257 2252 1467 2307 malum
1516 2260 1592 2306 est
1621 2252 1853 2317 homini,
1882 2251 1979 2320 qui
2002 2265 2103 2320 per

445 2344 839 2415 oﬁendiculum
881 2341 1197 2397 manducet.
1239 2342 1454 2395 Bonum
1499 2349 1577 2393 est
1614 2355 1726 2394 non
1771 2338 2102 2393 manducare

454 2435 757 2497 earnem,et
783 2447 893 2486 non
921 2431 1101 2486 bibere
1127 2431 1527 2501 vinum,neque
1557 2431 1617 2484 in
1646 2445 1749 2499 quo
1780 2431 1958 2499 frater
1978 2436 2102 2482 tuus

448 2520 687 2592 o/fendit
718 2519 886 2590 (452),
921 2522 1017 2573 aut
1044 2518 1575 2586 scandalizatumaut
1609 2516 2099 2585 inﬁrmatur.Quid

454 2608 707 2679 estquod
726 2606 1043 2679 Apostolus
1064 2607 1671 2678 abstinentiam,quasi
1688 2623 1989 2662 summum
2006 2606 2102 2660 bo-

444 2713 590 2754 num
613 2696 1149 2761 commendat,cum
1162 2711 1465 2750 summum
1476 2695 1698 2750 bonum
1722 2711 1835 2749 non
1852 2694 1953 2749 sit?
1969 2694 2102 2749 Om—

442 2803 517 2842 ne
537 2785 695 2842 enim
712 2784 1118 2856 bonum,quod
1138 2788 1196 2839 et
1215 2783 1353 2839 mali
1375 2783 1587 2839 habere
1609 2786 1997 2856 possunt,non
2015 2786 2104 2839 est

448 2864 776 2944 summum,
797 2873 895 2929 sed
925 2872 1215 2929 mediocre
1236 2873 1596 2928 bonum.Sed
1615 2873 1917 2928 sciendum
1939 2872 2096 2944 quia,

450 2963 561 3019 etsi
595 2961 951 3018 abstinentia
996 2979 1112 3018 non
1163 2963 1240 3017 sit
1286 2978 1588 3018 summum
1620 2962 1861 3033 bonum,
1903 2966 2098 3017 tamen

453 3052 795 3107 charitatem
839 3068 977 3124 erga
1020 3051 1354 3124 proximum
1402 3067 1652 3116 servare,
1706 3054 1762 3105 et
1808 3067 1943 3106 eum
1982 3067 2097 3106 non

452 3140 865 3198 scandalizare.
911 3156 1212 3196 summum
1244 3141 1463 3195 bonum
1494 3144 1583 3195 est
1614 3157 1626 3194 :
1657 3140 1813 3211 quod
1845 3144 1909 3194 ut
1937 3156 2095 3195 com-

2222 741 2424 808 sumit,
2456 758 2529 797 ne
2559 741 2611 796 ei
2642 740 3077 797 scandalizandi
3107 740 3474 797 occasionem
3503 742 3736 815 det,pro
3755 759 3878 815 quo

2220 828 2345 900 ipse
2367 829 2689 900 judicetur.

2291 919 2399 986 Qui
2428 923 2610 974 autem
2637 919 2897 974 discernit
2927 919 3008 988 (id
3061 923 3168 989 est,
3220 918 3329 975 hoc
3372 935 3502 976 esse
3552 921 3875 991 mundum,

2216 1004 2360 1061 illud
2400 1008 2799 1077 immundum)
2845 1010 2896 1062 si
2943 1008 3360 1064 manducauerit
3405 1008 3573 1080 (illud
3623 1010 3874 1082 scilicet,

2219 1098 2371 1166 quod
2424 1097 2799 1151 immundum
2849 1096 3095 1167 judicat)
3146 1096 3438 1153 damnatus
3483 1102 3562 1153 est
3608 1101 3876 1172 (proprio

2210 1185 2486 1253 judicio);
2516 1187 2647 1255 quia
2675 1202 2786 1239 non.
2810 1193 2888 1241 est
2911 1201 2982 1240 ea:
3009 1188 3114 1255 ﬁde
3146 1186 3291 1255 (454)
3333 1187 3711 1257 (subauditur
3762 1187 3872 1244 ali-

2218 1274 2359 1343 quid
2391 1275 2764 1329 immundum
2796 1276 3071 1345 credere).

2288 1364 2458 1417 Omne
2485 1368 2688 1427 autem,
2732 1364 2873 1435 quod
2908 1382 3024 1420 non
3069 1369 3147 1419 est
3188 1381 3258 1419 ex
3304 1364 3432 1436 ﬁde,
3454 1372 3739 1437 peccatum
3770 1374 3871 1423 est.

2214 1450 2497 1506 Videlicet
2527 1452 2665 1522 quia
2695 1452 2819 1508 sine
2850 1453 2963 1509 ﬁde
2993 1452 3361 1525 impossibile
3376 1458 3468 1510 est
3486 1454 3605 1512 Deo
3635 1454 3872 1528 placere

2215 1539 2405 1608 (Hebr.
2437 1556 2514 1610 x1,
2546 1541 2623 1609 6).
2652 1540 2785 1596 Vita
2834 1556 2972 1613 ergo
3022 1540 3373 1609 inﬁdelium,
3425 1543 3566 1614 quia
3611 1559 3733 1600 non
3779 1551 3872 1602 est

2213 1643 2279 1682 ex
2312 1629 2447 1694 ﬁde,
2475 1632 2779 1700 peccatum
2808 1633 2900 1685 est
2927 1630 3107 1702 (455);
3141 1631 3422 1702 quoniam
3452 1631 3553 1687 ubi
3582 1632 3753 1690 deest
3772 1650 3868 1690 co-

2211 1716 2395 1789 gnitio
2462 1723 2685 1774 aterna
2741 1722 2799 1774 et
2883 1718 3386 1777 incommutabilis
3452 1721 3737 1793 veritatis,
3806 1723 3863 1779 id

2212 1811 2319 1875 est,
2351 1806 2695 1874 divinitatis,
2727 1806 2876 1862 falsa
2922 1807 3109 1863 virtus
3160 1811 3269 1875 est,
3319 1808 3495 1865 etiam
3527 1810 3588 1866 in
3621 1811 3865 1883 optimis

2214 1895 2501 1951 moribus.

2285 1987 2438 2054 (CAP.
2509 1984 2647 2055 XV.)
2716 1985 2919 2056 Igitur,
2989 1985 3127 2057 quia
3192 1991 3421 2057 poterat
3486 1987 3701 2061 aliquis
3766 1991 3862 2046 di-

2211 2088 2386 2127 cere:
2421 2072 2568 2136 Quid
2617 2074 2688 2128 ad
2740 2090 2866 2142 nos,
2917 2074 2966 2129 si
3016 2074 3234 2129 inﬁrmi
3282 2076 3459 2130 sunt?
3489 2092 3592 2132 cur
3635 2094 3745 2134 nos
3785 2079 3863 2135 ob

2211 2177 2413 2216 eorum
2442 2160 2847 2217 inﬁrmitatem
2889 2178 3003 2218 non
3057 2179 3124 2218 ea
3180 2179 3509 2235 sumamus,
3542 2182 3669 2238 qua
3697 2165 3863 2223 licita

2211 2250 2543 2306 credimus?
2570 2251 2652 2305 Ad
2676 2250 2786 2306 hoc
2805 2251 2975 2322 quasi
3005 2253 3320 2323 respondet
3347 2254 3855 2325 Apostoluszbebe-

2213 2356 2330 2393 mus
2375 2348 2559 2395 autem
2599 2357 2700 2395 nos
2753 2340 3023 2409 ﬁrmiores
3052 2340 3471 2399 imbecillitates
3501 2344 3859 2414 inﬁrmorum

2209 2430 2502 2498 sustinere,
2533 2432 2666 2497 etc.,
2699 2445 2766 2483 ac
2796 2428 2845 2484 si
2874 2434 3071 2500 aperte
3101 2430 3317 2486 diceret
3347 2448 3361 2486 :
3396 2432 3708 2504 Propterea
3757 2452 3861 2491 su-

2212 2533 2369 2572 mere
2421 2534 2536 2572 non
2581 2518 2827 2583 debetis,
2873 2534 2943 2572 ne
2994 2517 3261 2575 inﬁrmos
3309 2519 3517 2577 fratres
3566 2524 3859 2580 scandali-

2209 2606 2370 2661 zetis.
2406 2605 2478 2660 Ut
2508 2610 2702 2661 autem
2733 2606 2964 2663 facilius
3002 2624 3103 2663 eos
3140 2608 3369 2666 ﬂectere
3414 2615 3635 2682 posset,
3686 2630 3859 2669 suam

2209 2695 2328 2750 illis
2359 2694 2600 2750 sociavit
2630 2712 2962 2767 personam.
3008 2696 3170 2760 Quod
3220 2707 3416 2756 autem
3465 2718 3548 2769 se,
3600 2719 3860 2775 suosque

2210 2783 2503 2840 auditores
2542 2785 2829 2841 ﬁrmiores
2860 2790 3047 2857 vocat,
3078 2804 3194 2844 non
3223 2793 3313 2844 est
3342 2791 3715 2863 arrogantia,
3759 2793 3858 2850 sed

2210 2887 2388 2927 causa
2417 2872 2624 2928 divina
2655 2873 3113 2945 dispensationis
3134 2876 3393 2933 factum:
3418 2879 3622 2937 nullus
3642 2882 3861 2956 quippe

2207 2959 2598 3033 inﬁrmorum,
2624 2963 2915 3033 majorum
2946 2963 3209 3021 ﬁrmitati
3239 2982 3301 3022 se
3322 2967 3573 3040 jungere
3592 2971 3859 3041 auderet,

2208 3048 2323 3104 nisi
2352 3050 2663 3121 Apostolus
2694 3068 2833 3107 suos
2864 3052 3040 3109 etiam
3070 3054 3366 3111 auditores
3396 3072 3597 3113 secum
3634 3058 3859 3117 ﬁrmio-

2209 3154 2301 3193 res
2333 3137 2567 3195 diceret.
2596 3140 2882 3196 Praterea
2911 3147 3110 3198 monet
3140 3142 3233 3199 his
3272 3144 3485 3210 verbis,
3533 3150 3601 3201 ut
3649 3149 3757 3220 qui
3803 3149 3859 3204 in

450 3232 754 3287 mandaret
780 3229 1112 3301 Apostolus,
1144 3229 1227 3285 ait
1258 3246 1270 3283 :
1304 3231 1492 3299 Neque
1521 3228 2091 3300 (subauditur,agere
2122 3217 2164 3285 C
2204 3225 2520 3283 Ecclesiam
2552 3228 2805 3284 inﬁrmis
2854 3228 3130 3285 fratribus
3175 3232 3451 3303 prodesse
3499 3217 3756 3305 possunt
3801 3238 3859 3294 in

448 3319 693 3392 aliquid)
724 3320 785 3374 in
809 3336 912 3392 quo
935 3320 1118 3390 frater
1148 3324 1274 3374 tuus
1311 3320 1557 3390 o/fendit,
1608 3319 1664 3373 id
1712 3323 1819 3389 est,
1872 3324 2092 3389 peccat,

445 3416 544 3466 aut
564 3406 1009 3476 scandalizatur,
1042 3408 1101 3463 id
1123 3411 1232 3478 est,
1260 3424 1293 3463 a
1313 3408 1426 3463 fide
1448 3408 1682 3477 recedit,
1714 3411 1811 3462 aut
1841 3408 2095 3476 inﬁrma-

446 3503 562 3566 tur,
591 3496 817 3553 scilicet
863 3497 924 3551 in
971 3499 1177 3553 eadem
1226 3496 1358 3551 ﬁde.
1408 3496 1738 3552 Nolandum
1765 3502 1855 3552 est
1900 3501 2094 3552 autem

448 3586 589 3659 quia
617 3603 733 3640 non
759 3585 841 3640 ait
872 3602 885 3640 :
920 3586 1141 3641 Bonum
1179 3591 1269 3641 est
1312 3587 1667 3641 manducare
1714 3602 1973 3651 carnem,
2024 3600 2097 3641 ne

447 3673 759 3730 voracibus
780 3674 948 3729 daret
972 3674 1339 3729 occasionem
1368 3675 1599 3729 dicendi
1622 3674 2054 3730 abstinentibus
2081 3692 2093 3729 :

451 3765 698 3820 Carnem
731 3762 1100 3829 manducata,
1123 3761 1403 3833 quoniam
1433 3763 1748 3833 Apostolus
1778 3765 2050 3834 pracepit
2081 3780 2093 3818 :

380 3904 381 3907 η
454 3868 522 3908 ac
563 3868 667 3923 per
695 3850 804 3906 hoc
833 3850 1040 3906 laxatis
1088 3851 1450 3906 abstinentia
1499 3851 1701 3919 frenis,
1754 3851 2097 3908 barathrum

455 3939 759 3996 edacitatis
790 3939 1129 3995 inciderent.
1182 3939 1327 3993 Cum
1374 3956 1510 4011 ergo
1555 3940 1800 3995 intentio
1839 3942 2099 4013 Apostoli

453 4030 633 4085 fuerit
660 4028 821 4100 loqui
850 4028 920 4083 de
950 4027 1096 4085 cibis
1126 4027 1517 4095 solummodo,
1552 4045 1658 4083 cur
1686 4028 2102 4101 intulitzneque

454 4119 655 4175 bibere
683 4118 929 4173 vinum?
958 4116 1258 4186 Videlicet,
1316 4134 1388 4173 ne
1435 4116 1682 4173 ebriosis
1728 4118 1894 4173 daret
1941 4135 2103 4174 occa-

2205 3313 2399 3385 aliquo
2430 3316 2640 3383 ofﬁcio,
2675 3334 2789 3373 non
2819 3334 2884 3374 se
2914 3318 3266 3377 humilitatis
3295 3337 3475 3378 causa
3503 3323 3860 3384 subtrahunt

2205 3404 2276 3459 ab
2306 3404 2496 3460 ofﬁcio
2533 3422 2546 3460 :
2578 3410 2637 3462 et
2664 3410 2731 3461 ut
2760 3406 3027 3463 inﬁrmos
3078 3408 3365 3479 patienter
3392 3410 3451 3465 in
3483 3411 3752 3471 Ecclesia
3778 3417 3856 3473 fe-

2204 3510 2427 3548 ramus.
2463 3493 2623 3550 Unde
2653 3494 2792 3551 alibi
2816 3496 2999 3551 :Alter
3025 3497 3255 3555 alterius
3284 3514 3450 3556 onera
3478 3505 3850 3577 portate-(Gal.

2204 3600 2282 3652 v1,
2312 3584 2389 3653 2),
2421 3587 2533 3639 etc.

2275 3674 2339 3726 Et
2364 3688 2475 3727 non
2519 3673 2678 3729 nobis
2701 3674 2944 3745 placere,
2995 3676 3053 3731 id
3102 3680 3213 3746 est,
3263 3694 3378 3734 non
3428 3680 3654 3738 nostris
3696 3683 3849 3740 desi-

2206 3760 2383 3816 deriis
2413 3761 2749 3821 satisfacere
2781 3780 2795 3818 :
2829 3780 2944 3820 non
2976 3781 3104 3836 qua
3136 3770 3340 3823 nostra
3369 3773 3530 3836 sunt,
3566 3786 3854 3842 quaerere,

2208 3851 2309 3906 sed
2341 3868 2467 3922 qua
2495 3852 2637 3908 Jesu
2668 3852 2904 3910 Christi.
2958 3855 3060 3910 Cui
3107 3861 3304 3913 autem
3349 3858 3704 3930 placendum
3760 3863 3858 3931 sit,

2208 3940 2464 3995 ostendit
2491 3958 2505 3996 :
2543 3943 2921 4015 Unusquisque
2947 3953 3199 4001 nostrum
3221 3949 3481 4017 proximo
3500 3964 3599 4005 suo
3615 3952 3861 4021 placeat.

2210 4028 2319 4084 Sed
2353 4030 2620 4101 nunquid
2650 4032 2720 4086 ad
2755 4031 2978 4089 malum
3008 4035 3345 4106 agendum?
3385 4037 3572 4094 Absit.
3607 4039 3864 4113 Ideoque

2209 4116 2409 4172 intulit
2440 4122 2547 4175 ειη
2578 4119 2802 4187 bonum,
2832 4122 2889 4177 id
2920 4127 3031 4190 est,
3082 4126 3154 4179 ad
3204 4126 3563 4196 patrandum
3613 4129 3866 4188 bonum.

454 4208 680 4265 sionem
702 4207 931 4264 dicendi
954 4223 967 4263 :
993 4207 1197 4275 Bibite,
1227 4208 1504 4279 quoniam
1534 4207 1849 4278 Apostolus
1872 4224 1905 4263 a
1928 4223 2101 4263 carne

450 4302 683 4355 tantum
707 4296 937 4354 monuit
967 4298 1278 4365 abstinere,
1312 4297 1514 4367 sicque
1545 4296 1605 4350 in
1635 4297 1771 4351 vitio
1802 4297 2103 4351 ebrietatis

451 4405 513 4445 se
541 4392 891 4444 exercerent.
928 4388 1038 4442 Sed
1080 4386 1345 4457 nunquid
1395 4385 1747 4440 condemnat
1791 4385 2102 4455 Apostolus

448 4478 817 4534 creaturam?
847 4478 1030 4531 Absit.
1065 4481 1182 4530 [mo
1204 4473 1628 4544 ostendit,quia
1648 4489 1843 4527 coram
1871 4473 2101 4529 inﬁrmo

446 4568 624 4624 fratre
654 4565 945 4622 sumenda
974 4582 1088 4618 non
1122 4568 1416 4633 sunt,qua
1448 4560 2101 4656 illio-ﬁ‘endiculumaut
2126 4591 2174 4656 Β
2210 4561 2454 4620 Christus
2481 4582 2598 4620 non
2625 4566 2735 4621 sibi
2755 4568 2992 4638 placuit,
3024 4574 3133 4625 etc.
3157 4569 3426 4628 Christus
3452 4588 3568 4629 non
3602 4574 3720 4630 sibi
3743 4575 3873 4648 pla-

445 4655 794 4713 scandalum
847 4657 1090 4724 ponunt.
1146 4651 1309 4705 Unde
1352 4655 1408 4704 et
1455 4648 1731 4704 subditur
1763 4674 1777 4715 ;
1811 4655 1897 4706 Tu
1932 4652 2095 4721 ﬁdem
2126 4648 2167 4656 ’⁷
2203 4653 2352 4721 cuit;
2387 4654 2543 4725 quia,
2578 4671 2709 4710 cum
2738 4655 2798 4710 in
2838 4657 3139 4716 divinitate
3186 4659 3525 4732 unigenitus
3549 4669 3710 4719 esset
3756 4667 3868 4721 Dei

445 4745 608 4800 habes
633 4759 795 4814 penes
828 4742 1199 4811 temetipsum;
1247 4738 1386 4792 habe
1433 4752 1620 4792 coram
1663 4739 1769 4793 Deo
1813 4741 1995 4807 (453),-
2027 4758 2093 4797 ac
2202 4742 2406 4809 Filius,
2433 4744 2502 4827 ad
2536 4747 2719 4799 terras
2750 4746 3069 4817 descendit,
3099 4752 3164 4803 ut
3196 4751 3414 4804 multos
3445 4749 3560 4805 sibi
3589 4752 3867 4825 acquire~

446 4831 497 4887 si
522 4832 738 4887 diceret
768 4847 781 4884 :
817 4829 1049 4884 Sufﬁcit
1072 4828 1173 4882 tibi
1198 4844 1302 4899 per
1324 4827 1495 4880 ﬁdem
1519 4827 1717 4881 omnia
1737 4830 1955 4885 munda
1976 4846 2093 4886 cre-
2203 4836 2290 4886 ret
2320 4830 2548 4899 fratres,
2583 4832 2796 4902 quibus
2826 4835 3016 4893 Patris
3048 4838 3138 4893 sui
3172 4838 3552 4895 distribuerat
3580 4855 3864 4912 regnum.

447 4919 582 4974 dere
615 4937 628 4974 :
665 4921 891 4989 oportet
921 4916 1120 4980 etiam,
1152 4921 1220 4970 ut
1267 4931 1370 4986 pro
1416 4914 1509 4970 Dei
1560 4933 1754 4972 amore
1785 4934 1980 4973 coram
2011 4919 2097 4974 in-
2200 4920 2529 4975 Exinanivit
2562 4923 2760 4993 quippe
2788 4927 3158 4997 semetipsum,
3188 4931 3367 4997 [actus
3392 4927 3645 4986 obediens
3686 4946 3868 5002 usque

446 5008 618 5062 ﬁrmo
639 5007 819 5061 fratre
844 5021 960 5058 non
1001 5020 1223 5074 sumas,
1254 5020 1325 5059 ne
1356 5003 1439 5058 illi
1468 5005 1896 5062 scandalizandi
1929 5024 2091 5063 occa-
2201 5007 2271 5063 ad
2299 5011 2528 5064 mortem
2559 5010 2828 5084 (Philipp.
2862 5030 2924 5084 11,
2952 5016 3031 5086 7).

446 5096 669 5153 sionem
701 5094 931 5148 tribuas
966 5108 979 5149 :
1010 5096 1067 5147 et
1094 5092 1203 5148 hoc
1231 5099 1317 5149 est
1348 5095 1498 5166 quod
1524 5094 1666 5151 dicit
1698 5112 1710 5152 :
1748 5097 1891 5151 Habe
1910 5112 2095 5152 coram
2272 5096 2375 5152 Sed
2401 5099 2543 5154 sicut
2570 5101 2836 5171 scriptum
2874 5110 2951 5157 est
2980 5104 3374 5172 (subauditur,
3415 5106 3502 5162 sic
3551 5106 3717 5180 egit),
3749 5110 3867 5166 im-

445 5189 556 5241 Deo
586 5201 604 5238 :
635 5187 692 5239 et
721 5182 830 5237 hoc
859 5184 949 5236 est
978 5183 1130 5253 quod
1158 5183 1424 5255 sequitur
1456 5200 1468 5239 :
1500 5188 1709 5240 Beatus
1730 5187 1826 5256 qui
1847 5201 1957 5240 non
1995 5187 2091 5257 ju-
2192 5189 2455 5259 pr0peria
2501 5190 2990 5261 improperantium
3039 5193 3149 5248 tibi
3192 5194 3502 5252 ceciderunt
3546 5212 3718 5269 super
3771 5215 3867 5256 me

517 5290 663 5361 (451)
696 5286 862 5361 Vulg.
891 5292 1020 5360 post
1045 5289 1276 5345 adverb.
1313 5290 1547 5346 invicem
1595 5290 1770 5345 habet
1818 5290 2090 5345 custodia-
2271 5293 2419 5373 (455)
2452 5294 2512 5349 In
2541 5310 2717 5373 sensu
2761 5296 2823 5350 B.
2878 5297 3193 5368 Augustini
3220 5299 3679 5373 intelligendum
3727 5321 3865 5361 esse

445 5377 667 5453 musz’m
693 5432 741 5453 υ
788 5430 802 5453 1
935 5432 977 5453 Π
1066 5434 1125 5453 m
2201 5369 2795 5453 auctoremnos'trum
2829 5373 3087 5453 pateten
3112 5370 3339 5453 multis,
3372 5369 3500 5453 qua
3532 5376 3761 5446 profert
3789 5393 3868 5433 ex

2201 5436 2609 5523 eodem,.cuj‘us‘
2620 5437 2811 5523 fuisse
2829 5436 3368 5523 studiosissimum,
3389 5436 3652 5504 lectores
3674 5447 3862 5505 latere

2201 5511 2555 5595 nonapo'tes‘t.
2588 5507 2730 5595 Vide
2758 5509 2820 5564 D.
2880 5510 3145 5595 Prosper.
3173 5507 3425 5595 .i’n_hanc_
3447 5520 3857 5595 sententiam,

2201 5592 2379 5632 carm.
2402 5577 2466 5634 de
2491 5580 2745 5652 lngratis,
2779 5586 2929 5653 part.
2965 5577 3044 5651 11,—
3073 5600 3127 5639 v.
3160 5584 3268 5640 405
3294 5586 3369 5642 ad
3399 5587 3530 5647 410.

2210 4207 2371 4271 Quod
2404 4211 2468 4262 ut
2495 4208 2819 4266 evidentius
2862 4212 3311 4282 demonstraret,
3361 4214 3674 4285 subjunxit
3724 4238 3738 4275 :
3789 4221 3873 4277 Ad
3947 4224 3949 4231 ⁴

2208 4295 2646 4366 ἅξάἱῇοαιὶοηεγη.

2279 4385 2558 4457 Denique,
2588 4387 2639 4443 si
2670 4404 2911 4445 suorum
2943 4390 3281 4447 auditorum
3309 4392 3539 4450 animos
3578 4394 3871 4468 ﬂecteret,

2208 4474 2397 4545 ipsius
2434 4476 2660 4531 Domini
2682 4477 2934 4548 subjecit
2963 4479 3325 4552 exemplum,
3355 4482 3560 4540 dicens
3593 4500 3608 4539 :
3642 4487 3873 4543 Etenim

514 5433 669 5574 (432)
693 5430 865 5503 Vulg.
899 5432 1215 5503 o/fenditur.

537 5504 660 5572 423)
690 5503 856 5574 Vulg.
884 5503 965 5559 ita
995 5504 1133 5574 legit
1168 5521 1181 5559 :

537 5504 660 5572 423)
690 5502 856 5576 Vulg.
884 5502 965 5559 ita
995 5504 1133 5576 legit
1168 5521 1181 5559 :
1216 5513 1274 5559 tu
1303 5504 1465 5574 ﬁdem
1494 5505 1660 5559 habes
1681 5502 1709 5556 ‘I
1734 5519 1898 5573 penes
1917 5506 2091 5558 teme-

442 5577 643 5648 tipsum
672 5576 807 5648 habe
835 5591 1017 5632 coram
1050 5576 1177 5631 Deo.

510 5647 658 5729 (454)
688 5647 857 5723 Vulg.
882 5650 1015 5723 quia
1043 5663 1156 5705 non
1184 5661 1253 5703 ex
1281 5644 1405 5719 ﬁde.
