3996 6232
112 415 234 484 173

738 415 1164 482 EXPOSITIO
1207 417 1287 481 IN
1331 413 1761 481 EPISTOLAS
1811 417 2273 482 PAULI.-—IN
2321 415 2569 480 EPIST.
2601 414 2704 478 AD
2749 415 2940 480 ROM.

3431 419 3545 478 274

109 555 277 630 (Psal.
313 570 514 622 vanr,
541 554 658 620 10).
687 552 964 608 Pravidit
987 552 1291 626 propheta,
1315 555 1592 625 quoniam
1619 553 1782 608 Chri-
1813 555 1866 620 Α
1897 555 2121 610 sionem
2151 555 2382 610 Judazos
2415 557 2793 628 spernebant,
2826 555 3114 626 subjecit:
3140 557 3270 613 Dico
3287 558 3433 612 enim
3456 557 3551 612 Je-

110 652 236 702 stus
267 643 462 700 multa
489 641 812 715 Opprobria
834 642 1100 697 aJudreis
1128 647 1251 697 erat
1276 660 1598 714 passurus;
1625 643 1782 697 ideo-

110 752 219 808 que
251 735 363 789 hoc
395 735 456 788 in
509 733 643 802 ejus
695 748 946 803 persona
997 732 1266 797 dicebat;
1302 739 1359 787 et
1389 738 1477 787 est
1519 749 1731 787 sensus
1767 749 1778 787 :

106 825 451 880 Judmorum
473 820 811 877 infidelium
831 821 1145 893 opprobria
1164 822 1688 893 improperantium
1711 822 1780 875 ti-

106 914 186 981 bi,
218 931 252 968 ο
286 914 478 980 Pater,
516 928 699 982 super
752 926 844 965 me
895 910 1276 976 ceciderunt;
1312 912 1452 982 quia
1503 928 1593 965 me
1627 912 1781 964 inve-

108 1002 380 1068 runt,cui
404 1001 849 1073 exprobrarent.
876 999 1007 1055 Tibi
1033 1004 1228 1054 autem
1253 1000 1780 1072 improperantium

107 1091 270 1155 dicit,
305 1089 592 1161 quoniam
628 1089 730 1159 qui
761 1087 1016 1142 detrahit
1047 1088 1222 1154 Patri,
1259 1089 1511 1143 detrahit
1542 1095 1597 1143 ct
1617 1088 1778 1155 Filio,

109 1184 164 1234 et
195 1179 305 1252 qui
356 1195 476 1233 non
529 1178 745 1249 recepit
797 1176 1032 1242 Filium,
1082 1194 1269 1248 neque
1315 1183 1542 1232 Patrem
1581 1196 1591 1231 :
1627 1178 1781 1231 unde

109 1271 168 1323 in
206 1267 533 1337 Evangelio
567 1283 582 1320 :
620 1267 722 1334 Qui
766 1268 968 1337 recipit
1015 1282 1120 1330 me,
1152 1269 1352 1337 recipit
1381 1284 1507 1321 eum
1551 1269 1646 1337 qui
1696 1283 1781 1321 me

109 1359 276 1412 misit
311 1357 463 1427 (Luc.
499 1372 574 1420 ix,
608 1355 719 1425 48).

195 1445 275 1499 Ut
309 1447 502 1498 autem
535 1444 866 1498 ostenderet
896 1443 1209 1498 utilitatem
1255 1443 1458 1498 divinm
1492 1443 1776 1512 lectionis,

110 1533 254 1603 subj
267 1533 433 1587 unxit
462 1533 710 1602 (1156-57)
746 1551 758 1588 :
794 1537 1154 1603 Quaecunque
1201 1535 1348 1586 enim
1398 1536 1599 1604 scripta
1630 1537 1776 1596 sunt,

112 1622 188 1677 ad
209 1626 459 1676 nostram
479 1622 782 1676 utilitatem
799 1625 1007 1693 scripta
1019 1623 1381 1678 sunt.0mnia
1410 1623 1508 1693 qui
1516 1640 1779 1694 ppe,quze

110 1711 288 1782 longe
317 1710 556 1780 lateque
603 1710 664 1764 in
716 1711 1018 1782 Scriptura
1048 1728 1216 1767 sacra
1264 1712 1656 1780 continentur,
1692 1712 1779 1765 id-

112 1801 272 1855 circo
328 1800 545 1871 scripta
599 1805 756 1866 sunt,
792 1806 857 1853 ut
905 1801 974 1855 ad
1026 1800 1260 1855 illorum
1309 1801 1641 1872 exemplum
1677 1818 1781 1855 nos

1893 661 2015 698 sum
2047 645 2328 699 Christum
2357 648 2677 701 ministrmn
2697 648 2866 716 fuisse
2895 647 3346 701 circumcisionis.
3381 649 3459 702 Ac
3491 645 3540 703 si

1895 740 2088 804 aperte
2120 736 2334 789 diceret
2371 753 2382 788 :
2416 739 2528 788 Cur
2559 741 2793 804 propter
2823 734 2928 787 hoc
2973 735 3205 790 Judieos
3238 738 3538 807 spernitis,

1893 823 2029 894 quia
2060 823 2266 878 nolunt
2314 825 2577 878 recedere
2610 843 2642 878 a
2686 824 2903 878 carnali
2939 825 3342 880 observatione
3371 826 3538 898 legis,

1892 913 1949 966 in
1985 930 2100 983 qua
2131 914 2226 966 diu
2256 918 2723 983 permanserunt,
2747 930 2878 967 cum
2903 918 2955 966 et
2981 913 3246 967 Christus
3268 915 3540 970 minister

1893 1003 2354 1056 circumcisionis
2407 1003 2621 1056 fuerit?
2650 1002 2817 1065 Nam,
2851 1003 3002 1055 sicut
3050 1019 3215 1056 sacra
3246 1004 3538 1074 Evangelii

1893 1096 2089 1144 narrat
2119 1090 2585 1152 historia,octavo
2617 1091 2707 1143 die
2731 1089 3112 1144 circumcisus
3142 1095 3228 1143 est
3258 1107 3289 1143 a
3322 1108 3537 1161 paren-

1892 1181 2048 1234 tibus
2082 1182 2229 1248 (Luc.
2270 1197 2328 1242 ll,
2359 1182 2488 1248 ‘31);
2521 1181 2673 1250 quod
2729 1180 2853 1232 ideo
2886 1179 3089 1244 voluit,
3125 1196 3195 1233 ne
3223 1179 3535 1236 dissentire

1889 1269 2184 1323 videretur
2213 1288 2246 1323 a
2279 1270 2566 1333 l’atribus,
2602 1287 2665 1322 ac
2700 1285 2802 1338 per
2831 1269 2936 1321 hnc
2981 1269 3198 1323 Judzeis
3242 1285 3354 1323 non
3386 1269 3536 1323 reci-

1890 1359 2082 1430 picndi
2118 1376 2178 1412 se
2211 1359 2373 1412 daret
2394 1359 2777 1412 occasionem.
2804 1357 2963 1411 Unde
2987 1362 3042 1411 et
3063 1358 3336 1412 subditur
3358 1377 3369 1413 :
3395 1364 3537 1413 Pro-

1888 1457 2008 1518 pter
2036 1450 2314 1502 veritatem
2349 1448 2460 1512 Dei,
2495 1448 2563 1500 url
2595 1447 2993 1515 conﬁrmandus
3021 1450 3404 1518 promissiones
3432 1465 3537 1518 pa—

1891 1546 2058 1591 trum.
2086 1539 2206 1601 Quo
2239 1537 2393 1590 enim
2427 1538 2638 1590 veritas
2659 1537 2755 1590 Dei
2791 1537 3161 1591 manifestata
3179 1542 3285 1602 est,
3315 1553 3381 1591 eo
3405 1554 3539 1592 con-

1892 1627 2133 1679 firmatze
2167 1631 2304 1679 sunt
2335 1625 2751 1695 promissioncs
2784 1627 2852 1678 de
2887 1627 3012 1696 ipso
3045 1627 3318 1696 'patribus
3350 1627 3533 1681 factae.

1891 1716 1959 1768 Et
1989 1715 2311 1783 sciendum,
2333 1715 2470 1784 quia
2497 1714 2782 1782 Christus,
2808 1732 2920 1768 non
2945 1715 3194 1769 carnalis
3217 1715 3537 1783 solum,sed

1892 1809 1948 1857 et
1983 1802 2265 1874 spiritalis
2297 1802 2760 1856 circumcisiouis
2794 1803 3062 1856 minister
3092 1803 3202 1858 fuit
3227 1820 3237 1858 :
3267 1821 3402 1858 nam
3437 1803 3534 1874 qui

108 1889 511 1942 informamus
558 1891 614 1943 et
666 1889 1002 1944 doceamur.
1057 1889 1122 1943 Et
1170 1889 1278 1944 hoc
1326 1892 1433 1958 est,
1487 1889 1639 1960 quod
1691 1905 1778 1943 se-
1813 1921 1861 1986 B
1892 1897 2090 1947 octavo
2123 1891 2214 1945 die
2259 1891 2641 1945 circumcisus
2673 1895 2760 1944 est
2793 1908 2824 1943 a
2856 1892 3211 1962 parentibus.
3242 1891 3538 1946 tricesimo

117 1976 372 2048 quitur:
409 1978 471 2033 Ut
515 1995 616 2048 per
656 1979 1008 2049 patientiam,
1056 1983 1105 2034 et
1157 1979 1579 2033 consolationem
1634 1978 1784 2032 Scri-

119 2075 441 2137 pturarum,
484 2082 635 2137 spem
682 2065 997 2121 habeamus.
1049 2070 1193 2123 Cum
1243 2067 1399 2122 enim
1455 2067 1788 2122 audivimus

118 2171 187 2210 ex
216 2155 525 2226 Scriptura
554 2172 737 2219 sacra,
773 2155 914 2226 quia
973 2155 1160 2210 sancti
1191 2156 1296 2211 viri
1331 2157 1518 2212 multa
1549 2157 1788 2212 adversa

122 2247 363 2315 propter
392 2245 579 2299 Deum
628 2245 916 2316 patienter
959 2246 1245 2312 tulerunt,
1300 2262 1574 2317 magnam
1605 2263 1670 2300 ex
1722 2262 1790 2300 ea

122 2331 597 2388 consolationem
621 2333 1030 2405 accipimus,ut
1053 2351 1217 2405 spem
1247 2335 1568 2390 habeamus
1591 2341 1789 2389 tenen-

123 2420 187 2474 di
220 2421 585 2492 quandoque
617 2421 672 2475 in
704 2437 782 2492 re,
815 2422 971 2494 quod
1007 2439 1162 2476 nunc
1193 2427 1460 2478 tenemus
1491 2423 1549 2477 in
1584 2441 1704 2494 spc.

201 2508 398 2580 Igitur
429 2524 496 2564 ex
525 2510 715 2565 verbis
744 2511 868 2566 suis
908 2516 1146 2583 sumpta
1175 2513 1496 2578 occasione,
1544 2514 1792 2584 subjecit

136 2597 494 2664 orationem,
528 2615 651 2670 quae
701 2616 814 2654 non
847 2599 1086 2655 inferior
1123 2605 1212 2655 est
1258 2601 1658 2657 benedictione
1691 2620 1789 2674 pa-

137 2687 536 2742 triarcharum
570 2704 582 2740 :
617 2687 718 2743 illa
746 2689 901 2743 enim
953 2689 1205 2744 carnalis
1235 2694 1377 2760 erat,
1412 2691 1564 2745 sicut
1596 2691 1739 2746 illud
1776 2710 1788 2747 :

138 2776 202 2830 In
231 2792 355 2831 rore
383 2778 508 2831 caeli
543 2782 598 2832 et
637 2778 982 2848 pinguedine
1028 2781 1200 2834 terra?
1245 2781 1315 2833 sit
1365 2779 1668 2836 benedictio
1699 2789 1792 2836 tua

136 2866 291 2932 (Gen.
322 2883 499 2936 xxvn,
522 2867 654 2935 28);
682 2866 790 2921 hac
819 2883 953 2922 vero
985 2867 1266 2938 spiritalis
1305 2873 1412 2923 est.
1461 2869 1554 2924 Ait
1585 2870 1739 2925 enim
1775 2888 1786 2924 ε

143 2955 284 3011 Deus
331 2959 514 3011 autem
552 2956 840 3027 patientiae
883 2959 936 3011 et
965 2957 1150 3012 solatii
1194 2956 1280 3012 det
1326 2958 1476 3013 vobis
1524 2959 1578 3013 id
1609 2961 1792 3029 ipsum

131 3059 329 3116 sapere
359 3045 421 3099 in
471 3046 823 3100 alterutrum.
854 3045 1008 3100 Deus
1058 3047 1347 3118 patientia:
1396 3050 1451 3102 et
1481 3047 1671 3102 solatii
1703 3047 1788 3102 di-

134 3133 308 3206 citur,
341 3133 494 3190 sicut
545 3134 852 3190 cbaritatis
901 3139 956 3190 et
987 3134 1183 3207 pacis;
1217 3152 1283 3191 eo
1316 3136 1467 3208 quod
1525 3137 1649 3208 ipso
1677 3138 1788 3192 vir-

128 3227 322 3279 tutem
354 3223 578 3279 tribuat
612 3223 1032 3279 consolationis
1063 3228 1119 3279 et
1149 3225 1462 3296 patientia).
1498 3227 1559 3280 Id
1593 3227 1787 3298 ipsum

1897 1998 2049 2036 anno
2081 1980 2409 2051 baptizatus
2430 1983 2517 2032 est
2540 1979 2597 2032 in
2624 1978 2874 2032 Jordane
2893 1996 2924 2032 a
2947 1979 3170 2033 Joanne
3193 1979 3538 2049 Baptista,in

1897 2088 2012 2141 quo
2043 2069 2211 2123 nobis
2245 2067 2526 2139 spiritalis
2557 2067 3044 2131 circumcisionis,
3072 2067 3128 2120 id
3152 2061 3239 2122 est
3262 2066 3540 2138 baptismi

1898 2159 2141 2230 przebuit
2183 2157 2534 2228 exemplum.
2584 2157 2864 2210 Praeterea
2912 2155 3238 2223 sciendum,
3283 2156 3422 2226 quia
3451 2154 3542 2209 his

1897 2248 2086 2303 verbis
2116 2247 2369 2302 ostendit
2389 2246 2702 2315 Apostolus
2725 2245 3036 2299 Dominum
3061 2249 3203 2299 adeo
3232 2244 3543 2299 Judaicum

1899 2337 2180 2409 populum
2213 2335 2506 2400 dilexisse,
2529 2339 2591 2388 ut
2615 2334 2794 2389 Filius
2817 2335 2942 2403 ejus
2965 2352 3031 2388 ex
3063 2333 3160 2388 illo
3183 2349 3418 2388 carnem
3442 2349 3544 2388 su-

1900 2430 2102 2489 meret,
2151 2430 2206 2479 ct
2252 2425 2403 2478 inter
2450 2440 2546 2478 eos
2599 2422 2974 2494 corporaliter
3021 2427 3394 2477 conversatus
3443 2421 3540 2476 sit.

1901 2515 2062 2569 Unde
2108 2520 2162 2569 et
2211 2514 2265 2567 in
2301 2513 2606 2584 Evangelio
2657 2513 2779 2583 ipse
2811 2511 2951 2566 dicit
2986 2531 2996 2565 :
3033 2516 3152 2566 Non
3197 2528 3320 2566 sum
3349 2512 3544 2564 missus

1899 2607 2014 2658 nisi
2041 2604 2110 2658 ad
2167 2620 2310 2669 oves,
2353 2618 2475 2673 qua:
2521 2604 2800 2673 perierant
2864 2602 3052 2655 domus
3110 2601 3272 2655 Israel
3332 2599 3541 2670 (Matth.

1899 2711 1990 2758 xv,
2022 2695 2134 2762 24).
2169 2694 2379 2747 Gentes
2411 2697 2626 2757 autem,
2663 2709 2794 2746 cum
2832 2689 3051 2746 nullam
3103 2691 3230 2759 ejus
3263 2688 3545 2744 baberent

1900 2783 2311 2853 cognitionem,
2346 2781 2468 2835 sola
2498 2781 2750 2852 gratuita
2790 2779 3190 2835 misericordia
3218 2778 3441 2834 vocavit
3471 2777 3544 2832 ad

1901 2871 2097 2926 ﬁdem.
2133 2871 2296 2926 Unde
2327 2872 2451 2941 ipse
2505 2870 2564 2924 in
2616 2869 2925 2940 Evangelio
2960 2886 2972 2924 :
3006 2871 3155 2924 Alias
3203 2884 3322 2924 oves
3354 2869 3542 2936 habeo,

1901 2976 2025 3031 quae
2057 2977 2164 3014 non
2195 2969 2319 3015 sunt
2349 2977 2417 3015 cx
2449 2960 2547 3014 hoc
2573 2960 2710 3014 ovili
2740 2961 2919 3030 (Joan.
2949 2959 3257 3030 x,16),etc.
3291 2959 3545 3030 Ideoque

1903 3065 2057 3103 nunc
2089 3048 2289 3103 subdit
2323 3065 2335 3102 :
2377 3049 2566 3103 Gentes
2595 3052 2781 3102 autem
2805 3063 2968 3118 super
2986 3045 3367 3101 misericordia
3389 3045 3550 3115 (sub-

1903 3138 2157 3204 auditur,
2191 3153 2368 3208 quam
2417 3137 2569 3190 circa
2617 3152 2716 3191 eos
2747 3135 3032 3203 exhibuit)
3083 3135 3350 3190 honorare
3379 3135 3551 3187 Deum

1901 3226 2275 3297 (subauditur
2305 3243 2338 3280 a
2367 3224 2651 3296 superiori
2674 3241 2686 3277 :
2708 3224 2856 3293 dico)
2886 3242 2899 3290 ;
2931 3239 3062 3277 nam
3094 3224 3184 3276 cui
3206 3223 3333 3293 plus
3355 3221 3550 3276 dimit-

133 3329 362 3385 sapere,
392 3313 452 3368 id
503 3319 618 3378 est,
650 3330 767 3369 non
819 3289 1166 3369 dissentire:
1201 3315 1264 3370 In
1311 3289 1676 3384 alterutrum,
1730 3316 1787 3371 id
1820 3289 1862 3355 (ἶ
1903 3289 2058 3385 titur,
2089 3315 2214 3384 plus
2244 3313 2429 3381 diligit
2444 3289 2606 3379 (Luc.
2638 3329 2739 3376 v11,
2774 3289 2892 3380 47).
2920 3312 3146 3373 Quanto
3191 3289 3380 3379 magis
3411 3324 3548 3379 ergo

133 3404 244 3467 est,
305 3401 584 3468 invicem,
633 3402 719 3457 vel
770 3402 840 3458 de
889 3401 1190 3458 alterutro.
1241 3403 1540 3467 Quomodo
1593 3409 1789 3460 autem

131 3504 234 3546 eos
281 3491 574 3562 optaverit
623 3507 803 3546 unum
853 3491 1024 3556 scire,
1065 3492 1339 3559 ostendit,
1375 3493 1787 3564 subjungens:

135 3577 201 3633 Ut
229 3577 550 3642 unanimes,
583 3592 686 3630 ano
715 3594 801 3633 ore
846 3578 1221 3648 honoriﬁcetis
1254 3581 1444 3643 Deum,
1477 3585 1526 3634 et
1569 3586 1787 3635 Patrem

129 3663 361 3720 Domini
390 3665 568 3720 nostri
593 3665 716 3720 Iesu
765 3665 986 3736 Christi,
1020 3667 1128 3722 hoc
1159 3672 1268 3737 est,
1303 3685 1483 3723 unum
1523 3668 1786 3724 animum

126 3754 446 3820 habentes,
504 3757 560 3808 et
602 3770 857 3810 consona
902 3771 1038 3811 voce
1087 3755 1443 3827 glorificetis,
1495 3774 1608 3811 non
1663 3774 1784 3823 vos,

127 3843 232 3899 sed
259 3843 470 3898 Deum.
511 3841 669 3897 Unde
695 3843 751 3898 in
785 3843 1091 3915 Evangelio
1116 3844 1400 3900 Dominus
1427 3863 1438 3900 :
1477 3847 1540 3901 Ut
1569 3845 1787 3900 videant

127 3947 298 4001 Opera
354 3934 541 3985 vestra
590 3931 748 3996 bona,
799 3940 848 3985 et
900 3933 1203 4002 gloriﬁcent
1267 3936 1490 3987 Patrem
1549 3937 1787 3988 vestrum

128 4019 346 4089 (Matth.
380 4035 437 4086 v,
470 4019 581 4088 16).
615 4019 685 4073 Et
715 4019 854 4090 quia
884 4020 1068 4076 Judaei
1124 4021 1204 4074 ita
1234 4025 1418 4076 Deum
1450 4023 1782 4094 credebant,

129 4112 194 4162 ut
223 4106 443 4162 Filium
476 4107 690 4162 habere
731 4112 1029 4179 negarent,
1063 4107 1144 4164 ait
1176 4124 1187 4163 :
1221 4110 1286 4163 Et
1315 4115 1538 4166 Patrem
1568 4112 1785 4168 Domini

124 4197 303 4251 nostri
332 4197 460 4251 Iesu
491 4195 712 4251 Christi.

200 4284 413 4358 Igitur,
446 4287 512 4338 ut
553 4299 652 4340 eos
680 4285 772 4353 [ad
827 4299 1029 4356 pacem
1082 4291 1397 4357 revocaret,
1431 4289 1732 4358 subjunxit
1768 4309 1780 4345 :

121 4375 356 4445 Propter
387 4374 551 4445 quod,
587 4374 647 4428 id
701 4378 810 4440 est,
844 4378 908 4429 ut
953 4375 1011 4428 id
1051 4375 1245 4446 ipsum
1289 4392 1492 4447 sapere
1522 4378 1781 4448 possitis,

124 4465 391 4534 suscipite
423 4465 685 4531 invicem,
719 4462 942 4519 scilicet
970 4464 1030 4519 in
1062 4464 1195 4519 ﬁde.
1220 4465 1289 4518 Et
1319 4464 1454 4537 quia
1485 4465 1623 4520 mali
1646 4483 1706 4522 se
1729 4472 1784 4522 et

124 4551 181 4606 in
206 4551 367 4607 malo
394 4551 694 4623 suscipere
714 4558 981 4624 possunt,
1006 4553 1220 4608 idcirco
1242 4554 1534 4624 quomodo
1559 4572 1618 4610 se
1649 4573 1780 4611 sus-

1901 3403 2054 3457 Deus
2080 3401 2279 3472 gentili
2304 3399 2516 3471 populo
2540 3399 2791 3464 donavit,
2817 3398 2916 3468 qui
2940 3413 3083 3468 pene
3104 3396 3318 3468 abipso
3343 3397 3546 3451 mundi

1901 3491 2136 3546 exordio
2168 3507 2201 3544 a
2234 3488 2560 3559 cognitione
2583 3487 2680 3542 Dei
2704 3487 3000 3551 recedens,
3027 3485 3083 3539 in
3107 3485 3395 3540 idolorum
3421 3484 3545 3538 cul-

1896 3583 1957 3634 tu
1969 3597 2029 3634 ra
2053 3577 2401 3651 permansit;
2423 3581 2584 3631 tanto
2603 3575 2856 3647 amplius
2879 3574 3198 3629 debitorem
3222 3572 3385 3628 illum
3410 3573 3547 3631 fecit

1898 3669 1956 3723 in
1994 3668 2224 3723 laudem
2258 3683 2375 3722 sum
2411 3666 2838 3721 misericordiae.

1972 3757 2043 3813 Ut
2076 3762 2269 3812 autem
2299 3756 2567 3811 ostendat
2597 3761 2652 3810 et
2700 3755 3034 3810 Judaz-orum
3069 3759 3124 3808 et
3153 3753 3417 3825 gentium
3451 3770 3544 3808 sa-

1899 3848 2080 3901 lutem
2129 3845 2432 3917 pmdictam
2483 3862 2515 3899 a
2563 3843 2882 3916 prophetis,
2916 3847 3165 3915 quatuor
3210 3842 3547 3898 testimonia

1895 3936 2063 4006 (458),
2098 3939 2332 4006 propter
2359 3938 2608 4005 quatuor
2631 3933 3073 4004 Evangeliorum
3099 3932 3300 4001 libros,
3327 3932 3387 3986 in
3411 3932 3540 4004 qui-

1895 4025 2006 4080 bus
2037 4023 2287 4078 maxime
2318 4023 2455 4077 Novi
2487 4022 2842 4077 Testamenti
2892 4021 3156 4076 doctrina
3190 4022 3538 4076 continetur.

1890 4114 1985 4168 Ait
2015 4112 2167 4168 enim
2205 4129 2218 4166 :
2251 4113 2687 4177 Sieutscriptum
2717 4114 2792 4163 est
2824 4127 2842 4162 :
2875 4115 3103 4179 Pr0pter
3126 4111 3223 4163 hoc
3249 4110 3542 4177 conﬁtebor

1889 4202 1994 4254 tibi
2024 4200 2082 4254 in
2131 4199 2383 4269 gentibus
2433 4198 2504 4267 (II
2548 4197 2675 4264 Reg.
2727 4211 2864 4262 xxii,
2897 4198 3003 4263 50;
3054 4197 3202 4249 Psal.
3244 4212 3379 4264 xvu,
3424 4195 3540 4264 50).

1891 4288 2022 4343 Hac
2045 4288 2220 4342 verba
2234 4284 2475 4340 FiliiDei
2496 4289 2636 4339 sunt
2658 4299 2670 4336 :
2700 4282 2963 4354 praevidit
2979 4297 3233 4352 namque
3255 4280 3542 4352 propheta

1891 4381 2094 4449 gentes
2124 4375 2450 4430 crediturus
2480 4391 2492 4440 ;
2529 4371 2743 4427 idcirco
2774 4370 2965 4425 hocin
2999 4369 3126 4424 Filii
3155 4385 3293 4424 voce
3325 4369 3396 4424 ad
3430 4369 3536 4425 Pa-

1891 4472 2039 4521 trem
2072 4465 2354 4537 loquitur.
2388 4463 2550 4526 Quod
2585 4467 2781 4516 autem
2811 4458 2971 4530 dicit,
2994 4457 3537 4528 conﬁtebor,intelli-

1889 4555 2145 4627 gendum
2179 4558 2288 4619 est,
2322 4551 2585 4606 confiteri
2635 4549 2842 4604 faciam
2879 4567 2890 4604 :
2925 4547 3213 4603 confessio
3258 4561 3534 4616 namque,

124 4640 316 4712 cipere
349 4640 606 4695 debeant
635 4641 973 4697 manifestat
1007 4658 1020 4696 :
1056 4642 1207 4698 Sicut
1256 4645 1304 4698 et
1336 4643 1580 4698 Christus
1605 4660 1781 4699 susce-
1816 4658 1858 4721 ι)
1889 4661 2003 4698 non
2036 4647 2408 4714 peccatorum
2441 4639 2810 4697 solummodo
2842 4642 2950 4704 est,
2974 4638 3074 4694 sed
3107 4635 3284 4692 etiam
3314 4634 3530 4691 laudis.

117 4733 201 4801 pit
228 4746 324 4786 vos
344 4745 367 4791 .°
396 4745 463 4784 ac
486 4730 535 4784 si
560 4729 776 4785 diceret
803 4747 817 4786 :
842 4729 943 4786 llle
973 4731 1042 4786 de
1063 4731 1224 4786 caelis
1245 4731 1546 4787 descendit
1563 4733 1632 4787 ad
1666 4738 1779 4788 ter-

121 4836 216 4875 ras
251 4836 266 4874 :
304 4823 362 4874 et
393 4825 462 4873 ut
494 4833 699 4873 omnes
726 4818 996 4885 salvaret,
1031 4836 1266 4875 carnem
1300 4825 1559 4877 nostram
1594 4821 1780 4877 susci-

119 4924 254 4980 pere
286 4923 406 4962 non
463 4907 762 4978 despexit;
795 4912 990 4963 vestra
1032 4908 1251 4964 scelera
1280 4926 1394 4964 non
1428 4911 1730 4966 abhorruit
1763 4928 1775 4965 :

117 5000 350 5068 Oportet
380 5011 520 5067 ergo
550 4999 619 5050 ut
650 4995 880 5051 faciatis
930 4996 1081 5052 sicut
1111 4996 1209 5053 ille
1243 4999 1400 5066 fecit,
1432 5016 1535 5055 nec
1566 5017 1664 5054 vos
1695 4999 1780 5054 ul-

113 5086 302 5142 terius
331 5089 438 5141 aut
449 5083 732 5155 judicetis
757 5087 858 5139 aut
879 5085 1189 5156 spernatis.
1214 5087 1283 5142 Et
1303 5086 1543 5159 pulchre
1575 5087 1780 5144 subdi-

114 5179 212 5230 tur
243 5191 258 5231 :
291 5179 367 5231 1η
398 5173 663 5228 honorem
691 5174 822 5237 Dei;
851 5174 1128 5245 quoniam
1162 5175 1261 5230 Dei
1296 5175 1476 5231 Filius
1499 5176 1556 5231 in
1591 5177 1779 5230 omni-

114 5263 248 5335 bus,
281 5280 413 5336 quae
446 5262 636 5336 gessit
667 5265 770 5316 aut
799 5262 1016 5331 docuit,
1050 5280 1164 5318 non
1219 5280 1410 5331 suam,
1441 5264 1541 5318 sed
1593 5264 1780 5322 Patris

115 5353 365 5426 gloriam
400 5349 703 5425 quesivit.

188 5444 418 5515 Itaque,
452 5440 600 5512 quia
627 5435 874 5509 gentiles
905 5439 1158 5496 maxime
1207 5443 1444 5512 propter
1472 5439 1776 5497 circumci-

187 5637 442 5710 (456-57)
478 5633 546 5692 In
580 5646 770 5710 marg.
805 5637 998 5710 autog.
1029 5635 1126 5710 hie
1156 5636 1369 5710 legitur
1398 5653 1524 5710 cap.
1560 5638 1648 5710 LI.

1891 4733 2053 4788 Unde
2084 4734 2140 4786 in
2175 4730 2482 4803 Evangelio
2518 4748 2530 4785 :
2566 4731 2830 4799 Conﬁteor
2857 4728 2985 4797 tibi,
3017 4729 3181 4782 Pater
3210 4723 3430 4797 (Matth.
3453 4741 3534 4794 x1,

1889 4823 1998 4889 2'");
2034 4823 2161 4877 Luc.
2194 4839 2247 4890 x,
2282 4821 2412 4889 21);
2450 4821 2506 4874 id
2539 4825 2646 4889 est,
2679 4818 2853 4874 laudo
2887 4822 2944 4872 te
2975 4842 2988 4884 ;
3020 4815 3103 4872 sic
3133 4820 3188 4870 et
3217 4815 3327 4872 hoc
3356 4813 3482 4870 loco
3517 4832 3530 4870 :

1889 4912 2216 4981 Con/itebor,
2239 4910 2295 4964 id
2327 4914 2436 4974 est,
2461 4909 2699 4964 laudare
2716 4914 2770 4963 te
2790 4906 2995 4962 faciam
3019 4906 3078 4961 in
3109 4905 3382 4978 gentibus
3412 4921 3424 4960 ι
3450 4904 3535 4960 si-

1892 4999 2108 5054 militer
2140 5017 2152 5054 :
2188 5001 2248 5054 Et
2279 5002 2337 5054 in
2368 5001 2589 5055 nomine
2626 5002 2717 5052 tuo
2765 4997 3016 5063 cantabo,
3051 4995 3107 5049 id
3156 5001 3265 5066 est,
3299 4998 3534 5050 cantare

1890 5088 2121 5144 faciam.
2167 5088 2315 5154 Quid
2366 5104 2426 5142 se
2476 5091 2848 5142 cantaturum
2903 5083 3228 5156 promittat,
3275 5083 3369 5138 hic
3417 5099 3534 5137 non

1889 5175 2149 5232 ostendit
2168 5175 2483 5245 Propheta;
2509 5175 2646 5230 alibi
2670 5191 2802 5230 vero
2833 5173 3109 5236 declarat,
3135 5173 3368 5228 dicens:
3391 5172 3532 5226 Can-

1888 5270 1994 5320 tate
2022 5267 2253 5320 Domino
2281 5264 2555 5316 canticum
2592 5281 2789 5317 novum
2815 5264 2984 5330 (Psal.
3019 5280 3196 5329 xxxn,
3224 5264 3300 5331 3),
3333 5259 3390 5314 id
3422 5263 3530 5328 est,

1889 5353 2020 5408 novi
2053 5350 2250 5425 pOpuli
2299 5349 2548 5404 salutem
2580 5354 2636 5404 et
2687 5351 3146 5421 redemptionem
3177 5368 3195 5404 :
3231 5348 3383 5420 quod
3417 5363 3533 5402 non

1889 5457 2094 5498 omnes
2115 5442 2373 5505 cantant,
2397 5437 2494 5507 qui
2527 5452 2626 5493 ore
2656 5442 2992 5508 personant,
3016 5437 3116 5493 sed
3139 5437 3240 5508 qui
3269 5453 3335 5494 eo
3358 5435 3532 5491 modo

187 5705 334 5782 (458)
363 5705 548 5768 Deest
571 5705 821 5762 fortasse
842 5705 1487 5780 hic—verbum'adduxit;
1501 5709 1590 5766 vel
1611 5709 1769 5766 aliud
1808 5707 2020 5768 simile.
