3996 6232
443 404 562 470 275

1478 403 1821 470 ATTONIS
1864 404 2449 470 VERCELLENSIS
2493 402 2844 470 EPISCOPI

3751 410 3883 474 276

453 540 714 605 cantant,
747 554 861 610 quo
902 542 1099 595 monet
1141 538 1454 610 Apostolus
1488 558 1501 597 :
1538 540 1826 597 Cantantes
1874 548 1924 596 et
1950 541 2096 612 psat-
2128 541 2184 608 Α
2213 554 2415 595 omnes
2476 539 2722 595 Romani
2779 538 2934 612 pleni
2981 544 3147 597 erant
3186 541 3541 599 dilectione?
3594 544 3879 603 Minime.

454 631 623 686 lentes
652 630 714 683 in
741 629 1001 686 cordibus
1030 630 1219 685 vestris
1267 630 1494 684 Domino
1525 632 1742 701 (Ephes.
1773 647 1826 702 v,
1862 632 1970 698 17).
2008 632 2098 685 10-

451 725 553 776 tus
584 718 866 774 nimirum
898 724 986 775 est
1003 718 1419 791 gaudium,ubi
1441 736 1547 773 vox
1568 719 1760 775 laudis
1792 719 2027 774 auditur
2047 723 2103 774 et

453 807 711 865 sentitur
742 823 755 862 :
785 809 857 863 Et
886 808 1094 863 iterum
1148 805 1287 860 dicit
1340 822 1351 860 :
1403 807 1700 862 Laetamini
1744 811 1950 877 gentes.
1986 808 2102 862 Hoc

456 896 793 969 exemplum
832 894 1279 958 Deuteronomio
1325 900 1627 966 sumptum
1682 901 1806 963 est;
1841 896 2105 967 praevidit

458 1003 672 1058 nempe
701 986 927 1056 Moyses
956 988 1157 1055 gentes
1199 985 1270 1038 ad
1322 984 1495 1038 ﬁdem
1528 989 1823 1051 venturas,
1858 985 2105 1055 ideoque

460 1075 818 1132 exhortando
847 1073 1072 1127 dicebat
1105 1088 1117 1126 :
1151 1073 1459 1141 Lastamini,
1485 1082 1663 1143 gentes
1694 1074 1862 1143 (459).
1895 1073 2002 1127 Sed
2035 1088 2107 1127 ne

459 1178 557 1220 sas
589 1162 955 1218 solummodo
988 1160 1313 1217 crediturae
1362 1161 1494 1232 quis
1548 1167 1797 1232 putaret,
1833 1162 2058 1216 addidit
2092 1178 2104 1216 :

456 1250 593 1309 Cum
620 1252 772 1322 plebe
801 1252 941 1319 eius.
978 1251 1208 1307 Plebem
1256 1253 1383 1322 ejus
1416 1251 1546 1307 illos
1596 1252 1755 1319 dicit,
1785 1252 1886 1323 qui
1917 1269 1985 1307 ex
2012 1256 2111 1308 Ju—

460 1341 600 1398 dasis
622 1341 1021 1396 crediderunt:
1054 1342 1124 1395 Et
1155 1341 1369 1395 iterum
1389 1358 1400 1395 :
1419 1342 1679 1410 Laudate,
1700 1358 1885 1396 omnes
1905 1349 2108 1413 gentes,

460 1431 634 1486 Deum
664 1430 838 1501 (Psal.
868 1447 1018 1501 CXVI,
1054 1430 1126 1501 1).
1153 1429 1255 1484 Hic
1288 1446 1521 1501 quoque
1544 1446 1614 1485 ne
1645 1430 1860 1502 aliquis
1882 1434 2110 1485 tantum

463 1518 712 1592 gentiles
743 1519 1002 1574 crederet
1045 1519 1116 1572 ad
1171 1520 1340 1573 ﬁdem
1374 1524 1671 1589 venturos,
1704 1519 1977 1575 subditur
2008 1537 2021 1575 :
2050 1520 2113 1574 Et

465 1609 816 1679 magniﬁcate
844 1624 990 1673 eum,
1022 1623 1207 1662 omnes
1234 1608 1444 1679 pepuli.
1482 1610 1633 1663 Inter
1665 1624 1869 1663 omnes
1899 1607 2115 1680 quippe

469 1696 821 1769 intelligitur
849 1701 907 1751 et
935 1696 1191 1768 populus
1218 1697 1579 1751 Judeeorum.

538 1788 610 1842 Et
640 1802 847 1841 rursus
876 1785 1060 1841 Isaias
1091 1785 1230 1842 dicit
1262 1804 1275 1841 :
1311 1789 1436 1843 Erit
1483 1787 1657 1842 radis:
1683 1788 1829 1842 Iesse
1856 1789 2006 1856 (Isai.
2035 1804 2115 1855 χι,

471 1877 583 1944 10).
613 1876 720 1930 Per
748 1874 1005 1929 radicem
1029 1874 1196 1930 Jesse
1218 1875 1561 1977 designatpr
1590 1875 2118 1977 qui‘exstirpeuDa-
2149 1912 2196 1977 B

465 1965 562 2021 vid
594 1967 758 2020 artus
788 1967 894 2018 est.
930 1963 1115 2018 Radix
1144 1963 1300 2018 enim
1333 1963 1446 2019 fuit
1474 1963 1637 2019 Jesse
1662 1981 1674 2018 :
1700 1964 1881 2035 hujus
1903 1964 2117 2019 radicis

467 2054 641 2111 arbor
672 2052 872 2121 David,
902 2068 972 2108 ex
1001 2068 1119 2123 qua
1147 2052 1429 2123 processit
1457 2052 1621 2125 virga
1651 2054 1802 2124 (Isai.
1835 2071 1916 2120 x1,
1949 2054 2026 2121 1),
2058 2052 2117 2107 id

464 2147 574 2213 est,
606 2142 776 2198 beata
801 2140 1007 2209 Maria,
1032 2158 1158 2213 quae
1190 2142 1445 2196 fructum
1467 2141 1732 2213 protulit,
1761 2158 1894 2197 cum
1918 2140 2121 2214 genuit

464 2232 841 2302 Salvatorem,
870 2232 942 2285 de
973 2248 1086 2302 quo
1118 2231 1271 2286 idem
1306 2230 1487 2286 Isaias
1520 2248 1531 2285 :
1567 2233 1686 2286 Erit
1713 2235 1926 2302 fructus
1957 2235 2118 2285 terra:

464 2321 721 2378 sublimis
768 2320 919 2390 (Isai.
956 2337 1027 2388 IV,
1058 2318 1116 2388 2)
1152 2336 1165 2373 :
1199 2320 1351 2389 quod
1403 2323 1542 2374 tunc
1591 2320 1809 2375 factum
1840 2323 1949 2386 est,
1982 2335 2117 2373 cum

466 2409 753 2465 Dominus
775 2426 809 2463 a
836 2406 1085 2462 mortuis
1113 2424 1446 2478 resurgens,
1471 2408 1643 2463 caelos
1670 2408 2029 2473 conscendit,
2048 2408 2119 2462 de

469 2513 585 2569 quo
616 2496 808 2553 fructu
837 2500 894 2550 et
925 2495 1097 2549 David
1130 2496 1205 2549 sit
1239 2514 1251 2551 :
1287 2497 1449 2551 Terra
1479 2501 1669 2551 nostra
1697 2498 1849 2551 dabit
1872 2500 2121 2568 fructum

467 2602 633 2641 suum
656 2584 829 2655 (Psal.
865 2600 1086 2653 LXXXIV,
1121 2584 1228 2653 13).
1265 2584 1683 2654 Interpretatur
1728 2586 1922 2639 autem
1954 2587 2116 2653 Iesse,

469 2678 560 2731 est
589 2673 732 2729 mihi
760 2691 773 2729 :
811 2673 1146 2745 quicunque
1178 2672 1358 2744 igitur
1380 2673 1450 2727 de
1477 2673 1727 2729 adventu
1753 2673 1879 2728 Filii
1904 2673 2003 2728 Dei
2024 2673 2119 2727 lae-

464 2768 645 2832 tatur,
679 2778 932 2835 congrue
963 2762 1154 2817 dicere
1188 2765 1415 2833 potest:
1440 2766 1531 2817 Est
1557 2764 1717 2828 mihi,
1746 2763 2116 2831 subauditur,

466 2852 722 2910 auditor.
742 2853 807 2907 Et
827 2852 924 2922 qui
933 2854 1188 2921 exsurget
1205 2867 1395 2923 regere
1414 2851 1884 2921 gentes.Surrexit
1905 2851 2120 2923 quippe

464 2957 668 3015 regere
697 2944 900 3013 gentes
930 2957 943 3007 ;
978 2939 1255 3011 quoniam
1288 2938 1850 3011 repulsusaJudaeis
1884 2945 2121 3011 propter

463 3028 896 3096 inﬁdelitatem,
917 3032 1121 3099 gentes
1138 3027 1363 3082 vocavit
1380 3028 1451 3081 ad
1486 3028 1682 3099 ﬁdem,
1711 3028 1770 3083 in
1793 3028 2009 3099 quibus
2030 3045 2118 3084 re-

465 3123 673 3193 gnaret
720 3133 824 3189 per
872 3115 1140 3189 gratiam.
1187 3119 1255 3170 1η
1305 3131 1365 3170 eo
1411 3119 1595 3186 gentes
1639 3117 1953 3187 sperabunt.
1988 3117 2120 3182 Qui-

468 3224 702 3279 cunque
733 3205 890 3262 enim
938 3222 1007 3261 ex
1053 3204 1326 3277 gentibus
1358 3205 1625 3273 credunt,
1665 3221 1900 3261 omnem
1948 3222 2116 3261 suam

468 3312 636 3370 spem
668 3295 727 3349 in
757 3293 856 3348 illo
887 3293 1190 3350 collocant.

542 3384 751 3456 Igitur,
767 3382 908 3455 quia
936 3383 1082 3438 dixit
1098 3382 1504 3439 testimonium
1522 3382 1816 3454 prophetae
1838 3382 2115 3440 dicentis:

473 3477 535 3532 In
561 3491 629 3529 eo
657 3477 840 3543 gentes
858 3472 1170 3543 sperabunt,
1186 3488 1255 3526 ex
1280 3470 1425 3542 ipsis
1455 3470 1668 3541 verbis,
1691 3476 1927 3543 sumpta
1953 3489 2117 3527 occa-

476 3563 662 3630 sione,
696 3561 944 3632 subjecit
974 3560 1297 3616 orationem
1330 3560 1530 3615 dicens
1564 3578 1577 3617 :
1612 3562 1753 3616 Deus
1781 3565 1965 3616 autem
1993 3563 2121 3633 spei

472 3653 684 3724 repleat
712 3666 803 3706 vos
831 3652 984 3706 omni
1008 3650 1225 3721 gaudio.
1259 3651 1412 3705 Deus
1444 3650 1568 3721 spei
1600 3650 1835 3718 dicitur,
1870 3666 1933 3705 eo
1962 3651 2117 3721 quod

473 3742 602 3813 ipse
630 3739 751 3811 spei
778 3739 1047 3794 virtutem
1065 3738 1303 3793 tribuat.
1324 3739 1508 3794 Omne
1529 3739 1811 3810 gaudium
1832 3744 1999 3794 vocat
2024 3738 2122 3793 lae-

471 3828 665 3884 titiam
690 3832 912 3883 aeternis
935 3827 1335 3883 beatitudinis.
1352 3826 1560 3881 Nullus
1580 3827 1777 3898 itaque
1796 3826 1856 3880 in
1878 3826 1986 3882 hac
2006 3828 2123 3883 vita

474 3918 635 3976 omni
665 3917 877 3990 gaudio
901 3916 1107 3989 repleri
1130 3920 1321 3988 potest
1346 3934 1358 3984 ;
1384 3920 1785 3971 verumtamen
1808 3917 2127 3988 unusquis-

476 4024 590 4079 que
618 4007 902 4077 ﬁdelium,
935 4009 990 4062 et
1020 4008 1070 4062 si
1119 4023 1235 4062 non
1268 4005 1327 4059 in
1376 4021 1457 4075 re,
1489 4003 1747 4075 repletur
1775 4007 1972 4059 tamen
2002 4004 2124 4074 illo,

473 4114 597 4171 spe.
622 4096 732 4154 Sed
765 4096 903 4169 quia
925 4094 1052 4151 sine
1074 4109 1215 4167 pace
1237 4109 1409 4150 nemo
1439 4097 1629 4165 potest
1649 4092 1758 4149 hoc
1787 4093 2001 4165 gaudio
2033 4111 2125 4149 re-

472 4186 643 4260 pleri,
675 4184 1017 4256 subjunxit:
1044 4184 1107 4239 Et
1132 4200 1286 4255 pace.
1318 4182 1470 4238 Vera
1497 4185 1693 4237 autem
1724 4198 1836 4253 pax
1865 4186 1972 4249 est,
1990 4198 2125 4237 cum

472 4275 582 4331 hoc
609 4272 735 4330 vult
780 4272 978 4342 homo,
1013 4272 1169 4343 quod
1219 4275 1276 4327 et
1319 4271 1514 4339 Deus;
1548 4270 1658 4326 hoc
1706 4287 1938 4342 corpus,
1971 4272 2127 4342 quod

472 4363 691 4433 anima,
724 4378 853 4433 qua:
896 4365 986 4416 est
1034 4360 1286 4417 caelestis
1317 4364 1603 4415 creatura.
1637 4361 1701 4414 In
1748 4358 2036 4430 credendo,
2068 4360 2126 4415 id

473 4457 582 4520 est,
615 4456 681 4507 ut
710 4449 983 4520 credatis,
1014 4448 1124 4515 vel,
1157 4449 1300 4503 dum
1334 4447 1593 4503 creditis.

550 4543 614 4599 Ut
642 4540 935 4596 abundetis
985 4539 1044 4593 in
1071 4553 1183 4609 spe,
1234 4537 1292 4591 id
1346 4540 1457 4602 est,
1490 4536 1646 4607 quod
1697 4551 1853 4590 nunc
1900 4535 2127 4593 habetis

475 4631 535 4685 in
567 4647 691 4700 spe,
725 4626 1080 4698 quandoque
1102 4625 1470 4680 abundanter
1490 4622 1757 4714 habeatis
1777 4623 1836 4678 in
1869 4624 2123 4714 re.Quod
2157 4650 2203 4714 D

478 4717 618 4788 quia
637 4714 965 4782 nemo,nisi
987 4730 1091 4785 per
1105 4712 1359 4785 gratiam
1382 4711 1569 4767 sancti
1595 4710 1849 4782 Spiritus
1870 4712 2128 4771 obtinere

477 4807 693 4873 potest,
725 4801 985 4857 subdidit
1023 4816 1036 4855 :
1068 4805 1139 4855 In
1166 4802 1365 4854 virtute
1394 4800 1640 4870 Spiritus
1666 4803 1865 4856 sancti.
1915 4802 2024 4857 Sed
2057 4820 2128 4858 ne

482 4905 550 4945 ex
582 4894 705 4946 tam
756 4888 1047 4959 frequenti
1096 4888 1493 4944 admonitione
1540 4893 1815 4961 putarent
1858 4890 2124 4960 Romani,

479 4978 634 5048 quod
658 4977 974 5048 Apostolus
995 4991 1093 5033 eos
1114 4978 1376 5033 crederet
1396 4994 1524 5034 esse
1553 4979 1775 5051 absque
1797 4979 2125 5053 dilectione,

480 5064 809 5138 subjunxit.
864 5064 1059 5121 Certus
1103 5083 1226 5122 sum
1270 5071 1473 5136 autem,
1525 5070 1732 5139 fratres
1774 5070 1903 5141 mei,
1934 5079 1986 5125 et
2031 5086 2128 5141 ego

477 5160 595 5228 ipse
622 5156 690 5211 de
714 5154 884 5220 vobis,
916 5157 1174 5226 quoniam
1203 5164 1256 5213 et
1286 5158 1399 5230 ipsi
1442 5159 1599 5230 pleni
1626 5161 1757 5215 estis
1787 5160 2084 5215 dilectione
2105 5176 2127 5221 ,-

480 5262 547 5301 ac
580 5245 629 5301 si
664 5244 913 5299 diceret:
937 5246 1469 5319 Sicutvos,quibus
1491 5248 1848 5305 conscientia
1864 5247 2131 5321 perhibet

481 5332 911 5400 testimonium,
943 5334 1026 5390 sic
1055 5340 1112 5392 et
1160 5352 1266 5409 ego
1317 5338 1388 5392 de
1417 5342 1608 5393 vestra
1657 5337 1984 5393 dilectione.
2017 5336 2125 5392 Sed

481 5423 698 5493 quibus
742 5421 851 5477 hoc
878 5422 1289 5497 loquebatur?
1315 5426 1615 5484 Romanis.
1668 5426 1946 5498 Nunquid
1992 5442 2129 5497 ergo

2209 628 2388 683 Erant
2438 632 2634 683 tamen
2684 628 2834 684 inter
2882 645 2979 685 eos
3032 630 3271 701 quidam
3322 632 3582 704 perfecti,
3627 640 3885 707 propter

2211 733 2379 789 quos,
2413 733 2483 771 ne
2515 716 3049 773 scandalizarentur
3073 718 3303 775 dicebat
3327 736 3339 774 :
3367 720 3553 776 Certus
3581 738 3730 794 sum,
3756 728 3884 779 etc.

2214 804 2369 861 Pleni
2421 809 2612 860 autem
2661 809 2800 861 sunt
2844 805 3172 874 dilectione,
3205 807 3306 879 qui
3355 809 3608 880 perfecte
3650 810 3714 866 in
3768 811 3886 868 Dei

2214 893 2577 966 proximique
2607 892 2913 950 dilectione
2943 895 3291 951 consistunt.

2285 983 2500 1053 Repleli
2527 984 2679 1037 omni
2700 986 2949 1038 scientia.
2983 983 3237 1039 Scientia
3260 989 3349 1040 est
3370 985 3735 1057 divinarum,
3760 988 3887 1044 hu-

2216 1087 2642 1143 manarumque
2673 1088 2868 1128 rerum
2895 1073 3169 1145 cognitio.
3194 1074 3336 1139 Quis
3366 1091 3503 1147 ergo
3525 1074 3584 1130 in
3611 1076 3726 1133 hac
3760 1077 3890 1135 vita

2218 1160 2380 1215 omni
2411 1160 2653 1215 scientia
2674 1160 2879 1231 repleri
2905 1162 3137 1233 potest?
3170 1160 3350 1230 Unde,
3374 1180 3447 1219 ne
3477 1164 3893 1237 reprehende-

2220 1252 2380 1304 retur
2398 1249 2729 1320 Apostolus,
2752 1254 2815 1304 ut
2844 1251 3172 1306 ostenderet
3201 1252 3271 1307 de
3303 1269 3415 1323 qua
3438 1252 3690 1310 scientia
3711 1256 3889 1312 dixe-

2220 1338 2315 1401 rit,
2346 1338 2556 1407 adjecit
2585 1355 2598 1392 :
2632 1339 2715 1393 Ita
2758 1343 2817 1393 ut
2846 1342 3063 1410 possitis
3105 1342 3433 1397 alterutrum
3481 1359 3727 1399 monere.
3769 1345 3890 1402 Ubi

2222 1427 2543 1483 notandum
2574 1428 2711 1499 quia
2732 1446 2846 1483 non
2880 1428 2978 1500 ait,
3008 1430 3236 1497 docere,
3256 1430 3357 1485 sed
3388 1447 3631 1488 monere.
3656 1433 3888 1491 Docere

2222 1517 2438 1589 quippe
2470 1518 2857 1589 perfectorum
2889 1524 2999 1583 est,
3030 1534 3266 1574 monere
3307 1536 3439 1575 vero
3473 1520 3884 1581 inﬁrmorum.

2224 1605 2309 1659 Ibi
2338 1605 2495 1660 enim
2545 1606 2866 1661 admonitio
2917 1606 3246 1663 necessaria
3276 1613 3381 1675 est,
3415 1608 3515 1663 ubi
3564 1608 3885 1668 scientiam

2224 1693 2436 1749 oblivio
2462 1694 2730 1766 sequitur
2757 1713 2769 1750 :
2807 1700 2862 1750 et
2891 1712 3025 1751 cum
3056 1696 3326 1752 homines
3348 1698 3777 1771 negligentiam
3806 1703 3889 1757 vi-

2225 1783 2387 1850 dent,
2419 1784 2519 1839 sed
2552 1784 2782 1839 desides
2812 1790 2951 1839 sunt
2979 1785 3051 1840 ad
3081 1786 3570 1843 emendationem.

2297 1871 2498 1944 Igitur,
2528 1872 2666 1943 quia
2715 1873 2937 1928 dixerat
2965 1891 3064 1930 eos
3095 1873 3298 1946 plenos
3347 1876 3509 1932 omni
3539 1877 3883 1947 dilectione,

2228 1961 2501 2017 continuo
2547 1960 2858 2017 subdidit:
2903 1963 3184 2020 Audacius
3231 1972 3420 2021 autem
3462 1968 3661 2039 scripsi
3706 1969 3886 2038 vobis,

2226 2053 2447 2122 fratres,
2477 2065 2546 2105 ea:
2570 2058 2764 2120 parte;
2798 2067 2863 2106 ac
2887 2050 2935 2106 si
2966 2052 3186 2109 diceret
3217 2070 3231 2108 :
3264 2055 3533 2111 Conﬁsus
3562 2061 3765 2113 vestra
3790 2057 3887 2112 di-

2227 2138 2491 2206 lectione,
2521 2139 2802 2194 audacius
2819 2140 2982 2197 vobis
3014 2158 3082 2197 ex
3112 2146 3275 2214 parte
3292 2143 3500 2215 scripsi
3526 2160 3541 2213 ;
3574 2162 3692 2217 quo
3725 2146 3887 2202 dicto

2228 2228 2485 2284 ostendit
2511 2244 2572 2283 se
2601 2227 2786 2311 multo
2832 2228 3003 2300 plura
3059 2231 3261 2303 scisse,
3293 2248 3474 2303 quam
3524 2233 3836 2306 scripserit
3870 2252 3883 2291 :

2228 2333 2364 2372 nam
2398 2316 2611 2372 idcirco
2642 2334 2710 2373 ex
2748 2323 2910 2390 parte
2958 2318 3326 2377 solummodo
3378 2322 3639 2394 scripsit,
3673 2328 3733 2379 et
3763 2340 3883 2380 non

2229 2406 2462 2473 omnia;
2498 2410 2564 2461 ut
2595 2422 2698 2478 per
2726 2424 2815 2474 ea,
2846 2424 2973 2478 qua:
3023 2408 3355 2481 scripserat,
3388 2414 3445 2466 et
3473 2428 3561 2479 ea,
3594 2428 3727 2484 quae
3761 2430 3881 2470 non

2228 2495 2560 2567 scripserat,
2576 2494 3074 2569 intelligerent.Et
3103 2497 3212 2554 hoc
3230 2501 3494 2570 est,quod
3519 2502 3837 2575 subjungit
3866 2520 3880 2558 :

2231 2585 2505 2655 Tanquam
2542 2587 2603 2639 in
2648 2587 2969 2641 memoriam
3017 2603 3105 2643 vos
3133 2588 3411 2645 reducens.
3462 2590 3549 2645 Ad
3580 2590 3690 2646 hoc
3720 2592 3886 2648 enim

2229 2672 2562 2744 scripserat,
2586 2677 2652 2727 ut
2671 2690 2787 2729 non
2818 2674 3011 2729 solum
3031 2674 3137 2744 illi,
3162 2677 3262 2732 sed
3294 2682 3352 2733 et
3379 2694 3607 2746 omnes,
3633 2680 3706 2735 ad
3732 2697 3885 2753 quos

2228 2761 2351 2815 haec
2381 2760 2637 2833 Epistola
2675 2768 3023 2833 perventura
3069 2769 3214 2831 erat,
3244 2781 3346 2839 per
3376 2782 3465 2836 ea,
3496 2785 3626 2840 quae
3658 2769 3885 2842 scripta

2228 2855 2384 2919 sunt,
2420 2852 2835 2907 reducerentur
2866 2852 2927 2909 in
2960 2854 3304 2911 memoriam
3335 2873 3561 2928 eorum,
3592 2874 3724 2929 quae
3760 2858 3887 2931 ipse

2230 2939 2445 2994 docuit.
2477 2940 2718 3011 Propter
2745 2942 2900 3013 quod
2934 2959 3066 2998 vero
3095 2960 3197 3000 eos
3240 2948 3533 3001 revocaret
3563 2945 3621 3000 in
3654 2962 3883 3004 memo-

2228 3027 2397 3096 riam,
2431 3028 2688 3084 ostendit
2731 3030 3096 3102 subjungens
3131 3048 3143 3087 :
3176 3037 3409 3104 Propter
3459 3036 3728 3103 gratiam,
3761 3052 3887 3109 qua

2225 3116 2353 3172 data
2381 3124 2458 3172 est
2486 3117 2628 3173 mihi
2655 3135 2690 3173 a
2718 3119 2842 3174 Deo.
2876 3119 3135 3176 Gratiam
3159 3121 3294 3177 licet
3317 3121 3664 3178 electionem
3690 3126 3885 3196 possi-

2227 3221 2361 3260 mus
2390 3205 2733 3278 intelligere,
2762 3224 2879 3279 qua
2908 3213 3042 3264 ante
3084 3209 3291 3265 mundi
3330 3211 3820 3270 constitutionem
3852 3230 3884 3268 a

2148 3278 2190 3346 C
2228 3293 2342 3349 Deo
2360 3292 2578 3350 electus
2594 3295 2804 3360 est,vel
2822 3296 3282 3369 redemptionem
3307 3317 3321 3368 ;
3347 3302 3773 3372 congruentius
3794 3308 3882 3359 ta-

2232 3398 2365 3438 men
2397 3383 2640 3438 domum
2669 3383 2813 3438 illud
2836 3385 3304 3463 accipimus,quo
3336 3392 3681 3461 segregatus
3702 3394 3883 3462 est,ut

2232 3475 2383 3527 esset
2409 3472 2673 3543 gentium
2704 3474 3021 3545 apostolus.
3048 3474 3212 3531 Unde
3239 3480 3297 3531 et
3324 3476 3599 3532 subditur
3632 3494 3645 3534 :
3684 3480 3749 3536 Ut
3776 3482 3884 3535 sim

2230 3561 2485 3616 minister
2510 3562 2635 3616 Jesu
2667 3561 2870 3617 Christi
2897 3564 2957 3617 in
2985 3564 3251 3634 gentibus.
3286 3565 3433 3620 Hinc
3464 3564 3605 3621 alibi
3634 3569 3734 3638 qui
3762 3585 3882 3641 ope-

2232 3658 2388 3705 ratus
2415 3657 2493 3705 est
2522 3656 2686 3706 Petro
2717 3652 2775 3705 in
2805 3654 3109 3722 apostolatu
3126 3655 3589 3723 circumcisionis,
3623 3663 3883 3725 operatus

2228 3746 2304 3793 est
2331 3741 2383 3792 et
2410 3739 2551 3793 mihi
2576 3740 2722 3795 inter
2766 3748 2947 3807 gentes
2987 3742 3131 3809 (Cal.
3167 3759 3229 3810 ιι,
3261 3744 3337 3810 8).
3377 3743 3449 3799 Ut
3497 3744 3575 3799 sit
3608 3745 3885 3802 minister

2230 3826 2371 3881 Jesu
2403 3826 2618 3883 Christi
2650 3827 2832 3900 {dicit,
2865 3834 3149 3900 tanquam
3195 3831 3413 3888 diceret
3443 3849 3456 3887 :
3493 3833 3603 3898 Qui
3631 3833 3775 3890 olim
3805 3836 3891 3891 fui

2234 3913 2502 3969 minister
2553 3915 3037 3975 circumcisionis.
3072 3919 3218 3983 Quia
3268 3920 3534 3979 funditus
3566 3929 3893 3980 recesserat

2235 4020 2270 4058 a
2299 4003 2513 4059 carnali
2569 4005 2974 4062 observatione
3023 4005 3207 4080 legis;
3240 4008 3369 4066 ideo
3400 4027 3463 4065 se
3509 4010 3656 4068 dicit
3688 4012 3893 4069 minis-

2234 4095 2390 4147 trum
2422 4092 2453 4147 J
2460 4108 2560 4148 esu
2594 4092 2830 4150 Christi.

2307 4181 2414 4235 Sed
2447 4180 2587 4253 quid
2620 4181 2731 4237 sibi
2761 4183 2905 4254 vult,
2938 4186 3093 4256 quod
3123 4187 3446 4259 fsubjungit
3480 4205 3493 4243 :
3527 4187 3896 4261 Sanctiﬁcans
3936 4224 3968 4234 ης

2235 4271 2595 4339 Evangelium
2615 4271 2757 4328 Dei?
2784 4272 3061 4345 Nunquid
3088 4291 3200 4331 non
3226 4280 3498 4332 sanctum
3517 4281 3611 4333 est
3630 4278 3897 4352 Evange-

2235 4357 2382 4414 lium
2404 4358 2432 4413 ‘I
2462 4360 2564 4415 Est
2591 4360 2783 4432 plane.
2800 4362 3099 4427 Quomodo
3127 4380 3263 4437 ergo
3285 4364 3693 4422 sanctiﬁcabat
3713 4367 3742 4421 ?
3765 4369 3899 4424 Sci-

2238 4447 2537 4520 licet,quia
2566 4466 2673 4505 suo
2694 4451 2957 4523 exemplo
2975 4456 3246 4509 sanctum
3269 4469 3396 4509 esse
3418 4455 3897 4514 ostendebat.Ait

2236 4552 2371 4609 ergo
2405 4555 2418 4592 :
2452 4538 3209 4612 Sanctiﬁcans;Evangelium
3237 4544 3380 4605 Dei;
3405 4559 3472 4599 ac
3520 4544 3572 4599 si
3620 4544 3847 4602 diceret
3878 4564 3891 4601 :

2237 4626 2363 4683 Meo
2393 4626 2655 4699 exemplo
2687 4633 2956 4685 sanctum
2987 4647 3116 4687 esse
3146 4632 3462 4687 ostendens
3482 4632 3894 4707 Evangelium,

2236 4716 2387 4787 quod
2420 4732 2554 4771 cum
2587 4717 2809 4788 pudore
2836 4723 2894 4774 et
2922 4719 3244 4776 reverentia
3271 4722 3521 4792 praedico
3553 4740 3567 4789 ;
3605 4725 3895 4795 quoniam

2238 4822 2365 4876 qua:
2395 4805 2572 4861 doceo
2602 4806 2812 4875 verbis,
2846 4809 3130 4864 conﬁrmo
3181 4809 3477 4881 operibus.
3527 4812 3644 4867 Cur
3695 4817 3897 4869 autem
3966 4828 3967 4831 ‘

2236 4892 2616 4964 Evangelium
2648 4897 3062 4965 sanctiﬁcaret,
3093 4897 3373 4969 aperitur,
3405 4915 3542 4954 cum
3572 4900 3893 4958 subditur:

2241 4983 2304 5038 Ut
2330 4983 2433 5053 ﬁat
2457 4982 2654 5038 oblatio
2682 4988 2935 5054 gentium
2962 4994 3204 5057 accepta.
3236 4987 3564 5059 Exoptabat
3585 4990 3813 5063 quippe
3835 4995 3897 5046 ut

2236 5075 2594 5143 gentes,quaa
2625 5073 2697 5128 ad
2727 5074 2856 5145 ejus
2882 5074 3352 5146 praedicationem
3379 5076 3896 5136 crediderant.Deo

2237 5159 2607 5216 efﬁcerentur
2635 5178 2851 5218 munus
2883 5166 3206 5235 acceptum.
3230 5164 3394 5220 Sicut
3421 5165 3581 5221 enim
3612 5167 3677 5222 in
3708 5168 3895 5225 Veteri

2237 5249 2613 5305 Testamento
2628 5253 3138 5319 sacerdotumerat
3149 5252 3585 5326 animalia,quae
3597 5257 3898 5313 offerenda

2237 5340 2424 5405 erant,
2440 5338 2727 5410 inspicere
2752 5358 2765 5408 ;
2799 5356 2871 5396 ne
2892 5339 2964 5395 ali
2974 5341 3114 5412 quin
3132 5345 3288 5398 esset
3309 5341 3611 5413 claudum,
3630 5346 3897 5402 maculo-

2238 5442 2372 5481 sum
2404 5430 2506 5481 aut
2527 5427 2749 5497 debile;
2775 5433 2839 5485 ut
2862 5434 2975 5486 Deo
3006 5435 3244 5502 accepta
3272 5432 3436 5487 ﬁeret
3458 5432 3702 5501 hostia:
3725 5435 3809 5492 ita
3835 5434 3893 5489 in

548 5618 911 5696 (-459)_‘Deut.
941 5638 1134 5696 Δ10180,
1184 5625 1275 5694 43,
1331 5623 1583 5679 habetur
1631 5622 1847 5678 laudate
1890 5628 2074 5690 gentes
2102 5636 2122 5676 :
2170 5622 2395 5677 textum
2464 5624 2657 5680 autem
2712 5623 2866 5679 hunc
2914 5625 3187 5681 laetemini
3249 5632 3430 5695 gentes
3477 5627 3704 5687 factum
3745 5629 3893 5691 mihi

480 5706 596 5749 non
625 5690 739 5748 fuit
768 5693 1038 5765 reperire.
