3996 6232
165 374 287 439 281

757 369 1177 434 EXPOSITIO
1220 370 1300 432 ΙΝ
1344 370 1776 434 EPIQTOLAS
1820 371 2082 438 PAULI.
2109 372 2286 434 —-1N
2328 371 2578 436 EPIST.
2667 372 2772 433 AD
2820 370 3011 435 ROM.

3488 372 3625 439 989

237 509 403 581 (CAP.
436 504 621 576 XVI.)
653 503 844 561 Finito
877 503 1129 575 denique
1156 505 1554 571 textu,transit
1583 506 1654 561 ad
1681 504 1837 561 salu-
1870 512 1924 578 Α
2020 507 2266 563 Salutate
2292 506 2665 562 Andronicum
2690 514 2741 563 et
2784 507 2995 563 Iuliam
3039 505 3208 574 (468).
3257 505 3491 573 Virum,
3551 510 3611 563 et

166 598 518 661 tationes,et
548 594 849 667 quosdam
872 593 1109 665 quidem
1142 593 1376 659 salutat,
1401 596 1688 665 quosdam
1714 611 1847 651 vero
1960 613 2198 652 uxorem
2228 594 2553 666 intelligere
2584 596 2890 651 debemus.
2923 596 3069 651 Cum
3100 613 3231 652 vero
3275 596 3606 667 subjungit,

165 706 237 746 ex
268 705 387 742 sua
417 690 589 759 parte
638 684 1037 747 commendat,
1085 684 1238 739 sicut
1288 684 1555 750 Phoeben,
1596 685 1795 740 dicens
1830 702 1843 739 :

169 777 512 835 Commendo
536 780 729 830 autem
759 775 909 829 vobis
939 773 1176 830 Phaeben
1204 789 1445 829 sororem
1476 790 1669 830 meam.
1704 776 1848 829 Cum

164 884 310 923 vero
373 865 692 936 subjungit
750 880 764 917 :
818 879 933 934 quae
976 873 1053 917 est
1102 864 1160 917 in
1209 864 1521 918 ministerio
1568 864 1843 925 Ecclesia}.

171 955 443 1014 ostendit
474 954 618 1026 quia
646 959 791 1008 tunc
822 969 936 1008 non
968 952 1161 1007 solum
1194 953 1323 1015 viri,
1348 953 1448 1007 sed
1483 954 1655 1007 etiam
1681 952 1845 1007 femi-

174 1063 261 1101 na
298 1048 597 1116 praeerant
631 1042 921 1098 Ecclesiis.
954 1042 1055 1097 Cui
1088 1046 1283 1097 autem
1312 1040 1579 1096 Ecclesiae
1613 1040 1849 1095 thbes

173 1137 473 1207 praeesset
521 1130 797 1197 ostendit,
832 1131 1220 1201 subjungens,
1271 1147 1390 1199 qua:
1442 1133 1519 1184 est
1568 1130 1846 1184 Cenchris.

175 1220 478 1279 Cenchris
496 1220 658 1275 locus
678 1224 767 1275 est
794 1220 849 1273 in
874 1219 1114 1278 Graecia.
1136 1223 1339 1289 portus
1366 1218 1627 1273 videlicet
1647 1218 1846 1272 Corin-

178 1311 301 1377 thi,
338 1327 375 1364 a
407 1326 522 1380 quo
552 1306 865 1379 Apostolus
895 1307 1045 1362 hanc
1076 1306 1394 1378 Epistolam
1420 1307 1697 1361 Romanis
1748 1323 1849 1377 per

182 1398 447 1454 Phoeben
472 1397 699 1452 direxit.
729 1398 916 1461 Quam
941 1396 1115 1451 etiam
1148 1394 1457 1466 diligenter
1482 1394 1699 1465 suscipi
1734 1411 1847 1449 mo-

183 1491 309 1557 net,
338 1487 542 1541 dicens
576 1504 589 1540 :
627 1494 687 1541 ut
713 1502 835 1541 eam
864 1488 1177 1555 suscipiatis
1197 1486 1360 1553 digne
1382 1486 1439 1539 in
1462 1486 1691 1539 Domino
1712 1501 1848 1538 san-

182 1576 373 1646 ctis,id
399 1579 587 1641 est,ea
603 1575 977 1645 susceptione
1001 1591 1118 1644 qua
1148 1574 1334 1628 sancti
1368 1573 1586 1643 suscipi
1615 1573 1846 1627 debent.

186 1666 249 1719 In
284 1665 541 1719 Domino
574 1664 737 1728 dicit,
769 1663 828 1717 in
860 1678 1056 1717 amore
1083 1662 1333 1716 Domini.
1366 1662 1479 1717 Cur
1526 1666 1721 1716 autem
1771 1660 1851 1714 ita

189 1752 577 1823 suscipienda
605 1756 783 1817 esset,
818 1750 990 1823 paulo
1022 1750 1265 1806 inferius
1296 1750 1571 1817 ostendit,
1601 1750 1799 1805 dicens
1834 1765 1846 1804 :

190 1844 412 1897 Etenim
442 1843 565 1913 ipsa
594 1856 806 1912 quoque
832 1842 1010 1896 astitit
1030 1840 1221 1896 multis
1243 1844 1293 1895 et
1323 1840 1482 1907 mihi,
1516 1856 1581 1894 ac
1631 1838 1678 1893 si
1719 1839 1849 1894 aliis

193 1930 388 1986 verbis
419 1930 643 1985 diceret
674 1946 689 1984 :
721 1929 990 1993 Quandiu
1038 1929 1278 1984 Phoebes
1332 1929 1388 1982 in
1443 1927 1588 1997 solo,
1620 1926 1851 1998 proprio

192 2018 501 2085 resedit,et
521 2018 773 2074 aliorum
792 2022 1129 2073 sanctorum
1152 2022 1209 2073 et
1230 2034 1419 2073 meam
1442 2015 1851 2071 necessitatem

196 2107 526 2180 supplevit;
553 2123 707 2162 nunc
728 2124 858 2162 vero
882 2106 1018 2177 quia
1041 2110 1439 2178 paupertatem
1458 2104 1852 2161 voluntariam

196 2196 370 2269 elegit
399 2200 461 2251 et
494 2196 739 2251 Romam
771 2194 965 2251 studio
1014 2194 1294 2251 orationis
1343 2195 1536 2249 venire
1579 2193 1850 2261 decrevit,

195 2285 473 2358 praecipio
502 2289 568 2340 ut
597 2300 723 2339 eam
755 2284 928 2355 digne
958 2282 1311 2355 suscipiatis,
1331 2288 1382 2338 et
1411 2284 1678 2338 assistatis
1707 2284 1760 2336 ei
1788 2283 1851 2337 in

192 2390 522 2445 quocunque
550 2375 757 2443 negotio
804 2375 970 2428 vestri
1007 2374 1339 2443 indiguerit,
1371 2372 1429 2426 id
1462 2377 1569 2438 est,
1605 2388 1719 2425 non
1752 2386 1850 2426 so-

192 2461 321 2517 lum
354 2463 414 2517 in
447 2461 700 2532 spiritali
730 2461 976 2531 negotio,
1028 2462 1129 2517 sed
1179 2461 1353 2517 etiam
1406 2461 1464 2515 in
1509 2458 1851 2515 necessariis

194 2550 324 2605 vitae
353 2551 686 2621 praesentis.

261 2639 523 2695 Salutate
551 2641 805 2695 Priscum
833 2648 888 2696 et
918 2641 1196 2711 Aquilam.
1233 2639 1370 2694 Illos
1402 2639 1496 2695 his
1526 2638 1717 2694 verbis
1757 2637 1846 2691 in-

194 2727 452 2800 telligere
495 2728 804 2796 debemus,
857 2729 928 2784 de
978 2728 1195 2800 quibus
1244 2728 1457 2798 legitur
1504 2728 1562 2782 in
1614 2726 1849 2782 Actibus

196 2816 602 2889 apostolorum
658 2818 797 2889 (cap.
858 2835 1016 2888 xvm,
1074 2819 1151 2889 2),
1214 2818 1351 2888 quia
1404 2832 1536 2872 cum
1594 2816 1852 2872 venisset

198 2906 409 2962 Paulus
440 2910 514 2962 ab
546 2906 796 2961 Athenis
826 2906 887 2961 in
917 2906 1283 2962 Antiochiam
1317 2906 1586 2977 (465-66),
1629 2904 1850 2960 invenit

198 2994 272 3050 ibi
297 2995 489 3079 virum
520 2995 823 3062 Judaeum,
853 2995 1158 3051 Ponticum
1188 2995 1582 3066 generatione,
1614 2994 1849 3050 nomine

199 3084 483 3155 Aquilam,
512 3100 652 3139 cum
686 3083 947 3140 Priscilla
976 3100 1154 3139 uxore
1186 3098 1295 3139 sua
1325 3083 1541 3154 quibus
1581 3083 1846 3138 adhaesit.

198 3172 359 3228 Unde
384 3173 480 3229 hic
508 3189 751 3245 quoque
780 3173 1051 3228 subditur
1084 3189 1096 3226 :
1132 3172 1413 3243 Adjutores
1435 3172 1581 3243 (467)
1613 3188 1757 3227 meos
1790 3173 1850 3226 in

1881 1880 1928 1944 B

1956 692 2211 757 cognatos
2263 690 2313 739 et
2370 686 2714 755 concaptivos
2763 701 2924 751 meos,
2976 685 3228 739 ostendit
3280 702 3377 739 eos
3426 684 3608 740 fuisse

1955 775 2191 829 Judaaos
2221 773 2450 843 sibique
2500 777 2903 845 cooperatores
2952 773 3010 828 in
3060 774 3485 845 praedicatione.
3537 774 3605 829 Hi

1958 864 2116 918 enim
2149 868 2356 933 sponte
2387 863 2631 933 patriam
2669 863 2985 933 propriam,
3022 862 3174 917 sicut
3197 863 3605 934 etApostolus,

1958 951 2453 1023 derelinquentes,
2485 951 2757 1021 gentibus
2788 952 2956 1022 quasi
2986 951 3046 1005 in
3077 951 3435 1022 captivitate,
3458 967 3607 1022 prae-

1958 1040 2315 1096 dicaverunt.

2026 1130 2135 1184 Sed
2167 1129 2305 1200 quid
2338 1134 2427 1184 est
2458 1130 2609 1200 quod
2643 1129 2915 1184 subditur
2946 1146 2960 1183 :
2994 1130 3100 1197 Qui
3121 1136 3248 1184 sunt
3291 1129 3499 1184 nobiles
3544 1131 3605 1183 in

1958 1220 2241 1289 apostolis,
2273 1236 2405 1273 cum
2440 1220 2591 1273 inter
2620 1218 2925 1275 duodecim
2953 1218 3260 1289 Apostolos
3292 1234 3407 1272 non
3431 1216 3604 1270 modo

1959 1307 2201 1373 nobiles,
2236 1308 2335 1363 sed
2370 1325 2473 1362 nec
2504 1308 2694 1362 ultimi
2726 1306 3129 1362 inveniantur?
3153 1306 3263 1362 Sed
3301 1305 3604 1360 sciendum

1958 1397 2095 1466 quia
2122 1396 2421 1467 apostolus
2451 1402 2663 1461 Graece,
2714 1398 2914 1451 missus
2962 1396 3195 1450 dicitur.
3230 1394 3391 1449 Unde
3434 1394 3606 1447 datur

1959 1484 2203 1556 intelligi
2253 1487 2393 1556 quia
2443 1488 2619 1541 etiam
2670 1486 2753 1540 illi
2803 1485 3047 1557 apostoli
3082 1484 3194 1539 dici
3237 1489 3501 1555 possunt,
3534 1482 3606 1536 de

1958 1575 2172 1645 quibus
2228 1576 2411 1631 Lucas
2468 1576 2822 1647 evangelista
2850 1580 2913 1642 (χ
2944 1576 2995 1645 1)
3038 1574 3179 1628 dicit
3229 1590 3242 1627 :
3294 1572 3606 1642 Designavit

1959 1664 2218 1718 Dominus
2246 1666 2398 1719 Iesus
2429 1667 2598 1719 etiam
2626 1666 2772 1719 alios
2800 1666 3149 1734 septuaginta
3179 1663 3311 1718 duos
3357 1661 3606 1731 discipu—

1958 1752 2036 1807 los
2064 1769 2083 1806 :
2115 1756 2167 1806 et
2192 1754 2348 1807 misit
2376 1768 2464 1807 eos
2496 1754 2639 1823 (469)
2670 1753 2730 1807 in
2757 1768 2979 1808 omnem
3024 1754 3319 1821 civitatem,
3350 1758 3400 1805 et
3430 1750 3608 1804 locum

1959 1857 2063 1911 quo
2092 1849 2208 1896 erat
2238 1843 2352 1912 ipse
2379 1850 2655 1896 venturus.
2690 1842 2769 1896 Ex
2799 1840 2890 1895 his
2917 1855 3053 1911 ergo
3084 1841 3321 1895 fuerunt
3348 1838 3432 1895 illi
3465 1840 3606 1893 duo.

1963 1930 2030 1983 Et
2060 1930 2199 1999 quia
2229 1946 2344 1983 non
2377 1928 2565 1983 infimi
2599 1930 2657 1983 in
2688 1929 2772 1983 eis
2805 1929 3062 1993 fuerunt,
3093 1927 3309 1982 idcirco
3340 1926 3483 1983 dicit
3507 1942 3606 1981 eos

1962 2018 2187 2073 nobiles
2219 2017 2279 2072 in
2313 2018 2629 2088 apostolis;
2663 2018 2735 2072 de
2774 2016 2989 2087 quibus
3037 2016 3215 2070 etiam
3266 2014 3541 2069 subditur
3589 2032 3602 2069 :

1964 2109 2069 2175 Qui
2095 2116 2146 2163 et
2172 2110 2301 2162 ante
2327 2122 2415 2161 me
2436 2110 2662 2177 fuerunt
2690 2109 2749 2161 in
2782 2106 2990 2161 Christo
3019 2107 3164 2169 Jesu,
3215 2104 3273 2157 id
3322 2107 3430 2169 est,
3472 2106 3607 2157 ante

1963 2212 2056 2250 me
2086 2196 2457 2251 crediderunt
2486 2195 2545 2249 in
2576 2194 2872 2250 Christum
2901 2195 3121 2249 .lesum.

2032 2283 2279 2339 Salutate
2300 2285 2636 2354 Ampliatum
2663 2283 3084 2338 dilectissimum
3114 2280 3257 2335 mihi
3275 2282 3337 2335 in
3355 2281 3605 2335 Domino.

1962 2374 2348 2438 Quaerendum
2380 2380 2465 2428 est
2498 2389 2599 2427 cur
2632 2372 2963 2443 Epaenetum
2997 2370 3298 2435 dilectum,
3333 2368 3489 2424 hunc
3515 2381 3608 2423 ve-

1963 2478 2023 2516 ro
2054 2461 2505 2517 dilectissimum
2531 2460 2819 2515 vocaverit
2850 2457 3246 2529 Scilicet,quia
3267 2456 3365 2513 ille
3386 2457 3609 2528 simpli-

1960 2551 2103 2606 citer
2134 2550 2401 2617 credidit,
2434 2550 2528 2605 hic
2556 2555 2753 2605 autem
2784 2549 2842 2603 in
2874 2547 3279 2620 praedicatione
3300 2546 3605 2601 laboravit.

2032 2639 2215 2695 Salute
2265 2641 2545 2696 Urbanum
2599 2640 2910 2700 adiutorem
2959 2645 3205 2693 nostrum
3254 2638 3311 2690 in
3372 2635 3604 2701 Christo,

1958 2737 2009 2783 et
2040 2729 2279 2800 Stachyn
2306 2730 2566 2784 dilectum
2597 2727 3076 2783 meum.Urbanus
3106 2726 3165 2781 in
3199 2723 3605 2797 praedicatione

1958 2817 2290 2874 laboravit:
2330 2818 2583 2890 Stachyn
2642 2822 2839 2873 autem
2897 2814 3243 2888 simpliciter
3297 2814 3545 2870 credidit
3586 2827 3601 2869 :

1959 2906 2204 2979 ideoque
2232 2908 2399 2964 illum
2449 2908 2801 2978 adjutorem,
2848 2906 3028 2962 istum
3075 2909 3273 2961 autem
3321 2902 3605 2959 dilectum

1958 2998 2189 3051 tantum
2216 2996 2457 3053 vocavit.

2027 3084 2271 3140 Salutate
2301 3085 2558 3157 Appellen
2582 3084 2819 3155 probum
2846 3084 2908 3138 in
2938 3082 3168 3139 Christo.
3200 3081 3304 3137 Hic
3332 3080 3608 3152 Appelles

1960 3173 2175 3230 multas
2206 3174 2583 3230 adversitates
2614 3190 2716 3245 pro
2765 3172 2995 3228 Christo
3026 3170 3327 3236 sustinuit,
3360 3171 3461 3225 sed
3491 3169 3605 3224 vir-

200 3261 403 3318 Christo
432 3264 583 3331 Jesu,
619 3262 676 3317 id
716 3266 827 3329 est,
875 3266 1280 3334 cooperatores
1331 3261 1390 3316 in
1441 3261 1850 3332 praedicatione
1880 3247 1925 3315 C
1959 3265 2149 3318 tutem
2177 3262 2467 3334 patientiae
2494 3278 2681 3332 usque
2712 3262 2784 3316 ad
2814 3262 2991 3317 ﬁnem
3044 3260 3442 3329 incorruptam
3492 3274 3609 3313 ser-

196 3350 403 3407 Christi
456 3352 623 3408 Jesu.
684 3351 943 3415 Quorum
1013 3350 1258 3407 nimiam
1308 3350 1653 3406 charitatem
1713 3366 1853 3421 erga
1960 3351 2132 3421 vavit,
2181 3351 2373 3407 sciens
2422 3351 2577 3421 quod
2598 3351 2765 3405 docet
2794 3348 3130 3419 Apostolus,
3160 3348 3294 3418 quia
3321 3346 3606 3401 tribulatio

199 3456 259 3495 se
283 3439 703 3507 ostendit,cum
735 3440 1086 3507 subditzoui
1106 3455 1212 3511 pro
1238 3441 1429 3495 anima
1448 3456 1573 3495 mea
1591 3455 1720 3494 suas
1742 3454 1854 3494 cer—
1916 3460 1921 3465 δ
1957 3442 2284 3512 patientiam
2329 3442 2605 3511 operatur,
2661 3440 2935 3511 patientia
2984 3445 3169 3492 autem
3220 3436 3608 3507 probationem

197 3530 340 3583 vices
370 3528 948 3599 supposuerunt.Cum
980 3528 1135 3583 enim
1169 3528 1416 3584 instaret
1446 3534 1511 3583 ut
1540 3527 1852 3599 Apostolus

204 3615 533 3687 puniretur,
571 3616 864 3689 elegerunt
895 3618 1043 3672 mori
1077 3633 1178 3688 pro
1208 3634 1295 3683 eo,
1320 3633 1392 3672 ne
1424 3622 1587 3671 tanta
1616 3616 1855 3672 lucerna

208 3703 470 3759 Ecclesiae
516 3706 1001 3777 exstingueretur.
1053 3706 1213 3761 Unde
1259 3706 1332 3761 ab
1392 3706 1551 3761 omni
1600 3705 1855 3760 Ecclesia

209 3796 437 3864 propter
457 3794 702 3850 nimiam
733 3794 1077 3851 charitatem
1108 3794 1519 3849 laudantur.Et
1550 3799 1856 3865 propterea

209 3882 476 3938 subditur
509 3902 521 3941 Ξ
554 3884 755 3955 quibus
783 3900 893 3940 non
920 3885 1100 3939 solum
1129 3900 1227 3954 ego
1254 3886 1472 3956 gratias
1521 3900 1639 3954 ago,
1681 3884 1774 3938 sed
1803 3889 1859 3938 et

209 3976 413 4029 cuncta
442 3972 709 4029 Ecclesiae
740 3972 1009 4028 Gentium.
1032 3972 1248 4028 Verum
1282 3973 1421 4044 quia
1454 3989 1599 4043 opus
1633 3972 1855 4027 miseri-

212 4059 428 4130 cordiae,
459 4077 577 4117 non
608 4060 806 4116 solum
835 4061 896 4116 in
926 4061 1182 4117 dominis
1212 4065 1319 4131 est,
1345 4062 1445 4117 sed
1478 4062 1653 4117 etiam
1682 4062 1740 4116 in
1764 4062 1852 4117 fa-

212 4146 406 4215 mulis;
440 4167 544 4205 nec
574 4150 772 4206 solum
804 4149 863 4204 in
896 4150 1172 4222 praelatis,
1196 4152 1298 4205 sed
1330 4150 1507 4206 etiam
1541 4151 1598 4205 in
1630 4152 1856 4221 subjec-

208 4235 280 4290 tis
310 4241 454 4294 recte
483 4238 795 4309 subiungit
828 4256 841 4295 :
875 4244 929 4293 et
957 4236 1308 4295 domesticam
1335 4255 1523 4295 eorum
1551 4241 1857 4296 Ecclesium

210 4322 594 4397 (subauditur,
631 4326 927 4398 salutate).

274 4413 511 4470 Salutate
560 4416 887 4487 Epaenetum
931 4416 1192 4472 dilectum
1238 4416 1398 4485 mihi,
1428 4418 1525 4489 qui
1553 4425 1628 4471 est
1651 4419 1855 4488 primi-

211 4502 345 4556 tivus
371 4505 515 4559 Asiae
538 4506 602 4558 in
623 4505 996 4560 Domino.lste
1027 4506 1306 4560 nimirum
1335 4504 1562 4577 primus
1583 4522 1649 4560 ex
1672 4506 1855 4561 omni-

212 4587 316 4680 bus
342 4592 578 4648 Asianis
610 4593 683 4648 ad
715 4593 1185 4664 praedicationem
1206 4593 1465 4666 Apostoli
1492 4594 1767 4661 credidit;
1801 4599 1858 4650 et
1888 4617 1934 4680 D

213 4677 342 4746 quia
370 4680 720 4751 simpliciter
748 4686 1001 4750 tantum,
1035 4698 1139 4738 nec
1171 4682 1231 4737 in
1263 4682 1674 4754 praedicatione
1700 4684 1857 4739 labo-

214 4767 370 4836 ravit,
400 4768 617 4824 idcirCo
650 4768 929 4826 dilectum
959 4775 1189 4826 tantum
1219 4771 1461 4827 vocavit.

280 4854 527 4912 Salutate
554 4859 808 4926 Mariam,
839 4874 960 4931 quae
991 4859 1227 4916 multum
1261 4861 1532 4916 laboravit
1571 4863 1631 4915 in
1678 4862 1850 4918 vobis.

214 4930 304 4997 llis
342 4946 536 5001 verbis
588 4930 849 5003 ostendit
894 4948 1035 5019 quia
1082 4949 1257 5005 etiam
1306 4950 1534 5005 feminae
1582 4950 1855 5006 Ecclesiis

212 5038 505 5100 praeerant.
542 5034 676 5090 Haec
706 5037 889 5093 Maria
918 5038 1171 5093 multum
1204 5038 1263 5092 in
1297 5039 1576 5095 Romanis
1631 5039 1856 5095 labora-

209 5119 305 5192 vit,
322 5121 460 5193 quia
488 5124 713 5179 multos
734 5141 937 5180 eorum
964 5127 1036 5181 ad
1062 5125 1237 5183 fidem
1270 5127 1579 5197 convertit;
1608 5128 1855 5200 ideoque

211 5206 367 5265 duxit
396 5228 524 5267 eam
560 5212 802 5283 dignam
835 5213 1071 5286 speciali
1104 5216 1476 5272 salutatione.

255 5316 764 5396 ,(465—66llnﬁet.
798 5326 982 5392 apost.
1011 5321 1226 5396 legitur
1271 5323 1380 5396 hoc
1427 5324 1498 5380 de
1546 5322 1723 5379 Paulo
1752 5339 1854 5379 ve-

214 5387 397 5442 niente
424 5387 802 5457 Corinthum,
830 5387 945 5448 non
975 5387 1109 5450 vero
1140 5395 1529 5452 Antiochiam.

277 5459 421 5530 (467)
492 5465 559 5515 In
629 5467 851 5586 suto‘gq
914 5467 1206 5537 auditores,
1267 5468 1369 5524 sed
1435 5468 1708 5539 adjutores
1772 5466 1852 5521 le-

277 5530 488 5607 ιηῖίιιω,
522 5535 590 5585 ut
640 5548 702 5587 ιῐι
802 5535 942 5607 1113.,
988 5540 1143 5607 quod
1184 5556 1313 5607 qua:
1360 5546 1692 5607 sequuntur
1719 5553 1852 5607 pro-

251 5530 488 5654 :plttium,
522 5535 590 5585 ut
640 5531 702 5587 in
749 5530 942 5607 Vulg.,
988 5540 1143 5612 quod
1184 5530 1313 5613 qua:
1360 5530 1692 5609 sequuntur
1719 5553 1853 5609 pro-

284 5669 431 5743 (468)
456 5671 635 5744 Vulg.
667 5674 910 5732 Iuniam.

1964 3530 2184 3601 (supra,
2216 3546 2268 3583 v.
2303 3530 2356 3595 4,
2387 3530 2473 3598 5);
2508 3528 2753 3599 ideoque
2802 3527 3049 3600 probum
3098 3524 3267 3579 illum
3298 3522 3606 3595 Apostolus

1964 3618 2304 3673 nominavit.
2337 3617 2394 3672 Si
2421 3616 2553 3689 quis
2579 3617 2734 3673 enim
2767 3615 3077 3687 diligenter
3104 3617 3403 3669 scrutatur
3430 3616 3488 3668 et
3516 3629 3607 3667 re-

1964 3706 2296 3762 miniscitur
2324 3707 2463 3778 quia
2492 3707 2645 3762 Deus
2689 3705 2748 3761 in
2801 3704 2900 3760 illo
2947 3704 3313 3776 loquebatur,
3346 3702 3605 3774 profecto

1964 3796 2216 3851 inveniet
2246 3796 2383 3866 quia
2414 3796 2573 3851 nulla
2604 3795 2662 3850 in
2696 3795 2867 3850 dictis
2915 3795 3043 3865 ejus
3090 3792 3399 3859 sententia,
3445 3790 3609 3847 nulla

1964 3885 2200 3940 omnino
2224 3884 2449 3957 syllaba
2471 3889 2664 3953 vacat;
2696 3883 2839 3939 vidit
2855 3883 3072 3955 quippe
3088 3881 3455 3954 spiritalibus
3476 3896 3608 3936 ocu-

1963 3974 2037 4029 lis
2069 3973 2435 4045 singulorum
2460 3974 2668 4029 merita
2688 3974 2841 4044 apud
2868 3972 3053 4028 Deum
3076 3971 3357 4039 discreta;
3390 3969 3606 4025 idcirco

1965 4062 2145 4117 alium
2176 4062 2477 4127 dilectum,
2510 4061 2689 4116 alium
2720 4061 3193 4130 dilectissimum,
3224 4058 3405 4114 alium
3438 4058 3607 4126 adju-

1964 4155 2171 4215 torem,
2204 4150 2383 4204 alium
2416 4150 2663 4220 probum
2693 4148 2934 4203 vocavit.

2036 4240 2287 4295 Salutate
2334 4252 2421 4294 eos
2463 4240 2557 4307 qui
2611 4244 2739 4291 sunt
2791 4252 2862 4291 ex
2917 4236 3204 4291 Aristoboli
3242 4234 3361 4305 (hic
3409 4236 3606 4288 autem

1964 4327 2430 4383 subaudiendum
2460 4325 2747 4391 est,domn
2779 4324 2946 4394 (470),
2970 4328 3035 4377 ut
3064 4322 3363 4394 proprium
3394 4337 3606 4375 nomen

1965 4416 2219 4472 hominis
2242 4414 2729 4486 intelligatur,aut
2746 4415 2898 4467 certe
2917 4410 3079 4466 locus
3097 4408 3470 4481 accipiendos
3496 4413 3604 4463 est.

1964 4506 2212 4562 Salutate
2254 4504 2617 4560 Herodionem
2666 4504 2954 4573 cognatum
3010 4515 3209 4555 meum.
3269 4502 3409 4553 Cum
3467 4497 3611 4553 dicit

1964 4600 2298 4666 cognatum,
2331 4592 2587 4648 ostendit
2613 4592 2905 4647 Judaeum.
2957 4589 3071 4644 Cur
3117 4604 3254 4660 ergo
3305 4604 3419 4643 non
3468 4602 3606 4641 con-

1959 4683 2117 4754 juxit
2143 4681 2472 4736 Andronico
2502 4684 2559 4735 et
2586 4679 2776 4747 Julize,
2809 4694 2956 4750 quos
2985 4678 3096 4733 sibi
3125 4680 3403 4747 cognatos
3453 4674 3612 4731 dixe-
3640 4699 3642 4701 ν

1968 4772 2093 4826 rat?
2124 4772 2270 4835 Quia
2300 4788 2415 4826 non
2447 4768 2731 4825 laboravit
2760 4768 2817 4823 in
2845 4767 3272 4841 praedicatione,
3324 4767 3607 4838 quemad-

1968 4861 2206 4916 modum
2238 4859 2342 4915 illi.

2032 4950 2277 5005 Salutate
2327 4965 2416 5005 eos
2470 4950 2567 5019 qui
2616 4952 2743 5003 sunt
2796 4963 2867 5003 ea:
2921 4948 3164 5002 Narcissi
3210 4945 3611 5017 (subauditur,

1962 5038 2138 5111 domo)
2169 5039 2340 5111 (471).
2372 5037 2679 5092 Narcissus
2727 5042 2922 5092 autem
2971 5036 3271 5108 presbyter
3314 5036 3444 5100 fuit,
3490 5051 3608 5090 non

1963 5132 2160 5184 tamen
2190 5127 2395 5183 habuit
2424 5125 2680 5197 aliquam
2711 5126 3051 5196 Ecclesiam,
3084 5128 3185 5180 aut
3222 5124 3469 5195 plebem,
3505 5124 3605 5177 sed

1962 5218 2077 5274 huc
2106 5217 2361 5288 illucque
2392 5215 2747 5282 discurrens,
2782 5214 3151 5285 praedicabat,
3184 5217 3243 5269 et
3265 5229 3389 5285 qua":
3416 5212 3487 5266 ab
3510 5228 3611 5266 au-

2032 5324 2180 5395 (469)
2210 5323 2399 5395 Verba
2426 5322 2673 5391 hujusce
2703 5324 2917 5395 textus,
2971 5337 3099 5391 quae
3146 5322 3493 5395 sequuntur,
3526 5318 3607 5372 ita

1963 5390 2373 5464 ootnpendiose
2403 5390 2618 5463 scripta
2649 5397 2788 5446 sunt
2817 5393 2855 5445 i.
2889 5409 2941 5445 ο.
2975 5390 3116 5464 c._et
3139 5390 3189 5464 _l.
3223 5407 3279 5464 g.
3316 5390 3352 5444 l.
3387 5406 3444 5443 u.

2033 5461 2182 5533 (470)
2212 5464 2374 5529 Quod
2403 5461 2646 5518 verbum
2675 5464 2829 5519 domo
2858 5464 2916 5516 in
2948 5461 3349 5534 Vulg.legitur
3377 5474 3607 5529 expres-

1964 5554 2180 5678 Βυῐῖὴ)
2211 5588 2373 5672 Quod
2405 5602 2643 5660 verbum
2693 5604 2752 5659 in
2800 5604 2970 5676 Vulg.
3021 5602 3237 5676 pariter
3260 5612 3601 5673 expressum

1958 5678 2191 5752 legitur.
