3996 6232
367 417 486 480 283

1386 395 1727 459 ATTONIS
1771 388 2356 457 VEBCELLENSIS
2399 382 2751 450 EPISCOPI

3653 373 3811 442 261'

366 546 667 620 prmeessit,
698 540 914 598 idcirco
942 536 1253 594 exhortans
1282 529 1624 602 subjungit:
1678 525 2015 595 Adiiciamus
2042 524 2094 590 Α
2129 525 2193 620 ut
2209 522 2544 620 pstenderet
2565 533 2692 620 quae
2715 517 2834 620 sint
2872 514 3365 620 armalucistaut
3392 513 3600 620 ianque
3624 510 3791 620 sint,

368 617 500 706 ergo
530 650 695 707 opera
724 631 1073 686 tenebrarum
1090 642 1111 687 ;
1140 623 1199 678 id
1230 625 1338 692 est,
1371 617 1736 675 inﬁdelitatis
1763 620 1820 671 et
1847 621 2012 670 ciete-

370 741 570 780 rerum
599 722 899 777 vitiorum.
937 717 1162 773 Rursus
1190 711 1330 783 quia
1359 707 1642 781 praemisit
1670 707 1792 761 dies
1828 709 2015 760 autem

367 810 851 886 appropinquavit,
872 808 999 862 ideo
1020 804 1112 858 hic
1129 814 1360 873 quoque
1384 797 1683 853 subditur:
1710 794 2016 886 Induamur

368 881 724 970 arma—lucis,
756 899 815 953 id
847 900 953 959 est,
986 893 1180 958 ﬁdem,
1206 905 1390 961 spem,
1415 885 1779 952 charitatem,
1800 887 1857 937 et
1885 881 2014 936 reli-

369 1009 522 1065 quas
549 990 816 1053 virtutes,
850 1000 976 1055 quaa
1011 982 1155 1036 bene
1192 994 1358 1033 arma
1403 975 1704 1065 dicuntur,
1731 970 2008 1065 quoniam

368 1058 463 1137 his
491 1077 703 1150 gladiis
751 1089 913 1129 arma
959 1067 1175 1125 diaboli
1235 1068 1607 1138 superantur.
1660 1060 1822 1115 Unde
1870 1058 2008 1150 alibi

365 1148 717 1242 Apostolus:
749 1161 964 1218 lnduite
993 1174 1083 1214 vos
1121 1161 1471 1211 armaturam
1524 1152 1641 1217 Dei,
1677 1158 1739 1203 ut
1789 1148 2011 1219 possitis

367 1238 616 1314 resistere
644 1253 905 1308 adversus
930 1247 1165 1303 insidias
1194 1244 1419 1309 diaboli,
1451 1243 1501 1296 et
1528 1242 1589 1294 in
1618 1238 1869 1293 omnibus
1896 1252 2013 1307 per-

365 1348 500 1418 fecti
527 1348 675 1399 stare
703 1341 911 1414 (Ephes.
946 1354 1025 1403 v1,
1062 1336 1171 1403 11).
1211 1332 1380 1388 Lucis
1437 1335 1634 1384 autem
1689 1342 1854 1381 arma
1881 1325 2009 1418 ideo

364 1415 664 1502 dicuntur,
698 1429 978 1501 quoniam
1010 1425 1130 1479 vita
1160 1420 1419 1477 ﬁdelium
1468 1419 1529 1472 in
1579 1415 2010 1488 comparatione

363 1522 693 1579 inﬁdelium
725 1518 827 1573 lux
856 1520 945 1572 est
976 1518 1033 1569 et
1061 1513 1187 1567 dies
1213 1535 1228 1578 ;
1259 1510 1360 1565 sed
1392 1507 1487 1562 hic
1518 1507 1641 1561 dies
1700 1504 2009 1576 permistas

364 1612 542 1668 habet
564 1608 837 1664 tenebras
855 1602 1132 1676 quoniam
1156 1599 1364 1654 militia
1378 1601 1453 1653 est
1467 1599 1580 1650 vita
1594 1595 1831 1650 hominis
1850 1608 2012 1663 super

365 1704 577 1755 terram
608 1692 967 1768 (Job.vu,t);
1002 1695 1142 1745 tunc
1171 1692 1365 1743 autem
1400 1686 1524 1740 sine
1553 1684 1828 1739 omnibus
1849 1686 2008 1735 tene-

365 1788 489 1843 bris
518 1786 650 1851 erit,
681 1799 813 1839 cum
844 1780 1007 1837 electi
1046 1774 1383 1833 aeternitatis
1439 1774 1568 1828 luce
1616 1771 2005 1843 perfruentur.

368 1876 442 1932 Ut
461 1878 658 1932 autem
679 1860 1823 1959 ostenderetquomodoinduidebeamus
1844 1873 2007 1959 arma
2038 1894 2084 1959 Β

365 1964 537 2032 lucis,
560 1959 842 2031 subjecit:
878 1957 1027 2011 Sicut
1055 1956 1113 2008 in
1144 1954 1232 2007 die
1260 1951 1476 2006 honeste
1503 1948 1868 2004 ambulemus.
1898 1945 2007 2001 Ubi

365 2050 744 2124 quaerendum
773 2050 863 2101 est
892 2059 1071 2116 quare
1100 2040 1328 2097 addidit
1354 2040 1495 2093 sicut
1524 2039 1583 2092 in
1614 2036 1720 2091 die.
1754 2034 2004 2102 Scilicet,

366 2140 505 2213 quia
530 2138 632 2210 qui
665 2149 770 2208 per
797 2137 1025 2189 noctem
1058 2130 1383 2193 ambulant,
1418 2125 1608 2181 solent
1637 2124 1920 2213 distincti,
1951 2128 2009 2179 et

364 2211 737 2297 incompositi
765 2223 850 2278 ire
875 2239 888 2277 :
916 2220 1156 2292 quidam
1186 2217 1364 2272 etiam
1391 2214 1555 2274 nudi.
1579 2211 1859 2284 quoniam
1891 2227 2007 2266 non

360 2317 635 2372 videntur
664 2314 735 2368 ab
763 2310 895 2365 aliis
919 2327 932 2376 ;
954 2308 1055 2379 qui
1085 2322 1217 2361 vero
1249 2320 1352 2376 per
1381 2303 1559 2370 diem,
1586 2300 1925 2383 omnimodo
1947 2316 2008 2355 se

363 2404 743 2475 componunt,
758 2414 831 2453 ne
846 2398 1244 2467 inspectorum
1263 2391 1462 2449 oculos
1484 2390 1798 2446 oﬂ'endant.
1813 2388 2012 2443 Voluit

364 2509 497 2563 ergo
526 2489 853 2553 ostendere,
887 2483 1027 2556 quia
1053 2497 1292 2538 necesse
1320 2485 1432 2548 est,
1466 2484 1531 2535 ut
1574 2479 1658 2535 sic
1706 2495 1812 2533 nos
1842 2476 2010 2532 bonis

364 2579 641 2653 operibus
665 2576 1043 2642 adornamus,
1066 2577 1123 2626 et
1143 2570 1202 2625 in
1225 2568 1533 2641 splendore
1547 2566 1832 2622 virtutum
1856 2565 2011 2621 ince-

365 2673 677 2733 damus,ne
695 2664 794 2719 Dei
812 2660 1160 2733 inspectoris
1184 2658 1366 2713 nostri
1393 2656 1591 2712 oculos
1615 2655 2010 2720 offendamus;

363 2760 422 2814 id
454 2760 563 2823 est,
586 2755 644 2809 in
678 2751 845 2808 bonis
866 2750 1162 2821 operibus,
1190 2763 1306 2802 non
1333 2745 1604 2799 humanae
1627 2742 1820 2797 laudis
1844 2756 2015 2813 appe-

363 2847 687 2909 titum,non
710 2840 872 2895 lucra
889 2843 1140 2901 terrena,
1164 2835 1266 2890 sed
1290 2833 1399 2888 hoc
1434 2831 1623 2888 solum
1661 2847 2013 2902 quaeramus,

367 2940 434 2991 ut
456 2933 541 2989 illi
572 2930 932 3004 placeamus.
966 2925 1168 2997 Igitur,
1201 2923 1340 2995 quia
1371 2922 1636 2977 hortatus
1665 2923 1843 2989 est,ut
1873 2917 2017 2988 abji-

366 3037 635 3080 ceremus
663 3034 841 3091 opera
868 3016 1267 3077 tenebrarum,
1298 3016 1365 3066 ut
1395 3010 1726 3066 ostenderet
1754 3024 1881 3079 quae
1926 3022 2014 3061 es-

362 3118 514 3182 sent,
538 3108 789 3180 subjecit
813 3122 828 3163 :
856 3107 974 3162 Non
1005 3106 1065 3159 in
1092 3099 1601 3166 comessationibus,
1626 3102 1734 3153 etc.
1780 3096 2013 3151 Comes-

2126 610 2426 682 adjunxit:
2484 610 2589 664 Sed
2634 606 2848 663 induite
2893 606 3185 661 Dominum
3222 606 3405 659 Jesum
3454 603 3795 665 Christum;

2123 701 2232 756 hoc
2261 704 2350 756 est
2379 698 2436 753 in
2468 697 2569 753 Die
2601 698 2841 752 honeste
2871 692 3191 749 ambulare.
3220 692 3531 748 Dominum
3561 692 3789 749 Jesum

2122 807 2229 845 nos
2261 791 2457 844 monet
2505 784 2873 852 induere;id
2931 787 3042 849 est,
3102 777 3299 853 ﬁdem,
3337 782 3670 849 veritatem,
3722 786 3793 839 et

2121 885 2361 933 cunctas
2392 876 2787 947 virtutes,quaa
2815 873 2875 928 in
2906 872 3135 927 Christo
3164 870 3789 943 interpretantur.Sed

2120 968 2261 1039 quia
2285 967 2407 1021 haec
2439 982 2601 1020 arma
2631 964 2877 1018 induere
2906 977 3019 1016 non
3069 963 3279 1032 potest,
3302 959 3405 1031 qui
3442 959 3602 1016 curis
3660 977 3786 1016 saa-

2120 1055 2417 1111 cularibus
2448 1053 2805 1125 implicatur,
2838 1050 3052 1120 adjecit
3079 1066 3091 1104 :
3123 1050 3188 1104 Et
3218 1050 3399 1115 carni,
3447 1053 3649 1106 vestrae
3683 1065 3790 1104 cu-

2119 1161 2242 1200 ram
2268 1161 2340 1199 ne
2367 1144 2609 1215 feceritis
2640 1145 2700 1197 in
2730 1141 3035 1196 desideriis.
3069 1140 3217 1209 (4-41)
3248 1138 3515 1193 Prazvidit
3552 1138 3788 1210 quippe

2117 1233 2451 1304 Apostolus,
2485 1231 2625 1303 quia
2654 1230 2779 1285 sine
2811 1245 2950 1285 cura
2998 1227 3190 1283 carnis
3238 1227 3416 1282 homo
3443 1227 3786 1283 subsistere

2118 1339 2233 1377 non
2267 1326 2475 1393 potest,
2510 1321 2757 1391 ideoque
2787 1318 3037 1389 adjecit:
3066 1318 3127 1372 In
3158 1316 3464 1372 desideriis.
3497 1317 3575 1371 Ac
3604 1315 3655 1371 si
3689 1315 3785 1371 di-

2117 1414 2308 1467 ceret:
2340 1410 2487 1466 Fieri
2519 1426 2633 1464 non
2663 1412 2854 1480 potest
2882 1412 2948 1462 ut
2976 1406 3167 1462 carnis
3195 1420 3396 1460 curam
3441 1421 3557 1460 non
3590 1405 3781 1461 facia-

2118 1500 2196 1554 tis
2223 1517 2236 1566 ;
2270 1498 2320 1554 si
2351 1514 2486 1570 ergo
2510 1496 2783 1563 feceritis,
2810 1512 2925 1551 non
2960 1496 3020 1550 in
3050 1493 3376 1561 desideriis,
3410 1493 3469 1548 id
3509 1497 3619 1559 est,
3651 1510 3782 1550 non

2117 1588 2178 1643 in
2210 1585 2723 1659 concupiscentiis,
2757 1584 2843 1639 vel
2875 1588 2940 1639 ut
2970 1581 3276 1638 desideriis
3305 1581 3517 1638 vestris
3541 1581 3785 1638 satisfa-

2118 1676 2309 1733 ciatis.
2337 1677 2457 1741 Quo
2489 1675 2645 1731 dicto
2674 1674 2968 1729 evidenter
2999 1672 3280 1739 insinuat,
3306 1669 3586 1743 quoniam
3629 1686 3781 1727 cura

2118 1766 2310 1822 carnis
2341 1765 2612 1819 habenda
2639 1767 2729 1819 est
2760 1763 2819 1817 in
2853 1760 3550 1828 necessariis,adimenda
3569 1764 3778 1816 autem

2118 1857 2177 1911 in
2213 1853 2549 1926 auperﬂuis.
2582 1856 2651 1907 Et
2680 1852 2789 1908 hoc
2816 1856 2923 1917 est,
2958 1846 3111 1922 quod
3165 1849 3445 1905 Dominus
3482 1849 3543 1904 in
3578 1849 3777 1905 Evan-

2116 1944 2265 2016 gelio
2296 1943 2471 1999 dicit:
2503 1943 2688 1998 Nolite
2717 1941 2940 1997 solliciti
2965 1955 3078 1996 esse
3110 1941 3171 1995 in
3216 1941 3522 1995 crastinum
3551 1938 3773 2009 (Matth.

2115 2051 2191 2104 vr,
2221 2034 2352 2101 34);
2385 2032 2487 2087 ubi
2546 2033 2753 2087 beatus
2811 2030 3229 2101 Hieronymus:
3285 2029 3462 2085 Labor
3510 2042 3775 2084 exercen-

2116 2123 2217 2177 dus
2244 2121 2392 2192 (442)
2420 2124 2517 2188 est,
2548 2118 2859 2176 sollicitudo
2888 2118 3144 2174 tollenda.

2187 2245 2472 2300 Prmterea
2498 2243 2831 2312 sciendum,
2856 2241 3135 2315 quoniam
3157 2239 3402 2314 gentiles
3438 2241 3775 2308 credentes,

2118 2335 2261 2390 adeo
2318 2334 2494 2389 fortes
2550 2337 2607 2388 et
2652 2331 2889 2405 perfecti
2948 2336 3112 2386 erant
3165 2331 3224 2386 in
3279 2330 3414 2400 ﬁde,
3446 2334 3511 2385 ut
3570 2324 3775 2387 omnia

2118 2421 2340 2478 munda
2368 2421 2668 2477 crederent
2695 2438 2709 2489 ;
2741 2419 2987 2491 ideoque
3011 2419 3185 2474 etiam
3214 2418 3331 2474 illis
3359 2419 3771 2488 vescebantur,

2119 2527 2246 2583 quae
2280 2510 2575 2582 prohibita
2606 2513 2742 2565 sunt
2772 2509 2832 2564 in
2865 2507 3007 2581 lege,
3042 2508 3293 2564 scientes
3324 2523 3392 2563 ea
3423 2509 3532 2564 sub
3580 2507 3777 2582 ﬁgura

2120 2599 2415 2672 prohibita
2448 2615 2460 2653 :
2493 2598 2679 2653 Judaei
2733 2602 2927 2653 autem
2987 2598 3287 2652 credentes
3330 2597 3549 2652 inﬁrmi
3580 2603 3793 2668 erant,

2121 2705 2225 2744 nec
2256 2688 2387 2743 aliis
2420 2687 2573 2743 vesci
2606 2687 2830 2742 licitum
2861 2686 3165 2759 putabant,
3186 2690 3391 2757 praeter
3412 2703 3539 2758 quae
3561 2686 3621 2741 in
3643 2686 3773 2761 lege

2121 2781 2410 2848 praecepta
2440 2780 2597 2831 sunt.
2629 2776 2847 2831 Videas
2905 2791 3039 2847 ergo
3096 2774 3410 2846 Apostolus
3466 2775 3617 2831 hanc
3648 2776 3773 2832 dis-

2123 2865 2473 2934 sentionem,
2506 2868 2569 2918 ut
2599 2880 2697 2919 eos
2745 2864 2813 2919 ad
2879 2880 3080 2934 pacem
3136 2868 3448 2935 revocaret,
3482 2864 3769 2936 subjecit:

2126 2954 2277 3024 (CAP.
2300 2952 2468 3021 XIV.)
2492 2953 2781 3023 inﬁrmum
2809 2958 2992 3006 autem
3024 2953 3085 3006 in
3112 2950 3222 3020 ﬁde
3249 2953 3533 3008 assumite.
3566 2952 3772 3009 Genti-

2124 3043 2236 3097 bus
2264 3041 2420 3097 enim
2451 3041 2559 3096 hoc
2617 3040 2866 3109 dicebat,
2903 3056 3031 3111 quae
3067 3040 3225 3095 adeo
3285 3040 3469 3096 ﬁrmae
3516 3045 3683 3096 erant
3712 3042 3774 3098 in

2127 3131 2262 3197 fide,
2292 3134 2358 3185 ut
2383 3129 2583 3185 omnia
2611 3130 2912 3184 crederent
2969 3129 3221 3197 munda;
3271 3132 3326 3183 et
3382 3132 3470 3184 est
3516 3146 3768 3187 sensus:

360 3201 508 3258 satio
538 3197 790 3287 digitum-
811 3194 980 3287 quf'isi
1012 3208 1231 3287 mensae.
1259 3188 1528 3287 conﬁgi.“
1585 3203 1711 3287 qlia
1745 3189 1893 3284 .tum
1926 3185 2012 3244 δι’
2034 3259 2076 3287 ρ.
2125 3185 2718 3274 InﬁrmumJudzeum
2742 3217 2798 3272 in
2834 3216 3029 3284 ﬁde,id
3053 3185 3293 3287 est,non
3316 3217 3515 3272 omnia
3547 3185 3775 3275 munda

359 3306 492 3346 cum
521 3305 557 3343 a
581 3284 848 3349 diversis,
877 3281 1125 3352 diversa,
1146 3280 1233 3336 vel
1257 3296 1291 3333 a
1308 3277 1513 3332 multis
1536 3275 1722 3330 multa
1742 3274 1800 3328 in
1818 3290 2002 3329 unum
2033 3259 2077 3325 C

359 3376 839 3444 conferuntur,ut
854 3369 1035 3427 simul
1050 3368 1379 3441 epulantur.
1398 3369 1553 3421 Inter
1581 3366 1784 3419 caetera
1806 3371 2001 3417 autem

354 3466 541 3523 multa
567 3463 726 3531 vitia,
788 3478 857 3517 ex
914 3457 1338 3516 comessatione
1392 3454 1643 3510 ebrietas
1701 3452 1997 3518 nascitur;

350 3557 600 3627 ideoque
631 3568 764 3607 mox
798 3550 961 3605 addit
982 3565 996 3603 :
1018 3550 1083 3602 Et
1102 3545 1471 3602 ebrietatibus.
1494 3544 1742 3598 Sursum
1765 3540 1902 3611 quia
1930 3556 1999 3595 ex

351 3644 630 3701 ebrietate
650 3638 831 3695 libido
854 3639 1185 3709 generatur,
1206 3632 1420 3704 adjecit
1444 3648 1456 3686 :
1479 3633 1594 3688 Non
1616 3632 1675 3685 in
1697 3630 1993 3685 cubilibus.

351 3730 554 3788 Cubile
585 3745 619 3784 a
649 3726 937 3794 cubando,
966 3720 1024 3778 id
1048 3726 1157 3785 est,
1183 3739 1217 3777 a
1236 3721 1385 3777 fmdo
1426 3720 1734 3775 concubitu
1762 3718 1994 3783 dicitur,

352 3820 509 3894 quod
542 3816 733 3888 magis
763 3814 920 3880 feris,
952 3816 1010 3867 et
1040 3810 1245 3867 bestiis
1300 3809 1565 3882 congruit
1601 3824 1778 3880 quam
1812 3806 1996 3862 homi-

260 3974 267 3981 σ
351 3909 528 3965 nibus
559 3904 782 3961 ratione
811 3901 1131 3957 utentibus.
1183 3898 1383 3971 Igitur,
1445 3898 1581 3970 quia
1611 3898 1670 3951 in
1701 3894 1994 3951 cubilibus

350 3998 662 4070 patrantur
689 3990 1078 4048 immunditiis
1100 3994 1158 4044 et
1188 3988 1614 4055 fornicationes,
1639 3983 1851 4054 adjecit
1885 4001 1897 4038 :
1930 3985 1994 4038 Et

349 4083 730 4142 immunditiis
757 4080 923 4154 (440).
982 4079 1102 4136 Non
1156 4078 1216 4133 in
1273 4077 1633 4134 contentione.
1691 4071 1992 4129 Contentio

349 4178 441 4230 est
472 4170 818 4230 animositas
848 4169 1084 4241 mentis,
1115 4167 1175 4223 id
1203 4170 1292 4223 est
1321 4166 1483 4222 furor
1523 4162 1726 4230 animi,
1760 4176 1827 4215 ex
1857 4177 1990 4232 qua,

349 4262 488 4335 quia
515 4276 668 4334 saepe
697 4258 959 4315 nascitur
982 4257 1220 4325 invidia,
1253 4260 1357 4311 aut
1387 4253 1580 4319 dolus,
1611 4250 1826 4305 idcirco
1853 4250 1991 4305 sub-

339 4351 652 4424 jungitur:
689 4350 756 4404 Et
777 4348 1153 4415 inmutatione,
1185 4344 1273 4401 vel
1306 4348 1372 4399 ut
1402 4341 1665 4414 quaedam
1699 4338 1993 4409 exempla-

345 4439 432 4496 ria
461 4439 700 4504 habent,
732 4437 872 4493 dolo.
1344 4498 1345 4501 η

414 4529 525 4584 Sed
556 4527 937 4600 quaerendum
961 4529 1051 4581 est
1074 4539 1256 4596 quare
1275 4516 1590 4592 Apostolus
1602 4519 1854 4587 quatuor
1868 4532 1993 4570 car-

347 4615 587 4672 nalibus
601 4614 759 4670 vitiis
779 4614 896 4670 duo
914 4612 1204 4685 spiritalia
1219 4606 1606 4679 conjunxit,id
1625 4609 1732 4671 est,
1755 4608 1992 4659 conten-
2021 4626 2069 4691 D

344 4705 591 4773 tionem,
615 4703 979 4760 etinvidiam.
1003 4700 1258 4764 Scilicet,
1300 4696 1440 4769 quia
1483 4693 1783 4749 ostendere
1812 4692 1994 4748 voluit

350 4793 711 4868 quoniamst
732 4793 856 4847 hac
879 4786 1261 4855 duo,nonnisi
1282 4786 1383 4856 qui
1407 4780 1667 4839 carnales
1686 4785 1991 4853 sunt,ope-

347 4884 855 4939 rantur.Attamen
888 4876 1216 4942 sciendum,
1242 4872 1381 4944 quia
1410 4873 1616 4926 beatus
1632 4870 1991 4941 Augustinus

348 4973 463 5028 tria
483 4970 675 5027 solum
699 4969 842 5025 vitia
859 4968 969 5022 hoc
993 4965 1118 5020 loco
1141 4976 1631 5018 commemorasse
1650 4961 1989 5031 Apostolum

298 5096 303 5103 ο
344 5062 490 5118 dicit
520 5076 535 5117 :
567 5060 714 5115 Nam
748 5051 1300 5112 commessationem
1333 5054 1390 5105 et
1435 5048 1772 5105 ebrietatem
1807 5067 1985 5105 unum

344 5150 557 5221 accipit
583 5166 599 5216 ;
626 5144 900 5202 similiter
928 5138 1145 5195 cubilia
1173 5144 1230 5194 et
1257 5138 1681 5210 immunditias,
1703 5138 1784 5194 ita
1813 5140 1990 5195 etiam

344 5238 778 5296 contentionem
810 5234 867 5285 et
896 5226 1321 5284 aemulationem
1352 5246 1365 5297 ;
1398 5228 1643 5300 ideoque
1670 5228 1837 5284 illum
1870 5228 1992 5283 haec

340 5329 455 5384 tria
478 5330 709 5381 tantum
739 5332 1228 5375 commemorasse
1269 5319 1425 5387 dicit,
1458 5318 1734 5390 quoniam
1782 5334 1851 5373 ex
1897 5316 1992 5372 his

340 5415 501 5474 velut
532 5409 748 5474 radice,
770 5404 965 5461 omnis
993 5404 1263 5464 vitiorum
1289 5407 1539 5482 pullulat
1557 5424 1742 5480 seges.
1766 5408 1992 5462 Rursus

425 5603 573 5763 €440)
603 5602 773 5687 vulg.
806 5603 1191 5675 impudicitiis.
1389 5676 1401 5688 ο

452 5675 581 5753 441)
612 5674 716 5737 Ηιο
745 5690 804 5734 ιη
832 5675 1043 5751 Autog.
1075 5693 1260 5752 marg.
1290 5675 1401 5751 legi

452 5672 581 5753 441⁷)
612 5672 804 5737 Ηίοῖη
832 5672 1043 5751 Autog.
1075 5693 1260 5752 marg.
1290 5675 1507 5751 legitur
1530 5691 1657 5749 cap.
1689 5672 1883 5732 XLVI.

2116 3307 2504 3380 putantem,in
2525 3306 2883 3362 consortium
2906 3309 3168 3360 vestrum
3193 3304 3477 3361 assumite
3502 3322 3515 3360 :
3544 3305 3592 3361 si
3624 3306 3775 3364 forte

2109 3396 2169 3450 in
2204 3396 2314 3450 ﬁde
2350 3396 2632 3467 proficiat,
2669 3398 2725 3450 et
2756 3412 2826 3449 ne
2850 3393 3130 3465 judicetis
3162 3410 3296 3449 eum
3346 3393 3688 3465 reprobum,
3712 3399 3771 3451 et

2106 3484 2534 3555 imperfectum.
2568 3485 2638 3539 Et
2667 3482 2777 3539 hoc
2803 3488 2893 3538 est
2921 3483 3076 3555 quod
3109 3483 3409 3554 sequitur:
3437 3481 3556 3538 Non
3587 3485 3646 3538 in
3678 3485 3767 3540 di-

2103 3574 2521 3646 sceptationibus
2561 3574 2996 3643 cogitationum;
3026 3571 3085 3626 id
3143 3577 3250 3639 est,
3277 3589 3393 3627 non
3452 3576 3518 3627 ut
3548 3572 3765 3645 cogita-

2106 3663 2296 3719 tiones
2312 3664 2440 3734 ejus
2458 3662 2536 3733 dij
2548 3662 2894 3727 udicetis,de
2918 3660 3133 3733 quibus
3156 3659 3562 3731 solusjudicat
3583 3661 3759 3720 Deus.

2102 3750 2284 3823 Elegit
2312 3752 2527 3824 quippe
2555 3751 2887 3823 Apostolus,
2919 3754 2983 3804 ut
3012 3751 3139 3820 ejus
3169 3749 3481 3806 inﬁrmitas
3495 3753 3760 3822 portare-

2099 3845 2214 3907 tur,
2247 3844 2538 3912 quatenus
2612 3839 2670 3893 in
2732 3838 2846 3894 ﬁde
2878 3839 3187 3893 recederet.
3221 3838 3439 3895 Undeet
3467 3838 3752 3909 subjecit:

2101 3931 2256 3984 Alius
2287 3928 2508 4000 quidem
2548 3945 2575 3981 s
2638 3928 2811 3982 credit
2839 3926 3173 3982 manducare
3202 3928 3391 3983 omnia
3417 3948 3436 3994 ;
3461 3925 3572 3983 hoc
3599 3928 3754 3985 enim

2099 4019 2169 4073 de
2200 4016 2401 4089 gentili
2446 4016 2609 4082 dicit,
2642 4016 2741 4088 qui
2772 4015 2971 4071 omnia
3000 4015 3179 4087 licita,
3212 4020 3271 4071 et
3300 4007 3523 4072 munda
3555 4017 3753 4074 crede-

2100 4108 2199 4161 bat
2227 4124 2240 4161 :
2275 4105 2496 4160 vocatio
2529 4121 2782 4177 namque
2811 4104 2911 4160 Dei
2942 4103 3137 4160 nullos
3167 4103 3438 4177 prohibet
3465 4105 3757 4175 cibos,sed

2100 4194 2246 4250 ratio
2278 4193 2640 4249 abstinentiae
2670 4194 2839 4249 etiam
2873 4211 2905 4249 a
2933 4192 3107 4249 licitis
3140 4193 3453 4250 abstinere.

2174 4319 2280 4386 Qui
2307 4326 2494 4374 autem
2548 4320 2805 4389 inﬁrmus
2865 4324 2964 4386 est,
2998 4319 3149 4375 olera
3192 4319 3503 4375 manducet.
3537 4318 3658 4377 Hoc
3686 4321 3757 4378 de

2099 4407 2299 4464 Judan
2331 4407 2489 4477 dicit,
2510 4407 2610 4479 qui
2640 4409 2699 4462 in
2732 4408 2845 4463 ﬁde
2866 4408 3158 4473 inﬁrmus,
3186 4425 3255 4465 ea
3274 4413 3504 4464 tantum
3532 4410 3758 4466 munda

2102 4500 2391 4566 credebat,
2426 4517 2552 4572 quae
2584 4500 2643 4554 in
2677 4501 2804 4572 lege
2834 4515 2949 4554 non
3007 4503 3147 4554 sunt
3203 4499 3499 4571 prohibita
3527 4516 3540 4567 ;
3577 4505 3635 4555 et
3662 4505 3753 4556 est

2101 4582 2348 4645 sensus:
2384 4590 2462 4643 Ea
2488 4593 2715 4644 tantum
2750 4586 3083 4656 manducet,
3122 4604 3249 4660 quae
3280 4587 3391 4643 sibi
3439 4588 3664 4654 suavia,
3696 4592 3754 4644 et

2100 4678 2245 4750 legis
2275 4681 2557 4750 praecepto
2590 4692 2870 4733 concessa
2898 4676 3100 4745 credit,
3130 4677 3281 4733 sicut
3312 4676 3463 4732 olus.
3502 4676 3667 4733 Unde
3696 4688 3755 4740 et

2103 4768 2414 4824 subditur:
2444 4771 2501 4824 Is
2533 4767 2627 4838 qui
2653 4765 2966 4834 manducat,
2998 4782 3107 4822 non
3161 4766 3587 4823 manducantem
3644 4784 3753 4824 non

2098 4860 2325 4931 spernat
2346 4874 2368 4920 ,'
2399 4856 2455 4911 id
2479 4859 2588 4925 est,
2611 4854 2868 4927 gentilis,
2892 4856 2991 4927 qui
3016 4855 3216 4912 omnia
3237 4856 3479 4912 credens
3506 4858 3748 4927 munda,

2102 4947 2438 5010 manducat,
2472 4944 2865 5016 (subauditur,
2889 4945 3108 5017 omnia)
3142 4962 3257 5000 non
3290 4946 3749 5002 manducantem

2097 5035 2389 5104 Judaeum,
2413 5033 2470 5087 id
2494 5037 2601 5098 est,
2626 5050 2741 5088 non
2773 5033 2969 5089 omnia
3001 5035 3222 5090 munda
3252 5034 3607 5103 credentem,
3633 5051 3749 5091 non

2099 5128 2357 5195 spernat,
2391 5123 2492 5179 sed
2520 5122 2929 5195 aequanimiter
2959 5122 3183 5193 toleret,
3212 5128 3502 5195 quatenus
3542 5124 3603 5180 in
3637 5123 3750 5181 ﬁde

2098 5213 2384 5285 proﬁciat.

2168 5322 2245 5375 Et
2266 5320 2363 5390 qui
2385 5335 2497 5375 non
2523 5318 2844 5385 manducet,
2895 5318 3320 5375 manducantem
3365 5335 3477 5375 non
3500 5319 3743 5392 judicet:

2100 5408 2162 5463 Id
2194 5411 2305 5478 est,
2335 5408 2595 5477 Judaeus,
2619 5406 2721 5478 qui
2744 5424 2858 5463 non
2889 5407 3088 5463 omnia
3118 5409 3340 5464 munda
3360 5408 3746 5478 credens,non

2170 5600 2321 5671 (442)
2346 5601 2558 5671 Autog.
2590 5601 2983 5657 excredendus.
3008 5602 3279 5658 Mendam
3310 5602 3528 5659 correxi
3561 5619 3631 5660 ex
3659 5603 3743 5659 di-

2098 5672 2156 5731 vi
2186 5672 2422 5728 Hieron.
2452 5675 2612 5728 textu
2642 5673 2715 5728 ad
2745 5672 2843 5743 cit,
2874 5689 2923 5728 c.
2955 5673 3161 5730 Matth.
3189 5690 3266 5741 vx,
3298 5691 3352 5728 v.
3383 5675 3474 5731 24.
