3996 6232
146 261 262 324 265

762 258 1187 320 EXPOSITIO
1232 261 1310 320 ΙΝ
1357 260 1781 323 EPlS'l‘OLAS
1828 264 2185 324 PAULl.-—
2216 265 2292 326 IN
2340 265 2589 326 EPIST.
2626 267 2730 324 AD
2777 265 2965 326 ROM.

3451 268 3568 326 266

149 393 349 450 omnia
367 391 1015 463 manducat,gentilem
1035 392 1230 447 omnia
1251 395 1467 447 munda
1485 395 1812 449 credentem
1843 399 1895 463 Α
1929 401 2087 462 runt,
2115 403 2178 452 ut
2209 416 2318 451 non
2358 403 2583 452 tantum
2619 399 2690 452 ad
2723 414 3000 468 personas
3021 398 3348 467 hominum,
3370 401 3467 454 sed
3493 401 3564 454 ad

147 490 204 539 et
227 483 693 538 manducantem
719 481 1093 551 nonjudicet,
1110 481 1164 535 id
1185 486 1290 547 est,
1310 500 1419 536 non
1443 484 1808 550 condemnet,

143 589 264 632 non
298 571 526 627 malum
587 571 660 625 de
705 569 802 624 illo
833 570 1146 624 existimet.
1181 570 1327 624 Sunt
1357 571 1513 624 enim
1545 573 1810 641 qucedam

146 663 320 732 facta,
355 677 485 732 qua:
519 659 773 715 dubium
827 663 918 714 est
966 675 1081 730 quo
1132 657 1326 713 animo
1377 661 1556 727 fiant;
1591 661 1728 730 quia
1756 664 1811 714 et

145 751 325 817 bono,
348 754 405 805 et
428 747 586 804 malo
608 747 808 802 animo
833 745 956 800 ﬁeri
982 752 1230 818 possunt
1256 763 1267 802 :
1301 751 1357 801 et
1386 747 1598 802 idcirco
1628 749 1686 802 in
1719 748 1810 803 his

137 838 441 911 judicium
474 851 712 892 sumere
742 852 859 889 non
883 835 1186 904 debemus,
1212 837 1367 906 quod
1403 837 1570 891 nobis
1604 838 1660 892 in
1691 838 1808 891 illis

148 926 536 999 permittitur,
567 941 695 996 qua:
717 940 831 994 quo
854 922 1048 977 animo
1081 923 1242 987 fiant,
1268 923 1448 979 videri
1479 931 1722 996 possunt
1748 931 1810 980 ut
1845 912 1855 919 ’

145 1018 328 1087 furta,
362 1020 589 1086 stupra,
628 1012 1003 1084 blasphemiae
1049 1015 1104 1065 et
1135 1019 1342 1067 caetera
1372 1012 1732 1083 hujusmodi.

223 1106 407 1160 Erant
437 1102 619 1174 igitur
647 1117 711 1156 eo
741 1106 1000 1172 tempore
1031 1099 1131 1170 qui
1163 1118 1197 1155 a
1239 1102 1514 1156 carnibus
1567 1109 1623 1158 et
1672 1103 1804 1158 vino

151 1210 217 1249 se
250 1191 634 1247 abstinebant
663 1207 674 1244 :
726 1195 892 1245 erant
944 1194 1001 1244 et
1044 1189 1143 1261 qui
1178 1190 1529 1257 utebantur;
1564 1192 1809 1262 ideoque

153 1281 622 1352 dijidicabantur
669 1279 739 1333 ab
770 1277 1041 1332 invicem.
1080 1279 1226 1350 Ergo
1259 1279 1416 1350 quia,
1449 1297 1581 1334 cum
1612 1287 1810 1335 essent

153 1371 432 1426 homines
460 1367 757 1432 mortales,
793 1367 861 1422 de
908 1368 1086 1422 rebus
1117 1367 1331 1434 dubiis,
1368 1368 1422 1421 id
1455 1374 1564 1438 est,
1595 1387 1721 1440 quae
1753 1375 1809 1424 et

157 1457 434 1530 simplici,
468 1462 525 1512 et
556 1474 670 1511 non
706 1456 855 1511 bono
889 1457 1085 1510 animo
1119 1456 1243 1510 fieri
1276 1463 1562 1527 poterant,
1597 1459 1654 1512 in
1707 1475 1807 1513 oe-

154 1547 312 1603 culta
338 1546 557 1614 cordis,
591 1545 664 1600 de
693 1545 910 1616 quibus
941 1545 1096 1599 Deus
1131 1547 1623 1616 tantumjudicat,
1656 1546 1806 1602 vole-

151 1638 293 1694 bant
323 1637 474 1690 ferre
507 1633 862 1689 sententiam
889 1651 902 1702 ;
935 1633 1150 1689 idcirco
1181 1634 1323 1689 dicit
1353 1635 1664 1705 Apostolus
1692 1653 1703 1690 :
1736 1638 1804 1705 1s,

153 1727 250 1797 qui
295 1723 612 1786 manducat,
660 1739 771 1777 non
823 1722 1249 1778 manducantem
1301 1740 1411 1778 non
1456 1729 1718 1792 spernat;
1757 1729 1806 1781 et

155 1815 253 1885 qui
296 1830 410 1868 non
457 1811 772 1880 manducet,
830 1813 1254 1867 manducantem
1301 1830 1408 1867 non
1453 1813 1682 1883 judicet.
1730 1814 1808 1868 De

157 1902 352 1958 dubiis
383 1902 605 1974 quippe
649 1900 916 1971 judicare
968 1917 1079 1954 non
1123 1901 1425 1971 debemus,
1460 1904 1712 1956 maxime
1747 1907 1811 1957 ut

158 1991 644 2059 condemnemus,
671 2006 742 2042 ne
775 1987 922 2043 forte
947 1990 1323 2044 temerarium
1349 1991 1642 2059 judicium
1673 1991 1812 2045 inci-

160 2082 385 2134 damus.
451 2077 614 2132 Unde
662 2076 845 2131 alibi:
904 2076 1088 2130 Motitc
1135 2087 1259 2131 ante
1308 2081 1516 2148 tempus
1560 2078 1813 2150 judicare

158 2171 203 2236 (I
229 2171 350 2225 Cor.
390 2184 468 2238 Iv,
500 2167 577 2238 5).
617 2169 681 2219 Et
713 2166 996 2220 Dominus
1026 2165 1085 2220 in
1117 2165 1426 2237 Evangelio
1463 2183 1476 2220 :
1523 2169 1698 2222 Nolite
1717 2169 1812 2238 ju-

158 2259 362 2326 dicare,
392 2264 455 2310 ut
485 2272 592 2310 non
616 2255 957 2326 judicenu'ni
984 2255 1204 2325 (Matth.
1243 2273 1341 2323 vn,
1382 2257 1454 2326 1).

235 2345 348 2400 Cur
375 2348 575 2400 autem
597 2359 700 2399 nec
719 2344 959 2398 Judaaus
984 2343 1062 2398 sit
1085 2345 1475 2416 spernendus,
1500 2362 1604 2400 nec
1626 2347 1812 2418 genti-

157 2433 230 2489 lis
274 2431 660 2504 judicandus,
692 2431 964 2500 ostendit,
1007 2433 1416 2505 subjungens:
1474 2435 1616 2488 Deus
1667 2437 1815 2489 enim

157 2525 320 2578 illum
344 2522 668 2592 assumpsit,
693 2521 750 2574 id
773 2525 880 2588 est,
911 2521 1105 2593 elegit,
1129 2525 1184 2576 et
1207 2539 1314 2576 sua
1333 2521 1521 2593 gratia
1541 2523 1612 2576 ad
1641 2522 1815 2578 ﬁdem

161 2611 400 2668 vocavit.
438 2610 679 2682 Propter
709 2609 862 2680 quod
904 2614 962 2664 et
992 2609 1267 2664 subditur
1300 2626 1312 2664 :
1368 2612 1440 2664 Tu
1470 2612 1589 2681 quis
1617 2628 1689 2679 es,
1722 2612 1818 2682 qui

155 2700 361 2774 judice:
391 2699 644 2755 alienum
671 2714 893 2753 servum
917 2701 940 2750 ?
968 2700 1047 2753 Ac
1078 2697 1127 2754 si
1171 2699 1384 2753 diceret
1419 2717 1432 2753 :
1490 2699 1636 2764 Quia
1665 2704 1818 2755 Deus

166 2789 331 2845 illum
359 2788 711 2859 assumpsit,
745 2803 948 2844 servus
977 2791 1065 2842 est
1093 2785 1194 2841 Dei
1226 2804 1240 2842 :
1282 2792 1347 2842 tu
1379 2804 1536 2860 ergo,
1569 2805 1704 2843 cum
1737 2789 1818 2844 sis

174 2878 409 2950 fragilis,
441 2883 502 2933 et
553 2876 783 2932 occulta
836 2875 1027 2932 cordis
1073 2891 1420 2947 cognoscere
1459 2894 1573 2931 non
1607 2877 1817 2948 possis,

177 2967 306 3038 quis
337 2983 420 3033 es,
458 2969 523 3020 ut
552 2965 652 3021 Dei
687 2982 922 3020 servum
947 2964 1196 3036 judices.
1234 2964 1395 3020 Unde
1424 2966 1636 3036 adjecit
1669 2985 1680 3022 :
1714 2968 1820 3022 Suo

176 3055 400 3110 Domino
430 3059 560 3121 stat,
592 3058 688 3109 aut
717 3055 863 3109 cadit
893 3054 1142 3126 (443-44)
1165 3053 1192 3108 ?
1221 3058 1344 3109 Stat
1382 3054 1603 3110 scilicet
1633 3056 1818 3124 fortis,

1837 1770 1884 1834 B

1925 502 2202 554 personas
2235 488 2331 541 Dei
2377 495 2431 540 et
2471 487 2775 540 hominum
2808 487 3152 552 referantur,
3187 493 3249 542 ut
3280 489 3378 558 qui
3405 488 3564 557 judi-

1923 581 2017 628 cat
2048 575 2199 629 diem
2237 576 2385 629 inter
2414 575 2590 640 diem,
2625 575 2702 630 sit
2733 575 2905 629 homo
2937 601 2949 641 ;
2982 577 3081 646 qui
3115 580 3309 630 autem
3335 577 3565 645 judicat

1922 679 2155 716 omnem
2191 664 2343 718 diem
2395 664 2471 717 sit
2522 663 2695 717 Deus.
2731 663 2912 717 llomo
2945 664 3159 736 quippe
3211 663 3366 719 diem
3417 663 3568 719 inter

1919 751 2073 805 diem
2122 752 2388 821 judicat;
2433 752 2572 822 quia
2602 753 2709 806 hoc
2741 751 3108 808 solummodo
3132 754 3362 823 judicat
3391 754 3565 824 (445),

1919 840 2074 908 quod
2111 840 2163 892 in
2198 840 2467 910 praesenti
2493 840 2682 894 videt:
2718 857 2852 894 nam
2878 839 3067 910 qualis
3089 841 3339 912 quisque
3361 841 3437 896 sit
3463 840 3562 895 ho-

1920 929 2035 994 die,
2069 929 2262 996 videt;
2315 929 2506 1000 qualis
2559 934 2752 984 autem
2807 930 3040 982 futurus
3092 930 3186 998 sit,
3221 929 3466 999 ignorat,
3500 934 3565 984 ut

1919 1033 2076 1082 eum,
2107 1035 2275 1086 quem
2309 1018 2479 1072 hodie
2519 1019 2674 1072 videt
2712 1017 2958 1083 malum,
2991 1034 3120 1072 cras
3168 1034 3282 1072 non
3335 1018 3564 1073 dubitet

1918 1122 2090 1176 posse
2121 1106 2317 1160 divina
2343 1107 2525 1175 gratia
2557 1107 2676 1160 ﬁeri
2712 1107 2931 1161 bonum
2959 1122 2971 1159 :
3006 1106 3158 1160 Deus
3190 1110 3382 1161 autem
3405 1107 3562 1175 judi-

1919 1200 2012 1248 cat
2065 1211 2297 1249 omnem
2356 1196 2552 1258 diem;
2613 1195 2752 1265 quia
2802 1194 3165 1266 prrescientia
3215 1211 3321 1249 sua
3371 1193 3567 1249 omnia

1922 1284 2099 1350 novit,
2136 1283 2310 1338 etiam
2349 1289 2659 1352 antequam
2695 1284 2857 1348 ﬁant,
2890 1288 2945 1336 et
2988 1281 3180 1353 qualis
3212 1282 3460 1353 quisque
3490 1282 3568 1337 sit

1919 1371 2110 1434 hodie,
2136 1373 2327 1442 qualis
2353 1373 2585 1426 futurus
2609 1372 2703 1426 sit.
2732 1372 2911 1438 Igitur
2931 1371 3068 1441 quia
3094 1370 3236 1425 vidit
3253 1369 3569 1442 Apostolus

1916 1459 2076 1515 illam
2109 1463 2466 1526 varietatem,
2495 1478 2671 1531 quam
2704 1461 2961 1513 diximus
2994 1459 3145 1514 inter
3166 1461 3489 1527 credentes,
3513 1463 3572 1516 et

1918 1549 2195 1618 quoniam
2220 1555 2533 1621 utrumque
2564 1548 2918 1620 acceptabile
2948 1553 3036 1604 est
3057 1549 3193 1619 Deo,
3219 1548 3561 1618 subjunxit:

1920 1639 2291 1708 Unusquisque
2311 1640 2368 1692 in
2397 1655 2494 1692 suo
2522 1653 2679 1692 sensu
2712 1638 2973 1692 abundet.
2999 1641 3164 1692 Hunc
3196 1636 3389 1692 locum
3421 1653 3567 1692 non-

1919 1723 2062 1778 nulli
2087 1725 2165 1778 ita
2187 1725 2596 1780 intellexerunt
2620 1744 2632 1780 :
2660 1726 3071 1796 unusquisque
3088 1716 3250 1796 quod.
3273 1726 3385 1780 sibi
3410 1724 3568 1780 sufﬁ-

1919 1831 2046 1869 cere
2076 1814 2414 1883 decreverit,
2449 1814 2814 1868 abundanter
2843 1818 3130 1884 operetur.
3159 1814 3266 1867 Sed
3301 1813 3565 1886 nunquid

1919 1901 2249 1968 hazreticus,
2283 1901 2546 1972 nunquid
2595 1901 3028 1964 schismaticus,
3061 1900 3327 1970 nunquid
3373 1901 3566 1956 malus

1923 1990 2244 2045 catholicus
2275 1991 2380 2045 hoc
2413 1989 2639 2060 operari
2671 1989 2859 2056 debet,
2889 1989 3044 2059 quod
3073 1989 3179 2043 sibi
3216 1989 3411 2044 credet
3441 1989 3566 2043 suf-

1923 2080 2134 2135 ficere?
2163 2080 2348 2134 Absit.
2380 2080 2434 2133 Si
2467 2095 2599 2147 ergo
2630 2077 3034 2148 accipiendum
3067 2081 3154 2132 est
3187 2094 3200 2132 :
3235 2076 3570 2148 Unusquis-

1924 2185 2036 2240 que
2070 2168 2222 2223 sicut
2251 2185 2356 2222 suo
2389 2184 2531 2223 sano
2560 2165 2761 2221 sensui
2784 2165 3114 2220 intellectus
3142 2182 3175 2219 a
3200 2169 3313 2220 Deo
3342 2182 3576 2220 conces-

1925 2276 2027 2312 sus
2052 2263 2164 2322 est,
2189 2259 2271 2311 sic
2303 2261 2613 2328 cperetur;
2647 2272 2712 2309 ac
2744 2254 2792 2308 si
2814 2254 3074 2326 apertius
3104 2254 3351 2310 diceret:
3391 2254 3574 2310 Unus-

1924 2347 2177 2417 quisque
2229 2363 2355 2417 quaa
2407 2345 2714 2412 credenda,
2761 2348 2817 2398 et
2863 2343 3210 2410 conﬁtenda,
3245 2348 3303 2398 et
3350 2343 3574 2412 agenda

1917 2436 2087 2506 juxta
2132 2435 2422 2500 instituta,
2457 2437 2514 2488 et
2561 2431 2826 2503 exempla
2872 2435 3207 2487 sanctorum
3257 2431 3575 2502 cognoscit,

1925 2524 2047 2578 haec
2077 2523 2442 2578 abundanter
2461 2526 2766 2593 operetur;
2800 2524 3088 2589 quatenus
3119 2520 3179 2575 in
3215 2519 3305 2576 his
3337 2536 3398 2575 se
3419 2536 3577 2577 exer-

1927 2614 2129 2678 cendo,
2163 2613 2234 2667 ad
2269 2611 2493 2681 majora
2519 2609 2838 2682 perveniat,
2871 2626 2996 2681 quia
3027 2609 3193 2681 prius
3237 2625 3354 2666 non
3403 2607 3574 2665 intel-

1926 2701 2083 2756 lexit.

1999 2789 2316 2861 Sequitur:
2372 2789 2482 2858 Qui
2532 2790 2674 2860 sapit
2724 2789 2889 2854 diem,
2932 2789 3158 2843 Domino
3209 2789 3373 2859 sapit.
3407 2787 3572 2843 Diem

1929 2878 2084 2950 sapit
2135 2879 2257 2949 qui,
2293 2877 2485 2949 qualis
2533 2876 2746 2948 aliquis
2785 2877 2880 2944 sit,
2915 2877 3087 2931 hodie
3131 2877 3329 2931 videt:
3380 2875 3574 2947 qualis

1930 2973 2124 3024 autem
2159 2984 2285 3022 cras
2310 2968 2541 3021 futurus
2573 2964 2668 3032 sit,
2694 2981 2808 3019 non
2832 2966 3129 3033 agnoscit;
3165 2965 3221 3020 id
3255 2969 3361 3033 est,
3387 2965 3486 3036 qui
3509 2981 3577 3020 ea

1929 3061 2158 3111 tantum
2188 3056 2359 3126 sapit,
2395 3071 2522 3125 quae
2573 3053 2632 3108 in
2685 3053 2954 3124 priesenti
2997 3054 3188 3120 videt;
3222 3058 3277 3108 et
3327 3053 3572 3108 Domino

177 3143 449 3216 quoniam
484 3145 545 3197 in
581 3143 692 3198 ﬁde
725 3146 1092 3215 perseverat:
1129 3142 1285 3197 cadit
1307 3147 1502 3198 autem
1526 3144 1818 3209 infirmus,
1852 3136 1894 3202 C
1934 3142 2376 3215 sapit,quiaillo
2403 3141 2680 3213 largiente
2704 3141 2811 3196 hoc
2839 3142 3033 3213 ipsum
3060 3140 3572 3209 intelligit.Aliter:

177 3234 275 3288 sed
309 3233 472 3288 fortis
507 3231 736 3286 Domini
769 3233 956 3303 gratia
995 3235 1110 3286 stat
1140 3249 1153 3299 ;
1208 3233 1477 3287 infirmus
1526 3251 1657 3288 vero
1718 3251 1824 3289 sua

175 3321 484 3394 fragilitate
518 3321 693 3375 cadit.
721 3325 787 3374 Et
820 3325 974 3386 nota,
1008 3320 1164 3391 quia,
1199 3337 1332 3375 cum
1365 3322 1712 3393 generaliter
1740 3323 1822 3377 lo-

179 3415 450 3482 queretur
472 3410 547 3464 de
569 3407 840 3462 omnibus
864 3408 1236 3480 regeneratis,
1261 3410 1453 3464 subito
1478 3411 1730 3482 respexit
1753 3411 1819 3466 ad

179 3497 650 3572 praedestinatos,
681 3502 738 3550 et
791 3497 1053 3551 addidit:
1109 3497 1285 3552 Stabit
1333 3507 1562 3562 autem;
1610 3499 1829 3555 scilicet

183 3586 324 3659 quia
345 3583 790 3656 praedestinatus
815 3584 1059 3657 quisque
1078 3586 1271 3641 divina
1287 3586 1474 3658 gratia
1489 3588 1748 3658 adjutus,
1769 3589 1827 3642 in

185 3675 297 3730 tide
329 3673 736 3746 perseverabit.
775 3673 841 3728 Et
871 3691 944 3728 ne
989 3674 1099 3729 sibi
1134 3676 1580 3747 prazdestinatus
1610 3677 1828 3732 tribue-

185 3768 287 3832 ret,
323 3764 478 3834 quod
511 3766 651 3828 stat,
685 3763 949 3832 adiunxit
982 3781 994 3816 :
1029 3769 1229 3819 Potens
1257 3773 1336 3820 est
1362 3767 1511 3820 enim
1543 3771 1685 3822 Deus
1713 3771 1832 3822 sta-

187 3856 337 3925 tuere
366 3853 549 3907 itlum.
575 3857 654 3906 Ac
683 3851 732 3907 si
761 3851 1012 3907 diceret:
1046 3853 1227 3923 Cujus
1248 3853 1435 3925 gratia
1458 3858 1592 3921 stat,
1623 3859 1832 3927 potens

187 3946 342 3996 estet
362 3942 623 3996 tribuere
644 3941 1159 4012 perseverantiam,
1180 3945 1242 3996 ut
1261 3944 1832 4014 perseverantissime

189 4034 293 4084 est.
330 4033 580 4086 Statuere
614 4028 774 4101 dicit,
807 4028 865 4084 id
913 4035 1022 4097 est,
1056 4029 1115 4084 in
1148 4031 1260 4086 ﬁde
1289 4033 1682 4088 corroborare.
1715 4034 1833 4088 Ali-

189 4122 309 4173 ter:
344 4117 535 4186 Illum,
558 4118 620 4172 id
657 4122 748 4174 est
776 4118 1102 4190 infirmum,
1128 4119 1227 4191 qui
1260 4121 1486 4188 cecidit,
1513 4127 1715 4193 potens
1747 4127 1837 4179 est

189 4206 340 4261 Deus
371 4211 646 4272 statuere,
679 4207 735 4261 id
780 4210 887 4273 est,
924 4207 1230 4286 restituere
1264 4208 1318 4263 in
1353 4209 1668 4280 pristinum
1700 4228 1831 4283 gra-

189 4295 346 4350 dum.
373 4296 438 4350 Et
467 4295 800 4360 sciendum,
825 4295 962 4366 quia
983 4301 1148 4351 erant
1170 4296 1434 4352 nonnulli
1456 4315 1522 4354 eo
1552 4303 1833 4371 tempore,

191 4382 287 4454 qui
341 4401 574 4456 semper
608 4384 978 4439 abstinentiaa
1009 4386 1334 4440 vacandum
1367 4386 1653 4442 docebant
1680 4406 1693 4454 ;
1742 4389 1838 4444 alii

1933 3233 2098 3288 Diem
2120 3231 2290 3302 sapit,
2315 3237 2370 3284 et
2396 3230 2640 3285 Domino
2665 3229 2836 3299 sapit,
2861 3231 2961 3300 qui
2995 3245 3106 3282 non
3138 3234 3372 3301 propter
3394 3228 3579 3283 homi-

1935 3338 2092 3390 nem,
2124 3321 2224 3374 sed
2257 3324 2491 3390 propter
2520 3317 2621 3372 Dei
2653 3334 2912 3371 amorem
2936 3318 3185 3387 jejunat.

2010 3412 2073 3464 Et
2102 3409 2196 3478 qui
2223 3406 2540 3468 manducat,
2573 3407 2800 3459 Domino
2843 3407 3162 3460 manducet.
3196 3405 3312 3460 Hoc
3344 3405 3413 3459 de
3443 3421 3580 3475 gen-

1935 3497 2094 3552 tibus
2117 3496 2338 3550 dictum
2361 3500 2466 3548 est.
2493 3495 2559 3548 Et
2583 3498 2670 3549 est
2701 3511 2910 3549 sensus
2937 3511 2948 3548 :
2979 3492 3244 3562 Gentilis,
3268 3494 3366 3566 qui
3390 3493 3586 3550 omnia

1940 3586 2276 3653 manducet,
2320 3584 2564 3639 Domino
2621 3585 2956 3656 manducet,
3011 3584 3287 3655 quoniam
3340 3583 3586 3639 Domino

1939 3675 2142 3730 laudes
2189 3675 2384 3741 refert,
2421 3675 2590 3743 cujus
2636 3672 2821 3743 gratia
2871 3676 3091 3730 factum
3141 3679 3249 3740 est,
3281 3680 3346 3730 ut
3393 3674 3593 3729 omnia

1941 3765 2162 3820 munda
2194 3763 2474 3818 crederet.
2502 3763 2569 3817 Et
2599 3762 2706 3818 hoc
2737 3767 2827 3818 est
2859 3765 3011 3836 quod
3043 3763 3345 3835 sequitur:
3377 3764 3591 3820 Gratias

1941 3857 2090 3910 enim
2129 3855 2247 3924 agit
2279 3857 2412 3907 Deo.

2014 3946 2078 3998 Et
2107 3944 2204 4014 qui
2232 3959 2342 3998 non
2372 3942 2685 4010 manducat,
2722 3943 2945 3998 Domino
2975 3958 3084 3996 non
3125 3941 3436 3996 manducet.
3471 3940 3588 3996 Hoc

1941 4031 2158 4088 Judaeis
2180 4030 2356 4096 dicit;
2391 4047 2455 4084 ac
2477 4029 2526 4084 si
2555 4031 2808 4085 diceret:
2837 4030 3098 4095 Judazus,
3123 4030 3223 4100 qui
3254 4047 3366 4084 non
3389 4029 3590 4083 omnia

1944 4122 2166 4176 munda
2185 4119 2384 4186 credit,
2400 4123 2456 4172 et
2474 4117 2688 4172 idcirco
2707 4133 2819 4170 non
2839 4116 3036 4171 omnia
3054 4117 3323 4182 comedit,
3339 4116 3587 4171 Domino

1937 4212 2188 4282 jejunat,
2213 4207 2490 4280 quoniam
2509 4205 2724 4276 gratias
2746 4204 2862 4273 agit
2883 4203 3020 4272 Deo,
3044 4205 3212 4274 cujus
3234 4204 3453 4258 donum
3477 4209 3586 4270 est,

1947 4299 2101 4370 quod
2131 4296 2383 4351 abstinet
2415 4295 2484 4349 ab
2510 4295 2623 4363 his,
2649 4309 2774 4364 qua:
2805 4291 2863 4344 in
2887 4290 3008 4360 lege
3029 4296 3168 4346 sunt
3188 4290 3500 4362 prohibita.
3521 4293 3593 4346 Et

1949 4390 2056 4444 hoc
2089 4391 2197 4450 est,
2237 4384 2390 4455 quod
2446 4383 2761 4437 subditur:
2813 4383 2876 4435 Et
2923 4379 3133 4450 gratias
3179 4380 3290 4450 agit
3336 4380 3461 4433 Deo.
3497 4379 3592 4434 Sic

191 4477 403 4540 autem,
423 4473 525 4545 qui
548 4477 786 4528 tantum
809 4490 912 4546 per
932 4473 1234 4529 intervalla
1255 4476 1839 4546 temporumA’idens
1871 4503 1920 4570 D
1952 4481 2146 4531 autem
2169 4474 2390 4528 dictum
2425 4477 2514 4526 est
2539 4489 2550 4526 :
2584 4473 2812 4526 Domino
2843 4469 3159 4540 mamtucat,
3180 4468 3331 4522 sicut
3361 4467 3418 4521 in
3443 4467 3596 4540 psal-

190 4565 379 4616 autem
412 4561 734 4632 Apostolus
766 4561 916 4618 hanc
948 4562 1288 4618 varietatem
1322 4564 1473 4619 inter
1519 4566 1840 4636 credentes,

191 4649 491 4719 subjunxit
517 4667 529 4705 :
565 4651 705 4705 Nam
735 4652 884 4706 alius
921 4649 1290 4720 judicatdiem
1320 4653 1465 4708 inter
1492 4652 1634 4708 diem
1649 4671 1670 4716 ,·
1699 4655 1845 4710 alius

182 4736 401 4807 judicat
446 4754 667 4793 omnem
710 4738 874 4794 diem.
909 4739 1069 4794 Diem
1096 4739 1324 4809 judicat
1353 4739 1504 4796 inter
1533 4743 1707 4811 diem,
1741 4745 1842 4816 qui

191 4823 348 4879 aliud
375 4827 848 4896 tempusjejunio
868 4828 1295 4899 deputat,aliud
1319 4831 1674 4902 perceptioni
1692 4833 1844 4888 cibo-

191 4929 342 4980 rum,
369 4931 605 4970 omnem
634 4916 816 4986 diem,
841 4917 940 4987 qui
963 4916 1123 4970 omni
1151 4923 1410 4988 tempore
1442 4921 1842 4991 praecipitabs-

190 5000 519 5058 tinendum.
553 5004 726 5071 Nam,
773 5010 837 5058 ut
886 5005 1158 5076 superius
1207 5007 1428 5061 dictum
1484 5013 1592 5074 est,
1625 5011 1844 5064 vocatio

191 5085 291 5143 Dei
324 5090 519 5145 nullos
552 5091 828 5162 prohibet
855 5093 1056 5161 cibos;
1106 5095 1252 5150 ratio
1293 5111 1426 5149 vero
1458 5095 1843 5163 abstinentiae,

191 5175 362 5233 etiam
394 5195 428 5234 a
455 5179 638 5234 licitis
672 5180 1024 5252 quibusdam
1057 5198 1288 5254 semper
1321 5189 1518 5238 monet
1547 5185 1846 5240 abstinen-

191 5261 351 5320 dum.
375 5266 489 5322 Sed
515 5267 680 5323 hunc
702 5273 896 5324 locum
921 5271 1162 5343 quidam
1184 5271 1534 5343 profundius
1557 5272 1849 5330 intellexe-

264 5387 508 5469 (ῤ43ξοίι4)
531 5391 709 5469 Vulg.
727 5401 1010 5469 punctum
1028 5394 1504 5467 interrogationis
1519 5413 1634 5450 non
1653 5397 1846 5469 habet;

197 5459 703 5536 sed_adti_r_mativ"e
727 5459 981 5536 legitur:
1013 5459 1370 5525 Domino‘suo
1399 5473 1526 5535 stat,
1558 5471 1653 5523 aut
1682 5459 1849 5529 cadit;

265 5529 414 5608 (445)
439 5531 640 5591 Verba
678 5529 881 5608 quid...
908 5539 1146 5611 judicat,
1177 5539 1238 5594 in
1273 5529 1534 5612 margine
1563 5542 1851 5614 superiori

513 5659 785 5725 PATBOL.
830 5663 1147 5732 CXXXIV.

1956 4583 2047 4620 mo
2073 4581 2084 4618 :
2119 4561 2556 4616 Annuntiabitur
2583 4561 2811 4614 Domino
2841 4561 3130 4631 generatio
3160 4567 3388 4614 ventura
3419 4559 3592 4626 (Psal.

1953 4671 2068 4719 xxi,
2100 4654 2227 4724 31);
2281 4651 2338 4704 id
2388 4655 2493 4718 est,
2529 4649 2599 4702 ad
2634 4648 2867 4702 laudem
2901 4649 3168 4716 Domini;
3219 4666 3282 4703 ac
3314 4649 3358 4702 si
3397 4653 3595 4719 aperte

1955 4743 2172 4797 diceret
2205 4759 2216 4795 :
2276 4738 2384 4804 Illi,
2418 4739 2516 4810 qui
2566 4737 2994 4807 generationem
3027 4745 3333 4794 venturam
3366 4755 3593 4793 annun-

1955 4832 2204 4898 tiabunt,
2231 4829 2492 4896 Domino,
2519 4845 2632 4881 non
2659 4828 2767 4882 sibi
2793 4827 3120 4899 placebunt.
3147 4830 3413 4884 Ostendit
3433 4847 3595 4884 nam-

1956 4938 2067 4992 que
2099 4918 2430 4990 Apostolus,
2461 4916 2740 4988 quoniam
2791 4921 2926 4972 tunc
2975 4917 3346 4974 laudabiliter
3376 4919 3595 4974 bonum

1955 5009 2187 5080 aliquod
2211 5007 2419 5076 agitur,
2447 5022 2580 5058 cum
2616 5006 2673 5060 in
2701 5009 2828 5075 ejus
2852 5006 3084 5062 laudem
3112 5011 3192 5075 fit,
3220 5010 3388 5080 cujus
3413 5007 3597 5077 gratia

1955 5100 2208 5154 donatur
2239 5101 2303 5151 ut
2332 5095 2431 5148 fiat
2454 5094 2506 5164 (si
2519 5094 2622 5159 ’16).
2657 5096 2821 5151 Nemo
2852 5099 2999 5151 enim
3030 5102 3277 5153 nostrum
3306 5097 3411 5153 sibi
3438 5097 3596 5162 vivit,

1956 5195 2006 5244 et
2035 5203 2190 5242 nemo
2220 5188 2322 5240 sibi
2353 5185 2607 5238 moritur.
2635 5182 2813 5238 Nemo
2845 5186 2956 5239 sibi
2987 5186 3143 5252 vivit,
3167 5189 3307 5258 quia
3338 5186 3536 5241 nullus
3563 5201 3598 5238 a

1956 5294 2019 5332 se
2049 5276 2176 5348 ipso
2205 5273 2385 5327 vitam
2417 5272 2611 5328 habet.
2639 5271 2796 5326 Unde
2826 5271 3102 5328 alibidem
3133 5275 3448 5348 Apostolus
3482 5291 3495 5328 :
3536 5273 3597 5326 In

2309 5481 2490 5536 marg.
2524 5469 2720 5537 autog.
2755 5467 2848 5523 hic
2879 5465 3094 5539 legitur
3121 5485 3250 5542 cap.
3284 5439 3495 5528 XLVII.

3245 5669 3286 5748 il
