3996 6232
422 346 539 405 267

1439 340 1775 402 ATTONIS
1820 337 2405 402 VERCELLENSIS
2452 336 2809 401 EPISCOPI

3711 344 3845 407 268

423 479 539 548 ipso
568 477 715 532 enim
745 477 1006 545 vivimus,
1028 491 1313 529 movemur
1342 478 1393 528 et
1420 491 1607 529 sumus
1634 475 1767 545 (Act.
1789 491 1926 538 xvn,
1948 474 2061 542 28).
2094 473 2144 539 Î‘
2177 475 2417 527 terrenae
2439 472 2866 539 similitudinis,
2888 472 3089 528 dicens
3114 490 3125 529 :
3160 472 3467 528 Astabimus
3495 478 3626 530 ante
3656 476 3840 532 tribu-

426 565 635 621 Omnia
665 564 880 637 quippe
906 570 1058 620 Deus
1090 567 1322 635 propter
1350 563 1619 617 homines
1640 562 1936 618 condidit:
1970 562 2067 615 ho-

427 655 646 710 minem
670 658 864 710 autem
889 656 961 709 ad
995 669 1057 708 se
1087 652 1448 707 laudandum
1481 653 1732 719 creavit;
1767 656 1823 705 et
1854 651 2067 706 idcirco

427 760 599 799 nemo
616 747 889 799 nostrum
913 742 1021 798 sibi
1045 741 1314 808 moritur,
1330 740 1608 809 quoniam
1628 744 1895 794 mortuus
1914 739 2069 809 quis-

426 849 541 904 que
562 833 751 888 fidelis
783 850 817 889 a
844 832 1014 887 laude
1044 830 1142 884 Dei
1175 844 1288 882 non
1319 828 1588 883 cessabit.
1611 829 1910 892 Quomodo
1931 843 2067 897 ergo

424 922 712 994 scriptum
762 924 894 977 est:
945 921 1059 975 Non
1111 919 1319 973 mortui
1375 917 1676 971 laudabunt
1726 926 1791 984 te,
1841 918 2069 969 Domine

423 1012 595 1080 (Psal.
648 1027 803 1075 cxm,
856 1010 962 1075 17).
1012 1007 1374 1077 Quapropter
1415 1006 1741 1074 sciendum,
1793 1005 1931 1076 quia
1983 1003 2069 1059 illi

423 1097 962 1155 mortuiDominum
985 1112 1101 1151 non
1124 1095 1386 1161 laudant,
1411 1094 1511 1164 qui
1534 1093 1680 1149 tales
1701 1093 2068 1165 sunt,qualis

417 1188 535 1255 ille,
567 1188 638 1242 de
666 1203 782 1257 quo
813 1186 1099 1257 scriptum
1130 1188 1218 1240 est
1250 1200 1262 1239 :
1308 1185 1348 1237 A
1377 1189 1612 1250 mortuo,
1645 1185 1804 1254 quasi
1833 1199 1944 1238 non
1971 1185 2066 1247 sit,

416 1277 560 1348 perit
602 1277 864 1347 confessio
918 1274 1107 1345 (Eccli.
1140 1291 1276 1340 xvn,
1306 1274 1419 1342 26).
1472 1271 1560 1326 Illi
1602 1276 1797 1327 autem
1853 1271 2070 1327 mortui

421 1366 611 1438 magis
636 1365 946 1420 Dominum
974 1363 1239 1428 laudant,
1265 1364 1365 1432 qui
1393 1360 1538 1415 tales
1560 1364 1719 1429 sunt,
1740 1360 1931 1431 qualis
1952 1360 2067 1427 ille,

419 1456 491 1510 de
522 1472 637 1526 quo
676 1453 961 1509 Dominus
1001 1452 1185 1506 dicit:
1241 1452 1346 1517 Qui
1390 1451 1560 1504 credit
1608 1453 1667 1503 in
1718 1466 1822 1515 me,
1854 1450 2072 1503 etiamsi

418 1549 672 1599 mortuus
700 1543 895 1612 fuerit,
927 1545 1104 1602 vivet;
1133 1549 1182 1595 et
1211 1542 1407 1605 omnis,
1442 1541 1536 1609 qui
1566 1540 1698 1593 vivit
1730 1544 1779 1593 et
1807 1539 1981 1593 credit
2010 1541 2069 1592 in

420 1650 532 1697 me,
571 1649 683 1687 non
730 1633 1003 1686 morietur
1048 1638 1098 1684 et
1145 1633 1418 1685 .Pternum
1468 1630 1648 1694 (Joan.
1703 1645 1779 1695 x1,
1830 1629 1957 1697 25);
2015 1632 2072 1681 et

425 1719 700 1793 qualibus
730 1720 871 1775 dicit
896 1719 1205 1790 Apostolus
1240 1736 1252 1772 :
1293 1718 1495 1772 Mortui
1522 1718 1669 1771 enim
1698 1718 1841 1783 estis,
1875 1725 1927 1771 et
1960 1718 2069 1769 vita

422 1819 603 1867 vestra
649 1810 963 1865 abscondita
1009 1813 1086 1862 est
1136 1824 1260 1861 cum
1310 1807 1524 1861 Christo
1575 1806 1797 1903 (Coloss.
1858 1823 1940 1903 ni,
1991 1806 2065 1873 3).
2098 1840 2145 1903 B

420 1900 606 1956 Aliter
638 1916 651 1954 :
686 1900 867 1954 Nemo
897 1901 1161 1953 nostrum
1193 1896 1304 1950 sibi
1337 1895 1618 1960 moritur;
1652 1894 1795 1965 quia
1820 1894 2068 1964 quicun-

428 2006 541 2061 que
561 1987 715 2043 vitiis
747 1987 1011 2053 moritur,
1036 2002 1152 2039 non
1184 1984 1320 2051 sibi,
1344 1984 1445 2039 sed
1469 1984 1585 2038 Deo
1607 1982 1875 2049 moritur,
1898 1982 2069 2051 cujus

424 2078 614 2149 gratia
643 2075 886 2147 accepit,
919 2079 985 2130 ut
1028 2078 1373 2127 moreretur.
1409 2072 1568 2126 Unde
1617 2071 1889 2142 superius
1940 2069 2021 2124 ait
2052 2088 2065 2124 :

425 2168 740 2235 Quicunque
780 2165 1044 2234 baptimti
1071 2179 1259 2217 sumus
1289 2164 1349 2214 in
1383 2162 1600 2216 Christo
1626 2165 1777 2227 Jesu,
1811 2162 1869 2214 in
1898 2167 2070 2214 morte

421 2258 594 2327 ipsius
623 2255 885 2327 baptismi
912 2269 1098 2307 sumus
1120 2253 1293 2321 (Rom.
1327 2267 1403 2315 v1,
1434 2253 1488 2317 2,
1523 2252 1597 2320 3).
1625 2249 1907 2304 Similiter
1938 2248 2066 2320 qui-

417 2360 650 2415 cunque
687 2342 829 2397 vivit
866 2340 1208 2406 virtutibus,
1243 2356 1356 2394 non
1405 2339 1540 2407 sibi,
1574 2339 1675 2393 sed
1724 2338 1839 2393 Deo
1886 2338 2064 2405 viv1t;

418 2434 556 2504 quia
587 2433 660 2487 ad
690 2432 819 2502 ejus
850 2430 1083 2485 laudem
1114 2428 1275 2494 vivit,
1310 2428 1477 2497 cujus
1510 2426 1697 2498 gratia
1726 2428 1945 2482 factum
1979 2430 2069 2481 est

418 2526 485 2577 ut
513 2522 746 2576 viveret.
782 2519 943 2575 Unde
974 2520 1247 2590 superius
1278 2516 1359 2571 ait
1390 2532 1403 2571 :
1441 2519 1500 2571 Ut
1532 2516 1793 2585 quomodo
1824 2519 2067 2570 surrexit

422 2610 666 2665 Christus
712 2626 745 2663 a
790 2608 1020 2664 mortuis
1056 2622 1159 2678 per
1186 2605 1425 2673 gloriam
1454 2605 1658 2670 Patris,
1692 2606 1771 2657 ita
1800 2608 1851 2658 et
1879 2620 1978 2658 nos
2006 2607 2067 2659 in

416 2700 657 2755 novitate
674 2699 805 2754 vitae
826 2697 1163 2752 ambulemus
1184 2693 1371 2764 (lbid.,
1392 2694 1464 2763 4).
1480 2692 1692 2748 Beatus
1714 2709 1845 2747 vero
1861 2698 2067 2763 Grego-

419 2788 543 2843 rius
572 2788 730 2842 hunc
759 2786 953 2841 locum
993 2785 1077 2839 ita
1120 2782 1359 2854 exponit
1390 2799 1402 2836 :
1457 2798 1625 2836 nemo
1656 2786 1921 2836 nostrum
1954 2781 2064 2836 sibi

416 2876 582 2943 vivit,
604 2882 661 2931 et
689 2891 861 2930 nemo
883 2877 1149 2929 nostrum
1180 2872 1293 2927 sibi
1318 2870 1595 2937 moritur;
1630 2870 1905 2940 quoniam
1934 2870 2063 2942 qui-

421 2981 652 3037 cunque
674 2965 862 3026 bonus
884 2966 1063 3030 est,et
1084 2960 1420 3033 quicunque
1442 2959 1655 3027 malus,
1673 2976 1789 3014 non
1812 2959 1923 3014 sibi
1943 2964 2065 3014 tan-

418 3058 547 3109 tum
577 3058 687 3123 est,
711 3055 811 3109 sed
843 3058 902 3107 et
932 3050 1082 3117 aliis,
1106 3050 1323 3121 quibus
1353 3052 1454 3105 aut
1486 3050 1650 3119 bene,
1675 3052 1777 3104 aut
1806 3048 1955 3104 male
1982 3050 2064 3103 vi-

417 3144 589 3199 vendi
621 3143 836 3216 praebet
864 3138 1215 3211 exemplum.

2176 563 2269 615 nat
2289 582 2308 627 ,-
2334 579 2497 633 reges
2519 562 2734 634 quippe
2750 562 2963 617 terreni
2986 561 3207 634 aliquid
3222 562 3548 632 judicaturi
3570 564 3843 621 eminen-

2176 650 2381 705 tiorem
2401 650 2593 705 locum
2612 651 3194 717 conscendunt,unde
3211 667 3415 706 omnes
3432 652 3843 725 contemplen-

2175 741 2292 803 tur,
2327 742 2392 793 ut
2431 739 2532 809 qui
2564 740 2993 795 condemnandi
3025 744 3182 807 sunt,
3216 739 3394 795 latere
3424 757 3539 797 non
3573 742 3840 813 possint,

2177 843 2367 897 neque
2393 827 2491 898 qui
2514 828 2820 898 premium
2845 827 3174 899 accepturi;
3206 832 3264 883 et
3288 827 3385 884 ille
3408 827 3571 885 locus
3595 832 3844 903 proprie

2177 915 2433 969 tribunal
2464 915 2697 982 dicitur,
2721 933 2786 971 eo
2818 917 2972 987 quod
3004 915 3140 971 inde
3169 916 3513 973 tribuantur
3542 923 3845 991 praecepta

2178 1003 2267 1057 vel
2299 1003 2546 1074 judicia.

2247 1092 2561 1164 Apostolus
2593 1093 2807 1164 itaque,
2842 1097 2906 1148 ut
2952 1094 3285 1150 ostenderet
3314 1095 3595 1167 quoniam
3626 1096 3837 1153 nullus

2178 1181 2322 1236 illud
2344 1182 2637 1252 judicium
2672 1184 2911 1238 evadere
2942 1184 3169 1254 poterit,
3202 1183 3416 1240 idcirco
3448 1184 3638 1256 ipsam
3663 1186 3837 1257 judi-

2179 1271 2417 1326 ciariam
2450 1271 2669 1337 sedem,
2702 1272 2947 1327 tribunal
2991 1271 3344 1344 appellavit;
3379 1274 3577 1330 omnia
3608 1275 3840 1348 quippe

2180 1364 2413 1430 peccata
2444 1360 2752 1415 manifesta
2783 1366 2954 1416 erunt
2983 1378 3097 1416 non
3131 1360 3322 1417 solum
3354 1361 3539 1418 oculis
3569 1363 3695 1432 Dei,
3730 1365 3840 1421 sed

2179 1450 2442 1502 omnium
2474 1448 2780 1504 hominum
2817 1467 2829 1504 :
2882 1466 3018 1505 nam
3052 1450 3176 1521 ipse
3211 1451 3397 1521 judex
3423 1456 3711 1507 venturus
3744 1457 3840 1509 est

2181 1554 2294 1591 non
2327 1537 2516 1591 solum
2549 1553 2812 1608 operum,
2839 1538 3011 1608 juxta
3041 1538 3184 1593 illud
3218 1554 3230 1592 :
3267 1541 3504 1611 Recipiet
3532 1544 3839 1612 unusquis-

2179 1642 2277 1695 que
2304 1642 2538 1697 proprza
2565 1628 2809 1697 corporis
2837 1629 2944 1695 sui,
2972 1636 3137 1698 prout
3173 1630 3341 1699 gessit
3371 1629 3445 1701 (II
3472 1629 3593 1687 Cor.
3625 1648 3683 1701 v,
3715 1632 3834 1704 10),

2179 1715 2277 1769 sed
2312 1714 2485 1769 etiam
2536 1720 2591 1770 et
2640 1716 3087 1787 cogitationum,
3119 1717 3444 1773 secundum
3495 1719 3652 1791 quod
3701 1720 3834 1793 ipse

2178 1805 2495 1875 Apostolus
2525 1804 2662 1859 alibi
2695 1805 2837 1861 dicit
2868 1822 2881 1858 :
2932 1806 3114 1862 Nolite
3140 1811 3268 1862 ante
3294 1813 3504 1879 tempus
3544 1809 3837 1881 judicare,

2179 1909 2455 1965 quousque
2482 1896 2670 1949 veniat
2697 1895 2977 1962 Dominus,
3005 1904 3057 1950 et
3084 1894 3371 1951 illuminet
3399 1898 3718 1954 abscondita
3752 1904 3834 1955 te-

2177 1983 2472 2037 nebrarum
2517 1985 2563 2055 (1
2594 1983 2717 2038 Cor.
2752 2001 2826 2051 IV,
2866 1985 2945 2055 5),
2994 1988 3102 2040 etc.
3137 1985 3207 2039 Et
3238 1985 3518 2042 Dominus
3548 1986 3607 2043 in
3639 1988 3832 2045 Evan-

2178 2071 2325 2142 gelio
2361 2090 2374 2127 :
2430 2073 2582 2126 Nihil
2631 2077 2901 2144 opertum,
2942 2073 3082 2143 quod
3127 2090 3237 2129 non
3285 2076 3556 2132 reveletur
3574 2093 3597 2139 ,Î‡
3645 2095 3836 2149 neque

2178 2162 2465 2225 occultum,
2513 2162 2651 2231 quod
2697 2178 2806 2216 non
2856 2164 3064 2217 sciatur
3115 2163 3264 2235 (Luc.
3314 2182 3414 2235 x11,
3463 2166 3557 2236 2):
3606 2166 3833 2223 nihilo-

2179 2250 2375 2304 minus
2408 2254 2463 2304 et
2493 2250 2873 2318 locutionum,
2907 2252 3064 2322 quia,
3088 2252 3241 2308 sicut
3270 2253 3395 2326 ipse
3424 2254 3483 2309 in
3514 2256 3833 2328 Evangelio

2178 2338 2319 2392 dicit
2348 2356 2359 2393 :
2394 2340 2468 2393 De
2494 2341 2644 2394 omni
2671 2340 2832 2395 verbo
2860 2342 3027 2396 otioso
3054 2342 3238 2398 reddet
3267 2344 3425 2400 homo
3453 2346 3739 2401 rationem
3770 2348 3834 2401 in

2176 2426 2263 2481 die
2292 2427 2494 2495 indicii
2523 2429 2729 2497 (Matth.
2764 2444 2865 2496 xu,
2898 2430 3007 2500 36).
3032 2434 3099 2485 Et
3129 2436 3194 2486 ut
3226 2449 3395 2488 suam
3427 2435 3830 2491 narrationem

2176 2514 2437 2585 exemplo
2460 2517 2851 2587 conï¬rmaret,
2877 2518 3181 2589 subjunxit
3204 2538 3216 2575 :
3252 2520 3403 2576 Sicut
3421 2523 3692 2594 scriptum
3710 2532 3830 2579 est:

2176 2603 2419 2674 (scilicet
2460 2605 2519 2659 in
2568 2604 2716 2660 Isaia
2754 2606 3056 2678 propheta)
3092 2610 3219 2664 Vivo
3246 2625 3365 2680 ego,
3398 2609 3531 2665 dicit
3558 2612 3833 2668 Dominus

2174 2694 2323 2763 (lsai.
2355 2710 2480 2758 XLV,
2513 2695 2582 2747 24
2610 2714 2625 2763 Ï‚
2669 2695 2907 2766 Philipp.
2944 2713 3005 2763 Î¹Î¹,
3040 2697 3147 2769 10),
3180 2701 3289 2753 etc.
3323 2702 3453 2754 Haec
3481 2700 3660 2756 verba
3692 2700 3829 2759 Filii

2173 2782 2274 2838 Dei
2305 2787 2461 2837 sunt.
2498 2783 2763 2838 Praevidit
2809 2784 3027 2856 quippe
3070 2787 3352 2858 propheta
3380 2788 3699 2845 Dominum
3752 2792 3827 2847 ad

2168 2870 2457 2941 judicium
2482 2874 2825 2940 venturum;
2853 2872 3099 2946 ideoque
3124 2874 3184 2930 in
3201 2892 3339 2932 voce
3360 2878 3626 2949 ejusdem
3650 2879 3833 2937 dixit:

2179 2960 2302 3015 Vivo
2330 2976 2427 3031 ego
2448 2977 2469 3021 ,Î‡
2499 2977 2564 3015 ac
2596 2961 2644 3016 si
2678 2961 2895 3017 diceret
2926 2980 2939 3018 :
2988 2962 3131 3019 Vivo
3162 2981 3266 3036 per
3294 2965 3833 3041 immortalitatem,

2172 3048 2311 3119 quia
2333 3053 2598 3105 mortuus
2620 3066 2754 3106 sum
2786 3068 2890 3123 per
2910 3053 3101 3109 carnis
3132 3054 3653 3126 dispensationem.
3684 3057 3833 3126 Quo-

2170 3140 2329 3193 niam
2376 3139 2519 3193 mihi
2564 3140 2742 3208 ï¬‚ectet
2792 3157 2953 3196 omne
2998 3159 3162 3211 genu.
3196 3147 3307 3199 Per
3334 3144 3833 3216 genuï¬‚ectionem

488 3234 557 3288 Et
585 3208 650 3288 ut
678 3235 874 3304 aperte
895 3208 1325 3285 demonstraret
1350 3242 1530 3299 quare
1560 3226 1668 3281 hoc
1690 3227 2056 3299 praemiserit,
2088 3208 2132 3276 C
2173 3227 2505 3283 humiliatio
2536 3230 2748 3285 mentis
2778 3208 3140 3303 designatur,
3164 3231 3303 3304 quia
3332 3208 3523 3290 omnis
3555 3240 3833 3294 creatura

418 3321 727 3393 subjunxit
750 3337 763 3375 :
798 3320 925 3376 Sive
945 3320 1093 3374 enim
1112 3319 1374 3383 vivimus,
1396 3317 1627 3371 Domino
1650 3317 1884 3371 vivimus
1906 3335 1923 3370 :
1952 3317 2066 3372 sive

411 3413 717 3482 morimur,
748 3411 977 3465 Domino
1007 3408 1303 3463 morimur.
1336 3406 1460 3460 Sive
1501 3420 1629 3473 ergo
1664 3406 1922 3473 vivimus,
1952 3408 2066 3461 sive

410 3502 704 3567 morimur,
730 3499 951 3554 Domini
969 3512 1179 3552 sumus.
1205 3493 1437 3550 Domini
1461 3510 1687 3562 sumus,
1712 3494 1850 3565 quia
1879 3495 2064 3566 pretio

414 3587 722 3661 sanguinis
753 3587 878 3655 ejus
908 3583 1196 3654 redempti
1246 3600 1259 3637 :
1309 3582 1463 3636 unde
1495 3599 1625 3637 mox
1657 3582 1969 3639 subditur:
2002 3585 2063 3638 In

415 3677 513 3732 hoc
530 3676 680 3730 enim
700 3673 949 3728 Christus
968 3675 1218 3727 mortuus
1239 3678 1335 3741 est,
1360 3679 1411 3725 et
1435 3671 1756 3735 resurrexit,
1781 3675 1889 3726 etc.
1914 3672 2064 3743 (447)

412 3768 493 3820 A3
515 3764 566 3820 si
587 3764 835 3818 diceret:
862 3765 1103 3832 Propter
1122 3761 1230 3815 hoc
1251 3758 1404 3814 enim
1426 3759 1694 3814 Christus
1717 3775 1929 3830 passus
1952 3764 2060 3830 est,

411 3856 481 3910 ut
506 3854 695 3925 pretio
723 3849 1029 3922 sanguinis
1055 3849 1146 3904 sui
1168 3847 1367 3904 ï¬deles
1388 3848 1720 3915 redimeret,
1746 3851 1795 3902 et
1824 3857 2065 3905 mortuo-

410 3958 537 3998 rum
563 3940 752 4011 simul,
783 3944 833 3995 et
869 3940 1113 3995 vivorum
1139 3938 1539 3994 dominaretur.
1574 3935 1921 3991 Dominatur
1950 3938 2060 4012 igi-

408 4037 507 4087 tur
549 4031 835 4098 vivorum,
867 4029 1143 4100 quoniam
1185 4028 1244 4082 in
1277 4028 1360 4083 eis
1392 4026 1618 4082 habitat
1649 4042 1751 4096 per
1780 4027 2055 4097 gratiam,

406 4137 619 4192 eosque
639 4120 807 4192 regit,
822 4122 879 4173 et
898 4118 1212 4189 gubernat;
1236 4117 1575 4173 dominatur
1591 4119 1647 4169 et
1666 4120 2055 4184 mortuorum,

404 4208 683 4281 quoniam
707 4206 885 4263 simul
915 4223 1048 4262 cum
1080 4222 1146 4262 eo
1170 4210 1417 4277 regnant
1446 4205 1506 4258 in
1535 4203 1715 4270 oculis,
1740 4204 1813 4259 de
1840 4205 2057 4275 quibus

2175 3316 2487 3387 subjicitur
2516 3317 2653 3373 Deo.

2244 3403 2443 3461 Voluit
2471 3410 2665 3462 autem
2698 3407 2982 3480 propheta
3003 3410 3315 3466 Dominum
3346 3412 3655 3470 ostendere
3683 3416 3830 3472 emi-

2174 3495 2499 3551 nentiorem
2527 3495 2802 3552 omnibus
2832 3497 3151 3567 creaturis;
3184 3498 3432 3572 ideoque
3461 3501 3521 3556 in
3552 3503 3828 3574 ejusdem

2171 3600 2307 3639 voce
2337 3585 2417 3639 ait
2444 3598 2457 3639 Ï„
2488 3586 2759 3652 Quoniam
2780 3586 2923 3641 mihi
2940 3588 3113 3657 ï¬‚ectet
3137 3603 3294 3644 omne
3321 3606 3487 3659 genu.
3510 3590 3660 3649 Hinc
3681 3594 3828 3650 alibi

2172 3670 2326 3725 idem
2348 3671 2662 3741 Apostolus
2686 3690 2698 3726 :
2730 3674 2793 3727 In
2821 3676 3043 3729 nomine
3058 3678 3191 3731 Iesu
3211 3691 3370 3732 omne
3388 3681 3827 3749 genu/â€œlectetur;

2171 3768 2221 3814 et
2250 3762 2434 3816 omnis
2465 3761 2658 3832 lingua
2685 3763 3031 3833 conï¬tebitur
3058 3765 3167 3820 Deo
3197 3766 3404 3839 (lbid.).
3439 3768 3542 3824 Hic
3584 3786 3619 3826 a
3660 3776 3828 3844 parte

2170 3852 2358 3905 totum
2408 3851 2782 3907 ostenditur:
2839 3853 3032 3909 omnis
3082 3852 3303 3927 lingua,
3354 3856 3411 3911 id
3464 3861 3572 3927 est,
3626 3860 3827 3920 omnis

2171 3943 2460 4004 creatura,
2484 3956 2597 3994 non
2630 3939 2890 3996 humana
2917 3945 3171 4014 tantum,
3195 3944 3298 3999 sed
3323 3945 3499 4001 etiam
3530 3948 3825 4021 angelica.

2169 4027 2292 4081 Non
2333 4032 2529 4083 tamen
2574 4030 2729 4099 quod
2773 4030 3035 4103 angelica
3064 4036 3329 4090 creatura
3358 4051 3571 4108 corpus
3601 4036 3826 4097 habeat

2168 4116 2565 4187 corruptibile,
2598 4120 2768 4189 cujus
2796 4118 2999 4192 lingua
3028 4120 3144 4177 Deo
3176 4123 3542 4193 conï¬teatur,
3576 4128 3682 4183 sed
3715 4145 3824 4201 per

2166 4204 2457 4274 angelicas
2488 4205 2740 4279 linguas,
2763 4208 3025 4265 occultas
3054 4214 3111 4266 et
3132 4215 3385 4268 secretas
3411 4212 3614 4271 laudes
3640 4215 3825 4273 intel-

402 4298 686 4372 scriptum
719 4304 809 4354 est
839 4315 852 4353 :
898 4299 1056 4352 Beati
1085 4297 1293 4353 mortui
1321 4296 1419 4365 qui
1448 4296 1512 4349 in
1540 4294 1768 4350 Domino
1801 4296 2055 4349 moriun-
2164 4292 2426 4365 ligimus,
2459 4312 2608 4366 quas
2638 4296 2830 4369 angeli
2864 4298 3117 4355 referant
3159 4300 3275 4356 Deo
3311 4318 3325 4356 :
3376 4319 3512 4358 nam
3543 4304 3688 4376 quia
3717 4323 3821 4363 ore

397 4393 497 4443 tur
526 4388 709 4462 (Apoc.
742 4405 858 4456 xw,
894 4388 1003 4459 13).

469 4478 749 4550 Denique,
786 4480 851 4531 ut
880 4480 1122 4531 terreret
1156 4491 1279 4541 eos,
1312 4472 1411 4544 qui
1443 4488 1504 4528 se
1535 4471 1783 4526 invicem
1815 4488 2051 4542 sperne-

2162 4397 2265 4453 per
2311 4383 2574 4455 linguam
2631 4385 2964 4457 laudamus,
3016 4393 3168 4446 recte
3224 4390 3354 4462 ipsa
3406 4391 3536 4449 laus
3595 4393 3816 4468 lingua:

2161 4472 2495 4529 ascribitur.

395 4570 540 4624 bant
586 4571 643 4621 et
690 4564 1178 4631 condemnabant,
1214 4560 1479 4631 adjunxit
1510 4577 1523 4614 :
1578 4560 1651 4613 Tu
1692 4563 1877 4614 autem
1916 4561 2052 4630 quid
2079 4579 2125 4643 D
2229 4562 2360 4627 Sed,
2394 4563 2533 4634 quia
2563 4564 2788 4620 dixerat
2819 4583 2833 4621 :
2886 4568 3083 4625 omnes
3128 4571 3436 4626 astabimu;
3465 4578 3597 4629 ante
3625 4575 3815 4633 tribu-

397 4657 611 4726 iudicas
637 4658 872 4726 fratrem
904 4657 1106 4708 tuum?
1154 4650 1317 4715 Quod
1360 4649 1563 4719 utique
1604 4648 1806 4703 Judeao
1857 4648 1997 4705 dicit
2030 4668 2043 4705 :
2157 4652 2252 4706 nal
2302 4651 2528 4723 Christi,
2564 4657 2629 4708 ut
2674 4656 3006 4712 ostenderet
3045 4658 3185 4729 quid
3226 4658 3346 4714 illic
3376 4661 3561 4716 acturi
3591 4662 3812 4733 simus,

396 4748 500 4802 Aut
547 4750 606 4800 tu
654 4744 783 4815 quid
830 4744 1047 4814 spernis
1088 4743 1323 4810 fratrem
1369 4740 1569 4791 tuum?
1598 4739 1712 4791 Hoc
1742 4736 1942 4809 utique
1968 4740 2039 4794 ad
2152 4740 2421 4810 adjunxit
2458 4758 2469 4796 :
2522 4743 2712 4813 Itaque
2738 4748 3114 4817 unusquisque
3143 4754 3392 4804 nostrum
3418 4765 3520 4821 pro
3548 4766 3606 4806 se
3632 4755 3813 4811 ratio-

392 4834 671 4907 gentilcm
698 4832 861 4886 dicit.
881 4832 992 4885 Sed
1020 4829 1159 4899 quia
1182 4826 1375 4895 majus
1398 4823 1618 4879 malum
1646 4828 2035 4900 cstjudicare,
2150 4845 2276 4884 nem
2306 4828 2490 4883 reddet
2518 4830 2646 4886 Deo.
2678 4831 2745 4885 Et
2774 4839 2862 4888 est
2895 4850 3105 4891 sensus
3138 4852 3151 4891 :
3186 4836 3310 4899 Qua
3339 4839 3670 4896 temeritate
3702 4842 3810 4897 Dei

394 4940 572 4997 quam
605 4936 898 4993 spernere,
930 4917 1169 4982 idcirco,
1196 4914 1393 4968 relicto
1425 4917 1827 4984 praeventionis
1860 4917 2034 4987 malo,
2140 4917 2434 4988 judicium
2469 4921 2782 4989 praevenire
2811 4923 3057 4989 audetis,
3094 4929 3151 4980 et
3195 4942 3298 4981 vos
3345 4926 3594 4983 invicem
3639 4930 3810 5000 judi.

388 5012 779 5069 temeritatem
832 5005 1044 5077 judicii
1095 5008 1423 5073 exaggerat,
1475 5005 1733 5061 subdens
1769 5023 1781 5061 :
1837 5010 2036 5065 Omnes
2148 5022 2298 5073 care,
2326 5022 2457 5061 cum
2484 5010 2893 5091 unusquisque
2914 5016 3048 5068 ante
3076 5013 3333 5069 tribunal
3358 5015 3572 5072 Christi
3603 5035 3711 5091 pro
3745 5037 3810 5077 se

386 5105 535 5158 enim
560 5097 869 5155 astabimus
890 5097 1021 5147 ante
1053 5092 1301 5146 tribunal
1324 5092 1527 5148 Christi
1545 5116 1565 5161 ,-
1594 5099 1650 5150 et
1680 5100 1766 5151 est
1787 5113 2032 5152 sensus:
2146 5095 2432 5151 rationem
2453 5096 2555 5152 Dei
2579 5088 2916 5155 reddituâ€™rus
2941 5102 3060 5157 sit?
3087 5104 3253 5159 Unde
3281 5104 3562 5162 continuo
3594 5088 3807 5166 subdi-

382 5193 510 5258 Qua
540 5183 870 5243 temeritate
901 5180 1130 5236 audetis
1155 5181 1446 5252 judicium
1476 5184 1577 5239 Dei
1609 5185 1942 5256 praevenire,
1978 5188 2036 5239 et
2142 5189 2283 5241 tur:
2336 5190 2452 5243 Non
2506 5202 2643 5259 ergo
2688 5190 2927 5260 amplius
2973 5193 3207 5247 invicem
3253 5193 3599 5263 iudicemus,-
3640 5213 3710 5253 ac
3755 5198 3809 5254 si

382 5281 455 5337 de
478 5271 1185 5340 occultisjudicare,cum
1208 5273 1755 5328 omnesastabimus
1777 5276 1909 5327 ante
1932 5272 2032 5326 tri-
2141 5273 2359 5329 diceret
2410 5290 2424 5329 :
2484 5274 2807 5344 Hactenus,
2869 5278 3003 5348 quia
3058 5280 3300 5336 forsitan
3350 5282 3619 5353 judicem
3682 5303 3805 5344 non

381 5365 570 5425 bunal
600 5358 864 5416 Christi?
905 5358 980 5414 Ut
1027 5363 1218 5415 autem
1251 5366 1445 5432 aperte
1476 5363 1823 5431 ostenderet,
1857 5360 2028 5429 quale
2137 5362 2481 5449 agnovistis,
2511 5363 2640 5419 ideo
2671 5382 2771 5420 vos
2798 5365 3045 5422 invicem
3071 5369 3386 5439 judicastis
3417 5389 3431 5427 :
3482 5372 3626 5444 quia
3656 5391 3801 5449 ergo

382 5458 652 5511 futurum
671 5446 749 5501 sit
770 5445 913 5503 illud
928 5448 1240 5519 judicium,
1265 5449 1479 5505 idcirco
1501 5449 1756 5520 sumpsit
1776 5449 2026 5505 formam
2129 5448 2394 5520 judicem
2424 5452 2765 5524 agnoscitis,
2797 5471 2914 5511 non
2960 5473 3062 5513 vos
3102 5457 3348 5515 ulterius
3386 5463 3609 5518 temere
3639 5445 3801 5539 dijï¬-

459 5625 610 5717 (447)
631 5622 692 5680 In
711 5630 902 5704 autog.
919 5630 1183 5702 margine
1198 5628 1293 5685 hic
1310 5626 1406 5686 vix
1420 5627 1632 5701 legitur
1647 5626 2021 5702 cap.XLVIII.
