3996 6232
91 359 192 418 269

691 355 1108 419 EXPOSITIO
1154 357 1232 417 IN
1279 356 1702 418 EPISTOLAS
1749 360 2004 421 PAULI.
2040 393 2115 402 ——
2147 362 2220 420 lN
2269 361 2516 421 EPIST.
2551 363 2654 420 AD
2704 361 2893 420 ROM.

3380 366 3497 422 270

88 490 300 546 dicstis.
334 487 408 544 Et
438 491 506 543 ut
536 503 638 543 eos
670 488 902 544 facilius
932 490 1187 546 ﬂecteret
1218 491 1288 545 ad
1321 491 1375 545 id
1411 493 1562 562 quod
1599 507 1734 562 sug-
1767 498 1819 559 Α
1853 510 1965 546 non
2001 492 2165 548 illum
2198 495 2470 561 imitaris,
2512 493 2611 564 qui
2645 494 2713 546 de
2745 493 2884 547 caelo
2916 492 2986 547 ad
3025 496 3206 547 terras
3249 493 3494 548 descen-

85 579 330 649 gerebat,
363 577 589 632 idcirco
619 595 787 632 suam
825 595 1135 649 personam
1171 581 1735 646 associavit,diccns,

77 668 399 739 judicemus.

144 757 243 813 Sed
276 757 378 812 hoc
433 756 674 823 iudicate
721 758 918 825 magis,
971 773 1038 811 ne
1083 760 1304 829 ponatis
1352 759 1739 829 oﬂcndiculum

82 849 261 917 fratri,
295 847 380 900 vel
412 846 759 901 scandalum.
795 846 1148 908 Notandum,
1178 847 1317 917 quia
1369 863 1547 918 supra
1578 847 1736 917 judi-

85 937 234 990 cium
269 933 825 991 condemnationem
859 935 1182 1006 significat;
1215 936 1308 989 hic
1338 952 1490 1000 vero,
1516 937 1738 989 discre-

85 1025 320 1080 tionem.
357 1026 429 1078 Et
460 1028 550 1079 est
581 1039 792 1078 sensus
827 1041 839 1077 :
875 1027 991 1077 Hoc
1032 1024 1269 1078 statuite
1319 1029 1374 1078 et
1426 1025 1736 1089 decernite,

83 1131 149 1168 ne
179 1114 546 1169 comedendo
600 1129 690 1177 ea,
725 1129 852 1184 qua:
900 1112 1122 1166 munda
1165 1117 1219 1167 et
1261 1112 1420 1167 licita
1478 1113 1736 1178 creditis,

82 1203 247 1257 fratri
280 1203 546 1267 infirmo,
580 1201 634 1254 id
667 1205 754 1256 est
776 1201 1001 1268 Judaeo,
1037 1202 1404 1256 occasionem
1453 1203 1603 1256 detis
1653 1205 1735 1255 of-

83 1290 388 1356 fendendi,
424 1294 522 1343 aut
564 1289 1016 1345 scandalizandi.
1073 1291 1274 1362 Igitur,
1327 1291 1465 1361 quia
1515 1295 1739 1362 poterat

81 1379 396 1451 gentilium
429 1379 638 1450 aliquis
669 1379 856 1434 dicere
888 1396 900 1434 :
935 1380 1234 1451 Apostole,
1263 1381 1402 1451 quia
1431 1379 1512 1434 sic
1557 1381 1736 1434 inter-

81 1468 231 1524 dicis
254 1469 451 1524 omnia
481 1469 944 1540 comedere,ergo
969 1473 1025 1523 et
1047 1473 1105 1522 tu
1140 1486 1255 1523 non
1288 1469 1484 1523 omnia
1517 1470 1737 1523 munda

84 1556 510 1630 putas.ldcirco
542 1557 849 1627 subjunxit
883 1575 894 1611 :
931 1557 1053 1612 Scio
1085 1557 1382 1628 (448).Nec
1413 1558 1521 1613 hoc
1545 1557 1736 1612 solum

87 1647 321 1714 sufﬁcit,
357 1647 460 1702 sed
493 1645 720 1700 addidit
752 1663 763 1701 :
799 1649 872 1700 Et
903 1646 1110 1716 con/ith
1137 1650 1193 1701 in
1226 1649 1452 1702 Domino
1481 1652 1640 1703 Jesu.
1667 1647 1738 1701 Ut

86 1735 236 1790 enim
269 1735 491 1790 arctius
523 1752 726 1790 eorum
761 1735 1033 1790 cordibus
1064 1735 1560 1807 inculcaret,quod
1583 1736 1738 1790 dice-

1849 582 2015 642 dit.et
2040 601 2138 652 pro
2171 600 2234 635 eo
2264 601 2436 636 suum
2472 582 2820 652 sanguinem
2856 581 3195 635 fudit.Un«lc
3219 583 3494 638 continuo

1848 671 2121 724 subditur
2155 689 2165 724 :
2204 672 2334 726 Noli
2363 673 2477 725 cibo
2508 677 2599 724 tuo
2631 671 2792 724 illum
2821 671 3069 741 perdere,
3081 687 3178 740 pro
3211 688 3312 740 quo
3337 673 3496 725 Chri-

1846 764 1960 814 stus
2009 773 2254 814 mortuus
2303 765 2400 815 est.
2453 765 2532 813 Ac
2586 759 2632 813 si
2686 764 2948 829 patenter
2995 760 3189 816 dicat:
3225 759 3363 814 Cibo
3395 765 3494 815 tuo

1849 847 2015 901 illum
2051 849 2265 919 perdis,
2298 866 2470 919 quem
2506 848 2726 902 salvare
2761 852 3010 918 poteras,
3047 849 3154 902 nisi
3191 866 3385 904 coram
3427 866 3493 904 eo

1849 953 2132 990 sumeres.
2170 938 2290 999 Quo
2323 938 2475 991 dicto
2511 936 2784 1001 ostendit,
2831 937 3109 1006 quoniam
3159 939 3495 1009 quicunque

1849 1029 2094 1094 pereunt
2124 1029 2178 1079 et
2209 1025 2418 1079 salvari
2452 1030 2736 1096 poterant,
2759 1026 2829 1080 ab
2863 1024 2980 1078 illis
3013 1025 3212 1095 utique
3239 1027 3494 1097 perdun-

1847 1118 2000 1176 tur,a
2029 1114 2244 1184 quibus
2278 1119 2544 1185 poterant
2575 1114 2804 1168 salvari.
2833 1114 3091 1184 Denique
3123 1115 3263 1184 quia
3285 1132 3496 1169 nomen

1848 1201 2057 1256 Christi
2109 1202 2569 1273 blasphematur,
2619 1203 2758 1256 dum
2813 1202 3026 1272 aliquis
3081 1202 3208 1256 cibo
3261 1203 3497 1256 fratrem

1847 1308 2019 1344 suum
2057 1291 2262 1362 perdit,
2299 1292 2511 1345 idcirco
2558 1292 2917 1346 exhortando
2964 1291 3267 1362 subjunxit
3319 1309 3330 1345 :
3380 1293 3496 1345 Non

1845 1395 1968 1450 ergo
2001 1381 2408 1451 blasphemetur
2439 1383 2634 1436 bonum
2667 1386 2931 1435 nostrum.
2975 1386 3196 1435 Bonum
3243 1380 3500 1452 appellat

1847 1469 2065 1523 donum
2100 1471 2230 1524 fidei
2266 1474 2323 1525 et
2355 1476 2696 1525 cunctarum
2728 1470 3034 1536 virtutum,
3066 1469 3154 1524 vel
3197 1475 3349 1524 certe
3393 1485 3493 1524 no-

1849 1575 1980 1612 men
2015 1559 2134 1624 Dei,
2157 1565 2358 1630 pra’ler
2387 1561 2523 1629 quod
2553 1577 2662 1612 non
2693 1565 2770 1613 est
2802 1560 2962 1613 aliud
2993 1576 3189 1614 nomen
3216 1560 3313 1613 sub
3342 1561 3494 1627 ca'lo,

1848 1649 1904 1700 in
1953 1665 2057 1718 quo
2107 1664 2204 1702 nos
2251 1657 2491 1718 oporteat
2518 1649 2693 1702 salvos
2740 1649 2861 1716 ﬁeri
2911 1649 3044 1716 (Act.
3098 1666 3169 1714 IV,
3224 1650 3332 1718 12).
3366 1649 3496 1703 Sive

1848 1737 2065 1791 bonum
2100 1741 2280 1798 vocat,
2319 1737 2608 1806 Evangelii
2640 1737 2909 1806 gratiam.
2961 1737 3076 1791 lloc
3126 1738 3346 1792 bonum
3393 1755 3495 1793 no-

87 1826 202 1892 bat,
235 1825 367 1879 ideo
396 1824 505 1879 hoc
535 1825 769 1894 adjecit.
807 1824 951 1888 Quid
986 1830 1180 1880 autem
1231 1825 1404 1881 sciret
1451 1831 1506 1881 et
1557 1826 1737 1880 conﬁ-
1769 1865 1814 1928 Β
1848 1832 2034 1882 strum
2067 1832 2173 1896 est,
2207 1843 2340 1881 cum
2373 1825 2692 1896 accipimus
2725 1843 2737 1879 :
2774 1825 2874 1880 Dei
2907 1831 3122 1894 autem,
3159 1827 3297 1897 quia
3326 1828 3398 1882 ab
3429 1844 3495 1882 eo

88 1915 243 1968 deret
273 1913 529 1968 ostendit
563 1929 576 1968 :
613 1914 754 1980 Quia
787 1913 930 1967 nihil
958 1930 1244 1969 commune
1279 1931 1377 1985 per
1429 1917 1624 1986 ipsum.
1660 1916 1737 1969 Ac

89 2002 134 2056 si
166 2006 362 2074 aperte
394 2002 650 2056 diceret:
678 2002 800 2056 Non
836 2007 1137 2072 propterea
1168 2002 1614 2074 probibeo.quia
1635 2021 1738 2075 pu-

88 2097 198 2146 tem
223 2092 559 2158 immunda,
592 2091 692 2146 sed
730 2107 800 2145 ne
833 2091 1061 2162 ponatis
1093 2092 1505 2147 oll‘endiculum
1549 2093 1733 2155 fratri,

86 2179 168 2234 vel
200 2178 548 2235 scandalum
582 2196 594 2233 :
627 2179 734 2234 hoc
760 2180 918 2234 enim
947 2180 1284 2246 verbum,id
1317 2184 1405 2235 est
1433 2196 1735 2246 commune,

86 2267 264 2322 Judaei
300 2284 411 2338 pro
442 2268 729 2322 immundo
759 2267 1123 2338 accipiebant
1173 2286 1186 2322 :
1240 2269 1395 2323 unde
1439 2269 1735 2336 animalia,

86 2373 215 2427 quas
243 2373 351 2426 per
384 2354 571 2428 legem
604 2372 876 2412 concessa
900 2361 1040 2412 sunt
1061 2357 1132 2412 ad
1165 2358 1737 2424 edendum,munda;

87 2445 317 2516 reliqua
369 2449 567 2499 autem
615 2446 946 2500 communia
993 2446 1279 2501 vocabant
1313 2463 1326 2501 :
1359 2463 1498 2501 vasa
1541 2447 1737 2514 etiam,

87 2535 302 2605 quibus
338 2533 660 2588 utebantur
691 2536 1017 2590 sacerdotes
1038 2535 1096 2589 in
1121 2535 1570 2606 templo,sancta
1592 2536 1742 2590 dice.

88 2625 390 2691 bantur,et
411 2624 482 2678 ad
507 2639 705 2678 eorum
733 2625 1470 2696 comparationem,cuncta
1493 2625 1743 2680 immun-

91 2713 178 2780 da,
209 2713 268 2767 id
295 2716 409 2779 est,
430 2714 1064 2768 communia.Attamen
1097 2714 1212 2767 vim
1247 2713 1425 2783 hujus
1455 2715 1744 2769 sermonis

91 2817 198 2855 non
231 2801 646 2873 intelligebant
675 2818 684 2856 :
721 2819 858 2857 nam
888 2819 1021 2857 cum
1055 2802 1331 2857 animalia
1351 2808 1406 2858 et
1434 2821 1572 2860 vasa
1591 2820 1745 2858 com-

94 2891 287 2945 munia
335 2895 634 2957 vocarent,
687 2891 744 2944 id
797 2896 886 2946 est
936 2891 1278 2958 immunda;
1311 2907 1372 2947 se
1403 2909 1744 2946 communes

93 2996 212 3034 esse
241 2997 355 3035 non
386 2979 823 3051 intelligebant.
860 2979 1022 3035 Sicut
1050 2981 1204 3035 enim
1239 2998 1376 3036 vasa
1407 2981 1653 3052 reliqua,
1674 2981 1743 3036 ad

92 3070 586 3141 comparationem
602 3070 1056 3140 eorum,quibus
1077 3071 1396 3125 utebantur
1417 3071 1747 3126 sacerdotes

92 3158 143 3212 in
177 3158 416 3230 templo,
455 3157 797 3212 communia
819 3158 1190 3226 dicebantur;
1217 3159 1301 3213 sic
1323 3159 1521 3214 anima
1550 3175 1747 3231 pecca-

1849 1915 2039 1969 datur.
2076 1915 2353 1986 Sequitur
2387 1933 2397 1969 :
2432 1915 2547 1969 Non
2580 1917 2724 1969 enim
2765 1925 2841 1969 est
2889 1932 3116 1985 regnum
3148 1919 3248 1970 Dei
3277 1932 3414 1980 esca,
3446 1921 3498 1970 et

1845 2005 2173 2074 potus.Esca
2203 2010 2258 2058 et
2289 2008 2460 2074 potus
2493 2022 2606 2058 non
2639 2009 2778 2058 sunt
2809 2020 3050 2074 regnum
3089 2004 3358 2074 Dei,quia
3380 2021 3494 2058 non

1848 2093 2177 2164 perducunt
2205 2093 2275 2146 ad
2311 2109 2553 2162 regnum
2589 2092 2711 2158 Dei,
2744 2108 2931 2161 neque
2981 2092 3406 2162 permanebunt
3434 2091 3496 2146 in

1848 2181 1974 2253 ipso
2007 2199 2019 2236 :
2053 2183 2272 2236 caduca
2302 2183 2514 2253 quippe
2544 2189 2716 2245 sunt;
2744 2185 2799 2235 et
2827 2179 2919 2234 vix
2950 2181 3118 2235 nobis
3150 2182 3220 2235 ad
3244 2197 3496 2252 przesen-

1848 2275 1967 2325 tem
1993 2271 2172 2325 vitam
2198 2270 2520 2326 sufficiunt.
2561 2271 2662 2324 Sed
2672 2273 2914 2341 justitia,
2936 2274 2986 2324 et
3005 2278 3198 2340 pa.r,et
3214 2270 3496 2341 gaudium.

1850 2364 1979 2414 Haec
2010 2362 2165 2415 enim
2199 2365 2338 2414 sunt
2367 2376 2608 2428 regnum
2659 2359 2786 2425 Dei;
2839 2375 2964 2430 quae
3011 2359 3302 2430 praecipua
3349 2359 3504 2413 dona

1851 2453 2010 2514 sunt,
2045 2465 2146 2520 per
2176 2466 2300 2519 qua:
2334 2465 2652 2520 possumus
2685 2447 2985 2518 pervenire
3019 2448 3090 2502 ad
3123 2447 3297 2502 vitam
3337 2452 3504 2502 aster-

1853 2555 2010 2592 nam.
2046 2537 2285 2592 Justitia
2325 2537 2558 2602 dicitur,
2610 2537 2778 2607 quasi
2822 2535 2976 2606 juris
3019 2540 3230 2591 status.
3264 2536 3509 2591 Justitia

1854 2643 1988 2697 ergo
2020 2631 2126 2691 est,
2161 2642 2293 2680 cum
2341 2625 2657 2694 unicuique
2708 2625 3012 2695 proprium
3057 2626 3159 2695 jus
3206 2624 3508 2679 tribuitur.

1853 2715 2091 2770 Justitia
2124 2715 2303 2785 igitur
2334 2714 2432 2768 Dei
2465 2713 2728 2768 Christus
2759 2720 2868 2781 est,
2898 2714 2997 2784 qui
3033 2731 3138 2768 nos
3163 2714 3512 2783 justiﬁcavit

1856 2821 1888 2857 a
1921 2804 2171 2875 peccatis
2197 2808 2254 2857 et
2285 2802 2545 2857 redemit.
2583 2802 2744 2856 Unde
2775 2802 2911 2856 alibi
2948 2802 3100 2857 idem
3136 2803 3450 2873 Apostolus
3495 2819 3507 2857 :

1859 2894 1964 2961 Qui
2011 2895 2187 2963 factus
2231 2900 2307 2946 est
2351 2892 2503 2946 nobis
2550 2908 2586 2946 a
2631 2893 2740 2946 Deo
2781 2892 3025 2961 justitia,
3061 2899 3111 2946 ct
3141 2892 3435 2962 redemptio
3465 2893 3514 2959 (ι

1860 2983 1978 3037 Cor.
2019 3000 2054 3050 ῐ,
2090 2983 2211 3048 30);
2243 2981 2364 3052 ipse
2397 2986 2485 3035 est
2514 2987 2570 3035 et
2601 2997 2728 3051 pax,
2765 2980 2915 3034 sicut
2947 2981 3101 3035 idem
3135 2981 3275 3034 dicit
3309 2981 3508 3036 :Chri-

1855 3079 1968 3126 stus
1997 3075 2073 3126 est
2103 3088 2217 3141 pax
2248 3079 2438 3126 nostra
2485 3071 2699 3140 (Ep/tes.
2734 3086 2791 3138 ιι,
2829 3071 2934 3140 li).
2988 3069 3279 3124 Gaudium
3311 3073 3506 3122 autem

1858 3161 2259 3223 dicit,zeterna3
2291 3159 2670 3214 beatitudinis
2697 3175 2708 3212 :
2732 3175 2865 3212 nam
2897 3159 3176 3226 gaudium
3201 3158 3258 3210 in
3281 3162 3505 3226 tempo-

89 3246 218 3314 trix,
252 3248 324 3302 ad
349 3247 856 3318 comparationem
883 3252 1095 3302 sanctae
1121 3251 1179 3302 et
1198 3248 1303 3318 piae
1327 3247 1554 3318 animai,
1587 3263 1743 3303 com-
1776 3233 1819 3300 C
1858 3248 2079 3304 ralibus
2111 3249 2348 3302 abusive
2380 3247 2593 3302 dicitur
2626 3265 2637 3300 :
2664 3247 2722 3299 in
2755 3245 3118 3316 spiritalibus
3149 3250 3506 3315 autem,pro-

94 3335 285 3391 munis
313 3339 589 3402 vocatur;
644 3337 782 3407 quia
834 3353 949 3391 non
1001 3341 1089 3391 est
1136 3336 1314 3392 unius
1363 3337 1615 3401 Domini,
1649 3337 1748 3391 sed

96 3424 440 3490 multorum,
475 3425 534 3479 id
567 3429 675 3491 est,
709 3425 1006 3495 vitiorum,
1039 3429 1097 3480 et
1145 3426 1473 3480 daemonum
1506 3425 1747 3481 famula.

96 3519 200 3568 Per
229 3517 416 3585 ipsum
448 3513 614 3579 dicit,
647 3514 704 3567 id
737 3519 842 3582 est,
893 3531 996 3585 per
1042 3514 1338 3569 Christum
1375 3533 1388 3571 :
1418 3515 1561 3568 nihil
1595 3515 1750 3570 enim

99 3620 414 3658 commune
447 3619 553 3674 per
581 3603 794 3674 ipsum,
828 3605 1104 3675 quoniam
1139 3622 1171 3659 a
1206 3605 1355 3660 bono
1388 3605 1523 3673 Deo,
1557 3604 1753 3660 omnia

101 3693 256 3748 bona
288 3697 346 3746 et
377 3693 604 3747 munda
638 3697 827 3748 creata
857 3698 996 3748 sunt
1029 3711 1041 3748 :
1074 3695 1227 3749 unde
1259 3694 1317 3748 in
1350 3694 1556 3749 Genesi
1605 3693 1753 3765 legi-

96 3786 189 3836 tur
225 3799 238 3836 :
281 3781 424 3838 Vidit
476 3782 617 3836 Deus
662 3787 874 3848 cuncta,
927 3797 1053 3853 quae
1095 3783 1242 3854 fecit,
1293 3791 1344 3838 et
1389 3786 1548 3837 erant
1595 3782 1756 3837 valde

99 3871 235 3926 bona
266 3872 424 3943 (Gen.
455 3889 494 3937 1,
529 3872 732 3942 10-12).
767 3870 1007 3927 Videtur
1033 3888 1168 3944 ergo
1216 3871 1307 3927 bis
1355 3872 1548 3927 verbis
1600 3876 1751 3942 Apo-

94 3960 277 4016 stolus
322 3962 513 4033 legem
568 3976 862 4028 accusare,
918 3977 1044 4032 qua:
1097 3961 1262 4016 docet
1311 3962 1579 4032 quaedam
1625 3976 1753 4016 esse

95 4050 421 4104 immunda.
457 4048 574 4104 Sed
607 4049 784 4104 absit.
818 4053 941 4104 lmo
973 4051 1249 4116 ostendit,
1278 4049 1435 4120 quia,
1470 4067 1596 4120 qua:
1627 4067 1755 4122 pro-

86 4135 275 4193 hibita
308 4143 468 4205 sunt,
505 4138 622 4194 sub
653 4139 846 4210 ﬁgura
885 4137 1086 4208 utique
1134 4144 1273 4194 sunt
1320 4138 1633 4210 prohibita.
1688 4139 1757 4192 Et

89 4227 570 4300 sciendum,quia
592 4228 1115 4299 sapeconscientia
1132 4229 1604 4298 uniuscujusque
1626 4243 1751 4282 rem

86 4313 460 4372 immundam
515 4316 629 4371 sibi
692 4317 977 4371 mundam
1047 4317 1200 4384 facit,
1234 4316 1320 4372 vel
1374 4317 1700 4372 econtrario
1744 4344 1756 4380 ε

87 4405 238 4459 verbi
264 4406 476 4478 gratia,
500 4406 554 4462 si
580 4405 968 4477 idolothytum
1001 4406 1060 4460 in
1096 4406 1336 4462 macello
1359 4406 1667 4472 vendatur,
1702 4411 1758 4460 et

97 4495 224 4564 quis
255 4513 459 4552 emens
491 4495 733 4550 nescius
763 4494 1102 4562 comederit,
1133 4495 1489 4551 conscientia
1517 4511 1626 4549 sua
1647 4493 1760 4549 sibi

1861 3338 2011 3409 prie;
2047 3338 2199 3390 unde
2232 3337 2288 3389 in
2320 3335 2683 3406 spiritalibus
2716 3333 2841 3388 sine
2894 3333 3217 3402 adjectione
3248 3333 3506 3403 ponitur.

1861 3426 2153 3482 Gaudium
2187 3425 2382 3494 itaque
2422 3423 2563 3476 dicit
2614 3421 3168 3492 contemplationem
3209 3422 3512 3492 prtesentis

1862 3515 2058 3569 vultus
2085 3513 2208 3568 Dei.
2244 3513 2405 3567 Unde
2455 3513 2511 3566 in
2567 3511 2872 3582 Evangelio
2921 3510 3197 3566 Dominus
3234 3527 3244 3563 :
3277 3513 3403 3566 Marc
3432 3515 3516 3566 est

1865 3607 1976 3659 vita
2005 3607 2238 3666 aeterna,
2273 3612 2330 3656 ut
2360 3606 2682 3670 cognoscant.
2713 3609 2760 3655 te
2790 3617 2973 3656 verum
3007 3603 3310 3667 Deum,etc.
3337 3603 3515 3671 (Joan.

1863 3711 1998 3760 xvn,
2036 3694 2109 3761 3).
2146 3693 2213 3746 Et
2264 3691 2402 3761 quia
2451 3691 2570 3746 hf-BC
2621 3691 2773 3746 dona
2822 3691 3045 3761 absque
3090 3689 3279 3762 gratia
3329 3690 3516 3745 sancti

1865 3781 2117 3854 Spiritus
2169 3798 2339 3836 nemo
2389 3781 2603 3837 habere
2653 3784 2862 3853 potest,
2897 3781 3114 3835 idcirco
3160 3779 3513 3850 subjunxit:

1863 3877 1930 3927 In
1969 3873 2184 3942 Spiritu
2214 3875 2417 3925 sancto.

1934 3962 2211 4031 Sequitur
2242 3978 2254 4015 :
2289 3962 2395 4028 Qui
2415 3961 2562 4014 enim
2587 3962 2644 4014 in
2677 3960 2773 4016 hoc
2801 3961 2967 4014 servit
2999 3960 3230 4025 Christo,
3263 3965 3514 4029 acceptus

1865 4055 1940 4105 est
1971 4052 2074 4106 Deo
2105 4055 2156 4103 et
2187 4050 2443 4121 probatus
2470 4049 2873 4103 hominibuan
2902 4051 2997 4102 hoc
3021 4049 3182 4115 dicit,
3217 4048 3273 4100 id
3308 4052 3417 4113 est,
3451 4048 3510 4100 in

1865 4139 2084 4211 Spiritu
2117 4143 2338 4192 sancto.
2375 4137 2480 4200 Qui
2513 4135 2668 4190 enim
2700 4138 2758 4189 in
2789 4152 2854 4189 eo
2888 4136 3082 4198 servit,
3115 4135 3293 4189 servit
3338 4134 3512 4187 verbo

1866 4227 2183 4300 sapientiae,
2217 4225 2517 4291 charitati;
2553 4241 2616 4278 ac
2648 4239 2750 4294 per
2780 4223 2886 4277 hoc
2917 4223 3107 4293 placet
3153 4227 3288 4285 Deo,
3317 4226 3373 4275 et
3419 4236 3514 4274 ac-

1868 4320 2073 4388 ceptus
2105 4319 2194 4369 est
2223 4313 2590 4379 hominibus;
2625 4311 2759 4382 quia
2790 4311 2910 4366 hmc
2945 4311 3096 4364 dona
3145 4315 3264 4363 tam
3315 4308 3516 4381 praci-

1869 4423 1984 4477 pua
2031 4407 2189 4470 sunt,
2225 4408 2288 4457 ut
2329 4402 2412 4456 eis
2459 4419 2626 4457 nemo
2678 4401 2862 4472 possit
2910 4400 3219 4470 derogare;
3272 4398 3518 4468 ideoque

1871 4493 2282 4552 manifestatus
2313 4496 2401 4547 est
2432 4508 2559 4546 esse
2590 4491 2879 4562 perfectus
2914 4506 3108 4545 coram
3159 4488 3274 4542 Deo
3322 4492 3379 4542 et
3421 4503 3516 4542 co-

94 4585 416 4652 mundum;
450 4584 786 4640 econtrario
818 4583 918 4655 qui
953 4583 1170 4654 aliquid
1205 4583 1758 4652 immundumjudi—
1792 4599 1839 4662 D
1870 4601 1995 4639 ram
2028 4582 2392 4638 hominibus.

97 4675 202 4725 cat.
236 4672 322 4726 illi
356 4674 572 4744 utique
600 4673 981 4728 immundum
1015 4677 1120 4728 est.
1171 4674 1241 4727 Et
1290 4671 1400 4728 hoc
1448 4677 1557 4739 est,
1603 4671 1758 4744 quod

95 4761 365 4831 sequitur
399 4780 412 4816 :
448 4763 572 4817 Nisi
601 4764 672 4829 ei,
708 4764 804 4834 qui
833 4761 1114 4816 existimat
1141 4762 1272 4834 quid
1301 4778 1585 4817 commune
1624 4776 1755 4827 esse,

95 4849 183 4903 illi
212 4865 511 4905 commune
534 4850 711 4905 est.Ut
742 4859 941 4906 autem
975 4851 1306 4906 ostenderet
1336 4868 1514 4922 quare
1536 4849 1758 4922 prwmi-

100 4939 233 4993 serit
264 4955 278 4995 :
310 4941 424 4994 Hoc
441 4939 696 5010 judicate
732 4942 927 5010 magis,
975 4956 1042 4994 ne
1089 4941 1302 5010 ponatis
1350 4940 1759 5012 offendiculum,

96 5027 173 5080 vel
204 5028 532 5082 scandalum
551 5027 997 5098 (li-i9),subdidit
1033 5044 1043 5081 :
1077 5030 1139 5082 Si
1166 5031 1310 5083 enim
1339 5033 1557 5101 propter
1587 5045 1763 5083 escam

91 5117 265 5183 frater
307 5125 438 5173 tuus
488 5116 911 5171 scandalizatur
957 5117 1103 5187 (450)
1126 5134 1138 5182 ;
1161 5119 1284 5188 jam
1315 5134 1423 5172 non
1460 5117 1764 5172 secundum

98 5204 432 5260 charitatem
481 5206 775 5270 ambulas;
824 5205 878 5258 id
929 5209 1036 5269 est,
1092 5205 1141 5260 si
1185 5223 1272 5276 ea,
1324 5223 1449 5276 quae
1503 5205 1660 5259 licita
1711 5206 1768 5258 et

102 5294 324 5349 munda
355 5294 893 5365 credis,propterea
923 5294 1202 5362 sumis,ut
1235 5296 1408 5350 frater
1438 5300 1578 5349 tuus
1601 5309 1768 5348 scan-

71 5379 384 5437 .dalizetur
409 5401 424 5451 ;
462 5399 588 5438 non
622 5381 948 5437 secundum
972 5383 1312 5440 charitatem
1335 5381 1772 5454 ambulas,quia

173 5576 324 5728 E448;
358 5578 426 5661 In
459 5580 666 5660 autog.
705 5575 969 5648 margine
997 5577 1091 5660 bic
1119 5580 1334 5654 legitur
1362 5597 1488 5654 cap.
1522 5580 1709 5636 XLIX.

198 5650 302 5705 449
361 5650 467 5706 Hic
499 5666 566 5704 in
602 5651 804 5720 autog.
840 5663 1098 5721 margine
1129 5652 1342 5726 legitur
1370 5669 1494 5728 cap.
1530 5655 1572 5709 Ι.

198 5650 324 5728 449)
361 5650 467 5706 Hic
499 5650 566 5704 in
602 5651 804 5720 autog.
840 5650 1098 5721 margine
1129 5650 1342 5726 legitur
1370 5650 1494 5730 cap.
1530 5655 1572 5709 Ι.

1944 4671 2146 4743 Igitur,
2184 4676 2248 4726 ut
2277 4688 2374 4726 eos
2406 4671 2476 4725 ad
2510 4669 2670 4742 pacis
2702 4674 2758 4724 et
2788 4669 3105 4724 concordia:
3139 4668 3357 4722 bonum
3385 4683 3522 4738 pro-

1867 4765 2116 4824 vocaret,
2154 4761 2283 4830 subj
2296 4761 2460 4815 unxit
2484 4776 2495 4813 :
2523 4761 2708 4830 Itaque
2736 4777 2852 4829 quae
2880 4760 3033 4830 pacis
3059 4761 3206 4826 sunt,
3237 4765 3517 4812 sectemur.

1869 4851 1975 4905 Ubi
2007 4850 2324 4905 notandum
2360 4850 2494 4920 quia
2519 4867 2634 4904 non
2656 4848 3083 4915 ait,sectamur;
3119 4846 3270 4902 sicut
3317 4851 3372 4902 et
3416 4864 3519 4902 su-

1871 4940 2069 5011 perius
2125 4957 2136 4994 :
2189 4940 2632 5010 Hospitalitatem
2683 4942 2947 4993 sectantes
2996 4938 3168 5008 (Rom.
3223 4954 3319 5000 xu,
3376 4937 3463 5003 13)
3505 4952 3519 4990 :

1873 5044 2075 5099 pacem
2107 5028 2323 5099 quippe
2355 5028 2547 5095 habet,
2583 5032 2636 5082 et
2669 5027 2956 5097 sequitur,
2991 5026 3089 5096 qui
3122 5041 3312 5080 mores
3361 5041 3522 5088 suos,

1874 5121 1930 5172 et
1978 5118 2233 5170 actiones
2287 5117 2365 5168 ita
2409 5117 2706 5186 componit
2737 5123 2792 5170 et
2823 5116 2989 5186 regit,
3024 5120 3086 5169 ut
3117 5132 3150 5168 a
3181 5114 3412 5168 nemine
3444 5129 3528 5166 re-

1877 5205 2157 5277 prehendi
2216 5203 2403 5274 possit
2438 5219 2448 5255 :
2485 5208 2740 5257 sectatur
2791 5221 2922 5259 vero
2978 5220 3177 5273 pacem
3225 5202 3325 5272 qui
3356 5201 3436 5254 ita
3467 5214 3528 5254 se

1879 5293 2178 5365 componit
2207 5297 2263 5346 et
2294 5291 2463 5361 regit,
2495 5294 2559 5342 ut
2589 5292 2715 5358 ejus
2766 5291 3030 5362 exemplo
3079 5290 3175 5343 alii
3226 5289 3533 5360 proficiant

1882 5388 1938 5437 ct
1969 5382 2333 5436 aediﬁcentur
2360 5377 2419 5431 in
2450 5377 2803 5433 bono.Unde
2837 5379 2930 5434 hic
2965 5394 3194 5449 quoque
3225 5375 3536 5449 subjungi-

1959 5579 2107 5652 (450)
2140 5574 2309 5648 Vulg.
2342 5575 2716 5631 contristalur.
