3996 6232
470 360 584 419 271

1484 353 1822 416 ATTONIS
1865 353 2456 417 VERCELLENSIS
2499 352 2855 415 EPISCOPI

3762 355 3889 414 2⁸78

471 497 570 548 tur
602 511 616 550 :
648 493 711 546 Et
740 503 863 562 qua:
889 488 1274 560 aedi/“matronis
1303 495 1430 543 sunt
1458 489 1518 542 in
1548 490 1783 543 invicem
1803 488 1949 561 (451)
1981 487 2114 543 sub-
2142 489 2197 557 Α
2227 488 2372 543 dicat
2397 488 2740 559 semetipsum
2771 489 2832 542 in
2858 502 2942 556 eo,
2973 484 3116 558 quod
3142 486 3364 557 probat.
3399 483 3501 541 Ille
3527 483 3688 542 enim
3738 486 3883 543 bea-

474 582 728 650 auditur,
760 580 1093 650 sectemur).

2228 580 2326 632 tus
2353 580 2462 646 est,
2495 575 2596 648 qui
2626 593 2714 641 eo,
2747 576 2901 647 quod
2934 576 3222 632 mundum
3270 580 3328 631 et
3372 574 3601 631 licitum
3644 577 3882 649 probat,

542 672 674 727 Noli
699 673 926 741 propter
955 684 1134 724 escam
1156 666 1434 723 destruere
1461 682 1595 738 Opus
1624 668 1739 722 Dei.
1775 671 1904 721 Haec
1944 667 2120 723 verba
2228 666 2378 720 male
2408 682 2523 720 non
2550 666 2756 729 utitur,
2785 665 2842 719 id
2877 669 2988 731 est,
3021 682 3217 720 coram
3246 663 3482 720 inﬁrmo
3532 664 3713 721 fratre
3762 682 3883 722 non

472 762 555 817 ita
585 776 794 815 sonare
823 758 1115 822 videntur,
1147 773 1212 811 ac
1242 754 1291 811 si
1323 772 1456 810 esca
1502 772 1619 811 non
1671 756 1747 810 sit
1795 774 1943 828 opus
1991 756 2114 811 Dei.

475 850 588 906 Sed
619 846 1092 918 sciendum,quia
1112 861 1257 916 opus
1280 844 1381 899 Dei
1402 844 1798 916 est,quoniam
1820 844 2113 900 subsistit.

473 943 746 994 Attamen
775 937 945 1006 longe
974 932 1131 988 aliud
1164 933 1433 1005 est,quod
1458 938 1694 1004 propter
1723 950 1812 998 se;
1847 937 1904 988 et
1933 932 2112 1000 aliud,

474 1027 630 1099 quod
658 1028 896 1097 propter
924 1022 1147 1093 aliquid
1178 1020 1339 1076 aliud
1370 1021 1523 1077 Deus
1546 1021 1931 1077 creavit.Esca
1958 1022 2111 1076 enim

473 1133 586 1170 non
619 1118 854 1185 propter
882 1127 965 1175 se,
1000 1112 1101 1165 sed
1143 1115 1377 1181 propter
1402 1110 1701 1164 hominem
1750 1115 1944 1164 creata
1985 1116 2112 1176 est;

468 1204 642 1259 homo
674 1218 806 1257 vero
840 1206 1077 1273 propter
1106 1216 1189 1269 se,
1223 1199 1361 1270 quia
1392 1200 1461 1253 ad
1499 1199 1859 1254 laudandum
1913 1205 2110 1253 Deum.

466 1294 534 1348 Et
564 1291 778 1347 idcirco
809 1307 879 1345 ex
908 1289 1185 1345 omnibus
1216 1288 1461 1343 terrenis
1494 1287 1775 1343 creaturis
1814 1287 2112 1343 hominem

464 1380 797 1454 specialiter
825 1378 1140 1450 Apostolus
1170 1376 1412 1443 vocavit,
1444 1376 1532 1431 vel
1566 1376 1751 1448 ipsius
1782 1376 2031 1431 salutem
2058 1381 2116 1432 et

462 1470 951 1542 redemptionem.
984 1470 1227 1538 Propter
1252 1482 1445 1520 escam
1479 1481 1614 1535 ergo
1669 1482 1815 1536 opus
1864 1465 1964 1520 Dei
2013 1466 2110 1520 de-

463 1558 734 1623 struitur,
757 1573 894 1613 cum
918 1556 1092 1612 homo
1124 1555 1393 1610 inﬁrmus
1418 1570 1485 1609 ex
1515 1555 1644 1609 cibo
1675 1554 1915 1609 alterius
1943 1570 2111 1608 scan-

468 1646 773 1702 dalizatur.
804 1647 872 1701 Et
902 1645 1071 1717 quasi
1102 1645 1319 1699 diceret
1339 1642 1553 1713 aliquis
1588 1659 1600 1696 :
1633 1642 1784 1697 Dum
1816 1641 1899 1697 sic
1929 1641 2110 1697 inter-

463 1736 613 1792 dicis
643 1752 752 1792 nos
780 1735 978 1791 omnia
1008 1734 1321 1806 percipere,
1352 1731 1567 1787 videris
1596 1730 1770 1786 etiam
1802 1736 1866 1785 tu
1893 1747 1961 1785 ea
1999 1730 2107 1785 im-

465 1825 686 1881 munda
707 1823 995 1895 judicare,
1029 1821 1280 1893 subjecit
1327 1838 1340 1875 :
1392 1822 1588 1919 (imnia
1617 1819 1835 1918 quidem
1861 1818 2107 1925 munda;
2137 1859 2185 1925 B

467 1932 531 1971 ac
558 1914 607 1970 si
637 1914 853 1969 diceret
885 1929 898 1969 :
934 1912 1058 1967 Non
1085 1910 1213 1965 ideo
1262 1909 1561 1981 prohibeo,
1616 1908 1756 1979 quia
1800 1907 2110 1963 immunda

456 2002 746 2073 judicem,
779 2001 1057 2072 quoniam
1090 2018 1125 2054 a
1154 2000 1397 2066 mundo,
1449 2003 1505 2053 et
1551 1998 1702 2053 bono
1750 1998 1867 2052 Deo
1916 2002 2110 2052 creata

458 2091 769 2147 immunda
796 2106 921 2145 esse
953 2106 1067 2144 non
1098 2090 1368 2160 possunt,
1396 2086 1519 2154 sed,
1554 2102 1624 2141 ne
1645 2102 1841 2141 coram
1872 2084 2107 2140 inﬁrmo

458 2184 760 2236 sumentes
793 2179 1156 2234 occasionem
1190 2176 1342 2232 detis
1372 2174 1828 2231 scandalizandi.
1878 2175 1946 2228 Et
1999 2173 2108 2228 hoc

454 2273 563 2336 est,
597 2269 755 2341 quod
786 2267 1054 2340 sequitur
1085 2282 1100 2320 :
1130 2265 1236 2322 Sed
1264 2266 1474 2320 malum
1523 2273 1599 2320 est
1627 2265 1860 2333 homini,
1889 2264 1986 2334 qui
2009 2278 2109 2333 per

452 2358 845 2429 offendiculum
888 2354 1204 2410 manducet.
1246 2356 1461 2409 Bonum
1506 2362 1584 2407 est
1622 2368 1733 2407 non
1779 2352 2109 2406 manducare

461 2449 764 2512 carnem,et
790 2461 901 2500 non
929 2444 1108 2499 bibere
1133 2445 1535 2514 vinum,ncque
1564 2443 1624 2497 in
1653 2457 1757 2512 quo
1787 2443 1964 2511 frater
1986 2448 2108 2495 tuus

454 2535 695 2606 offendit
725 2534 893 2605 (1152),
927 2536 1026 2587 aut
1051 2531 1583 2599 scandalizatumaut
1617 2530 2104 2598 inﬁrmatur.Quid

460 2623 714 2694 estquod
733 2620 1051 2694 Apostolus
1071 2620 1678 2689 abstinentiam,quasi
1696 2635 1995 2673 summum
2012 2619 2107 2673 bo-

451 2728 597 2768 num
619 2711 1155 2776 commendat,cum
1170 2724 1473 2764 summum
1486 2708 1705 2762 bonum
1728 2723 1841 2762 non
1858 2706 1959 2761 sit?
1974 2707 2107 2762 Om-

449 2818 524 2857 ne
544 2799 702 2857 enim
719 2798 1126 2871 bonum,quod
1146 2802 1203 2853 et
1223 2796 1360 2852 mali
1382 2796 1594 2851 habere
1614 2799 2001 2868 possunt,non
2019 2799 2109 2851 est

454 2879 784 2959 summum,
804 2888 903 2944 sed
932 2886 1222 2943 mediocre
1244 2886 1601 2942 bonum.Sed
1620 2886 1922 2941 sciendum
1943 2885 2101 2957 quia,

457 2978 568 3034 etsi
601 2976 958 3033 abstinentia
1003 2993 1119 3032 non
1169 2976 1246 3031 sit
1291 2991 1593 3031 summum
1625 2975 1866 3045 bonum,
1908 2978 2104 3030 tamen

459 3067 801 3123 charitatem
845 3082 984 3138 erga
1026 3065 1359 3137 proximum
1408 3080 1657 3130 servare,
1710 3068 1767 3119 et
1812 3080 1947 3119 eum
1986 3080 2103 3119 non

458 3155 871 3214 scandalizare.
917 3170 1218 3210 summum
1248 3154 1469 3208 bonum
1501 3157 1589 3207 est
1619 3170 1631 3207 :
1662 3153 1818 3224 quod
1851 3157 1915 3207 ut
1942 3169 2102 3208 com-

2227 755 2428 823 sumit,
2461 771 2533 811 ne
2563 754 2616 809 ei
2646 753 3081 810 scandalizandi
3112 753 3479 810 occasionem
3509 754 3741 827 det,pro
3762 771 3882 827 quo

2224 841 2349 913 ipse
2372 843 2694 914 judicetur.

2296 932 2404 999 Qui
2433 935 2616 987 autem
2642 932 2903 986 discernit
2933 932 3015 1002 (id
3066 935 3174 1001 est,
3226 930 3334 987 hoc
3377 948 3508 988 esse
3556 933 3877 1003 mundum,

2222 1017 2365 1075 illud
2406 1021 2804 1091 immundum)
2851 1022 2901 1075 si
2949 1020 3365 1076 manducauerit
3411 1020 3579 1092 (illud
3628 1022 3876 1094 scilicet,

2224 1110 2375 1179 quod
2428 1110 2804 1165 immundum
2855 1108 3100 1179 judicat)
3152 1109 3443 1165 damnatus
3489 1115 3567 1165 est
3614 1114 3879 1184 (proprio

2215 1198 2491 1267 judicio);
2522 1200 2653 1267 quia
2682 1215 2791 1252 non
2815 1206 2894 1253 est
2916 1213 2988 1253 ea:
3014 1200 3120 1267 ﬁde
3151 1198 3297 1267 (454)
3338 1200 3716 1268 (subauditur
3768 1200 3875 1256 ali-

2224 1288 2364 1356 quid
2397 1288 2769 1342 immundum
2801 1288 3077 1357 credere).

2294 1378 2464 1430 Omne
2490 1380 2693 1440 autem,
2738 1376 2879 1447 quod
2912 1394 3029 1431 non
3074 1381 3152 1432 est
3194 1393 3264 1432 ea:
3309 1377 3438 1448 ﬁde,
3460 1383 3743 1449 peccatum
3775 1386 3875 1435 est.

2222 1463 2503 1519 Videlicet
2532 1464 2671 1535 quia
2700 1464 2825 1520 sine
2854 1465 2969 1520 ﬁde
2998 1464 3366 1537 impossibile
3382 1470 3474 1522 est
3493 1466 3610 1524 Deo
3641 1467 3877 1540 placere

2220 1552 2411 1621 (Hebr.
2443 1569 2519 1622 x1,
2552 1553 2628 1621 6).
2658 1552 2790 1608 Vita
2840 1568 2976 1624 ergo
3028 1553 3378 1622 inﬁdelium,
3431 1555 3571 1627 quia
3616 1572 3738 1612 non
3783 1563 3877 1614 est

2219 1655 2285 1695 ex
2318 1642 2452 1706 ﬁde,
2480 1644 2785 1712 peccatum
2813 1644 2905 1698 est
2932 1641 3113 1714 (455);
3147 1643 3427 1713 quoniam
3457 1643 3558 1699 ubi
3588 1645 3757 1702 deest
3777 1662 3874 1702 co-

2217 1729 2400 1801 gnitio
2467 1735 2690 1786 aeternae
2747 1734 2805 1786 et
2889 1730 3392 1789 incommutabilis
3458 1732 3742 1801 veritatis,
3810 1735 3869 1792 id

2217 1823 2325 1887 est,
2357 1818 2700 1887 divinitatis,
2732 1818 2881 1875 falsa
2928 1818 3115 1876 virtus
3166 1824 3275 1887 est,
3325 1820 3501 1877 etiam
3533 1822 3595 1879 in
3625 1823 3872 1895 optimis

2220 1908 2506 1963 moribus.

2291 1999 2444 2067 (UAP.
2514 1996 2653 2067 XV.)
2722 1997 2925 2069 Igitur,
2995 1997 3132 2069 quia
3197 2003 3427 2069 poterat
3491 1999 3705 2073 aliquis
3772 2003 3869 2058 di-

2216 2101 2347 2140 cere
2380 2102 2392 2139 :
2426 2084 2573 2148 Quid
2622 2086 2692 2141 ad
2744 2102 2872 2155 nos,
2923 2086 2972 2141 si
3022 2086 3240 2141 inﬁrmi
3288 2088 3464 2142 sunt?
3495 2104 3599 2145 cur
3642 2106 3751 2146 nos
3792 2092 3869 2146 ob

2217 2190 2419 2229 eorum
2448 2172 2853 2229 inﬁrmitatem
2894 2191 3009 2230 non
3062 2191 3130 2230 ea
3186 2191 3514 2247 sumamus,
3548 2194 3675 2250 quae
3703 2177 3870 2235 licita

2217 2263 2548 2318 credimus?
2574 2264 2658 2318 Ad
2682 2262 2791 2319 hoc
2811 2263 2981 2334 quasi
3010 2265 3327 2335 respondet
3353 2265 3863 2336 Apostoluszbebe-

2218 2368 2336 2407 mus
2380 2361 2564 2408 autem
2605 2369 2706 2407 nos
2759 2353 3030 2421 ﬁrmiores
3058 2352 3476 2411 imbecillitates
3507 2356 3867 2426 inﬁrmorum

2215 2442 2508 2511 sustinere,
2539 2444 2672 2509 etc.,
2705 2457 2772 2495 ac
2802 2441 2851 2495 si
2881 2446 3077 2512 aperte
3106 2442 3322 2498 diceret
3353 2459 3366 2498 :
3401 2443 3713 2516 Propterea
3762 2464 3869 2503 su-

2217 2546 2374 2585 mere
2427 2546 2542 2585 uon
2587 2530 2833 2595 debetis,
2879 2546 2949 2585 ne
3000 2529 3266 2587 inﬁrmos
3315 2531 3523 2589 fratres
3572 2535 3867 2591 scandali-

2214 2618 2376 2674 zetis.
2411 2618 2483 2673 Ut
2514 2623 2708 2674 autem
2740 2618 2970 2675 facilius
3007 2636 3108 2675 eos
3145 2619 3375 2678 ﬂectere
3421 2627 3639 2693 posset,
3691 2641 3868 2681 suam

2215 2707 2334 2762 illis
2364 2707 2606 2763 sociavit
2636 2724 2968 2779 personam.
3014 2708 3176 2771 Quod
3226 2719 3421 2768 autem
3472 2730 3553 2781 se,
3605 2730 3869 2787 suosque

2215 2796 2509 2852 auditores
2549 2796 2835 2853 ﬁrmiores
2866 2802 3052 2869 vocat,
3084 2816 3200 2856 non
3229 2805 3320 2855 est
3348 2803 3719 2875 arrogantiae,
3764 2805 3867 2861 sed

2215 2900 2393 2939 causa
2423 2884 2630 2940 divinis
2661 2884 3119 2957 dispensationis
3140 2888 3400 2945 factum:
3424 2891 3626 2948 nullus
3646 2893 3871 2966 quippe

2213 2972 2604 3044 inﬁrmorum,
2629 2974 2921 3044 majorum
2952 2975 3216 3032 ﬁrmitati
3245 2994 3308 3034 se
3328 2979 3579 3051 jungere
3597 2982 3870 3052 auderet,

2214 3060 2330 3115 nisi
2358 3061 2669 3132 Apostolus
2700 3079 2839 3119 suos
2870 3063 3046 3120 etiam
3076 3065 3372 3123 auditores
3402 3083 3602 3124 secum
3638 3070 3870 3128 ﬁrmio-

2215 3166 2307 3204 res
2339 3149 2573 3206 diceret.
2603 3152 2887 3208 Prieterea
2916 3158 3116 3209 monet
3146 3154 3240 3211 his
3278 3156 3492 3222 verbis,
3539 3162 3605 3213 ut
3652 3160 3762 3231 qui
3811 3161 3871 3216 in

458 3246 760 3302 mandaret
786 3243 1117 3316 Apostolus,
1149 3243 1233 3299 ait
1264 3259 1277 3296 :
1311 3245 1500 3312 Neque
1528 3241 2097 3313 (subauditur,agere
2128 3229 2171 3297 C
2209 3236 2526 3295 Ecclesiam
2558 3240 2811 3295 inﬁrmis
2859 3240 3137 3297 fratribus
3182 3244 3457 3315 prodesse
3505 3229 3762 3318 possunt
3809 3250 3871 3306 in

454 3334 700 3406 aliquid)
730 3335 791 3389 in
815 3350 918 3406 quo
943 3334 1125 3404 frater
1156 3337 1281 3388 tuus
1319 3333 1563 3403 offendit,
1614 3331 1670 3387 id
1717 3335 1825 3401 est,
1878 3334 2098 3402 peccat,

451 3431 550 3481 aut
571 3421 1019 3489 scandalizatur,
1052 3421 1109 3476 id
1131 3425 1241 3491 est,
1268 3438 1302 3475 a
1322 3420 1435 3475 ﬁde
1456 3421 1688 3490 recedit,
1721 3424 1817 3475 aut
1848 3420 2101 3489 inﬁrma-

452 3517 568 3579 tur,
598 3510 824 3567 scilicet
871 3510 933 3565 in
980 3511 1186 3565 eadem
1235 3508 1367 3563 ﬁde.
1417 3508 1744 3565 Nolandum
1771 3514 1861 3564 est
1906 3513 2100 3564 autem

455 3601 597 3673 quia
625 3616 740 3654 non
767 3599 849 3655 ait
880 3615 893 3654 :
930 3600 1151 3655 Bonum
1188 3604 1277 3653 est
1319 3599 1673 3654 manducare
1719 3614 1979 3663 carnem,
2030 3612 2103 3653 ne

454 3687 767 3745 voracibus
789 3688 957 3743 daret
981 3687 1343 3743 occasionem
1374 3688 1605 3743 dicendi
1628 3686 2060 3743 abstinentibus
2087 3704 2099 3741 :

458 3779 706 3836 Carnem
737 3776 1107 3843 manducate,
1130 3777 1407 3849 quoniam
1437 3776 1753 3849 Apostolus
1784 3778 2056 3847 praecepit
2087 3792 2100 3831 :

460 3883 529 3923 ac
571 3883 675 3939 per
703 3865 811 3922 hoc
840 3865 1047 3921 laxatis
1094 3866 1454 3922 abstinentiae
1504 3866 1705 3933 frenis,
1758 3864 2103 3920 barathrum

462 3955 765 4012 edacitatis
796 3954 1133 4011 inciderent.
1186 3955 1331 4010 Cum
1378 3971 1514 4027 ergo
1560 3954 1805 4009 intentio
1845 3954 2104 4025 Apostoli

460 4046 641 4101 fuerit
666 4044 826 4116 loqui
856 4045 927 4099 de
956 4042 1101 4100 cibis
1131 4043 1523 4109 solummodo,
1557 4059 1663 4097 cur
1692 4040 2107 4113 intulitzneque

462 4134 661 4190 bibere
690 4133 935 4188 vinum?
965 4132 1263 4200 Videlicet,
1322 4149 1395 4187 nc
1442 4130 1689 4186 ebriosis
1735 4131 1901 4185 daret
1948 4147 2109 4186 occa-

461 4224 686 4280 sionem
709 4221 938 4279 dicendi
961 4239 974 4277 :
1001 4222 1204 4290 Bibite,
1233 4221 1512 4293 quoniam
1542 4218 1855 4291 Apostolus
1878 4236 1911 4274 a
1934 4236 2107 4275 carne

458 4317 691 4369 tantum
715 4311 945 4368 monuit
975 4312 1285 4379 abstinere,
1320 4310 1521 4379 sicque
1552 4308 1612 4362 in
1642 4308 1777 4363 vitio
1809 4309 2108 4363 ebrietatis

459 4419 521 4459 se
550 4406 900 4458 exercerent.
936 4402 1045 4455 Sed
1088 4399 1352 4471 nunquid
1403 4397 1753 4452 condemnat
1796 4396 2108 4467 Apostolus

457 4491 825 4548 creaturam?
855 4491 1037 4545 Absit.
1073 4495 1189 4545 [mo
1211 4485 1634 4557 ostendit,quia
1654 4502 1848 4540 coram
1877 4485 2107 4542 inﬁrmo

2211 3325 2406 3398 aliquo
2436 3328 2646 3394 ofﬁcio,
2680 3346 2795 3385 non
2825 3346 2889 3387 se
2920 3330 3272 3389 humilitatis
3301 3350 3481 3390 causa
3509 3335 3872 3396 subtraham

2211 3417 2283 3471 ab
2313 3416 2501 3473 ofﬁcio
2539 3434 2551 3472 :
2584 3422 2642 3473 et
2670 3422 2737 3473 ut
2766 3418 3033 3475 inﬁrmos
3085 3420 3371 3491 patienter
3398 3422 3458 3477 in
3489 3422 3758 3483 Ecclesia
3787 3428 3868 3485 fe-

2210 3522 2433 3561 ramus.
2468 3506 2629 3563 Unde
2659 3506 2798 3563 alibi
2822 3508 3005 3563 :Alter
3032 3510 3262 3567 alterius
3291 3526 3457 3568 onera
3485 3516 3863 3589 portate(Gal.

2210 3612 2287 3665 v1,
2318 3596 2395 3666 2),
2426 3600 2538 3651 etc.

2280 3687 2345 3738 Et
2369 3701 2480 3740 non
2524 3685 2683 3741 nobis
2706 3686 2950 3757 placere,
3001 3688 3059 3743 id
3109 3692 3220 3757 est,
3270 3706 3385 3746 non
3434 3692 3660 3749 nostris
3702 3694 3861 3752 desi-

2212 3773 2389 3829 deriis
2418 3775 2755 3831 satisfacere
2786 3793 2801 3831 :
2835 3793 2950 3832 non
2982 3793 3110 3848 quae
3142 3782 3347 3835 nostra
3376 3784 3536 3847 sunt,
3572 3797 3866 3853 quaerere,

2214 3863 2313 3919 sed
2347 3881 2472 3935 quas
2500 3865 2643 3920 Jesu
2673 3864 2911 3922 Christi.
2964 3866 3067 3922 Cui
3113 3872 3311 3924 autem
3356 3869 3709 3941 placendum
3769 3875 3871 3943 sit,

2214 3953 2470 4008 ostendit
2496 3970 2510 4009 :
2548 3955 2928 4027 Unusquisque
2953 3966 3205 4013 nostrum
3227 3961 3488 4029 proximo
3507 3975 3604 4016 suo
3620 3963 3873 4033 placeat.

2216 4041 2325 4096 Sed
2358 4043 2626 4113 nunquid
2656 4044 2726 4099 ad
2761 4044 2985 4101 malum
3015 4048 3352 4118 agendum?
3391 4048 3580 4105 Absit.
3612 4050 3875 4126 Ideoque

2215 4129 2416 4185 intulit
2446 4147 2459 4185 :
2485 4135 2553 4187 In
2584 4131 2808 4199 bonum,
2838 4134 2894 4189 id
2928 4139 3037 4202 est,
3089 4138 3161 4192 ad
3211 4138 3569 4208 patrandum
3618 4140 3875 4200 bonum.

2216 4220 2377 4282 Quod
2411 4223 2474 4274 ut
2502 4220 2826 4278 evidentius
2869 4224 3318 4295 demonstraret,
3367 4227 3680 4298 subjunxit
3730 4248 3745 4286 :
3799 4232 3882 4288 Ad
3965 4233 3970 4241 ’

2214 4307 2652 4378 aediﬁcationem.

2286 4398 2565 4469 Denique,
2595 4399 2645 4455 si
2677 4417 2919 4456 suorum
2950 4403 3288 4460 auditorum
3316 4405 3545 4461 animos
3585 4405 3879 4479 ﬂecteret,

2216 4485 2404 4557 ipsius
2441 4488 2666 4543 Domini
2690 4489 2942 4560 subjecit
2970 4492 3331 4565 exemplum,
3362 4494 3566 4551 dicens
3599 4511 3612 4551 :
3646 4498 3880 4555 Etenim

456 4582 633 4637 fratre
663 4579 951 4636 sumenda
982 4596 1096 4633 non
1129 4581 1423 4647 sunt,quae
1456 4573 2107 4668 illioﬁ‘endiculum,aut
2131 4603 2180 4668 Β
2217 4574 2461 4631 Christus
2488 4593 2605 4632 non
2632 4578 2742 4632 sibi
2762 4580 3000 4649 placuit,
3031 4586 3141 4637 etc.
3164 4582 3434 4640 Christus
3459 4600 3575 4641 non
3608 4586 3728 4641 sibi
3751 4588 3880 4660 pla-

454 4668 802 4726 scandalum
854 4671 1097 4739 ponunt.
1153 4665 1315 4720 Unde
1359 4668 1415 4718 et
1462 4662 1782 4728 subditur;
1816 4668 1902 4718 Tu
1937 4664 2101 4733 ﬁdem

453 4759 616 4815 habes
641 4773 803 4829 penes
836 4757 1206 4826 temetipsum;
1253 4752 1392 4807 habe
1439 4765 1626 4805 coram
1670 4751 1774 4806 Deo
1819 4753 2001 4820 (453),-
2031 4770 2098 4810 ac

454 4847 504 4902 si
529 4847 744 4903 diceret
775 4861 788 4900 :
824 4844 1056 4898 Sufﬁcit
1078 4843 1180 4896 tibi
1205 4858 1308 4913 per
1328 4842 1502 4893 ﬁdem
1526 4839 1723 4894 omnia
1743 4842 1962 4897 munda
1983 4859 2099 4899 cre-

453 4936 587 4991 dere
620 4954 633 4992 :
670 4936 897 5006 oportet
927 4931 1127 4995 etiam,
1159 4934 1226 4985 ut
1274 4944 1377 5000 pro
1424 4927 1517 4982 Dei
1567 4945 1761 4985 amore
1791 4946 1987 4985 coram
2018 4931 2103 4986 in-

452 5025 622 5080 ﬁrmo
644 5024 826 5078 fratre
850 5036 966 5073 non
1008 5034 1230 5087 sumas,
1261 5033 1333 5072 ne
1362 5016 1446 5071 illi
1476 5017 1903 5075 scandalizandi
1936 5036 2098 5075 occa-

451 5113 676 5169 sionem
708 5108 938 5163 tribuas
973 5122 985 5162 :
1018 5110 1074 5160 et
1101 5105 1211 5160 hoc
1239 5111 1326 5162 est
1356 5107 1507 5178 quod
1532 5106 1673 5163 dicit
1705 5125 1717 5164 :
1754 5110 1898 5164 Habe
1917 5125 2102 5164 coram

450 5205 562 5257 Deo
591 5217 610 5254 :
641 5202 700 5254 et
729 5196 838 5250 hoc
867 5198 957 5248 est
986 5194 1139 5264 quod
1167 5194 1432 5267 sequitur
1464 5212 1476 5251 :
1509 5200 1717 5252 Beatus
1738 5200 1833 5269 qui
1854 5213 1965 5253 non
2003 5199 2099 5269 ju-

522 5304 670 5377 (451)
704 5295 872 5367 Vulg.
901 5302 1031 5369 post
1055 5300 1284 5356 adverb.
1322 5303 1556 5357 invicem
1604 5301 1779 5357 habet
1826 5302 2098 5357 custodia-

450 5391 677 5582 ’1ηέἒῆ
702 5435 877 5507 Vulg.
901 5442 1224 5523 .o/fenditur.

543 5513 670 5576 423)
692 5506 870 5582 Vulg.
898 5519 975 5569 ita
1007 5514 1142 5582 legit
1177 5532 1189 5570 :

543 5506 670 5576 423)
688 5506 870 5586 _Vulg.
898 5506 975 5569 ita
1007 5514 1142 5586 legit
1177 5532 1189 5570 :
1224 5524 1283 5570 tu
1312 5514 1477 5586 ﬁdem
1506 5514 1671 5567 habes
1692 5512 1719 5565 ?
1746 5528 1907 5583 penes
1926 5518 2099 5569 teme-

448 5578 659 5654 tipsum,
681 5578 1027 5654 liabe'coram
1060 5578 1185 5642 Deo.

517 5652 668 5733 (454)
700 5648 870 5726 Vulg.
894 5660 1025 5730 quia
1054 5674 1165 5716 non
1192 5673 1262 5715 ex
1290 5655 1416 5729 ﬁde.

2210 4665 2359 4732 cuit;
2394 4665 2550 4735 quia,
2586 4681 2717 4721 cum
2746 4666 2806 4722 in
2846 4668 3147 4727 divinitate
3193 4671 3531 4744 unigenitus
3556 4681 3717 4731 esset
3767 4678 3874 4734 Dei

2209 4753 2413 4820 Filius,
2440 4754 2510 4839 ad
2544 4758 2728 4810 terras
2758 4756 3076 4828 descendit,
3107 4764 3171 4814 ut
3203 4763 3421 4817 multos
3451 4761 3565 4817 sibi
3596 4765 3874 4837 acquire-

2210 4848 2296 4898 ret
2327 4842 2556 4911 fratres,
2590 4842 2805 4914 quibus
2834 4846 3024 4904 Patris
3056 4849 3145 4904 sui
3179 4850 3558 4907 distribueret
3588 4868 3871 4924 regnum.

2208 4932 2537 4987 Exinanivit
2570 4934 2768 5004 quippe
2796 4938 3166 5008 semetipsum,
3196 4942 3374 5008 [actus
3400 4939 3652 4997 obediens
3694 4958 3875 5014 usque

2208 5019 2279 5075 ad
2306 5023 2536 5076 mortem
2567 5021 2836 5095 (Philipp.
2870 5042 2932 5095 II,
2961 5026 3039 5096 7).

2279 5108 2383 5165 Sed
2408 5111 2551 5166 sicut
2578 5113 2843 5182 scriptum
2881 5122 2959 5169 est
2988 5115 3382 5185 (subauditur,
3423 5117 3510 5173 sic
3558 5118 3726 5192 egit),
3760 5123 3874 5177 im-

2200 5201 2462 5270 properia
2510 5202 2998 5272 improperantium
3047 5205 3157 5260 tibi
3200 5205 3509 5263 ceciderunt
3553 5223 3727 5280 super
3782 5227 3874 5267 me

2278 5305 2427 5392 (i55)
2460 5306 2519 5360 In
2549 5322 2724 5392 sensu
2770 5306 2832 5361 B.
2887 5308 3201 5392 Augustini
3228 5310 3687 5392 intelligendum
3736 5332 3872 5373 esse

2208 5380 2804 5463 auctoremnostrum
2838 5383 3095 5463 patetezr
3120 5381 3347 5463 multis,
3380 5380 3512 5463 quae
3540 5387 3772 5463 profert
3799 5404 3875 5445 ex

2207 5447 2610 5517 eodem,cujus
2640 5448 2821 5503 fuisse
2838 5447 3376 5523 studiosissimum,
3397 5447 3659 5513 lectores
3682 5458 3869 5516 latere

2208 5534 2325 5571 non
2357 5522 2564 5584 potest.
2597 5517 2739 5574 Vide
2768 5519 2830 5574 D.
2889 5521 3153 5584 Prosper.
3187 5523 3245 5577 in
3276 5524 3426 5580 hanc
3475 5531 3865 5584 sententiam-

2208 5534 2325 5571 non
2357 5533 2564 5588 petest.
2607 5533 2739 5574 Viae
2768 5533 2830 5574 υ.
2889 5533 3153 5594 Prosper.
3187 5540 3245 5577 1n
3277 5533 3426 5580 hanc
3475 5533 3865 5606 sententiam,

2209 5603 2387 5643 carm.
2410 5588 2475 5644 de
2500 5591 2755 5662 Ingratts,
2789 5596 2940 5663 part.
2975 5606 3039 5661 II,
3082 5610 3135 5650 ν.
3169 5595 3276 5651 405
3303 5596 3377 5652 ad
3407 5597 3537 5656 410.
