3996 6232
109 433 232 496 373

737 428 1164 495 EXPOSITIO
1206 431 1284 494 IN
1328 431 1758 494 EPISTOLAS
1809 431 2271 495 PAULL—IN
2318 427 2566 494 EPIST.
2599 426 2701 490 AD
2746 428 2937 492 ROM.

3428 430 3543 490 274

108 567 280 646 (Psal.
319 583 514 634 vam,
543 567 657 632 10).
687 565 963 621 Ριιωνὶᾶίι
986 566 1288 638 propheta,
1312 567 1590 638 quoniam
1617 567 1779 621 Chri-
1811 568 1864 634 Α
1895 568 2119 624 sionem
2149 569 2380 623 Judceos
2413 569 2790 641 spernebant,
2823 568 3111 639 subjecit:
3137 570 3267 625 Dico
3285 572 3429 625 enim
3451 570 3546 625 Je-

109 665 238 714 stus
269 656 463 712 multa
489 655 810 728 approbria
833 655 1099 709 aJudzeis
1127 660 1248 710 erat
1273 673 1559 727 passurus
1584 674 1596 720 ;
1622 657 1780 711 iden-

109 764 220 820 que
252 747 366 801 hoc
399 747 458 800 in
509 746 642 815 ejus
695 761 945 816 persona
996 745 1264 810 dicebat;
1299 751 1356 800 et
1387 752 1474 800 est
1517 762 1729 800 sensus
1765 762 1776 800 :

103 837 452 892 Judaiorum
474 833 809 889 infidelium
829 834 1143 906 opprobria
1162 835 1686 906 imprOperantium
1708 835 1777 889 ti-

103 927 189 993 bi,
221 943 255 981 ο
291 927 480 993 Pater,
517 940 697 994 super
751 939 842 978 me
893 923 1233 978 ceciderunt
1263 942 1274 989 ;
1309 924 1450 994 quia
1501 941 1591 978 me
1623 925 1778 978 inve-

105 1015 382 1080 runt,cui
406 1013 847 1085 exprobrarent.
874 1012 1006 1068 Tibi
1031 1016 1226 1067 autem
1251 1013 1777 1084 improperantium

102 1103 274 1168 dicit,
309 1101 592 1173 quoniam
627 1102 728 1172 qui
761 1100 1014 1154 detrahit
1046 1101 1220 1166 Patri,
1257 1102 1509 1155 detrahit
1540 1107 1594 1156 et
1615 1101 1776 1167 Filio,

104 1197 165 1247 et
198 1191 307 1264 qui
357 1208 477 1246 non
530 1191 744 1261 recepit
796 1189 1030 1254 Filium,
1080 1207 1267 1261 neque
1313 1195 1540 1244 Patrem
1579 1209 1588 1244 :
1625 1191 1779 1244 unde

104 1282 170 1335 in
210 1279 531 1350 Evangelio
566 1295 580 1332 :
618 1280 720 1346 Qui
764 1280 966 1350 recipit
1013 1295 1118 1342 me,
1150 1282 1350 1350 recipit
1379 1297 1505 1334 eum
1548 1281 1644 1350 qui
1694 1296 1779 1334 me

106 1371 278 1424 misit
311 1368 462 1439 (Luc.
498 1385 572 1433 1x,
606 1368 717 1437 48).

196 1456 277 1511 Ut
309 1459 502 1510 autem
533 1456 864 1510 ostenderet
895 1455 1207 1510 utilitatem
1253 1456 1456 1511 divina!
1491 1456 1774 1526 lectionis,

106 1545 255 1615 subj
267 1545 432 1599 unxit
462 1545 708 1614 (456-57)
745 1563 756 1600 :
793 1549 1152 1616 Quaecunque
1199 1547 1346 1599 enim
1396 1549 1597 1616 scripta
1628 1550 1774 1616 sunt,

106 1634 189 1690 ad
210 1638 460 1688 nostram
479 1635 781 1689 utilitatem
797 1637 1005 1706 scripta
1017 1635 1380 1690 sunt.0mnia
1408 1636 1506 1706 qui
1515 1652 1777 1706 ppe,quzn

105 1723 290 1794 longe
318 1722 554 1792 lateque
601 1722 662 1777 in
713 1723 1016 1795 Scriptura
1046 1740 1214 1779 sacra
1262 1725 1654 1792 continentur,
1689 1725 1778 1777 id-

107 1813 274 1868 circo
326 1813 544 1883 scripta
597 1817 755 1879 sunt,
790 1818 854 1866 ut
903 1813 973 1867 ad
1025 1812 1258 1868 illorum
1307 1814 1638 1885 exemplum
1673 1830 1779 1867 nos

100 1900 509 1956 informemus
556 1903 611 1955 et
664 1902 1000 1956 doceamur.
1056 1901 1120 1955 Et
1168 1901 1276 1956 hoc
1324 1905 1431 1969 est,
1485 1902 1637 1972 quod
1688 1918 1776 1955 se-
1811 1933 1859 1999 B

113 1988 371 2062 quitur:
409 1991 471 2046 Ut
514 2007 613 2061 per
655 1991 1006 2062 patientiam,
1054 1996 1104 2046 et
1155 1992 1576 2046 consolationem
1631 1990 1782 2045 Scri-

113 2087 440 2150 pturarum,
483 2094 632 2150 spem
680 2078 995 2133 habeamus.
1047 2083 1191 2134 Cum
1241 2079 1396 2134 enim
1453 2080 1785 2134 audivimus

111 2184 183 2223 ex
214 2167 522 2238 Scriptura
552 2184 734 2232 sacra,
771 2167 912 2239 quia
971 2167 1158 2223 sancti
1189 2168 1294 2223 viri
1329 2169 1516 2224 multa
1547 2170 1786 2224 adversa

114 2259 363 2328 propter
391 2257 575 2311 Deum
625 2257 914 2328 patienter
958 2259 1242 2325 tulerunt,
1298 2275 1572 2329 magnam
1602 2276 1668 2312 ex
1720 2275 1788 2313 ea

115 2343 592 2401 consolationem
615 2345 1028 2418 accipimus,ut
1051 2363 1215 2418 spem
1245 2347 1566 2402 habeamus
1587 2353 1788 2402 tenen-

117 2433 180 2487 di
214 2433 582 2504 quandoque
612 2433 669 2488 in
702 2450 780 2504 re,
814 2435 969 2506 quod
1005 2451 1159 2489 nunc
1191 2440 1458 2490 tenemus
1490 2435 1547 2490 in
1582 2453 1701 2506 spe.

197 2520 395 2592 Igitur
425 2536 493 2576 ex
522 2522 714 2577 verbis
743 2523 866 2578 suis
906 2529 1144 2595 sumpta
1173 2525 1494 2590 occasione,
1541 2526 1789 2596 subjecit

130 2610 491 2676 orationem,
526 2627 649 2682 quae
700 2628 812 2666 non
845 2612 1084 2668 inferior
1121 2618 1210 2668 est
1257 2614 1656 2669 benedictione
1689 2633 1787 2686 pa-

133 2699 534 2755 triarcharum
567 2716 580 2753 :
615 2699 716 2755 illa
743 2701 899 2756 enim
950 2701 1202 2758 carnalis
1233 2706 1374 2772 erat,
1410 2703 1562 2758 sicut
1593 2704 1737 2758 illud
1773 2722 1786 2760 :

131 2789 195 2842 In
225 2803 354 2844 rore
381 2789 506 2843 creti
541 2794 594 2843 et
634 2790 981 2861 pinguedine
1025 2793 1198 2847 terrm
1243 2793 1313 2846 sit
1363 2791 1665 2848 benedictio
1697 2802 1790 2848 tua

130 2877 284 2946 (Gen.
315 2895 498 2948 xxvn,
521 2879 652 2947 28);
679 2878 787 2933 hac
818 2895 951 2935 vero
982 2879 1263 2950 spiritalis
1303 2885 1409 2936 est.
1459 2881 1551 2936 Ait
1582 2882 1737 2938 enim
1773 2900 1784 2936 :

135 2968 277 3024 Deus
325 2970 513 3023 autem
551 2969 838 3039 patientiae
881 2972 934 3023 et
963 2969 1148 3024 solatii
1192 2968 1278 3025 det
1325 2971 1474 3026 vobis
1520 2971 1576 3025 id
1607 2973 1790 3042 ipsum

126 3073 322 3129 sapere
357 3057 420 3111 in
470 3057 820 3113 alterutrum.
851 3057 1006 3112 Deus
1055 3059 1345 3130 patientiae
1394 3063 1448 3114 et
1479 3059 1669 3114 solatii
1701 3060 1787 3114 di-

129 3146 302 3218 citur,
335 3145 494 3202 sicut
544 3146 849 3202 charitatis
898 3151 954 3202 et
985 3147 1181 3218 pacis;
1215 3165 1281 3204 eo
1314 3149 1465 3220 quod
1522 3149 1647 3220 ipse
1675 3150 1786 3204 vir-

124 3240 316 3292 tutem
350 3235 576 3291 tribuat
610 3235 1030 3292 consolationis
1061 3240 1117 3291 et
1148 3237 1459 3310 patientiae.
1495 3239 1556 3293 Id
1591 3239 1785 3310 ipsum

1891 675 2012 712 sum
2045 658 2326 713 Christum
2354 661 2468 712 min
2480 661 2675 714 islrmn
2694 660 2864 727 fuisse
2892 661 3342 714 circumcisionis.
3378 662 3454 714 Ac
3487 658 3535 715 si

1892 754 2086 817 aperte
2118 750 2333 802 diceret
2369 766 2380 801 :
2414 753 2525 800 Cur
2557 754 2790 817 propter
2820 748 2926 801 hoc
2970 749 3202 803 Judeeos
3236 750 3534 820 spernitis,

1891 837 2027 907 quia
2059 837 2264 891 nolunt
2312 838 2574 891 recedere
2608 856 2640 891 a
2684 837 2902 890 carnali
2936 838 3338 893 observatione
3367 838 3534 911 legis,

1891 927 1947 980 in
1982 943 2098 996 qua
2129 927 2223 980 diu
2254 931 2721 996 permanserunt,
2744 943 2876 979 cum
2901 931 2954 978 et
2979 926 3241 980 Christus
3262 928 3536 983 minister

1890 1015 2351 1069 circumcisionis
2405 1015 2619 1069 fuerit?
2649 1015 2815 1077 Nam,
2849 1015 3000 1068 sicut
3048 1032 3212 1068 sacra
3241 1018 3532 1087 Evangelii

1891 1109 2087 1157 narrat
2117 1103 2582 1160 historia.octavo
2615 1103 2705 1155 die
2728 1101 3110 1155 circumcisus
3140 1106 3226 1154 cst
3256 1119 3287 1155 a
3319 1121 3532 1173 paren-

1889 1194 2046 1247 tibus
2079 1195 2226 1261 (Luc.
2267 1210 2325 1254 II,
2357 1195 2486 1260 ‘31);
2519 1194 2671 1262 quod
2727 1192 2851 1244 ideo
2883 1191 3087 1256 voluit,
3123 1207 3193 1244 ne
3222 1191 3532 1248 dissentire

1887 1283 2182 1336 videretur
2211 1300 2243 1336 a
2277 1282 2564 1340 Patribus,
2599 1299 2662 1334 ac
2699 1298 2799 1350 per
2829 1281 2935 1333 hoc
2979 1280 3197 1334 Judzeis
3241 1296 3353 1333 non
3385 1280 3535 1333 reci-

1889 1372 2080 1443 picndi
2116 1389 2175 1424 se
2208 1372 2370 1424 daret
2391 1371 2775 1424 occasionem.
2801 1369 2961 1423 Unde
2984 1374 3040 1423 et
3061 1369 3368 1423 subditur:
3395 1375 3536 1424 Pro-

1887 1470 2006 1531 pter
2034 1463 2312 1514 veritatem
2345 1461 2457 1523 Dei,
2493 1460 2560 1512 tul
2593 1459 2991 1527 conﬁrmandus
3019 1461 3403 1530 promissiones
3431 1477 3537 1530 pa—

1889 1559 2056 1604 trum.
2083 1552 2204 1613 Quo
2236 1549 2390 1602 enim
2425 1550 2636 1602 veritas
2657 1549 2752 1601 Dei
2789 1549 3159 1602 manifestata
3177 1553 3284 1614 est,
3313 1564 3380 1602 eo
3403 1565 3538 1603 con-

1890 1640 2131 1692 ﬁrmatze
2165 1642 2302 1691 sunt
2333 1637 2749 1708 promissiones
2782 1638 2850 1689 de
2885 1637 3009 1707 ipso
3042 1637 3316 1707 'patribus
3347 1638 3530 1692 factm.

1889 1729 1956 1781 Et
1987 1727 2309 1796 sciendum,
2330 1727 2468 1797 quia
2495 1725 2779 1794 Christus,
2806 1743 2917 1779 non
2942 1725 3190 1780 carnalis
3214 1725 3534 1795 solum,sed

1890 1821 1945 1870 et
1981 1815 2263 1887 spiritalis
2295 1814 2758 1868 circumcisionis
2792 1815 3059 1869 minister
3089 1815 3234 1869 fuit:
3263 1832 3398 1870 nam
3434 1815 3532 1886 qui

1890 1910 2088 1959 octavo
2121 1904 2211 1957 die
2256 1904 2638 1957 circumcisus
2671 1908 2757 1957 est
2790 1920 2821 1956 a
2853 1905 3208 1974 parentibus.
3239 1903 3535 1958 tricesimo

1895 2010 2047 2049 anno
2079 1992 2406 2064 baptizatus
2428 1996 2515 2045 est
2537 1992 2594 2044 in
2621 1991 2872 2045 Jordane
2890 2009 2921 2046 a
2945 1993 3167 2047 Joanne
3189 1991 3535 2062 Baptista,in

1895 2100 2009 2154 quo
2042 2081 2209 2136 nobis
2242 2079 2523 2152 spiritalis
2555 2080 3041 2144 circumcisionis,
3069 2080 3126 2133 id
3150 2074 3237 2134 est
3260 2079 3537 2150 baptismi

1895 2171 2139 2242 praebuit
2181 2169 2532 2241 exemplum.
2583 2169 2863 2223 Praeterea
2910 2169 3236 2235 sciendum,
3281 2168 3420 2238 quia
3449 2166 3540 2221 his

1895 2261 2084 2315 verbis
2113 2260 2367 2315 ostendit
2386 2259 2700 2328 Apostolus
2723 2258 3035 2312 Dominum
3059 2261 3201 2312 adeo
3231 2256 3542 2311 Judaicum

1897 2349 2178 2422 populum
2211 2348 2504 2412 dilexisse,
2527 2352 2588 2401 ut
2613 2347 2792 2402 Filius
2815 2349 2940 2416 ejus
2963 2365 3028 2400 ex
3060 2346 3158 2401 illo
3181 2361 3416 2400 carnem
3440 2362 3542 2400 su-

1898 2443 2099 2501 meret,
2149 2442 2203 2492 ct
2249 2438 2401 2491 inter
2448 2453 2544 2491 eos
2597 2435 2972 2507 corporaliter
3019 2440 3391 2490 conversatus
3441 2434 3537 2488 sit.

1898 2527 2059 2581 Unde
2105 2532 2160 2581 ct
2209 2527 2263 2580 in
2298 2526 2604 2596 Evangelio
2655 2527 2778 2596 ipse
2809 2524 2949 2579 dicit
2984 2543 2994 2578 :
3031 2529 3150 2580 Non
3195 2540 3317 2578 sum
3347 2525 3542 2577 missus

1897 2619 2011 2670 nisi
2039 2617 2107 2670 ad
2165 2633 2307 2681 oves,
2350 2631 2473 2686 qua?
2519 2617 2798 2686 perierant
2862 2615 3050 2668 domus
3107 2615 3270 2668 Israel
3329 2612 3538 2683 (Matth.

1897 2724 1988 2771 xv,
2020 2708 2132 2775 24).
2166 2707 2376 2760 Gentes
2409 2709 2623 2770 autem,
2660 2721 2792 2758 cum
2830 2702 3048 2758 nullam
3101 2704 3228 2771 ejus
3261 2701 3542 2757 haberent

1898 2795 2308 2866 cognitionem,
2344 2793 2465 2848 sola
2495 2793 2748 2865 gratuita
2788 2792 3188 2848 misericordia
3216 2791 3439 2847 vocavit
3468 2790 3540 2845 ad

1900 2884 2095 2938 fidem.
2132 2883 2293 2938 Unde
2324 2885 2448 2954 ipse
2503 2883 2562 2936 in
2614 2882 2923 2953 Evangelio
2958 2899 2969 2937 :
3004 2884 3152 2937 Alias
3201 2897 3320 2936 oves
3351 2881 3539 2948 habeo,

1899 2988 2024 3044 (μίξιν
2054 2989 2162 3027 non
2193 2981 2317 3027 sunt
2347 2990 2414 3027 ex
2447 2973 2544 3027 hoc
2571 2973 2708 3027 ovili
2738 2973 2916 3042 (Joan.
2947 2973 3254 3042 x,16),etc.
3289 2971 3542 3042 Ideoque

1900 3078 2055 3116 nunc
2087 3061 2287 3115 subdit
2321 3077 2333 3116 :
2375 3061 2564 3116 Gentes
2593 3064 2779 3114 autem
2803 3076 2966 3130 super
2983 3058 3365 3114 misericordia
3386 3058 3548 3129 (sub-

1901 3150 2155 3215 auditur,
2189 3166 2366 3221 quam
2415 3149 2567 3203 circa
2615 3165 2714 3202 eos
2745 3148 3030 3215 exhibuit)
3081 3147 3347 3202 honorare
3376 3147 3549 3200 Deum

1899 3238 2272 3310 (subauditur
2303 3256 2336 3292 a
2365 3236 2648 3308 superiori
2672 3253 2684 3289 :
2705 3236 2854 3306 dico)
2884 3254 2896 3302 ;
2929 3252 3060 3290 nam
3092 3237 3182 3288 cui
3203 3235 3331 3305 plus
3353 3234 3548 3289 dimit-

128 3341 358 3398 sapere,
389 3324 452 3380 id
502 3331 616 3391 est,
649 3342 764 3381 non
817 3302 1165 3381 dissentire:
1199 3327 1262 3382 In
1309 3302 1674 3396 alterutrum,
1727 3329 1785 3383 id
1817 3302 1860 3368 C
1901 3302 2056 3396 titur,
2087 3328 2212 3397 plus
2241 3325 2426 3394 diligit
2442 3302 2604 3391 (Luc.
2637 3341 2737 3388 vn,
2771 3302 2884 3391 47).
2917 3324 3144 3386 Quanto
3189 3302 3378 3392 magis
3409 3337 3545 3391 ergo

129 3417 238 3480 est,
299 3413 582 3480 invicem,
630 3413 718 3469 vel
768 3414 838 3469 de
888 3413 1188 3470 alterutro.
1240 3416 1538 3479 Quomodo
1591 3422 1786 3472 autem

127 3516 227 3559 eos
276 3502 571 3574 optaverit
620 3519 801 3558 unum
851 3503 1022 3569 scire,
1063 3505 1337 3571 ostendit,
1373 3505 1785 3577 subjungens:

132 3589 195 3644 Ut
223 3589 545 3654 unanimes,
579 3604 682 3643 ano
712 3606 799 3645 ore
845 3590 1219 3660 honoriﬁcetis
1252 3593 1442 3656 Deum,
1474 3597 1524 3647 et
1566 3599 1785 3648 Patrem

129 3676 356 3732 Domini
384 3677 563 3731 nostri
589 3677 713 3732 Iesu
763 3678 984 3749 Christi,
1017 3679 1126 3734 hoc
1157 3684 1266 3749 est,
1299 3697 1480 3735 unum
1521 3680 1783 3736 animum

126 3765 444 3831 habentes,
501 3769 558 3820 et
599 3782 854 3823 consona
900 3783 1036 3823 voce
1086 3767 1440 3839 glorificetis,
1493 3786 1606 3823 non
1661 3787 1782 3836 vos,

127 3855 228 3910 sed
255 3855 468 3910 Deum.
508 3853 667 3909 Unde
693 3855 749 3910 in
783 3856 1090 3928 Evangelio
1113 3857 1398 3913 Dominus
1425 3875 1436 3912 :
1475 3859 1537 3914 Ut
1567 3858 1785 3913 videant

126 3958 293 4012 opera
350 3945 539 3998 vestra
589 3943 748 4008 bona,
797 3952 848 3998 et
899 3945 1201 4014 glorificent
1265 3948 1487 3999 Patrem
1545 3949 1785 4001 vestrum

127 4030 342 4100 (Matth.
374 4047 434 4098 v,
466 4031 578 4100 16).
613 4031 683 4086 Et
713 4031 853 4102 quia
883 4032 1066 4088 Judaei
1122 4033 1202 4087 ita
1232 4037 1415 4088 Deum
1448 4035 1780 4107 credebant,

130 4122 193 4172 ut
223 4118 438 4174 Filium
471 4119 688 4174 habere
729 4125 1027 4191 negarent,
1061 4120 1141 4175 ait
1175 4137 1185 4175 :
1219 4122 1284 4176 Et
1312 4128 1537 4178 Patrem
1566 4124 1783 4180 Domini

126 4208 301 4262 nostri
329 4209 456 4263 Jesu
487 4207 710 4263 Christi.

199 4295 406 4368 Igitur,
440 4301 507 4351 ut
550 4311 650 4351 eos
678 4297 769 4365 [ad
825 4312 1027 4368 pacem
1080 4304 1394 4368 revocaret,
1429 4301 1730 4370 subjunxit
1765 4321 1777 4358 :

124 4385 352 4456 Propter
381 4387 548 4458 quod,
584 4386 646 4440 id
699 4390 808 4453 est,
841 4391 906 4441 ut
951 4387 1008 4440 id
1049 4387 1242 4457 ipsum
1287 4405 1489 4460 sapere
1519 4390 1779 4460 possitis,

127 4477 386 4546 suscipite
418 4477 683 4543 invicem,
717 4474 940 4531 scilicet
968 4476 1027 4531 in
1059 4477 1193 4531 fide.
1217 4477 1287 4530 Et
1316 4475 1452 4548 quia
1482 4477 1620 4532 mali
1644 4495 1704 4533 se
1727 4484 1782 4534 et

127 4560 185 4616 in
209 4562 363 4620 malo
389 4564 692 4636 suscipere
713 4570 980 4636 possunt,
1003 4565 1218 4620 idcirco
1240 4567 1532 4637 quomodo
1556 4584 1616 4622 se
1647 4584 1778 4622 sus-

1898 3415 2052 3470 Dcus
2078 3413 2277 3485 gentili
2301 3411 2514 3483 populo
2538 3411 2789 3476 donavit,
2815 3411 2914 3481 qui
2938 3425 3081 3480 pene
3102 3407 3316 3479 abipso
3341 3409 3543 3463 mundi

1899 3503 2133 3559 exordio
2166 3520 2199 3557 a
2231 3501 2557 3571 cognitione
2580 3499 2679 3555 Dei
2702 3499 2998 3563 recedens,
3024 3497 3081 3551 in
3105 3496 3393 3552 idolorum
3419 3496 3543 3551 cul-

1894 3596 2027 3647 tura
2051 3590 2398 3664 permansit;
2420 3593 2581 3643 tanto
2601 3587 2853 3659 amplius
2877 3586 3196 3642 debitorem
3221 3584 3383 3640 illum
3407 3585 3545 3643 fecit

1895 3683 1954 3736 in
1991 3681 2221 3735 laudem
2255 3697 2373 3734 sum
2408 3678 2836 3733 misericordiae.

1969 3770 2041 3825 Ut
2073 3775 2266 3825 autem
2297 3769 2565 3823 ostendat
2594 3773 2650 3823 et
2697 3768 3032 3822 Judzeorum
3067 3770 3122 3820 et
3150 3765 3415 3837 gentium
3449 3782 3542 3820 sa-

1897 3860 2077 3914 lutem
2127 3857 2430 3929 paedictam
2481 3875 2514 3911 a
2561 3856 2879 3928 prophetis,
2914 3859 3163 3927 quatuor
3207 3854 3544 3910 testimonia

1893 3949 2061 4018 (458),
2095 3952 2330 4018 propter
2356 3951 2606 4018 quatuor
2629 3945 3071 4016 Evangeliorum
3096 3944 3298 4013 libros,
3325 3944 3385 3999 in
3408 3945 3538 4016 qui-

1893 4037 2003 4092 bus
2035 4035 2285 4091 maxime
2315 4036 2453 4089 Novi
2484 4035 2840 4089 'I‘estamenti
2889 4034 3153 4089 doctrina
3188 4035 3535 4088 continetur.

1888 4126 1983 4180 Ait
2013 4124 2165 4180 enim
2203 4141 2216 4179 :
2248 4126 2399 4177 Sicut
2415 4126 2685 4188 scriptum
2715 4126 2790 4176 est
2821 4139 2838 4174 :
2872 4127 3100 4192 Propter
3123 4123 3220 4175 hoc
3247 4122 3540 4190 conﬁtebor

1887 4214 1993 4267 tibi
2021 4213 2080 4266 in
2129 4211 2381 4281 gentibus
2431 4210 2501 4278 (II
2545 4209 2672 4276 Reg.
2723 4222 2862 4274 xxu,
2894 4209 3000 4274 50;
3051 4209 3198 4261 Psal.
3242 4225 3377 4276 xvu,
3421 4207 3536 4276 50).

1889 4301 2019 4355 Haec
2044 4300 2217 4353 verba
2231 4296 2472 4351 FiliiDei
2493 4301 2633 4350 sunt
2655 4311 2668 4348 :
2696 4294 2960 4365 praevidit
2976 4309 3230 4363 namque
3252 4292 3539 4364 propheta

1889 4393 2092 4460 gentes
2122 4387 2448 4442 crediturus
2477 4403 2489 4452 ;
2526 4384 2740 4438 idcirco
2771 4382 2880 4437 hoc
2905 4383 2962 4436 in
2996 4381 3123 4436 Filii
3152 4397 3291 4435 voce
3322 4381 3394 4436 ad
3427 4380 3533 4436 Pa-

1888 4483 2037 4532 trem
2070 4477 2352 4548 loquitur.
2386 4475 2547 4538 Quod
2583 4478 2778 4528 autem
2807 4470 2968 4542 dicit,
2991 4468 3534 4540 conﬁtebor,intelli-

1887 4566 2143 4638 gendum
2177 4569 2286 4631 est,
2320 4563 2583 4618 conﬁteri
2632 4561 2840 4616 faciam
2876 4579 2888 4616 :
2922 4558 3210 4615 confessio
3255 4572 3530 4628 namque,

126 4649 313 4720 cipere
345 4653 603 4708 debeant
633 4653 970 4709 manifestat
1005 4670 1018 4708 :
1054 4653 1206 4710 Sicut
1253 4658 1302 4710 et
1333 4655 1577 4709 Christus
1602 4672 1778 4711 susce-
1814 4670 1856 4733 ι)
1887 4673 2001 4710 non
2033 4659 2405 4726 peccatorum
2438 4651 2808 4708 solummodo
2839 4654 2947 4717 est,
2972 4650 3071 4706 sed
3104 4647 3281 4703 etiam
3312 4646 3527 4702 laudis.

119 4741 204 4809 pit
231 4756 365 4802 eos;
393 4757 461 4796 ac
483 4743 532 4795 si
557 4741 774 4798 diceret
801 4758 816 4798 :
841 4741 941 4798 llle
971 4744 1040 4798 de
1061 4743 1221 4798 ccelis
1243 4743 1543 4798 descendit
1561 4745 1631 4799 ad
1662 4749 1776 4800 ter-

35 4818 38 4819 ν
122 4844 220 4883 ras
254 4845 268 4882 :
306 4833 364 4883 et
394 4836 464 4884 ut
495 4845 696 4885 omnes
723 4829 994 4897 salvaret,
1029 4848 1264 4887 carnem
1297 4837 1557 4888 nostram
1592 4833 1778 4888 susci-

122 4932 255 4987 pere
287 4933 406 4972 non
463 4919 759 4989 despexit;
792 4923 988 4974 vestra
1029 4920 1249 4975 scelera
1278 4937 1392 4976 non
1427 4922 1728 4977 abhorruit
1761 4940 1772 4977 :

121 5010 347 5074 oportet
377 5021 518 5078 ergo
548 5011 616 5062 ut
647 5007 877 5062 faciatis
927 5008 1079 5063 sicut
1109 5008 1208 5064 ille
1240 5010 1399 5077 fecit,
1431 5027 1533 5066 nec
1564 5028 1662 5065 vos
1694 5011 1778 5066 ul-

117 5093 300 5151 terius
329 5099 433 5151 aut
446 5094 731 5166 judicetis
755 5099 856 5150 aut
877 5097 1187 5167 spernatis.
1213 5099 1280 5154 Et
1301 5097 1542 5170 pulchre
1573 5099 1778 5154 subdi-

118 5184 215 5237 tur
245 5199 260 5239 :
291 5189 364 5240 In
393 5185 660 5240 honorem
689 5186 818 5249 Dei;
849 5186 1126 5257 quoniam
1159 5187 1259 5242 Dei
1293 5186 1475 5242 Filius
1496 5187 1555 5242 in
1589 5189 1776 5242 omni-

118 5267 249 5342 bus,
281 5289 409 5344 quaa
444 5273 634 5346 gessit
664 5276 767 5326 aut
797 5273 1014 5343 docuit,
1047 5292 1162 5330 non
1217 5291 1408 5342 suam,
1439 5275 1539 5328 sed
1591 5275 1778 5333 Patris

49 5417 58 5426 _
118 5357 364 5430 gloriam
397 5360 701 5434 quaesivit.

191 5449 416 5522 Itaque,
452 5451 598 5522 quia
626 5446 872 5520 gentiles
903 5451 1154 5508 maxime
1204 5454 1442 5524 propter
1470 5451 1775 5508 circumci-

188 5641 446 5723 (@951)
481 5641 549 5723 In
579 5656 768 5723 marg.
804 5648 996 5723 autog.
1027 5647 1122 5723 hie
1152 5649 1366 5723 legitur
1395 5666 1522 5722 cap.
1558 5649 1646 5723 LI.

1890 4745 2051 4800 Unde
2083 4746 2139 4798 in
2172 4741 2480 4815 Evangelio
2516 4760 2527 4797 :
2563 4743 2827 4811 Confiteor
2854 4740 2982 4808 tibi,
3014 4741 3178 4794 Pater
3207 4734 3427 4809 (Matth.
3450 4752 3530 4806 XI,

1887 4834 1996 4899 25;
2031 4835 2159 4888 Luc.
2192 4851 2246 4901 x,
2280 4833 2410 4900 21);
2446 4832 2503 4885 id
2537 4837 2643 4900 est,
2677 4830 2851 4885 laudo
2885 4833 2941 4884 te
2973 4854 2986 4895 ;
3018 4827 3100 4884 sic
3131 4832 3185 4882 et
3215 4827 3324 4883 hoc
3353 4825 3478 4881 loco
3515 4843 3528 4882 :

1887 4924 2214 4992 Con/itebor,
2237 4921 2293 4975 id
2324 4926 2434 4984 est,
2458 4921 2697 4975 laudare
2714 4926 2768 4975 te
2786 4918 2992 4974 faciam
3017 4918 3075 4972 in
3106 4917 3380 4989 gentibus
3410 4932 3422 4972 :
3447 4916 3532 4972 si-

1889 5011 2106 5066 militer
2138 5029 2149 5065 :
2186 5012 2246 5065 Et
2277 5012 2336 5064 in
2366 5012 2586 5065 nomine
2624 5013 2714 5064 tuo
2763 5009 3013 5074 cantabo,
3049 5006 3105 5060 id
3153 5011 3262 5076 est,
3296 5008 3532 5061 cantare

1888 5099 2119 5154 faciam.
2165 5098 2314 5164 Quid
2363 5114 2424 5151 se
2474 5102 2845 5153 cantaturum
2901 5094 3225 5168 promittat,
3272 5093 3367 5148 hic
3415 5110 3531 5148 non

1888 5186 2147 5243 ostendit
2166 5185 2481 5256 Propheta;
2506 5185 2644 5241 alibi
2667 5203 2800 5241 vero
2830 5185 3107 5248 declarat,
3132 5184 3366 5239 dicens:
3389 5183 3530 5238 Can-

1885 5281 1993 5332 tate
2020 5277 2251 5332 Domino
2279 5275 2553 5327 canticum
2590 5291 2787 5327 novum
2813 5275 2982 5341 (Psal.
3017 5291 3194 5341 xxxm
3222 5275 3297 5343 3),
3331 5271 3388 5326 id
3419 5274 3528 5340 est,

1887 5365 2018 5420 novi
2051 5361 2248 5436 populi
2297 5360 2545 5416 salutem
2578 5365 2634 5415 et
2685 5362 3144 5432 redemptionem
3175 5379 3193 5415 :
3229 5360 3381 5432 quod
3414 5375 3531 5415 non

1888 5469 2092 5509 omnes
2113 5454 2371 5517 cantant,
2395 5449 2493 5520 qui
2525 5464 2623 5505 ore
2654 5453 2990 5519 personant,
3014 5448 3114 5504 sed
3137 5449 3238 5521 qui
3267 5465 3333 5506 eo
3355 5448 3530 5504 modo

188 5712 340 5784 (458)
369 5712 552 5772 Deest
573 5714 820 5771 fortasse
841 5712 1484 5792 hic'verbumbdduxit;
1499 5721 1587 5778 vel
1609 5719 1767 5778 aliud
1807 5718 2019 5778 simile.
