3996 6232
430 419 548 484 275

1463 414 1806 480 ATTONIS
1849 413 2435 479 VERCELLENSIS
2479 408 2830 478 EPISCOPI

3736 416 3869 480 276

441 554 700 619 cantant,
733 568 847 625 quo
887 554 1085 608 monet
1127 549 1440 622 Apostolus
1475 568 1487 609 :
1524 551 1812 607 Cantantes
1859 558 1910 605 et
1936 549 2083 621 psal-
2114 549 2171 616 Α
2199 562 2402 603 omnes
2462 547 2709 602 Romani
2766 546 2921 620 pleni
2969 551 3134 604 erant
3175 548 3531 606 dilectione?
3583 550 3862 610 Minime.

442 645 610 700 lentes
638 644 700 697 in
727 643 986 698 cordibus
1014 642 1204 697 vestris
1253 641 1480 695 Domino
1511 642 1728 711 (Ephes.
1759 656 1812 712 v,
1848 639 1956 708 17).
1994 640 2085 694 In-

2196 636 2375 691 Erant
2424 639 2621 690 tamen
2671 636 2821 691 inter
2869 652 2967 693 eos
3020 637 3258 709 quidam
3310 640 3571 711 perfecti,
3615 647 3867 714 propter

440 739 539 789 tus
571 732 850 788 nimirum
882 735 970 787 est
987 729 1406 803 gaudium,uhi
1426 747 1533 784 vox
1555 729 1746 784 laudis
1777 728 2013 783 auditur
2033 732 2090 782 et
2197 741 2365 797 quos,
2400 741 2470 779 ne
2501 724 3037 780 scandalizarentur
3061 726 3327 781 dicebat:
3356 727 3541 783 Certus
3571 744 3716 801 sum,
3742 735 3865 786 etc.

442 820 697 880 sentitur
728 836 741 876 :
771 822 842 875 Et
870 820 1081 875 iterum
1134 817 1273 871 dicit

1325 834 1337 871 :
1390 818 1686 872 Laetamini
1730 820 1936 887 gentes.
1973 816 2089 871 Hoc
2200 812 2355 870 Pleni
2408 817 2600 868 autem
2648 817 2788 868 sunt
2833 812 3161 881 dilectione,
3194 814 3293 885 qui
3344 816 3596 887 perfecte
3638 817 3700 873 in
3754 818 3866 875 Dei

444 908 778 981 exemplum
818 906 1265 970 Deuteronomio
1312 911 1614 977 sumptum
1668 911 1793 973 est;
1828 904 2092 976 praevidit
2200 901 2565 975 proximique
2595 900 2901 957 dilectione
2931 902 3280 958 consistunt.

446 1015 658 1069 nempe
686 998 909 1068 Moyses
939 1000 1143 1067 gentes
1185 997 1255 1050 ad
1309 996 1482 1049 ﬁdem
1514 1000 1810 1062 venturas,
1844 995 2093 1065 ideoque

448 1087 803 1144 exhortando
832 1085 1057 1139 dicebat
1091 1100 1104 1138 :
1138 1085 1447 1153 Lazlamini,
1473 1093 1650 1154 gentes
1681 1083 1850 1153 (459).
1882 1083 1989 1137 Sed
2024 1097 2095 1136 ne

447 1191 544 1233 eas
575 1174 941 1231 solummodo
973 1172 1301 1228 credituras
1349 1172 1482 1243 quis
1537 1177 1786 1243 putaret,
1822 1172 2047 1226 addidit
2081 1187 2093 1225 ε

444 1263 580 1322 Cum
608 1265 759 1334 plebe
788 1264 928 1332 eius.
964 1263 1197 1318 Plebem
1245 1264 1373 1333 ejus
1405 1262 1535 1317 illos
1586 1262 1745 1329 dicit,
1775 1262 1876 1332 qui
1906 1279 1975 1316 ex
2002 1265 2099 1317 Ju-

448 1354 588 1410 dmis
609 1353 1010 1408 crediderunt:
1044 1354 1113 1407 Et
1144 1352 1359 1406 iterum
1378 1368 1390 1405 :
1408 1352 1670 1420 Laudale,
1690 1367 1875 1405 omnes
1896 1358 2098 1420 gentes,

449 1444 623 1498 Deum
652 1442 827 1513 (Psal.
859 1458 1009 1511 cxvx,
1044 1441 1116 1511 1).
1143 1439 1245 1494 Hic
1278 1456 1512 1511 quoque
1534 1456 1605 1494 ne
1636 1438 1850 1511 aliquis
1872 1443 2100 1494 tantum

453 1530 703 1603 gentiles
734 1530 993 1585 crederet
1036 1529 1107 1583 ad
1162 1529 1331 1583 fidem
1366 1533 1661 1599 venturos,
1695 1527 1967 1583 subditur
1998 1545 2010 1583 :
2040 1528 2103 1582 Et

455 1620 808 1690 magniﬁcate
836 1634 982 1683 eum,
1014 1633 1199 1673 omnes
1224 1618 1434 1688 pepuli.
1472 1619 1623 1671 Inter
1655 1633 1859 1672 omnes
1889 1616 2104 1688 quippe

461 1707 814 1780 intelligitur
843 1710 899 1762 et
928 1706 1182 1779 populus
1209 1706 1569 1760 Judzsorum.

532 1798 605 1853 Et
635 1812 840 1851 rursus
870 1795 1051 1851 Isaias
1082 1794 1220 1851 dicit
1252 1813 1265 1850 :
1300 1797 1426 1851 Erit
1473 1795 1646 1851 radix
1672 1797 1818 1851 Iesse
1846 1796 1995 1863 (Isai.
2024 1812 2104 1862 x1,

463 1887 576 1953 10).
607 1886 714 1940 Per
742 1884 995 1939 radicem
1020 1883 1186 1938 Jesse
1208 1884 1551 1955 designatur
1580 1884 1677 1955 qui
1701 1900 1770 1938 ex
1799 1885 1983 1956 stirpe
2003 1883 2108 1938 Da-

457 1974 555 2030 vid
586 1976 750 2028 ortus
780 1976 885 2027 est.
920 1971 1105 2026 Radix
1133 1971 1290 2026 enim
1324 1971 1435 2027 fuit
1463 1971 1627 2027 Jesse
1651 1989 1663 2026 :
1689 1972 1870 2043 hujus
1892 1971 2107 2027 radicis

459 2062 633 2119 arbor
664 2060 862 2128 David,
892 2076 961 2116 ex
990 2076 1109 2131 qua
1136 2060 1418 2131 processit
1447 2060 1610 2133 virga
1641 2061 1791 2130 (Isai.
1824 2078 1905 2128 x1,
1939 2061 2015 2128 1),
2048 2060 2107 2115 id

455 2155 565 2221 est,
596 2150 766 2205 beata
792 2148 1148 2220 Maria,quze
1180 2149 1435 2204 fructum
1457 2149 1721 2221 protulit,
1750 2166 1883 2205 cum
1908 2148 2110 2221 genuit

454 2240 831 2309 Salvatorem,
860 2239 932 2293 de
963 2255 1077 2310 quo
1107 2238 1262 2293 idem
1296 2237 1477 2293 Isaias
1510 2256 1522 2293 :
1557 2240 1676 2293 Erit
1703 2242 1916 2309 fruetus
1947 2243 2108 2293 terrm

456 2329 712 2386 sublimis
759 2328 909 2399 (lsai.
946 2344 1017 2397 IV,
1049 2327 1107 2397 2)
1143 2344 1155 2381 :
1190 2327 1343 2396 quod
1393 2330 1533 2382 tunc
1582 2326 1800 2381 factum
1831 2331 1940 2393 est,
1973 2342 2108 2380 cum

457 2418 744 2474 Dominus
766 2434 801 2472 a
826 2414 1076 2471 mortuis
1103 2431 1438 2485 resurgens,
1463 2415 1635 2469 caelos
1662 2415 2020 2480 conscendit,
2038 2415 2109 2469 de

460 2523 577 2578 quo
608 2505 799 2561 fructu
829 2509 886 2559 et
918 2503 1089 2558 David
1122 2504 1198 2558 sit
1231 2521 1243 2559 :
1280 2505 1440 2558 Terra
1472 2507 1661 2558 nostra
1690 2504 1841 2558 rtabit
1864 2507 2110 2575 fructum

459 2611 624 2651 suum
648 2594 821 2665 (Psal.
856 2608 1078 2662 LxxxIv,
1113 2592 1221 2663 13).
1258 2591 1676 2661 Interpretatur
1720 2593 1912 2646 autem
1944 2594 2105 2661 Iesse,

461 2688 552 2740 est
581 2682 725 2738 mihi
753 2700 766 2738 :
803 2682 1139 2753 quicunque
1169 2680 1351 2752 igitur
1373 2680 1442 2734 de
1469 2680 1717 2736 adventu
1743 2680 1869 2736 Filii
1893 2681 1991 2736 Dei
2014 2680 2108 2735 lae-

457 2777 638 2840 tatur,
670 2788 925 2845 congrue
955 2771 1147 2826 dicere
1180 2774 1406 2842 potest:
1432 2774 1523 2825 Est
1548 2771 1708 2837 mihi,
1736 2770 2105 2838 subauditur,

458 2862 715 2919 auditor.
735 2862 800 2917 Et
820 2861 916 2932 qui
926 2863 1180 2930 exsurget
1195 2875 1386 2931 regere
1404 2858 1873 2929 gentes.Surrexit
1893 2859 2108 2931 quippe

457 2966 661 3024 regere
689 2954 892 3022 gentes
923 2967 935 3017 ;
969 2948 1245 3021 quoniam
1279 2946 1839 3019 repulsusaJudmis
1872 2952 2110 3019 propter

455 3038 887 3106 inﬁdelitatem,
908 3042 1111 3109 gentes
1128 3035 1351 3092 vocavit
1368 3036 1439 3090 ad
1474 3036 1670 3107 fidem,
1699 3036 1757 3091 in
1781 3036 1998 3108 quibus
2021 3053 2108 3091 re-

458 3132 665 3201 gnaret
710 3143 815 3199 per
861 3125 1127 3199 gratiam.
1174 3128 1241 3180 In
1294 3140 1353 3179 eo
1400 3128 1583 3195 gentes
1627 3125 1942 3195 sperabunt.
1978 3124 2110 3190 Qui-

461 3233 693 3289 cunque
722 3216 878 3272 enim
926 3232 995 3271 ex
1040 3214 1315 3286 gentibus
1347 3214 1614 3281 credunt,
1654 3230 1889 3269 omnem
1937 3229 2107 3268 suam

458 3322 625 3379 spem
658 3305 714 3360 in
744 3304 844 3359 illo
874 3303 1179 3360 collocant.

531 3394 738 3466 Igitur,
754 3392 895 3465 quia
924 3393 1071 3448 dixit
1086 3390 1494 3448 testimonium
1512 3391 1805 3462 prophetae
1828 3390 2105 3446 dicentis:

460 3488 523 3543 In
549 3501 616 3540 eo
644 3488 828 3554 gentes
847 3482 1162 3553 sperabunt,
1178 3497 1247 3535 ex
1272 3479 1417 3550 ipsis
1446 3480 1657 3549 verbis,
1681 3483 1918 3551 sumpta
1943 3495 2107 3534 occa-

465 3574 651 3639 sione,
685 3570 936 3641 subjecit
964 3569 1291 3625 orationem
1322 3569 1520 3624 dicens
1554 3587 1567 3625 :
1603 3571 1743 3624 Deus
1771 3573 1957 3624 autem
1984 3569 2111 3639 spei

464 3662 674 3733 repleat
701 3675 794 3714 vos
823 3660 977 3714 omni
1002 3657 1218 3728 gaudio.
1252 3658 1403 3713 Deus
1435 3659 1557 3730 spei
1590 3658 1826 3725 dicitur,
1861 3673 1924 3712 eo
1953 3657 2108 3728 quod

465 3751 595 3821 ipse
622 3747 744 3819 spei
770 3747 1041 3802 virtutem
1059 3745 1295 3801 tribuat.
1316 3747 1498 3803 Omne
1520 3747 1802 3818 gaudium
1823 3750 1989 3801 vocat
2013 3745 2113 3799 la:-

465 3836 659 3892 titiam
684 3839 907 3890 aeternae
930 3834 1326 3891 beatitudinis.
1343 3834 1551 3890 Nullus
1572 3836 1767 3906 itaque
1787 3833 1846 3888 in
1870 3833 1977 3889 hac
1997 3834 2113 3889 vita

469 3925 630 3983 omni
660 3924 872 3997 gaudio
896 3923 1100 3996 repleri
1121 3929 1311 3997 potest
1336 3942 1349 3993 ;
1374 3929 1775 3980 verumtamen
1799 3924 2117 3995 unusquis-

471 4031 586 4086 que
614 4014 897 4084 ﬁdelium,
929 4016 984 4070 et
1014 4016 1064 4069 si
1112 4031 1227 4070 non
1259 4014 1318 4069 in
1367 4030 1448 4084 re,
1480 4012 1737 4084 repletur
1764 4016 1963 4067 tamen
1993 4012 2115 4082 illo,

470 4121 594 4177 spe.
618 4103 729 4160 Sed
761 4103 898 4175 quia
919 4102 1045 4159 sine
1068 4119 1206 4176 pace
1228 4118 1399 4159 nemo
1429 4106 1620 4174 potest
1639 4100 1749 4156 hoc
1777 4100 1991 4173 gaudio
2023 4118 2115 4157 re-

469 4192 639 4266 pleri,
671 4192 1009 4263 subjunxit:
1037 4192 1100 4248 Et
1123 4209 1278 4264 pace.
1308 4191 1461 4246 Vera
1489 4193 1683 4245 autem
1714 4205 1827 4261 pax
1855 4194 1962 4258 est,
1981 4206 2115 4245 cum

468 4281 578 4337 hoc
606 4279 729 4336 vult
775 4280 970 4351 homo,
1005 4282 1161 4352 quod
1211 4284 1268 4335 et
1311 4279 1505 4345 Deus;
1539 4277 1649 4333 hoc
1696 4294 1929 4350 corpus,
1961 4279 2117 4350 quod

468 4369 686 4441 anima,
718 4385 847 4441 qua:
888 4374 978 4425 est
1025 4369 1278 4425 caelestis
1309 4371 1594 4423 creatura.
1628 4368 1691 4422 In
1738 4367 2027 4439 credendo,
2058 4368 2116 4423 id

469 4464 577 4527 est,
611 4462 675 4514 ut
704 4458 974 4529 credatis,
1007 4458 1115 4526 vel,
1149 4458 1292 4512 dum
1326 4456 1584 4511 creditis.

544 4550 609 4606 Ut
636 4548 927 4604 abundetis
976 4550 1035 4604 in
1062 4563 1175 4619 spe,
1225 4546 1284 4600 id
1337 4549 1448 4611 est,
1481 4544 1637 4616 quod
1687 4561 1843 4599 nunc
1890 4544 2117 4602 habetis

469 4638 529 4693 in
561 4654 684 4709 spe,
718 4637 1071 4709 quandoque
1093 4634 1461 4690 abundanter
1480 4632 1746 4722 habeatis
1767 4632 1826 4688 in
1859 4633 2113 4697 re.Quod
2148 4658 2194 4722 D

471 4725 611 4798 quia
631 4725 956 4793 nemo,nisi
979 4740 1082 4795 per
1097 4722 1350 4796 gratiam
1373 4721 1561 4776 sancti
1585 4720 1839 4792 Spiritus
1861 4722 2119 4779 obtinere

470 4817 685 4885 potest,
716 4812 976 4870 subdidit
1014 4827 1027 4866 :
1060 4815 1130 4866 In
1156 4812 1357 4865 virtute
1385 4809 1630 4880 Spiritus
1656 4813 1855 4866 sancti.
1905 4811 2013 4866 Sed
2048 4828 2119 4867 ne

473 4918 541 4959 ex
575 4907 696 4959 tam
747 4900 1038 4971 frequenti
1087 4897 1485 4955 admonitione
1531 4902 1804 4970 putarent
1847 4900 2115 4968 Romani,

470 4992 624 5063 quod
649 4989 965 5062 Apostolus
986 5003 1085 5043 eos
1105 4987 1368 5042 crederet
1388 5004 1515 5044 esse
1544 4989 1765 5061 absque
1786 4989 2116 5061 dilectione,

471 5078 801 5152 subjunxit.
854 5076 1051 5130 Certus
1096 5091 1219 5130 sum
1263 5080 1466 5145 autem,
1517 5080 1722 5149 fratres
1765 5079 1893 5149 mei,
1924 5087 1976 5134 et
2023 5094 2119 5149 ego

468 5174 587 5241 ipse
615 5168 682 5223 de
706 5165 875 5230 vobis,
908 5165 1168 5235 quoniam
1197 5174 1250 5220 et
1278 5167 1391 5239 ipsi
1435 5168 1590 5239 pleni
1617 5171 1748 5224 estis
1778 5169 2075 5224 dilectione
2097 5183 2118 5229 ,'

472 5275 539 5314 ac
572 5257 623 5312 si
656 5255 906 5309 diceret:
930 5254 1096 5309 Sicut
1112 5271 1230 5322 vos,
1248 5256 1462 5328 quibus
1483 5257 1839 5314 conscientia
1856 5254 2123 5328 perhibet

472 5341 904 5408 testimonium,
937 5342 1020 5398 sic
1049 5347 1106 5399 et
1154 5361 1260 5417 ego
1310 5347 1381 5401 de
1410 5351 1600 5403 vestra
1649 5344 1976 5401 dilectione.
2010 5344 2117 5398 Sed

473 5432 692 5502 quibus
735 5428 845 5484 hoc
892 5431 1282 5505 loquebatur?
1308 5435 1607 5492 Romanis.
1660 5433 1939 5505 Nunquid
1984 5448 2120 5504 ergo

2272 992 2488 1061 Repleti
2515 992 2667 1045 omni
2689 992 2937 1045 scientia.
2972 990 3226 1046 Scientia
3249 995 3338 1047 est
3359 992 3721 1063 divinarum,
3746 995 3866 1051 hu-

2204 1096 2631 1152 manarumque
2662 1096 2856 1135 rerum
2884 1079 3157 1151 cognitio.
3182 1081 3325 1146 Quis
3355 1098 3492 1154 ergo
3514 1081 3573 1137 in
3599 1083 3712 1139 hac
3746 1084 3869 1141 vita

2206 1169 2369 1224 omni
2399 1168 2642 1223 scientia
2662 1167 2869 1239 repleri
2895 1169 3126 1242 potest?
3159 1168 3339 1237 Unde,
3364 1187 3436 1225 ne
3467 1171 3872 1242 reprehende-

2208 1262 2369 1313 retur
2387 1257 2719 1329 Apostolus,
2741 1262 2803 1312 ut
2833 1259 3161 1313 ostenderet
3190 1259 3260 1313 de
3292 1276 3404 1330 qua
3427 1259 3677 1317 scientia
3697 1262 3870 1319 dixe-

2209 1346 2304 1410 rit,
2335 1347 2544 1416 adjecit
2574 1363 2586 1400 :
2622 1347 2703 1401 lla
2746 1351 2807 1401 ut
2834 1349 3052 1418 possitis
3093 1348 3422 1403 alterutrum
3470 1366 3714 1406 monere.
3755 1352 3873 1408 Ubi

2211 1436 2532 1491 notandum
2563 1435 2700 1506 quia
2721 1453 2835 1491 non
2868 1436 2967 1507 ait,
2996 1437 3225 1504 docere,
3245 1438 3346 1492 sed
3377 1454 3619 1494 monere.
3645 1440 3871 1497 Docere

2211 1524 2427 1596 quippe
2459 1525 2846 1595 perfectorum
2877 1531 2987 1590 est,
3019 1542 3254 1581 monere
3296 1543 3428 1582 vero
3463 1527 3869 1587 infirmorum.

2212 1612 2297 1667 Ibi
2328 1612 2483 1667 enim
2534 1612 2854 1668 admonitio
2905 1614 3235 1669 necessaria
3264 1620 3370 1682 est,
3404 1615 3504 1670 ubi
3554 1615 3870 1674 scientiam

2214 1700 2425 1756 oblivio
2452 1701 2719 1772 sequitur
2746 1720 2758 1757 :
2796 1706 2852 1757 et
2879 1719 3014 1758 cum
3045 1703 3314 1759 homines
3338 1704 3764 1778 negligentiam
3791 1708 3874 1763 vi-

2214 1790 2376 1857 dent,
2408 1791 2508 1846 sed
2541 1791 2771 1846 desides
2802 1798 2940 1846 sunt
2968 1792 3039 1846 ad
3070 1792 3559 1849 emendationem.

2286 1878 2487 1951 Igitur,
2517 1879 2656 1950 quia
2704 1880 2927 1935 dixerat
2954 1897 3053 1936 eos
3083 1880 3287 1953 plenos
3336 1882 3498 1937 omni
3528 1883 3869 1952 dilectione,

2217 1968 2491 2024 continuo
2537 1968 2848 2024 subdidit:
2893 1971 3172 2027 Audacius
3220 1979 3408 2027 autem
3451 1974 3649 2044 scripsi
3694 1974 3872 2043 vobis,

2215 2061 2437 2129 fratres,
2467 2073 2536 2112 ea:
2558 2065 2752 2128 parte;
2786 2074 2851 2114 ac
2876 2057 2925 2113 si
2955 2059 3175 2115 diceret
3206 2076 3220 2115 :
3253 2061 3523 2117 Conﬁsus
3552 2066 3753 2118 vestra
3779 2062 3874 2117 di-

2217 2146 2481 2213 lectione,
2510 2146 2791 2201 audacius
2808 2147 2971 2203 vobis
3003 2164 3071 2203 ex
3100 2153 3263 2220 parte
3281 2150 3530 2221 scripsi;
3563 2167 3681 2223 quo
3713 2152 3873 2207 dicto

2218 2235 2474 2291 ostendit
2500 2251 2562 2290 se
2590 2235 2775 2291 multo
2820 2234 2992 2307 plura
3048 2237 3249 2309 scisse,
3281 2254 3464 2309 quam
3513 2239 3824 2312 scripserit
3857 2258 3870 2297 :

2218 2341 2354 2379 nam
2387 2323 2600 2379 idcirco
2632 2341 2700 2380 ex
2736 2329 2899 2397 parte
2946 2324 3315 2383 solummodo
3366 2328 3626 2400 scripsit,
3661 2334 3721 2385 et
3751 2346 3871 2386 non

2218 2413 2452 2480 omnia;
2489 2417 2554 2469 ut
2586 2428 2688 2485 per
2717 2430 2805 2481 ea,
2835 2431 2962 2484 qua:
3012 2414 3344 2487 scripserat,
3377 2421 3434 2472 et
3463 2433 3550 2485 ea,
3583 2434 3714 2490 quae
3750 2435 3871 2475 non

2217 2502 2550 2573 scripserat,
2565 2501 3063 2575 intelligerent.Et
3093 2504 3201 2560 hoc
3218 2507 3484 2576 cst,quod
3508 2508 3826 2580 subjungit
3854 2526 3869 2564 :

2220 2592 2495 2662 Tanquam
2532 2593 2593 2645 in
2638 2594 2958 2647 memoriam
3005 2609 3093 2649 vos
3120 2594 3399 2651 reducens.
3451 2597 3537 2651 Ad
3568 2596 3679 2652 hoc
3707 2598 3875 2654 enim

2218 2680 2552 2752 scripserat,
2577 2684 2643 2733 ut
2662 2697 2777 2735 non
2808 2680 3001 2736 solum
3020 2680 3126 2751 illi,
3150 2683 3251 2738 sed
3283 2688 3341 2739 et
3368 2700 3596 2751 omnes,
3621 2687 3695 2741 ad
3721 2703 3875 2758 quos

2217 2768 2340 2823 haec
2370 2767 2628 2840 Epistola
2666 2774 3013 2841 perventura
3057 2776 3203 2837 erat,
3233 2788 3335 2844 per
3365 2789 3455 2842 ea,
3486 2791 3614 2847 quae
3647 2776 3875 2848 scripta

2217 2863 2374 2927 sunt,
2410 2858 2825 2914 reducerentur
2855 2858 2915 2914 in
2949 2861 3293 2917 memoriam
3324 2879 3550 2935 eorum,
3583 2880 3712 2936 quae
3748 2865 3876 2937 ipse

2219 2946 2436 3001 docuit.
2468 2946 2708 3017 Propter
2736 2949 2890 3019 quod
2923 2965 3056 3004 vero
3085 2966 3185 3006 eos
3229 2955 3523 3007 revocaret
3553 2952 3611 3007 in
3642 2968 3872 3010 memo-

2219 3033 2388 3102 riam,
2422 3034 2678 3091 ostendit
2720 3036 3085 3108 subjungens
3120 3054 3131 3093 :
3164 3043 3398 3111 Propter
3449 3043 3716 3109 gratiam,
3749 3058 3877 3115 qua:

2215 3123 2345 3178 data
2372 3131 2450 3179 est
2477 3123 2619 3179 mihi
2645 3142 2679 3179 a
2708 3125 2831 3180 Deo.
2865 3125 3125 3183 Gratiam
3148 3127 3284 3183 licet
3307 3127 3653 3185 electionem
3680 3131 3876 3202 possi-

2217 3228 2351 3267 mus
2382 3211 2723 3284 intelligere,
2752 3230 2869 3285 qua
2897 3218 3031 3270 ante
3075 3215 3282 3271 mundi
3320 3216 3808 3274 constitutionem
3840 3236 3875 3274 a

2138 3285 2181 3353 C
2219 3300 2332 3356 Deo
2350 3298 2569 3356 electus
2584 3302 2794 3366 est,vel
2811 3302 3273 3375 redemptionem
3298 3323 3311 3373 ;
3337 3307 3761 3378 congruentius
3784 3313 3873 3363 τε-

2222 3404 2355 3444 men
2387 3390 2629 3444 domum
2659 3389 2803 3445 illud
2825 3391 3295 3469 accipimus,quo
3326 3398 3670 3466 segregatus
3691 3399 3875 3466 est,ut

2222 3482 2374 3534 esset
2400 3478 2663 3550 gentium
2693 3480 3011 3550 apostolus.
3038 3481 3202 3537 Unde
3229 3486 3286 3538 et
3314 3482 3590 3538 subditur
3621 3500 3634 3539 :
3673 3485 3736 3540 Ut
3765 3487 3874 3540 sim

2221 3568 2476 3622 minister
2499 3568 2625 3622 Jesu
2656 3566 2859 3623 Christi
2887 3570 2948 3623 in
2975 3570 3241 3640 gentibus.
3276 3570 3423 3626 Hinc
3454 3570 3595 3626 alibi
3622 3573 3721 3643 qui
3750 3589 3873 3645 ope-

2222 3664 2378 3711 ratus
2405 3664 2483 3712 est
2512 3662 2677 3712 Petro
2707 3658 2765 3711 in
2795 3660 3098 3728 apostolatu
3116 3660 3579 3728 circumcisionis,
3612 3667 3874 3730 operatus

2218 3753 2294 3799 est
2322 3748 2373 3799 et
2400 3746 2541 3800 mihi
2568 3746 2712 3801 inter
2757 3755 2938 3815 gentes
2978 3748 3121 3816 (Gal.
3157 3766 3219 3816 11,
3252 3750 3326 3815 8).
3367 3748 3438 3805 Ut
3487 3749 3564 3805 sit
3597 3749 3877 3806 minister

2220 3833 2362 3888 Jesu
2392 3833 2609 3889 Christi
2640 3834 2823 3905 {dicit,
2854 3839 3139 3907 tanquam
3185 3837 3404 3894 diceret
3434 3854 3446 3893 :
3484 3838 3593 3903 Qui
3621 3837 3764 3895 olim
3795 3841 3884 3895 fui

2224 3920 2493 3977 minister
2544 3921 3028 3981 circumcisionis.
3063 3925 3208 3989 Quia
3257 3926 3525 3984 funditus
3556 3934 3885 3985 recesserat

2225 4028 2259 4066 a
2289 4010 2505 4066 carnali
2560 4011 2966 4068 observatione
3014 4012 3197 4085 legis;
3230 4014 3359 4071 ideo
3391 4032 3453 4071 se
3500 4015 3645 4072 dicit
3677 4016 3885 4073 minis-

2223 4104 2381 4155 trum
2413 4099 2445 4155 J
2450 4116 2553 4155 esu
2586 4099 2821 4156 Christi.

2297 4189 2405 4243 Sed
2438 4187 2579 4260 quid
2611 4188 2723 4245 sibi
2752 4189 2896 4260 vult,
2928 4192 3084 4263 quod
3113 4193 3437 4266 :subjungit
3470 4211 3483 4250 :
3518 4192 3890 4266 Sanctiﬁcans

2226 4278 2586 4346 Evangelium
2606 4277 2748 4335 Dei?
2776 4279 3051 4351 Nunquid
3080 4297 3190 4337 non
3216 4287 3488 4338 sanctum
3508 4287 3601 4339 est
3620 4283 3891 4357 Evange-

2226 4365 2373 4421 lium
2395 4365 2423 4420 ?
2452 4367 2555 4423 Est
2583 4367 2774 4439 plane.
2791 4368 3090 4432 Quomodo
3118 4386 3253 4443 ergo
3276 4371 3683 4428 sanctificabat
3703 4372 3731 4427 ‘t
3754 4374 3894 4430 Sci-

2228 4454 2528 4527 licet,quia
2556 4473 2664 4512 suo
2685 4456 2949 4528 exemplo
2966 4462 3237 4515 sanctum
3260 4475 3387 4515 esse
3408 4461 3891 4520 ostendebat.Ait

2227 4560 2362 4617 ergo
2396 4562 2408 4600 :
2444 4545 3200 4618 SanetiﬁcansjErangelium
3229 4550 3371 4611 Dei;
3397 4565 3463 4605 ac
3511 4549 3561 4605 si
3611 4550 3834 4608 diceret
3871 4570 3886 4608 ε

2228 4634 2354 4690 Meo
2384 4633 2646 4705 exemplo
2678 4639 2947 4691 sanctum
2978 4653 3107 4692 esse
3138 4638 3453 4694 ostendens
3473 4639 3889 4713 Evangelium,

2227 4723 2379 4795 quod
2412 4739 2546 4778 cum
2578 4724 2800 4795 pudore
2826 4728 2885 4779 et
2913 4726 3236 4782 reverentia
3264 4727 3513 4798 praedico
3543 4745 3557 4794 ;
3596 4729 3891 4800 quoniam

2228 4829 2356 4883 quae
2386 4812 2564 4867 doceo
2592 4812 2804 4880 verbis,
2837 4813 3121 4869 confirmo
3172 4815 3469 4886 operibus.
3518 4817 3634 4872 Cur
3685 4822 3893 4875 autem

2227 4898 2608 4970 Evangelium
2640 4902 3053 4971 sanctiﬁcaret,
3084 4903 3366 4974 aperitur,
3397 4920 3533 4960 cum
3563 4905 3890 4963 subditur:

2232 4990 2295 5045 Ut
2323 4990 2425 5060 ﬁat
2449 4989 2646 5044 oblatio
2675 4992 2927 5060 gentium
2953 4999 3195 5063 accepta.
3228 4993 3555 5064 Exoptabat
3575 4993 3803 5067 quippe
3824 5000 3895 5051 ut

2229 5082 2586 5150 gentes,qua3
2617 5079 2689 5134 ad
2718 5079 2848 5150 ejus
2874 5080 3344 5151 prmdicationem
3371 5081 3895 5141 crediderant.Deo

2229 5165 2598 5222 efﬁcerentur
2626 5184 2842 5224 munus
2874 5172 3197 5240 acceptum.
3221 5169 3386 5225 Sicut
3413 5170 3571 5226 enim
3604 5171 3666 5227 in
3698 5173 3895 5230 Veteri

2229 5256 2604 5311 Testamento
2620 5258 3129 5323 sacerdotumerat
3140 5257 3576 5331 animalia,quas
3589 5262 3897 5319 offerenda

2229 5346 2418 5410 erant,
2433 5344 2719 5415 inspicere
2744 5364 2757 5414 ;
2792 5362 2863 5400 ne
2884 5344 3106 5417 aliquin
3124 5350 3280 5403 esset
3301 5347 3602 5417 claudum,
3622 5351 3896 5407 maculo-

2230 5448 2365 5487 sum
2397 5435 2499 5487 aut
2520 5433 2741 5502 debile;
2767 5438 2830 5489 ut
2854 5438 2968 5490 Deo
2999 5440 3236 5508 accepta
3262 5437 3429 5492 fieret
3450 5437 3692 5507 ,hostia:
3715 5440 3802 5496 ita
3829 5439 3893 5495 in
3920 5434 3925 5443 ’

545 5623 903 5704 (άὸρλῡθιιι.
934 5648 1127 5704 χχχιι,
1177 5633 1269 5703 43,
1324 5630 1576 5686 habetur
1624 5628 1839 5685 laudate
1884 5634 2115 5697 gentes:
2163 5627 2390 5683 textum
2459 5628 2651 5684 autem
2704 5628 2858 5683 hunc
2907 5629 3180 5686 lsetammi
3241 5637 3422 5699 gentes
3469 5631 3696 5691 factum
3738 5635 3892 5699 mihi

476 5709 593 5751 non
622 5694 733 5751 fuit
761 5703 1031 5774 reperire.
