3996 6232
181 376 308 443 281

769 372 1188 436 EXPOSITIO
1230 373 1311 435 IN
1355 372 1788 436 EPISTOLAS
1832 373 2094 441 PAULI.
2120 375 2298 437 —-lN
2339 375 2590 439 EPIST.
2678 375 2783 437 AD
2830 374 3022 439 ROM.

3497 375 3635 442 38’

263 511 422 583 (CAP.
456 506 635 579 XVI.)
664 506 856 563 Finito
888 505 1139 577 denique
1167 507 1565 572 textu,transit
1595 508 1666 563 ad
1692 508 1849 564 salu-
1881 515 1935 580 Α
2032 510 2277 565 Salutate
2304 510 2676 565 Andronicum
2702 518 2753 566 et
2796 511 3005 566 Iuliam
3050 509 3218 578 (468).
3268 509 3501 577 Virum,
3561 514 3621 566 et

178 600 534 663 tationes,et
564 596 859 669 quosdam
882 595 1120 667 quidem
1152 596 1387 661 salutat,
1412 598 1700 667 quosdam
1726 614 1858 653 vero

178 708 259 748 ex
293 707 404 745 sua
435 692 602 761 parte
650 686 1047 749 commendat,
1095 686 1248 741 sicut
1297 686 1566 751 Phaaben,
1607 687 1807 742 dicens
1841 705 1854 742 :

182 779 526 837 Commendo
550 781 741 832 autem
769 777 919 831 vobis
949 775 1186 832 theben
1214 792 1456 831 sororem
1486 793 1681 831 meam.
1716 779 1858 832 Cum

176 886 331 925 vero
388 866 703 938 subjungit
761 882 774 919 :
827 881 943 935 quse
986 875 1063 919 est
1112 866 1170 918 in
1219 866 1531 920 ministerio
1579 866 1855 927 Eccleste,

182 956 455 1016 ostendit
486 956 630 1027 quia
658 960 801 1010 tunc
830 971 946 1010 non
978 954 1170 1009 solum
1204 955 1334 1017 viri,
1359 956 1459 1009 sed
1494 956 1667 1009 etiam
1692 955 1856 1009 femi-

185 1064 283 1103 na
318 1050 609 1118 praeerant
640 1044 931 1099 Ecclesiis.
965 1044 1065 1099 Cui
1099 1048 1293 1099 autem
1323 1043 1591 1099 Ecclesia:
1624 1044 1859 1099 Phazbes

183 1139 483 1209 praesset
531 1132 806 1199 ostendit,
842 1133 1230 1203 subjungens,
1283 1150 1401 1201 quae
1453 1136 1529 1186 est
1579 1132 1857 1187 Cenchris.

185 1221 488 1282 Cenchris
506 1222 668 1277 locus
689 1226 777 1277 est
802 1222 859 1275 in
884 1222 1124 1279 Graecia.
1146 1226 1349 1292 portus
1376 1220 1638 1275 videlicet
1658 1221 1857 1275 Corin-

186 1312 321 1378 thi,
354 1329 387 1366 a
416 1328 533 1382 quo
563 1309 874 1381 Apostolus
905 1310 1055 1365 hanc
1086 1308 1405 1380 Epistolam
1431 1310 1708 1364 Romanis
1758 1325 1859 1380 per

191 1400 457 1455 Pbmben
484 1398 709 1453 direxit.
740 1401 927 1463 Quam
952 1398 1125 1453 etiam
1158 1397 1467 1468 diligenter
1492 1398 1710 1468 suscipi
1745 1414 1858 1452 mo-

192 1493 327 1559 net,
355 1489 553 1543 dicens
588 1506 600 1542 :
638 1496 697 1543 ut
723 1504 846 1543 eam
875 1490 1187 1558 suscipiatis
1207 1488 1371 1555 digne
1392 1489 1450 1541 in
1473 1489 1702 1542 Domino
1723 1504 1858 1541 san—

190 1578 387 1648 ctis,id
412 1582 598 1643 est,ea
614 1577 988 1647 susceptione
1011 1593 1128 1646 qua
1159 1576 1344 1630 sancti
1378 1575 1598 1646 suscipi
1625 1576 1856 1630 debent.

191 1668 261 1722 In
299 1666 552 1721 Domino
584 1666 748 1730 dicit,
779 1665 838 1719 in
870 1679 1066 1719 amore
1092 1664 1343 1718 Domini.
1377 1664 1489 1719 Cur
1536 1668 1731 1719 autem
1781 1662 1861 1717 ita

196 1754 589 1825 suscipienda
616 1758 792 1819 esset,
827 1752 1000 1825 paulo
1032 1752 1275 1808 inferius
1306 1752 1581 1819 ostendit,
1611 1752 1809 1807 dicens
1844 1768 1856 1807 :

198 1846 427 1899 Etenim
456 1845 576 1914 ipsa
604 1858 816 1914 quoque
843 1844 1020 1899 astitit
1040 1843 1231 1898 multis
1253 1846 1303 1897 et
1333 1842 1492 1909 mihi,
1526 1859 1591 1897 ac
1641 1841 1688 1896 si
1730 1841 1858 1897 aliis

199 1932 404 1988 verbis
433 1932 654 1987 diceret
684 1947 698 1985 :
731 1931 1000 1995 Quandiu
1048 1931 1287 1986 Phoebes
1342 1931 1398 1984 in
1453 1929 1598 2000 solo,
1630 1929 1861 2001 proprio

198 2020 511 2086 resedit,et
531 2020 783 2075 aliorum
801 2025 1140 2075 sanctorum
1162 2025 1218 2075 et
1240 2036 1429 2075 meam
1452 2018 1861 2075 necessitatem

202 2108 536 2182 supplevit;
563 2126 717 2163 nunc
738 2124 868 2163 vero
891 2108 1027 2178 quia
1051 2112 1449 2179 paupertatem
1468 2107 1861 2162 voluntariam

201 2198 385 2270 elegit
414 2202 475 2253 et
506 2198 749 2253 Romam
780 2196 975 2253 studio
1024 2196 1305 2252 orationis
1351 2196 1546 2251 venire
1589 2196 1859 2263 decrevit,

200 2286 485 2359 praecipio
512 2290 578 2341 ut
606 2302 733 2341 eam
765 2286 938 2357 digne
968 2284 1320 2356 suscipiatis,
1341 2290 1391 2340 et
1421 2286 1688 2340 assistatis
1716 2286 1770 2339 ei
1798 2286 1861 2339 in

199 2391 532 2446 quocunque
559 2377 766 2445 negotio
815 2377 979 2430 vestri
1017 2376 1349 2445 indiguerit,
1381 2374 1438 2429 id
1472 2379 1579 2440 est,
1615 2390 1728 2428 non
1762 2389 1860 2429 so-

198 2463 331 2518 lum
367 2464 428 2518 in
463 2462 711 2534 spiritali
740 2463 985 2533 negotio,
1038 2464 1138 2519 sed
1189 2463 1363 2519 etiam
1414 2463 1474 2516 in
1518 2462 1860 2517 necessariis

198 2552 334 2607 vitae
365 2552 697 2622 praesentis.

269 2640 536 2696 Salutate
562 2644 814 2697 Priscum
842 2650 896 2697 et
926 2642 1205 2712 Aquilam.
1243 2641 1379 2696 Illos
1411 2641 1505 2696 his
1535 2640 1727 2696 verbis
1767 2640 1855 2694 in-

197 2729 467 2802 telligam
510 2730 813 2797 debemus,
866 2731 937 2786 de
988 2730 1204 2801 quibus
1252 2730 1465 2800 legitur
1513 2730 1571 2785 in
1623 2729 1858 2784 Actibus

199 2818 611 2890 apostolorum
668 2821 806 2891 (cap.
866 2836 1025 2890 xvm,
1083 2821 1160 2891 2),
1224 2819 1359 2891 quia
1413 2834 1545 2874 cum
1604 2818 1861 2874 venisset

202 2907 421 2963 Paulus
456 2910 528 2963 ab
558 2908 804 2963 Athenis
835 2908 895 2962 in
926 2907 1293 2963 Antiochiam
1326 2908 1595 2980 (1165-66),
1638 2906 1859 2962 invenit

202 2995 280 3051 ibi
306 2996 502 3079 virum
535 2996 831 3063 Judaeum,
861 2996 1168 3053 Ponticum
1198 2997 1592 3068 generatione,
1623 2996 1858 3052 nomine

204 3084 497 3155 Aquilam,
528 3101 661 3140 cum
695 3084 955 3142 Priscilla
984 3102 1163 3141 uxore
1194 3100 1304 3141 sua
1334 3086 1549 3156 quibus
1590 3085 1855 3141 adhaesit.

203 3173 368 3229 Unde
395 3173 493 3229 hic
523 3190 759 3246 quoque
787 3175 1060 3230 subditur
1093 3190 1105 3228 :
1141 3174 1422 3245 Adjutores
1444 3175 1589 3245 (467)
1622 3190 1766 3229 meos
1798 3176 1859 3228 in

1970 616 2208 655 uxorem
2240 597 2563 669 intelligere
2596 600 2901 655 debemus.
2934 601 3081 655 Cum
3111 617 3242 655 vero
3286 600 3617 671 subjungit,

1967 695 2222 760 cognatos
2274 693 2325 741 et
2382 690 2725 758 concaptivos
2775 705 2934 755 meos,
2986 689 3239 743 ostendit
3291 706 3387 744 eos
3438 688 3619 744 fuisse

1966 778 2202 832 Judaaos
2232 776 2461 847 sibique
2510 781 2914 848 cooperatores
2962 776 3021 831 in
3070 778 3495 849 praedicatione.
3547 778 3616 833 Hi

1970 867 2127 921 enim
2159 872 2366 936 sponte
2398 867 2641 937 patriam
2680 866 2996 937 propriam,
3032 866 3185 921 sicut
3208 872 3266 921 et
3286 867 3616 938 Apostolus,

1968 954 2464 1027 derelinquentes,
2496 954 2768 1025 gentibus
2798 955 2967 1025 quasi
2998 954 3057 1009 in
3089 955 3445 1025 captivitate,
3469 971 3618 1026 prae-

1969 1043 2325 1099 dicaverunt.

2037 1133 2145 1186 Sed
2178 1132 2315 1203 quid
2349 1137 2437 1187 est
2468 1133 2619 1203 quod
2653 1133 2925 1188 subditur
2956 1149 2971 1187 :
3004 1134 3111 1201 Qui
3132 1140 3259 1187 sunt
3301 1133 3509 1188 nobiles
3555 1135 3616 1187 in

1969 1223 2251 1292 apostolis,
2284 1239 2415 1276 cum
2452 1223 2602 1277 inter
2630 1222 2935 1280 duodecim
2963 1221 3271 1293 Apostolus
3303 1237 3417 1276 non
3441 1220 3614 1274 modo

1970 1310 2211 1375 nobiles,
2247 1312 2345 1366 sed
2381 1328 2483 1365 nec
2516 1312 2705 1365 ultimi
2736 1310 3139 1366 inveniantur?
3164 1310 3274 1365 Sed
3311 1308 3614 1364 sciendum

1968 1400 2105 1469 quia
2133 1399 2432 1469 apostolus
2461 1404 2673 1465 Graece,
2724 1402 2924 1455 missus
2973 1400 3206 1455 dicitur.
3240 1398 3401 1453 Unde
3444 1398 3616 1452 datur

1969 1488 2212 1559 intelligi
2263 1491 2402 1559 quia
2453 1491 2629 1544 etiam
2680 1489 2763 1543 illi
2814 1489 3057 1560 apostoli
3092 1488 3205 1543 dici
3247 1493 3510 1559 possunt,
3543 1486 3616 1539 de

1969 1578 2182 1647 quibus
2238 1579 2421 1634 Lucas
2478 1578 2832 1650 evangelista
2861 1583 2923 1645 (χ
2956 1580 3005 1647 1)
3048 1578 3189 1631 dicit
3240 1594 3252 1631 :
3304 1576 3615 1646 Designavit

1968 1667 2228 1721 Dominus
2256 1669 2408 1723 Jesus
2440 1670 2608 1722 etiam
2636 1669 2782 1723 alios
2810 1669 3161 1737 septuaginta
3189 1666 3321 1722 duos
3366 1666 3615 1735 discipu-

1968 1755 2046 1810 los
2074 1772 2093 1809 :
2125 1759 2176 1809 et
2203 1758 2357 1810 misit
2386 1771 2474 1810 eos
2506 1757 2650 1825 (469)
2680 1756 2740 1810 in
2767 1772 2989 1811 omnem
3035 1758 3329 1824 civitatem,
3360 1762 3411 1809 et
3440 1755 3617 1808 locum

1969 1860 2072 1913 quo
2102 1853 2217 1899 erat
2248 1846 2362 1915 ipse
2388 1853 2665 1899 venturus.
2699 1846 2779 1899 Ex
2809 1844 2899 1898 his
2928 1858 3063 1915 ergo
3094 1845 3331 1899 fuerunt
3357 1842 3442 1898 illi
3475 1844 3616 1897 duo.

1973 1932 2039 1986 Et
2070 1932 2209 2002 quia
2238 1949 2354 1987 non
2386 1932 2574 1986 infimi
2608 1933 2666 1986 in
2698 1932 2782 1987 eis
2815 1932 3072 1997 fuerunt,
3104 1931 3318 1986 idcirco
3350 1930 3492 1987 dicit
3516 1946 3615 1985 eos

1973 2020 2197 2076 nobiles
2229 2020 2287 2075 in
2322 2021 2639 2091 apostolis;
2673 2021 2745 2076 de
2783 2020 2999 2091 quibus
3046 2020 3225 2074 etiam
3276 2018 3550 2073 subditur
3598 2036 3611 2073 :

1974 2112 2078 2178 Qui
2105 2119 2155 2165 et
2181 2114 2311 2165 ante
2338 2125 2425 2164 me
2446 2113 2671 2180 fuerunt
2700 2113 2760 2164 in
2791 2110 3000 2165 Christo
3028 2111 3173 2173 Iesu,
3225 2108 3283 2162 id
3331 2111 3439 2172 est,
3481 2110 3615 2161 ante

1972 2214 2065 2253 me
2096 2199 2466 2253 crediderunt
2496 2199 2554 2253 in
2586 2198 2882 2253 Christum
2910 2199 3130 2253 Jesum.

2042 2286 2289 2341 Salutate
2310 2288 2646 2357 Ampliatum
2673 2287 3094 2342 dilectissimum
3124 2284 3267 2339 mihi
3284 2286 3345 2339 in
3364 2285 3615 2339 Domino.

1972 2376 2357 2440 Quaerendum
2390 2383 2474 2431 est
2507 2393 2609 2430 cur
2641 2376 2973 2446 Epmnetum
3006 2374 3308 2439 dilectum,
3342 2372 3499 2427 hunc
3524 2386 3617 2427 ve-

1972 2482 2032 2519 ro
2063 2464 2514 2520 dilectissimum
2540 2463 2828 2519 vocaverit
2859 2460 3255 2533 Scilicet,quia
3276 2460 3374 2516 ille
3395 2460 3618 2532 simpli-

1969 2554 2112 2609 citer
2143 2553 2410 2621 credidit,
2443 2554 2537 2609 hic
2566 2558 2762 2609 autem
2794 2552 2851 2606 in
2882 2550 3288 2623 praedicatione
3309 2549 3613 2605 laboravit.

2040 2641 2224 2697 Salute
2275 2644 2554 2699 Urbanum
2609 2643 2919 2703 adiutorem
2968 2649 3214 2697 nostrum
3262 2641 3320 2694 in
3381 2638 3613 2705 Christo,

1967 2739 2018 2786 et
2048 2731 2289 2802 Stachyn
2316 2733 2577 2787 dilectum
2607 2730 3084 2787 meum.Urbanus
3115 2729 3173 2784 in
3207 2728 3614 2801 praadicatione

1968 2819 2299 2877 laboravit:
2340 2821 2592 2893 Stacbyn
2652 2825 2848 2876 autem
2906 2818 3251 2891 simpliciter
3306 2818 3554 2874 credidit
3594 2832 3610 2873 :

1967 2908 2213 2981 ideoque
2241 2910 2409 2966 illum
2459 2911 2810 2981 adjutorem,
2858 2909 3037 2965 istum
3084 2912 3281 2965 autem
3329 2906 3613 2963 dilectum

1966 3001 2198 3053 tantum
2225 2999 2467 3056 vocavit.

2036 3087 2281 3143 Salutate
2311 3088 2568 3160 Appellen
2591 3087 2827 3158 probum
2855 3088 2917 3142 in
2946 3086 3177 3142 Christo.
3209 3085 3313 3140 Hic
3342 3084 3616 3157 Appelles

1968 3175 2185 3233 multas
2215 3177 2592 3232 adversitates
2623 3193 2726 3247 pro
2774 3175 3004 3231 Christo
3035 3174 3335 3240 sustinuit,
3369 3174 3469 3228 sed
3500 3174 3613 3228 vir-

204 3262 414 3319 Christo
442 3265 593 3331 Iesu,
628 3264 685 3318 id
724 3266 835 3332 est,
884 3268 1289 3336 cOOperatores
1341 3264 1400 3318 in
1449 3263 1859 3334 praedicatione
1889 3249 1933 3317 C
1967 3268 2158 3320 tutam
2186 3265 2476 3336 patientize
2503 3281 2690 3334 usque
2722 3266 2793 3319 ad
2823 3264 3000 3320 ﬁnem
3054 3264 3451 3334 incorruptam
3500 3278 3617 3317 ser-

200 3352 412 3409 Christi
467 3353 633 3409 Jesu.
694 3352 951 3416 Quorum
1022 3353 1267 3409 nimiam
1318 3352 1662 3408 charitatem
1722 3368 1862 3424 erga

203 3457 266 3496 se
289 3440 713 3508 ostendit,cum
743 3442 969 3498 subdit:
988 3442 1095 3510 Qui
1114 3457 1221 3513 pro
1248 3443 1437 3496 anima
1458 3457 1581 3496 mea
1600 3458 1728 3496 suas
1750 3457 1863 3497 cer-

202 3530 347 3584 vices
378 3530 955 3600 supposuerunt.Cum
988 3530 1144 3586 enim
1178 3530 1425 3585 instaret
1455 3536 1520 3585 ut
1550 3530 1861 3601 Apostolus

209 3617 547 3688 puniretur,
579 3616 872 3689 elegerunt
903 3620 1051 3674 mori
1084 3635 1187 3689 pro
1216 3636 1304 3685 eo,
1330 3635 1400 3673 ne
1434 3624 1595 3673 tanta
1625 3619 1863 3675 lucerna

212 3704 478 3761 Ecclesia;
529 3706 1009 3778 exstingueretur.
1060 3708 1221 3763 Unde
1268 3708 1341 3763 ab
1401 3708 1559 3763 omni
1608 3707 1863 3763 Ecclesia

212 3798 444 3865 propter
464 3795 711 3850 nimiam
742 3796 1085 3852 charitatem
1116 3795 1527 3851 laudantur.Et
1559 3801 1864 3867 propterea

213 3884 484 3940 subditur
518 3902 532 3941 s
564 3885 762 3955 quibus
791 3901 901 3941 non
928 3886 1108 3941 solum
1138 3902 1236 3956 ego
1262 3888 1480 3957 gratias
1529 3902 1648 3956 ago,
1689 3886 1782 3940 sed
1812 3892 1867 3941 et

213 3978 420 4030 cunctae
450 3973 717 4031 Ecclesiae
748 3973 1016 4029 Gentium.
1040 3974 1258 4029 Verum
1291 3975 1430 4046 quia
1462 3991 1608 4046 opus
1642 3974 1864 4030 miseri-

217 4060 435 4131 cordia,
468 4078 587 4119 non
620 4062 814 4118 solum
843 4063 904 4117 in
934 4063 1189 4118 dominis
1221 4067 1327 4132 est,
1354 4063 1453 4118 sed
1486 4064 1662 4119 etiam
1690 4064 1748 4118 in
1772 4065 1860 4119 fa-

216 4147 414 4215 mulis;
447 4168 553 4207 nec
586 4152 780 4207 solum
812 4151 871 4205 in
904 4151 1181 4224 praelatis,
1204 4153 1306 4207 sed
1338 4152 1515 4208 etiam
1548 4153 1607 4207 in
1639 4154 1865 4223 subjec-

214 4234 287 4291 tis
317 4243 463 4295 recte
491 4240 803 4311 subiungit
836 4258 849 4297 :
882 4246 937 4295 et
965 4238 1316 4298 domesticam
1343 4257 1532 4297 eorum
1559 4243 1865 4298 Ecclesium

216 4321 605 4396 (subauditur,
640 4327 935 4400 salutate).

282 4413 519 4472 Salutate
568 4416 894 4488 Epzenetum
939 4418 1200 4474 dilectum
1245 4419 1405 4488 mihi,
1436 4420 1533 4491 qui
1561 4427 1636 4473 est
1660 4422 1864 4490 primi-

217 4498 352 4555 tivus
378 4506 522 4560 Asis:
546 4508 611 4560 in
632 4507 1003 4562 Domino.lste
1035 4508 1313 4563 nimirum
1343 4507 1570 4579 primus
1592 4524 1657 4563 ex
1680 4508 1864 4564 omni-

218 4585 323 4683 bus
350 4592 589 4683 Asianis
619 4595 690 4683 ad
722 4596 1191 4666 praedicationem
1214 4596 1473 4668 Apostoli
1500 4597 1775 4664 credidit;
1809 4602 1866 4653 et
1896 4620 1942 4683 Ι)

219 4676 350 4744 quia
377 4680 727 4753 simpliciter
756 4688 1009 4753 tantum,
1042 4700 1147 4740 nec
1178 4686 1239 4740 in
1270 4686 1681 4757 praedicatione
1707 4686 1865 4741 labo-

220 4765 379 4835 ravit,
408 4766 625 4826 idcirCo
658 4770 936 4828 dilectum
967 4777 1196 4829 tantum
1226 4773 1468 4830 vocavit.

288 4852 535 4913 Salutate
562 4861 816 4929 Mariam,
846 4878 967 4933 qua:
998 4863 1235 4919 multum
1268 4864 1539 4919 laboravit
1579 4866 1638 4919 in
1686 4865 1857 4921 vobis.

223 4928 313 4995 liis
352 4947 545 5002 verbis
595 4928 871 5006 ostendit.
901 4952 1043 5021 quia
1089 4952 1264 5007 etiam
1313 4953 1541 5008 feminas
1589 4952 1862 5009 Ecclesiis

220 5039 515 5097 praeerant.
550 5037 681 5093 Haec
713 5039 896 5095 Maria
924 5040 1178 5096 multum
1212 5041 1271 5095 in
1304 5041 1585 5097 Romanis
1639 5041 1863 5098 labora-

217 5116 314 5189 vit,
331 5121 469 5191 quia
496 5126 719 5182 multos
742 5143 945 5183 eorum
972 5130 1043 5184 ad
1070 5128 1245 5185 ﬁdem
1277 5130 1586 5199 convertit;
1616 5130 1862 5202 ideoque

219 5202 377 5263 duxit
406 5227 533 5268 eam
569 5214 809 5287 dignam
842 5214 1078 5288 speciali
1112 5218 1483 5275 salutatione.

264 5313 526 5399 εςίιεξὸ-ῥὸ)
553 5321 771 5399 μηλᾼοι.
805 5327 990 5395 apost.
1018 5324 1233 5397 legitur
1274 5325 1505 5399 hochs
1554 5324 1730 5382 Paulo
1760 5340 1861 5381 ve-

222 5389 407 5460 niente
433 5389 809 5460 Corinthum,
839 5389 953 5451 non
982 5389 1117 5452 verb
1148 5397 1536 5453 Antiochiam.

286 5454 429 5557 (46⁷)
500 5466 567 5515 In
634 5454 857 5589 auto‘g'”
921 5469 1214 5538 auditores,
1275 5471 1377 5525 sed
1442 5470 1715 5541 adjutores
1779 5469 1859 5524 le-

286 5527 496 5609 tndum,
529 5537 598 5587 ut
645 5552 709 5590 1n
809 5537 949 5609 ulg.,
995 5542 1151 5609 quod
1192 5556 1320 5609 qua
1368 5548 1699 5609 sequuntur
1726 5556 1859 5609 pro-

260 5527 496 5650 zllllttium,
529 5537 598 5587 ut
645 5536 709 5590 in
757 5527 949 5609 Vulg,
995 5542 1151 5614 quod
1192 5527 1320 5613 qum
1368 5527 1699 5612 sequ'untur
1726 5556 1861 5612 pro-

293 5665 440 5741 (468)
466 5671 643 5745 Vulg.
673 5677 917 5735 Juniam.

1968 3354 2141 3423 vavit,
2190 3354 2382 3410 sciens
2430 3353 2586 3424 quod
2607 3354 2774 3408 docet
2803 3351 3139 3422 Apostolus,
3169 3353 3303 3421 quia
3330 3350 3614 3404 tribulatio

1926 3464 1931 3467 -
1966 3444 2293 3515 patientiam
2338 3446 2615 3514 operatur,
2670 3443 2945 3514 patientia
2993 3448 3178 3495 autem
3228 3439 3616 3510 probationem

1972 3532 2193 3603 (supra,
2226 3549 2277 3586 ν.
2312 3533 2364 3598 4,
2396 3532 2483 3601 5);
2516 3531 2761 3602 ideoque
2811 3530 3057 3602 probum
3106 3528 3275 3583 illum
3307 3526 3614 3598 Apostolus

1973 3620 2313 3676 nominavit.
2346 3620 2402 3674 Si
2430 3620 2562 3692 quis
2587 3620 2743 3676 enim
2776 3618 3085 3690 diligenter
3113 3620 3411 3673 scrutatur
3438 3620 3496 3671 et
3524 3633 3615 3671 re-

1972 3709 2304 3765 miniscitur
2333 3710 2471 3781 quia
2500 3710 2654 3765 Deus
2698 3708 2757 3764 in
2810 3708 2908 3763 illo
2956 3706 3322 3779 loquebatur,
3354 3706 3614 3778 profecto

1972 3798 2224 3855 inveniet
2254 3799 2391 3869 quia
2423 3799 2582 3854 nulla
2612 3798 2671 3854 in
2704 3798 2876 3854 dictis
2924 3798 3053 3869 ejus
3099 3796 3407 3863 sententia,
3454 3794 3617 3851 nulla

1972 3888 2209 3943 omnino
2232 3886 2457 3959 syllaba
2479 3892 2672 3956 vacat;
2705 3887 2847 3942 vidit
2863 3886 3080 3959 quippe
3096 3884 3463 3957 spiritalibus
3484 3900 3617 3939 ocu-

1972 3976 2045 4032 lis
2077 3976 2443 4049 singulorum
2468 3976 2676 4032 merita
2696 3977 2851 4048 apud
2877 3976 3061 4031 Deum
3085 3975 3365 4043 discreta;
3397 3973 3614 4029 idcirco

1973 4064 2154 4120 alium
2185 4065 2486 4131 dilectum,
2519 4065 2697 4119 alium
2728 4064 3201 4133 dilectissimum,
3232 4062 3414 4118 alium
3446 4062 3615 4131 adju-

1971 4159 2179 4218 torem,
2212 4153 2391 4207 alium
2424 4153 2671 4223 probum
2701 4152 2942 4206 vocavit.

2044 4243 2296 4297 Salutate
2343 4255 2429 4297 eos
2471 4242 2565 4310 qui
2619 4248 2746 4294 sunt
2799 4256 2870 4294 ea:
2924 4240 3212 4294 Aristoboli
3250 4238 3368 4308 (hic
3416 4241 3615 4293 autem

1972 4330 2438 4385 subaudiendum
2468 4328 2755 4393 est,domo
2787 4326 2953 4397 (470),
2978 4331 3043 4380 ut
3071 4326 3371 4397 proprium
3402 4341 3615 4381 nomen

1974 4419 2227 4475 hominis
2250 4417 2737 4489 intelligatur,aut
2754 4418 2906 4471 certe
2925 4413 3087 4469 locus
3105 4413 3478 4484 accipiendus
3504 4417 3612 4468 est.

1972 4509 2220 4565 Salutate
2262 4507 2625 4563 Herodionem
2674 4508 2962 4576 cognatum
3018 4519 3216 4558 meum.
3276 4506 3417 4557 Cum
3475 4501 3619 4558 dicit

1972 4603 2306 4669 cognatum,
2339 4595 2595 4651 ostendit
2621 4595 2913 4650 Judaeum.
2964 4593 3079 4648 Cur
3125 4607 3261 4663 ergo
3312 4607 3427 4646 non
3475 4606 3613 4645 con-

1967 4686 2124 4757 juxit
2150 4685 2480 4740 Andronico
2510 4688 2567 4739 et
2593 4683 2783 4750 Julian,
2817 4698 2963 4754 quos
2993 4680 3105 4737 sibi
3133 4684 3411 4751 cognatos
3460 4678 3619 4735 dixe-

1975 4775 2101 4829 rat?
2132 4774 2277 4837 Quia
2308 4791 2423 4829 non
2456 4772 2739 4829 laboravit
2768 4772 2825 4825 in
2852 4771 3280 4844 praedicatione,
3331 4771 3613 4842 quemad-

1975 4864 2214 4918 modum
2246 4862 2349 4918 illi.

2040 4952 2285 5009 Salutate
2334 4968 2423 5009 eos
2478 4954 2574 5023 qui
2623 4956 2750 5007 sunt
2803 4966 2874 5006 ex
2929 4951 3171 5006 Narcissi
3218 4948 3617 5021 (subauditur,

1968 5041 2145 5113 domo)
2176 5042 2347 5114 (471).
2380 5040 2686 5096 Narcissus
2735 5046 2930 5095 autem
2978 5040 3279 5112 presbyter
3321 5040 3451 5105 fuit,
3497 5054 3615 5093 non

1970 5134 2167 5186 tamen
2198 5131 2402 5186 habuit
2431 5128 2687 5201 aliquam
2718 5129 3059 5199 Ecclesium,
3091 5132 3192 5184 aut
3229 5127 3476 5199 plebem,
3513 5127 3611 5181 sed

1970 5220 2083 5277 huc
2112 5220 2368 5290 illucque
2399 5220 2754 5285 discurrens,
2789 5218 3159 5288 praedicabat,
3191 5221 3397 5288 etquae
3423 5216 3493 5270 ab
3517 5233 3617 5271 au-

2039 5327 2187 5398 (469)
2218 5325 2405 5398 Verba
2433 5326 2680 5398 hujusce
2710 5328 2924 5398 textus,
2978 5340 3107 5395 quae
3153 5326 3499 5398 sequuntur,
3534 5322 3613 5377 ita

1969 5394 2379 5467 compendiose
2410 5397 2625 5465 scripta
2656 5400 2795 5450 sunt
2824 5396 2862 5450 i.
2897 5413 2948 5449 ο.
2982 5400 3123 5467 οηθι
3146 5394 3195 5467 _l.
3230 5410 3285 5467 g.
3322 5395 3359 5448 Ι.
3394 5411 3451 5448 u.

2041 5464 2190 5537 (4⁸70)
2218 5466 2381 5532 Quod
2410 5464 2653 5520 verbum
2681 5467 2836 5522 domo
2865 5467 2922 5520 in
2956 5464 3357 5537 Vulg.legitur
3383 5479 3613 5534 expres-

1971 5557 2186 5681 Βῃᾶὶὴ)
2218 5591 2380 5675 Quod
2412 5605 2650 5664 verbum
2700 5606 2759 5661 in
2807 5607 2976 5680 Vulg.
3027 5606 3243 5679 pariter
3267 5618 3607 5679 expressum

1964 5681 2198 5755 legitur.
