  <div class='ocr_page' id='page_1' title='image "/cluster/home/n/w/nwhite01/storage/ocr_20150623/134-135/uva.x000829784/167.png"; bbox 0 0 3996 6232; ppageno 0'>
   <div class='ocr_carea' id='block_1_1' title="bbox 339 370 460 434">
    <p class='ocr_par' dir='ltr' id='par_1_1' title="bbox 339 370 460 434">
     <span class='ocr_line' id='line_1_1' title="bbox 339 370 460 434; baseline 0 0"><span class='ocrx_word' id='word_1_1' title='bbox 339 370 460 434; x_wconf 70' lang='grc'>283</span> 
     </span>
    </p>
   </div>
   <div class='ocr_carea' id='block_1_2' title="bbox 1356 371 2726 440">
    <p class='ocr_par' dir='ltr' id='par_1_2' title="bbox 1356 371 2726 440">
     <span class='ocr_line' id='line_1_2' title="bbox 1356 371 2726 440; baseline -0.002 -2"><span class='ocrx_word' id='word_1_2' title='bbox 1356 376 1694 440; x_wconf 83' lang='lat' dir='ltr'>ATTONIS</span> <span class='ocrx_word' id='word_1_3' title='bbox 1740 372 2329 438; x_wconf 83' lang='lat' dir='ltr'>VERGELLENSIS</span> <span class='ocrx_word' id='word_1_4' title='bbox 2372 371 2726 437; x_wconf 88' lang='lat' dir='ltr'>EPISCOPI</span> 
     </span>
    </p>
   </div>
   <div class='ocr_carea' id='block_1_3' title="bbox 3632 369 3775 436">
    <p class='ocr_par' dir='ltr' id='par_1_3' title="bbox 3632 369 3775 436">
     <span class='ocr_line' id='line_1_3' title="bbox 3632 369 3775 436; baseline -0.014 0"><span class='ocrx_word' id='word_1_5' title='bbox 3632 369 3775 436; x_wconf 68' lang='grc'>284</span> 
     </span>
    </p>
   </div>
   <div class='ocr_carea' id='block_1_4' title="bbox 347 505 3767 586">
    <p class='ocr_par' dir='ltr' id='par_1_4' title="bbox 347 505 3767 586">
     <span class='ocr_line' id='line_1_4' title="bbox 347 505 3767 586; baseline 0.001 -21"><span class='ocrx_word' id='word_1_6' title='bbox 347 509 636 566; x_wconf 90' lang='lat' dir='ltr'>ditoribus</span> <span class='ocrx_word' id='word_1_7' title='bbox 657 509 782 568; x_wconf 83' lang='lat' dir='ltr'>suis</span> <span class='ocrx_word' id='word_1_8' title='bbox 803 511 1065 585; x_wconf 88' lang='lat' dir='ltr'>accipere</span> <span class='ocrx_word' id='word_1_9' title='bbox 1095 515 1317 584; x_wconf 83' lang='lat' dir='ltr'>poterat</span> <span class='ocrx_word' id='word_1_10' title='bbox 1347 512 1748 586; x_wconf 83' lang='lat' dir='ltr'>indigentibus</span> <span class='ocrx_word' id='word_1_11' title='bbox 1787 528 1986 584; x_wconf 90' lang='lat' dir='ltr'>eroga-</span> <span class='ocrx_word' id='word_1_12' title='bbox 2017 512 2073 578; x_wconf 79' lang='grc' dir='ltr'><strong>Α</strong></span> <span class='ocrx_word' id='word_1_13' title='bbox 2105 508 2382 564; x_wconf 79' lang='lat' dir='ltr'>Romanis</span> <span class='ocrx_word' id='word_1_14' title='bbox 2440 508 2765 574; x_wconf 81' lang='lat' dir='ltr'>tenebatur,</span> <span class='ocrx_word' id='word_1_15' title='bbox 2823 505 3090 563; x_wconf 85' lang='lat' dir='ltr'>videlicet</span> <span class='ocrx_word' id='word_1_16' title='bbox 3158 505 3259 579; x_wconf 88' lang='lat' dir='ltr'>qui</span> <span class='ocrx_word' id='word_1_17' title='bbox 3332 519 3432 563; x_wconf 89' lang='lat' dir='ltr'>eos</span> <span class='ocrx_word' id='word_1_18' title='bbox 3499 507 3767 568; x_wconf 82' lang='lat' dir='ltr'>orationi</span> 
     </span>
    </p>
   </div>
   <div class='ocr_carea' id='block_1_5' title="bbox 346 599 1990 674">
    <p class='ocr_par' dir='ltr' id='par_1_5' title="bbox 346 599 1990 674">
     <span class='ocr_line' id='line_1_5' title="bbox 346 599 1990 674; baseline 0 -18"><span class='ocrx_word' id='word_1_19' title='bbox 346 599 448 656; x_wconf 83' lang='lat' dir='ltr'>bat</span> <span class='ocrx_word' id='word_1_20' title='bbox 506 617 520 654; x_wconf 89' lang='lat'><strong>:</strong></span> <span class='ocrx_word' id='word_1_21' title='bbox 567 601 720 656; x_wconf 88' lang='lat' dir='ltr'>unde</span> <span class='ocrx_word' id='word_1_22' title='bbox 770 601 1085 674; x_wconf 83' lang='lat' dir='ltr'>Apostolus</span> <span class='ocrx_word' id='word_1_23' title='bbox 1135 606 1370 673; x_wconf 83' lang='lat' dir='ltr'>propter</span> <span class='ocrx_word' id='word_1_24' title='bbox 1401 602 1860 658; x_wconf 85' lang='lat' dir='ltr'>benevolentiam</span> <span class='ocrx_word' id='word_1_25' title='bbox 1891 619 1990 656; x_wconf 91' lang='lat' dir='ltr'>eos</span> 
     </span>
    </p>
   </div>
   <div class='ocr_carea' id='block_1_6' title="bbox 349 690 1988 761">
    <p class='ocr_par' dir='ltr' id='par_1_6' title="bbox 349 690 1988 761">
     <span class='ocr_line' id='line_1_6' title="bbox 349 690 1988 761; baseline 0.001 -17"><span class='ocrx_word' id='word_1_26' title='bbox 349 706 583 761; x_wconf 90' lang='lat' dir='ltr'>quoque</span> <span class='ocrx_word' id='word_1_27' title='bbox 613 690 714 756; x_wconf 89' lang='lat' dir='ltr'>qui</span> <span class='ocrx_word' id='word_1_28' title='bbox 745 707 878 745; x_wconf 91' lang='lat' dir='ltr'>cum</span> <span class='ocrx_word' id='word_1_29' title='bbox 911 709 975 746; x_wconf 92' lang='lat' dir='ltr'>eo</span> <span class='ocrx_word' id='word_1_30' title='bbox 1007 695 1168 746; x_wconf 88' lang='lat' dir='ltr'>erant</span> <span class='ocrx_word' id='word_1_31' title='bbox 1199 691 1454 746; x_wconf 88' lang='lat' dir='ltr'>salutare</span> <span class='ocrx_word' id='word_1_32' title='bbox 1486 692 1759 746; x_wconf 89' lang='lat' dir='ltr'>decrevit.</span> <span class='ocrx_word' id='word_1_33' title='bbox 1774 692 1988 746; x_wconf 89' lang='lat' dir='ltr'>Verum</span> 
     </span>
    </p>
   </div>
   <div class='ocr_carea' id='block_1_7' title="bbox 350 777 1991 850">
    <p class='ocr_par' dir='ltr' id='par_1_7' title="bbox 350 777 1991 850">
     <span class='ocr_line' id='line_1_7' title="bbox 350 777 1991 850; baseline 0.001 -18"><span class='ocrx_word' id='word_1_34' title='bbox 350 778 488 850; x_wconf 87' lang='lat' dir='ltr'>quia</span> <span class='ocrx_word' id='word_1_35' title='bbox 519 777 717 834; x_wconf 66' lang='lat' dir='ltr'>multa:</span> <span class='ocrx_word' id='word_1_36' title='bbox 750 780 831 834; x_wconf 89' lang='lat' dir='ltr'>illi</span> <span class='ocrx_word' id='word_1_37' title='bbox 862 784 1026 835; x_wconf 90' lang='lat' dir='ltr'>erant</span> <span class='ocrx_word' id='word_1_38' title='bbox 1055 778 1307 846; x_wconf 70' lang='lat' dir='ltr'>familiae,</span> <span class='ocrx_word' id='word_1_39' title='bbox 1342 784 1398 834; x_wconf 91' lang='lat' dir='ltr'>et</span> <span class='ocrx_word' id='word_1_40' title='bbox 1427 781 1597 834; x_wconf 90' lang='lat' dir='ltr'>multi</span> <span class='ocrx_word' id='word_1_41' title='bbox 1648 780 1698 835; x_wconf 91' lang='lat' dir='ltr'>ei</span> <span class='ocrx_word' id='word_1_42' title='bbox 1739 780 1991 834; x_wconf 67' lang='lat' dir='ltr'>adhaare-</span> 
     </span>
    </p>
   </div>
   <div class='ocr_carea' id='block_1_8' title="bbox 345 867 1991 939">
    <p class='ocr_par' dir='ltr' id='par_1_8' title="bbox 345 867 1991 939">
     <span class='ocr_line' id='line_1_8' title="bbox 345 867 1991 939; baseline 0 -17"><span class='ocrx_word' id='word_1_43' title='bbox 345 867 488 923; x_wconf 90' lang='lat' dir='ltr'>bant</span> <span class='ocrx_word' id='word_1_44' title='bbox 518 868 765 924; x_wconf 89' lang='lat' dir='ltr'>necdum</span> <span class='ocrx_word' id='word_1_45' title='bbox 799 871 1095 924; x_wconf 87' lang='lat' dir='ltr'>credentes</span> <span class='ocrx_word' id='word_1_46' title='bbox 1127 869 1220 939; x_wconf 91' lang='lat' dir='ltr'>(ne</span> <span class='ocrx_word' id='word_1_47' title='bbox 1251 867 1382 922; x_wconf 89' lang='lat' dir='ltr'>illos</span> <span class='ocrx_word' id='word_1_48' title='bbox 1413 867 1667 923; x_wconf 87' lang='lat' dir='ltr'>salutare</span> <span class='ocrx_word' id='word_1_49' title='bbox 1694 869 1991 923; x_wconf 84' lang='lat' dir='ltr'>videretur</span> 
     </span>
    </p>
   </div>
   <div class='ocr_carea' id='block_1_9' title="bbox 342 956 1984 1028">
    <p class='ocr_par' dir='ltr' id='par_1_9' title="bbox 342 956 1984 1028">
     <span class='ocr_line' id='line_1_9' title="bbox 342 956 1984 1028; baseline 0.001 -18"><span class='ocrx_word' id='word_1_50' title='bbox 342 957 682 1028; x_wconf 86' lang='lat' dir='ltr'>Apostolus)</span> <span class='ocrx_word' id='word_1_51' title='bbox 714 959 878 1028; x_wconf 79' lang='lat'>(472),</span> <span class='ocrx_word' id='word_1_52' title='bbox 914 956 1126 1026; x_wconf 85' lang='lat' dir='ltr'>adjecit</span> <span class='ocrx_word' id='word_1_53' title='bbox 1161 975 1172 1012; x_wconf 92' lang='lat'><strong>:</strong></span> <span class='ocrx_word' id='word_1_54' title='bbox 1205 958 1300 1028; x_wconf 81' lang='lat' dir='ltr'>qui</span> <span class='ocrx_word' id='word_1_55' title='bbox 1344 966 1471 1011; x_wconf 85' lang='lat' dir='ltr'>sunt</span> <span class='ocrx_word' id='word_1_56' title='bbox 1517 959 1576 1010; x_wconf 87' lang='lat' dir='ltr'>in</span> <span class='ocrx_word' id='word_1_57' title='bbox 1626 958 1873 1021; x_wconf 87' lang='lat' dir='ltr'>Domino,</span> <span class='ocrx_word' id='word_1_58' title='bbox 1927 958 1984 1011; x_wconf 92' lang='lat' dir='ltr'>id</span> 
     </span>
    </p>
   </div>
   <div class='ocr_carea' id='block_1_10' title="bbox 342 1045 1024 1116">
    <p class='ocr_par' dir='ltr' id='par_1_10' title="bbox 342 1045 1024 1116">
     <span class='ocr_line' id='line_1_10' title="bbox 342 1045 1024 1116; baseline -0.001 -17"><span class='ocrx_word' id='word_1_59' title='bbox 342 1049 449 1114; x_wconf 88' lang='lat' dir='ltr'>est,</span> <span class='ocrx_word' id='word_1_60' title='bbox 483 1045 582 1116; x_wconf 93' lang='lat' dir='ltr'>qui</span> <span class='ocrx_word' id='word_1_61' title='bbox 604 1047 729 1115; x_wconf 90' lang='lat' dir='ltr'>jam</span> <span class='ocrx_word' id='word_1_62' title='bbox 762 1046 1024 1100; x_wconf 89' lang='lat' dir='ltr'>credunt.</span> 
     </span>
    </p>
   </div>
   <div class='ocr_carea' id='block_1_11' title="bbox 414 1135 1985 1208">
    <p class='ocr_par' dir='ltr' id='par_1_11' title="bbox 414 1135 1985 1208">
     <span class='ocr_line' id='line_1_11' title="bbox 414 1135 1985 1208; baseline 0.001 -20"><span class='ocrx_word' id='word_1_63' title='bbox 414 1135 666 1190; x_wconf 84' lang='lat' dir='ltr'>Salutare</span> <span class='ocrx_word' id='word_1_64' title='bbox 697 1135 1058 1206; x_wconf 60' lang='lat' dir='ltr'>Tryphwnam</span> <span class='ocrx_word' id='word_1_65' title='bbox 1082 1143 1136 1190; x_wconf 84' lang='lat' dir='ltr'>et</span> <span class='ocrx_word' id='word_1_66' title='bbox 1171 1136 1522 1208; x_wconf 71' lang='lat' dir='ltr'>Tryphosam,</span> <span class='ocrx_word' id='word_1_67' title='bbox 1567 1153 1684 1206; x_wconf 78' lang='lat' dir='ltr'>quae</span> <span class='ocrx_word' id='word_1_68' title='bbox 1732 1136 1985 1190; x_wconf 82' lang='lat' dir='ltr'>laborant</span> 
     </span>
    </p>
   </div>
   <div class='ocr_carea' id='block_1_12' title="bbox 340 1223 1986 1295">
    <p class='ocr_par' dir='ltr' id='par_1_12' title="bbox 340 1223 1986 1295">
     <span class='ocr_line' id='line_1_12' title="bbox 340 1223 1986 1295; baseline 0.002 -19"><span class='ocrx_word' id='word_1_69' title='bbox 340 1223 400 1276; x_wconf 84' lang='lat' dir='ltr'>in</span> <span class='ocrx_word' id='word_1_70' title='bbox 420 1223 774 1278; x_wconf 74' lang='lat' dir='ltr'>Domine.Ha3</span> <span class='ocrx_word' id='word_1_71' title='bbox 798 1223 1073 1279; x_wconf 84' lang='lat' dir='ltr'>mulieres</span> <span class='ocrx_word' id='word_1_72' title='bbox 1098 1224 1474 1295; x_wconf 88' lang='lat' dir='ltr'>aliquatenus</span> <span class='ocrx_word' id='word_1_73' title='bbox 1497 1225 1554 1279; x_wconf 89' lang='lat' dir='ltr'>in</span> <span class='ocrx_word' id='word_1_74' title='bbox 1581 1225 1986 1295; x_wconf 73' lang='lat' dir='ltr'>praedicatione</span> 
     </span>
    </p>
   </div>
   <div class='ocr_carea' id='block_1_13' title="bbox 341 1310 1987 1384">
    <p class='ocr_par' dir='ltr' id='par_1_13' title="bbox 341 1310 1987 1384">
     <span class='ocr_line' id='line_1_13' title="bbox 341 1310 1987 1384; baseline 0.002 -19"><span class='ocrx_word' id='word_1_75' title='bbox 341 1310 744 1368; x_wconf 86' lang='lat' dir='ltr'>laboraverant</span> <span class='ocrx_word' id='word_1_76' title='bbox 775 1317 831 1367; x_wconf 91' lang='lat' dir='ltr'>et</span> <span class='ocrx_word' id='word_1_77' title='bbox 861 1313 1054 1367; x_wconf 90' lang='lat' dir='ltr'>adhuc</span> <span class='ocrx_word' id='word_1_78' title='bbox 1087 1313 1450 1380; x_wconf 83' lang='lat' dir='ltr'>laborabant,</span> <span class='ocrx_word' id='word_1_79' title='bbox 1485 1315 1732 1384; x_wconf 87' lang='lat' dir='ltr'>ideoque</span> <span class='ocrx_word' id='word_1_80' title='bbox 1780 1314 1987 1384; x_wconf 88' lang='lat' dir='ltr'>dignas</span> 
     </span>
    </p>
   </div>
   <div class='ocr_carea' id='block_1_14' title="bbox 339 1400 1986 1472">
    <p class='ocr_par' dir='ltr' id='par_1_14' title="bbox 339 1400 1986 1472">
     <span class='ocr_line' id='line_1_14' title="bbox 339 1400 1986 1472; baseline 0.002 -18"><span class='ocrx_word' id='word_1_81' title='bbox 339 1400 547 1455; x_wconf 85' lang='lat' dir='ltr'>habuit</span> <span class='ocrx_word' id='word_1_82' title='bbox 593 1401 907 1472; x_wconf 86' lang='lat' dir='ltr'>Apostolus</span> <span class='ocrx_word' id='word_1_83' title='bbox 952 1419 1059 1456; x_wconf 91' lang='lat' dir='ltr'>sua</span> <span class='ocrx_word' id='word_1_84' title='bbox 1105 1402 1474 1458; x_wconf 86' lang='lat' dir='ltr'>salutatione.</span> <span class='ocrx_word' id='word_1_85' title='bbox 1509 1404 1760 1458; x_wconf 78' lang='lat' dir='ltr'>Salutate</span> <span class='ocrx_word' id='word_1_86' title='bbox 1801 1405 1986 1458; x_wconf 86' lang='lat' dir='ltr'>Persi-</span> 
     </span>
    </p>
   </div>
   <div class='ocr_carea' id='block_1_15' title="bbox 339 1489 1986 1562">
    <p class='ocr_par' dir='ltr' id='par_1_15' title="bbox 339 1489 1986 1562">
     <span class='ocr_line' id='line_1_15' title="bbox 339 1489 1986 1562; baseline 0.002 -18"><span class='ocrx_word' id='word_1_87' title='bbox 339 1489 464 1544; x_wconf 86' lang='lat' dir='ltr'>dam</span> <span class='ocrx_word' id='word_1_88' title='bbox 497 1491 646 1561; x_wconf 84' lang='lat'>(473)</span> <span class='ocrx_word' id='word_1_89' title='bbox 673 1491 1082 1557; x_wconf 77' lang='lat' dir='ltr'>charissimam,</span> <span class='ocrx_word' id='word_1_90' title='bbox 1116 1508 1232 1562; x_wconf 62' lang='lat' dir='ltr'>qum</span> <span class='ocrx_word' id='word_1_91' title='bbox 1260 1493 1494 1546; x_wconf 86' lang='lat' dir='ltr'>multum</span> <span class='ocrx_word' id='word_1_92' title='bbox 1515 1493 1786 1547; x_wconf 84' lang='lat' dir='ltr'>laboravit</span> <span class='ocrx_word' id='word_1_93' title='bbox 1806 1495 1864 1546; x_wconf 84' lang='lat' dir='ltr'>in</span> <span class='ocrx_word' id='word_1_94' title='bbox 1885 1494 1986 1547; x_wconf 89' lang='lat' dir='ltr'>Do-</span> 
     </span>
    </p>
   </div>
   <div class='ocr_carea' id='block_1_16' title="bbox 338 1579 1986 1651">
    <p class='ocr_par' dir='ltr' id='par_1_16' title="bbox 338 1579 1986 1651">
     <span class='ocr_line' id='line_1_16' title="bbox 338 1579 1986 1651; baseline 0.002 -19"><span class='ocrx_word' id='word_1_95' title='bbox 338 1579 636 1634; x_wconf 86' lang='lat' dir='ltr'>mino.Cur</span> <span class='ocrx_word' id='word_1_96' title='bbox 655 1579 808 1635; x_wconf 88' lang='lat' dir='ltr'>hanc</span> <span class='ocrx_word' id='word_1_97' title='bbox 832 1579 1233 1651; x_wconf 88' lang='lat' dir='ltr'>superioribus</span> <span class='ocrx_word' id='word_1_98' title='bbox 1254 1598 1369 1635; x_wconf 91' lang='lat' dir='ltr'>non</span> <span class='ocrx_word' id='word_1_99' title='bbox 1384 1582 1720 1651; x_wconf 81' lang='lat' dir='ltr'>conjunxit?</span> <span class='ocrx_word' id='word_1_100' title='bbox 1739 1581 1986 1647; x_wconf 86' lang='lat' dir='ltr'>Scilicet,</span> 
     </span>
    </p>
   </div>
   <div class='ocr_carea' id='block_1_17' title="bbox 341 1667 1982 1740">
    <p class='ocr_par' dir='ltr' id='par_1_17' title="bbox 341 1667 1982 1740">
     <span class='ocr_line' id='line_1_17' title="bbox 341 1667 1982 1740; baseline 0.001 -18"><span class='ocrx_word' id='word_1_101' title='bbox 341 1667 481 1738; x_wconf 85' lang='lat' dir='ltr'>quia</span> <span class='ocrx_word' id='word_1_102' title='bbox 513 1684 630 1723; x_wconf 92' lang='lat' dir='ltr'>non</span> <span class='ocrx_word' id='word_1_103' title='bbox 662 1668 1054 1740; x_wconf 84' lang='lat' dir='ltr'>aliquatenus,</span> <span class='ocrx_word' id='word_1_104' title='bbox 1101 1670 1254 1725; x_wconf 89' lang='lat' dir='ltr'>sicut</span> <span class='ocrx_word' id='word_1_105' title='bbox 1306 1669 1435 1735; x_wconf 70' lang='lat' dir='ltr'>illaa,</span> <span class='ocrx_word' id='word_1_106' title='bbox 1471 1671 1571 1724; x_wconf 91' lang='lat' dir='ltr'>sed</span> <span class='ocrx_word' id='word_1_107' title='bbox 1626 1669 1876 1724; x_wconf 90' lang='lat' dir='ltr'>multum</span> <span class='ocrx_word' id='word_1_108' title='bbox 1925 1669 1982 1722; x_wconf 92' lang='lat' dir='ltr'>in</span> 
     </span>
    </p>
   </div>
   <div class='ocr_carea' id='block_1_18' title="bbox 342 1755 1981 1830">
    <p class='ocr_par' dir='ltr' id='par_1_18' title="bbox 342 1755 1981 1830">
     <span class='ocr_line' id='line_1_18' title="bbox 342 1755 1981 1830; baseline 0.001 -20"><span class='ocrx_word' id='word_1_109' title='bbox 342 1755 750 1826; x_wconf 66' lang='lat' dir='ltr'>praedicatione</span> <span class='ocrx_word' id='word_1_110' title='bbox 780 1758 938 1828; x_wconf 90' lang='lat' dir='ltr'>juvit</span> <span class='ocrx_word' id='word_1_111' title='bbox 981 1757 1359 1830; x_wconf 89' lang='lat' dir='ltr'>Apostolum;</span> <span class='ocrx_word' id='word_1_112' title='bbox 1397 1759 1548 1813; x_wconf 90' lang='lat' dir='ltr'>unde</span> <span class='ocrx_word' id='word_1_113' title='bbox 1576 1763 1632 1814; x_wconf 90' lang='lat' dir='ltr'>et</span> <span class='ocrx_word' id='word_1_114' title='bbox 1661 1759 1935 1812; x_wconf 87' lang='lat' dir='ltr'>subditur</span> <span class='ocrx_word' id='word_1_115' title='bbox 1968 1773 1981 1811; x_wconf 90' lang='lat'><strong>:</strong></span> 
     </span>
    </p>
   </div>
   <div class='ocr_carea' id='block_1_19' title="bbox 343 1846 2063 1946">
    <p class='ocr_par' dir='ltr' id='par_1_19' title="bbox 343 1846 2063 1946">
     <span class='ocr_line' id='line_1_19' title="bbox 343 1846 2063 1946; baseline 0.002 -47"><span class='ocrx_word' id='word_1_116' title='bbox 343 1846 747 1946; x_wconf 43' lang='lat' dir='ltr'>qum.multum</span> <span class='ocrx_word' id='word_1_117' title='bbox 800 1847 1070 1902; x_wconf 80' lang='lat' dir='ltr'>laboravit</span> <span class='ocrx_word' id='word_1_118' title='bbox 1118 1849 1177 1901; x_wconf 88' lang='lat' dir='ltr'>in</span> <span class='ocrx_word' id='word_1_119' title='bbox 1227 1848 1486 1912; x_wconf 85' lang='lat' dir='ltr'>Domino;</span> <span class='ocrx_word' id='word_1_120' title='bbox 1531 1847 1799 1918; x_wconf 88' lang='lat' dir='ltr'>(ideoque</span> <span class='ocrx_word' id='word_1_121' title='bbox 1854 1863 1982 1902; x_wconf 89' lang='lat' dir='ltr'>eam</span> <span class='ocrx_word' id='word_1_122' title='bbox 2015 1883 2063 1946; x_wconf 78' lang='grc' dir='ltr'><strong>Β</strong></span> 
     </span>
    </p>
   </div>
   <div class='ocr_carea' id='block_1_20' title="bbox 343 1933 1218 2007">
    <p class='ocr_par' dir='ltr' id='par_1_20' title="bbox 343 1933 1218 2007">
     <span class='ocr_line' id='line_1_20' title="bbox 343 1933 1218 2007; baseline 0.002 -19"><span class='ocrx_word' id='word_1_123' title='bbox 343 1933 749 1990; x_wconf 85' lang='lat' dir='ltr'>charissimam</span> <span class='ocrx_word' id='word_1_124' title='bbox 781 1936 1024 2006; x_wconf 89' lang='lat' dir='ltr'>vocavit)</span> <span class='ocrx_word' id='word_1_125' title='bbox 1052 1936 1218 2007; x_wconf 85' lang='lat'>(474).</span> 
     </span>
    </p>
   </div>
   <div class='ocr_carea' id='block_1_21' title="bbox 415 2024 1986 2098">
    <p class='ocr_par' dir='ltr' id='par_1_21' title="bbox 415 2024 1986 2098">
     <span class='ocr_line' id='line_1_21' title="bbox 415 2024 1986 2098; baseline 0 -19"><span class='ocrx_word' id='word_1_126' title='bbox 415 2024 662 2079; x_wconf 85' lang='lat' dir='ltr'>Salutate</span> <span class='ocrx_word' id='word_1_127' title='bbox 692 2025 899 2098; x_wconf 80' lang='lat' dir='ltr'>Rufum</span> <span class='ocrx_word' id='word_1_128' title='bbox 927 2026 1159 2080; x_wconf 84' lang='lat' dir='ltr'>electum</span> <span class='ocrx_word' id='word_1_129' title='bbox 1189 2027 1251 2080; x_wconf 86' lang='lat' dir='ltr'>in</span> <span class='ocrx_word' id='word_1_130' title='bbox 1283 2027 1590 2096; x_wconf 86' lang='lat' dir='ltr'>Domino,et</span> <span class='ocrx_word' id='word_1_131' title='bbox 1609 2029 1840 2080; x_wconf 82' lang='lat' dir='ltr'>matrem</span> <span class='ocrx_word' id='word_1_132' title='bbox 1867 2027 1986 2097; x_wconf 87' lang='lat' dir='ltr'>ejus</span> 
     </span>
    </p>
   </div>
   <div class='ocr_carea' id='block_1_22' title="bbox 341 2113 1990 2182">
    <p class='ocr_par' dir='ltr' id='par_1_22' title="bbox 341 2113 1990 2182">
     <span class='ocr_line' id='line_1_22' title="bbox 341 2113 1990 2182; baseline 0.001 -15"><span class='ocrx_word' id='word_1_133' title='bbox 341 2117 394 2167; x_wconf 87' lang='lat' dir='ltr'>et</span> <span class='ocrx_word' id='word_1_134' title='bbox 421 2129 620 2167; x_wconf 87' lang='lat' dir='ltr'>meam.</span> <span class='ocrx_word' id='word_1_135' title='bbox 649 2113 793 2169; x_wconf 90' lang='lat' dir='ltr'>Cum</span> <span class='ocrx_word' id='word_1_136' title='bbox 827 2113 1074 2168; x_wconf 91' lang='lat' dir='ltr'>electum</span> <span class='ocrx_word' id='word_1_137' title='bbox 1120 2114 1178 2168; x_wconf 91' lang='lat' dir='ltr'>in</span> <span class='ocrx_word' id='word_1_138' title='bbox 1230 2115 1478 2170; x_wconf 88' lang='lat' dir='ltr'>Domino</span> <span class='ocrx_word' id='word_1_139' title='bbox 1527 2115 1687 2182; x_wconf 87' lang='lat' dir='ltr'>dicit,</span> <span class='ocrx_word' id='word_1_140' title='bbox 1733 2114 1990 2170; x_wconf 86' lang='lat' dir='ltr'>ostendit</span> 
     </span>
    </p>
   </div>
   <div class='ocr_carea' id='block_1_23' title="bbox 341 2201 1991 2266">
    <p class='ocr_par' dir='ltr' id='par_1_23' title="bbox 341 2201 1991 2266">
     <span class='ocr_line' id='line_1_23' title="bbox 341 2201 1991 2266; baseline 0.002 -10"><span class='ocrx_word' id='word_1_141' title='bbox 341 2202 515 2256; x_wconf 89' lang='lat' dir='ltr'>etiam</span> <span class='ocrx_word' id='word_1_142' title='bbox 542 2201 986 2258; x_wconf 89' lang='lat' dir='ltr'>dilectum.Erat</span> <span class='ocrx_word' id='word_1_143' title='bbox 1017 2209 1213 2259; x_wconf 89' lang='lat' dir='ltr'>autem</span> <span class='ocrx_word' id='word_1_144' title='bbox 1237 2204 1456 2259; x_wconf 90' lang='lat' dir='ltr'>electus</span> <span class='ocrx_word' id='word_1_145' title='bbox 1479 2203 1578 2259; x_wconf 90' lang='lat' dir='ltr'>illa</span> <span class='ocrx_word' id='word_1_146' title='bbox 1597 2204 1895 2266; x_wconf 79' lang='lat' dir='ltr'>electione,</span> <span class='ocrx_word' id='word_1_147' title='bbox 1919 2204 1991 2259; x_wconf 89' lang='lat' dir='ltr'>de</span> 
     </span>
    </p>
   </div>
   <div class='ocr_carea' id='block_1_24' title="bbox 341 2292 1990 2365">
    <p class='ocr_par' dir='ltr' id='par_1_24' title="bbox 341 2292 1990 2365">
     <span class='ocr_line' id='line_1_24' title="bbox 341 2292 1990 2365; baseline 0 -19"><span class='ocrx_word' id='word_1_148' title='bbox 341 2307 459 2362; x_wconf 86' lang='lat' dir='ltr'>qua</span> <span class='ocrx_word' id='word_1_149' title='bbox 485 2292 766 2347; x_wconf 90' lang='lat' dir='ltr'>Dominus</span> <span class='ocrx_word' id='word_1_150' title='bbox 797 2292 938 2346; x_wconf 88' lang='lat' dir='ltr'>dicit</span> <span class='ocrx_word' id='word_1_151' title='bbox 967 2310 985 2345; x_wconf 90' lang='lat'><em>:</em></span> <span class='ocrx_word' id='word_1_152' title='bbox 1018 2296 1192 2348; x_wconf 83' lang='lat' dir='ltr'>Pauci</span> <span class='ocrx_word' id='word_1_153' title='bbox 1220 2295 1375 2348; x_wconf 83' lang='lat' dir='ltr'>electi</span> <span class='ocrx_word' id='word_1_154' title='bbox 1403 2294 1613 2365; x_wconf 82' lang='lat' dir='ltr'>(Matth.</span> <span class='ocrx_word' id='word_1_155' title='bbox 1645 2309 1740 2358; x_wconf 82' lang='lat' dir='ltr'>xx,</span> <span class='ocrx_word' id='word_1_156' title='bbox 1765 2293 1851 2362; x_wconf 96' lang='grc'>16)</span> <span class='ocrx_word' id='word_1_157' title='bbox 1887 2309 1901 2346; x_wconf 89' lang='lat'>:</span> <span class='ocrx_word' id='word_1_158' title='bbox 1935 2297 1990 2346; x_wconf 90' lang='lat' dir='ltr'>et</span> 
     </span>
    </p>
   </div>
   <div class='ocr_carea' id='block_1_25' title="bbox 339 2379 1992 2453">
    <p class='ocr_par' dir='ltr' id='par_1_25' title="bbox 339 2379 1992 2453">
     <span class='ocr_line' id='line_1_25' title="bbox 339 2379 1992 2453; baseline 0.001 -19"><span class='ocrx_word' id='word_1_159' title='bbox 339 2379 496 2434; x_wconf 88' lang='lat' dir='ltr'>idem</span> <span class='ocrx_word' id='word_1_160' title='bbox 527 2380 839 2450; x_wconf 86' lang='lat' dir='ltr'>Apostolus</span> <span class='ocrx_word' id='word_1_161' title='bbox 873 2397 886 2434; x_wconf 91' lang='lat'>:</span> <span class='ocrx_word' id='word_1_162' title='bbox 921 2381 1075 2437; x_wconf 89' lang='lat' dir='ltr'>Sicut</span> <span class='ocrx_word' id='word_1_163' title='bbox 1100 2383 1258 2453; x_wconf 83' lang='lat' dir='ltr'>elegit</span> <span class='ocrx_word' id='word_1_164' title='bbox 1288 2399 1389 2437; x_wconf 85' lang='lat' dir='ltr'>nos</span> <span class='ocrx_word' id='word_1_165' title='bbox 1419 2384 1480 2437; x_wconf 85' lang='lat' dir='ltr'>in</span> <span class='ocrx_word' id='word_1_166' title='bbox 1509 2385 1623 2453; x_wconf 86' lang='lat' dir='ltr'>ipso</span> <span class='ocrx_word' id='word_1_167' title='bbox 1653 2390 1780 2436; x_wconf 84' lang='lat' dir='ltr'>ante</span> <span class='ocrx_word' id='word_1_168' title='bbox 1799 2381 1992 2435; x_wconf 85' lang='lat' dir='ltr'>mundi</span> 
     </span>
    </p>
   </div>
   <div class='ocr_carea' id='block_1_26' title="bbox 340 2469 1992 2541">
    <p class='ocr_par' dir='ltr' id='par_1_26' title="bbox 340 2469 1992 2541">
     <span class='ocr_line' id='line_1_26' title="bbox 340 2469 1992 2541; baseline 0.001 -17"><span class='ocrx_word' id='word_1_169' title='bbox 340 2470 781 2524; x_wconf 78' lang='lat' dir='ltr'>constitutionem</span> <span class='ocrx_word' id='word_1_170' title='bbox 814 2469 1034 2540; x_wconf 84' lang='lat' dir='ltr'>(Ephes.</span> <span class='ocrx_word' id='word_1_171' title='bbox 1066 2489 1104 2540; x_wconf 78' lang='grc' dir='ltr'>ι,</span> <span class='ocrx_word' id='word_1_172' title='bbox 1139 2471 1212 2541; x_wconf 94' lang='grc'>4).</span> <span class='ocrx_word' id='word_1_173' title='bbox 1247 2471 1561 2526; x_wconf 90' lang='lat' dir='ltr'>Sciendum</span> <span class='ocrx_word' id='word_1_174' title='bbox 1611 2474 1807 2526; x_wconf 88' lang='lat' dir='ltr'>autem</span> <span class='ocrx_word' id='word_1_175' title='bbox 1856 2469 1992 2540; x_wconf 91' lang='lat' dir='ltr'>quia</span> 
     </span>
    </p>
   </div>
   <div class='ocr_carea' id='block_1_27' title="bbox 343 2556 1991 2630">
    <p class='ocr_par' dir='ltr' id='par_1_27' title="bbox 343 2556 1991 2630">
     <span class='ocr_line' id='line_1_27' title="bbox 343 2556 1991 2630; baseline 0.001 -18"><span class='ocrx_word' id='word_1_176' title='bbox 343 2556 542 2626; x_wconf 87' lang='lat' dir='ltr'>magni</span> <span class='ocrx_word' id='word_1_177' title='bbox 577 2557 765 2612; x_wconf 88' lang='lat' dir='ltr'>meriti</span> <span class='ocrx_word' id='word_1_178' title='bbox 798 2557 925 2627; x_wconf 87' lang='lat' dir='ltr'>fuit,</span> <span class='ocrx_word' id='word_1_179' title='bbox 954 2558 1203 2630; x_wconf 89' lang='lat' dir='ltr'>ideoque</span> <span class='ocrx_word' id='word_1_180' title='bbox 1232 2563 1478 2614; x_wconf 88' lang='lat' dir='ltr'>matrem</span> <span class='ocrx_word' id='word_1_181' title='bbox 1509 2560 1638 2630; x_wconf 84' lang='lat' dir='ltr'>ejus</span> <span class='ocrx_word' id='word_1_182' title='bbox 1679 2558 1991 2630; x_wconf 88' lang='lat' dir='ltr'>Apostolus</span> 
     </span>
    </p>
   </div>
   <div class='ocr_carea' id='block_1_28' title="bbox 344 2647 1992 2719">
    <p class='ocr_par' dir='ltr' id='par_1_28' title="bbox 344 2647 1992 2719">
     <span class='ocr_line' id='line_1_28' title="bbox 344 2647 1992 2719; baseline 0.002 -20"><span class='ocrx_word' id='word_1_183' title='bbox 344 2661 512 2700; x_wconf 87' lang='lat' dir='ltr'>suam</span> <span class='ocrx_word' id='word_1_184' title='bbox 543 2648 1295 2717; x_wconf 88' lang='lat' dir='ltr'>vocavit,quemadmodum</span> <span class='ocrx_word' id='word_1_185' title='bbox 1327 2648 1608 2703; x_wconf 89' lang='lat' dir='ltr'>Dominus</span> <span class='ocrx_word' id='word_1_186' title='bbox 1630 2647 1690 2702; x_wconf 89' lang='lat' dir='ltr'>in</span> <span class='ocrx_word' id='word_1_187' title='bbox 1720 2648 1992 2719; x_wconf 87' lang='lat' dir='ltr'>passione</span> 
     </span>
    </p>
   </div>
   <div class='ocr_carea' id='block_1_29' title="bbox 343 2735 1934 2808">
    <p class='ocr_par' dir='ltr' id='par_1_29' title="bbox 343 2735 1934 2808">
     <span class='ocr_line' id='line_1_29' title="bbox 343 2735 1934 2808; baseline 0.002 -19"><span class='ocrx_word' id='word_1_188' title='bbox 343 2750 512 2790; x_wconf 88' lang='lat' dir='ltr'>suam</span> <span class='ocrx_word' id='word_1_189' title='bbox 545 2739 791 2790; x_wconf 86' lang='lat' dir='ltr'>matrem</span> <span class='ocrx_word' id='word_1_190' title='bbox 822 2735 970 2790; x_wconf 84' lang='lat' dir='ltr'>dixit</span> <span class='ocrx_word' id='word_1_191' title='bbox 999 2753 1127 2792; x_wconf 89' lang='lat' dir='ltr'>esse</span> <span class='ocrx_word' id='word_1_192' title='bbox 1157 2736 1428 2808; x_wconf 89' lang='lat' dir='ltr'>discipuli</span> <span class='ocrx_word' id='word_1_193' title='bbox 1462 2738 1636 2806; x_wconf 88' lang='lat' dir='ltr'>(Joan.</span> <span class='ocrx_word' id='word_1_194' title='bbox 1673 2755 1788 2807; x_wconf 73' lang='lat' dir='ltr'>xxx,</span> <span class='ocrx_word' id='word_1_195' title='bbox 1822 2738 1934 2808; x_wconf 86' lang='lat'>26).</span> 
     </span>
    </p>
   </div>
   <div class='ocr_carea' id='block_1_30' title="bbox 387 2823 1986 2898">
    <p class='ocr_par' dir='ltr' id='par_1_30' title="bbox 387 2823 1986 2898">
     <span class='ocr_line' id='line_1_30' title="bbox 387 2823 1986 2898; baseline 0 -18"><span class='ocrx_word' id='word_1_196' title='bbox 387 2823 658 2880; x_wconf 80' lang='lat' dir='ltr'>Salutate</span> <span class='ocrx_word' id='word_1_197' title='bbox 713 2824 1103 2896; x_wconf 81' lang='lat' dir='ltr'>Ansyncritum</span> <span class='ocrx_word' id='word_1_198' title='bbox 1159 2826 1327 2897; x_wconf 86' lang='lat'>(475),</span> <span class='ocrx_word' id='word_1_199' title='bbox 1397 2827 1752 2896; x_wconf 76' lang='lat' dir='ltr'>Phlegontam</span> <span class='ocrx_word' id='word_1_200' title='bbox 1817 2826 1986 2898; x_wconf 86' lang='lat'>(476),</span> 
     </span>
    </p>
   </div>
   <div class='ocr_carea' id='block_1_31' title="bbox 341 2914 1985 2987">
    <p class='ocr_par' dir='ltr' id='par_1_31' title="bbox 341 2914 1985 2987">
     <span class='ocr_line' id='line_1_31' title="bbox 341 2914 1985 2987; baseline 0.002 -20"><span class='ocrx_word' id='word_1_201' title='bbox 341 2914 594 2979; x_wconf 85' lang='lat' dir='ltr'>Hermen,</span> <span class='ocrx_word' id='word_1_202' title='bbox 626 2914 945 2984; x_wconf 88' lang='lat' dir='ltr'>Patrobam,</span> <span class='ocrx_word' id='word_1_203' title='bbox 981 2919 1267 2981; x_wconf 85' lang='lat' dir='ltr'>Hermam,</span> <span class='ocrx_word' id='word_1_204' title='bbox 1306 2923 1359 2971; x_wconf 89' lang='lat' dir='ltr'>ct</span> <span class='ocrx_word' id='word_1_205' title='bbox 1405 2919 1502 2986; x_wconf 88' lang='lat' dir='ltr'>qui</span> <span class='ocrx_word' id='word_1_206' title='bbox 1549 2932 1672 2971; x_wconf 87' lang='lat' dir='ltr'>cum</span> <span class='ocrx_word' id='word_1_207' title='bbox 1716 2917 1794 2971; x_wconf 86' lang='lat' dir='ltr'>eis</span> <span class='ocrx_word' id='word_1_208' title='bbox 1837 2921 1985 2987; x_wconf 87' lang='lat' dir='ltr'>sunt,</span> 
     </span>
    </p>
   </div>
   <div class='ocr_carea' id='block_1_32' title="bbox 340 3001 1990 3076">
    <p class='ocr_par' dir='ltr' id='par_1_32' title="bbox 340 3001 1990 3076">
     <span class='ocr_line' id='line_1_32' title="bbox 340 3001 1990 3076; baseline 0.002 -22"><span class='ocrx_word' id='word_1_209' title='bbox 340 3003 565 3071; x_wconf 81' lang='lat' dir='ltr'>fratres.</span> <span class='ocrx_word' id='word_1_210' title='bbox 600 3001 736 3070; x_wconf 90' lang='lat' dir='ltr'>Hos,</span> <span class='ocrx_word' id='word_1_211' title='bbox 771 3001 907 3073; x_wconf 91' lang='lat' dir='ltr'>quia</span> <span class='ocrx_word' id='word_1_212' title='bbox 954 3019 1066 3060; x_wconf 90' lang='lat' dir='ltr'>non</span> <span class='ocrx_word' id='word_1_213' title='bbox 1118 3004 1597 3074; x_wconf 68' lang='lat' dir='ltr'>prazdicaverunt,</span> <span class='ocrx_word' id='word_1_214' title='bbox 1646 3004 1990 3076; x_wconf 89' lang='lat' dir='ltr'>simpliciter</span> 
     </span>
    </p>
   </div>
   <div class='ocr_carea' id='block_1_33' title="bbox 343 3086 1984 3164">
    <p class='ocr_par' dir='ltr' id='par_1_33' title="bbox 343 3086 1984 3164">
     <span class='ocr_line' id='line_1_33' title="bbox 343 3086 1984 3164; baseline 0.004 -23"><span class='ocrx_word' id='word_1_215' title='bbox 343 3086 634 3143; x_wconf 90' lang='lat' dir='ltr'>salutavit.</span> <span class='ocrx_word' id='word_1_216' title='bbox 667 3090 771 3145; x_wconf 90' lang='lat' dir='ltr'>Hic</span> <span class='ocrx_word' id='word_1_217' title='bbox 802 3095 995 3147; x_wconf 89' lang='lat' dir='ltr'>autem</span> <span class='ocrx_word' id='word_1_218' title='bbox 1029 3091 1270 3147; x_wconf 88' lang='lat' dir='ltr'>Hermes</span> <span class='ocrx_word' id='word_1_219' title='bbox 1301 3093 1471 3163; x_wconf 83' lang='lat'>(477),</span> <span class='ocrx_word' id='word_1_220' title='bbox 1503 3097 1568 3147; x_wconf 91' lang='lat' dir='ltr'>ut</span> <span class='ocrx_word' id='word_1_221' title='bbox 1605 3092 1842 3164; x_wconf 89' lang='lat' dir='ltr'>quidam</span> <span class='ocrx_word' id='word_1_222' title='bbox 1886 3109 1984 3148; x_wconf 93' lang='lat' dir='ltr'>vo-</span> 
     </span>
    </p>
   </div>
   <div class='ocr_carea' id='block_1_34' title="bbox 343 3174 1939 3254">
    <p class='ocr_par' dir='ltr' id='par_1_34' title="bbox 343 3174 1939 3254">
     <span class='ocr_line' id='line_1_34' title="bbox 343 3174 1939 3254; baseline 0.004 -25"><span class='ocrx_word' id='word_1_223' title='bbox 343 3174 473 3230; x_wconf 89' lang='lat' dir='ltr'>lunt</span> <span class='ocrx_word' id='word_1_224' title='bbox 502 3178 675 3249; x_wconf 81' lang='lat'>(478),</span> <span class='ocrx_word' id='word_1_225' title='bbox 709 3179 923 3235; x_wconf 89' lang='lat' dir='ltr'>librum</span> <span class='ocrx_word' id='word_1_226' title='bbox 955 3181 1211 3254; x_wconf 86' lang='lat' dir='ltr'>scripsit,</span> <span class='ocrx_word' id='word_1_227' title='bbox 1244 3181 1346 3252; x_wconf 91' lang='lat' dir='ltr'>qui</span> <span class='ocrx_word' id='word_1_228' title='bbox 1377 3183 1619 3237; x_wconf 78' lang='lat' dir='ltr'>Pastoris</span> <span class='ocrx_word' id='word_1_229' title='bbox 1647 3181 1939 3237; x_wconf 90' lang='lat' dir='ltr'>titulatur.</span> 
     </span>
    </p>
   </div>
   <div class='ocr_carea' id='block_1_35' title="bbox 2100 595 3761 668">
    <p class='ocr_par' dir='ltr' id='par_1_35' title="bbox 2100 595 3761 668">
     <span class='ocr_line' id='line_1_35' title="bbox 2100 595 3761 668; baseline 0 -15"><span class='ocrx_word' id='word_1_230' title='bbox 2100 597 2363 653; x_wconf 92' lang='lat' dir='ltr'>omnium</span> <span class='ocrx_word' id='word_1_231' title='bbox 2391 596 2800 666; x_wconf 89' lang='lat' dir='ltr'>Ecclesiarum,</span> <span class='ocrx_word' id='word_1_232' title='bbox 2847 614 2978 668; x_wconf 80' lang='lat' dir='ltr'>quae</span> <span class='ocrx_word' id='word_1_233' title='bbox 3025 613 3127 668; x_wconf 90' lang='lat' dir='ltr'>per</span> <span class='ocrx_word' id='word_1_234' title='bbox 3172 613 3306 652; x_wconf 91' lang='lat' dir='ltr'>eum</span> <span class='ocrx_word' id='word_1_235' title='bbox 3359 595 3761 665; x_wconf 85' lang='lat' dir='ltr'>crediderant,</span> 
     </span>
    </p>
   </div>
   <div class='ocr_carea' id='block_1_36' title="bbox 2099 686 3770 752">
    <p class='ocr_par' dir='ltr' id='par_1_36' title="bbox 2099 686 3770 752">
     <span class='ocr_line' id='line_1_36' title="bbox 2099 686 3770 752; baseline 0.001 -11"><span class='ocrx_word' id='word_1_236' title='bbox 2099 687 2563 752; x_wconf 89' lang='lat' dir='ltr'>commendabat,</span> <span class='ocrx_word' id='word_1_237' title='bbox 2597 686 2861 742; x_wconf 90' lang='lat' dir='ltr'>subdidit</span> <span class='ocrx_word' id='word_1_238' title='bbox 2895 703 2906 741; x_wconf 91' lang='lat'>:</span> <span class='ocrx_word' id='word_1_239' title='bbox 2941 686 3207 740; x_wconf 85' lang='lat' dir='ltr'>Salutant</span> <span class='ocrx_word' id='word_1_240' title='bbox 3235 702 3329 741; x_wconf 82' lang='lat' dir='ltr'>vos</span> <span class='ocrx_word' id='word_1_241' title='bbox 3357 701 3542 742; x_wconf 88' lang='lat' dir='ltr'>omnes</span> <span class='ocrx_word' id='word_1_242' title='bbox 3574 688 3770 743; x_wconf 84' lang='lat' dir='ltr'>Eccle-</span> 
     </span>
    </p>
   </div>
   <div class='ocr_carea' id='block_1_37' title="bbox 2096 773 3769 846">
    <p class='ocr_par' dir='ltr' id='par_1_37' title="bbox 2096 773 3769 846">
     <span class='ocr_line' id='line_1_37' title="bbox 2096 773 3769 846; baseline 0.001 -16"><span class='ocrx_word' id='word_1_243' title='bbox 2096 778 2200 831; x_wconf 66' lang='lat' dir='ltr'>siae</span> <span class='ocrx_word' id='word_1_244' title='bbox 2231 776 2458 830; x_wconf 78' lang='lat' dir='ltr'>Christi.</span> <span class='ocrx_word' id='word_1_245' title='bbox 2494 775 2624 845; x_wconf 92' lang='lat' dir='ltr'>(Ubi</span> <span class='ocrx_word' id='word_1_246' title='bbox 2656 773 3219 845; x_wconf 91' lang='lat' dir='ltr'>subintelligendum</span> <span class='ocrx_word' id='word_1_247' title='bbox 3269 779 3358 830; x_wconf 87' lang='lat' dir='ltr'>est</span> <span class='ocrx_word' id='word_1_248' title='bbox 3391 790 3403 829; x_wconf 91' lang='lat'>:</span> <span class='ocrx_word' id='word_1_249' title='bbox 3438 792 3564 846; x_wconf 78' lang='lat' dir='ltr'>quae</span> <span class='ocrx_word' id='word_1_250' title='bbox 3611 779 3769 832; x_wconf 81' lang='lat' dir='ltr'>sunt</span> 
     </span>
    </p>
   </div>
   <div class='ocr_carea' id='block_1_38' title="bbox 2098 864 2678 933">
    <p class='ocr_par' dir='ltr' id='par_1_38' title="bbox 2098 864 2678 933">
     <span class='ocr_line' id='line_1_38' title="bbox 2098 864 2678 933; baseline -0.002 -15"><span class='ocrx_word' id='word_1_251' title='bbox 2098 865 2157 918; x_wconf 90' lang='lat' dir='ltr'>in</span> <span class='ocrx_word' id='word_1_252' title='bbox 2190 865 2283 918; x_wconf 90' lang='lat' dir='ltr'>his</span> <span class='ocrx_word' id='word_1_253' title='bbox 2314 864 2678 933; x_wconf 89' lang='lat' dir='ltr'>Provinciis.)</span> 
     </span>
    </p>
   </div>
   <div class='ocr_carea' id='block_1_39' title="bbox 2170 952 3764 1024">
    <p class='ocr_par' dir='ltr' id='par_1_39' title="bbox 2170 952 3764 1024">
     <span class='ocr_line' id='line_1_39' title="bbox 2170 952 3764 1024; baseline -0.001 -16"><span class='ocrx_word' id='word_1_254' title='bbox 2170 954 2368 1023; x_wconf 85' lang='lat' dir='ltr'>Igitur,</span> <span class='ocrx_word' id='word_1_255' title='bbox 2403 954 2541 1024; x_wconf 89' lang='lat' dir='ltr'>quia</span> <span class='ocrx_word' id='word_1_256' title='bbox 2561 953 2752 1008; x_wconf 90' lang='lat' dir='ltr'>adhuc</span> <span class='ocrx_word' id='word_1_257' title='bbox 2772 957 2937 1008; x_wconf 86' lang='lat' dir='ltr'>erant</span> <span class='ocrx_word' id='word_1_258' title='bbox 2960 953 3016 1007; x_wconf 90' lang='lat' dir='ltr'>in</span> <span class='ocrx_word' id='word_1_259' title='bbox 3040 952 3318 1007; x_wconf 79' lang='lat' dir='ltr'>Romanis</span> <span class='ocrx_word' id='word_1_260' title='bbox 3341 952 3441 1023; x_wconf 88' lang='lat' dir='ltr'>qui</span> <span class='ocrx_word' id='word_1_261' title='bbox 3464 969 3573 1007; x_wconf 90' lang='lat' dir='ltr'>sua</span> <span class='ocrx_word' id='word_1_262' title='bbox 3603 970 3764 1024; x_wconf 63' lang='lat' dir='ltr'>pree-</span> 
     </span>
    </p>
   </div>
   <div class='ocr_carea' id='block_1_40' title="bbox 2097 1039 3766 1109">
    <p class='ocr_par' dir='ltr' id='par_1_40' title="bbox 2097 1039 3766 1109">
     <span class='ocr_line' id='line_1_40' title="bbox 2097 1039 3766 1109; baseline 0 -11"><span class='ocrx_word' id='word_1_263' title='bbox 2097 1043 2387 1098; x_wconf 86' lang='lat' dir='ltr'>dicatione</span> <span class='ocrx_word' id='word_1_264' title='bbox 2410 1041 2804 1098; x_wconf 89' lang='lat' dir='ltr'>dissensiones</span> <span class='ocrx_word' id='word_1_265' title='bbox 2819 1047 2873 1097; x_wconf 90' lang='lat' dir='ltr'>et</span> <span class='ocrx_word' id='word_1_266' title='bbox 2894 1040 3243 1097; x_wconf 74' lang='lat' dir='ltr'>offendicula</span> <span class='ocrx_word' id='word_1_267' title='bbox 3265 1039 3552 1096; x_wconf 82' lang='lat' dir='ltr'>faciebant</span> <span class='ocrx_word' id='word_1_268' title='bbox 3573 1059 3586 1109; x_wconf 90' lang='lat'>;</span> <span class='ocrx_word' id='word_1_269' title='bbox 3611 1058 3766 1098; x_wconf 85' lang='lat' dir='ltr'>nam</span> 
     </span>
    </p>
   </div>
   <div class='ocr_carea' id='block_1_41' title="bbox 2097 1128 3766 1202">
    <p class='ocr_par' dir='ltr' id='par_1_41' title="bbox 2097 1128 3766 1202">
     <span class='ocr_line' id='line_1_41' title="bbox 2097 1128 3766 1202; baseline -0.001 -16"><span class='ocrx_word' id='word_1_270' title='bbox 2097 1131 2234 1202; x_wconf 90' lang='lat' dir='ltr'>quia</span> <span class='ocrx_word' id='word_1_271' title='bbox 2263 1132 2581 1186; x_wconf 67' lang='lat' dir='ltr'>haeresibus</span> <span class='ocrx_word' id='word_1_272' title='bbox 2632 1131 2917 1185; x_wconf 89' lang='lat' dir='ltr'>unitatem</span> <span class='ocrx_word' id='word_1_273' title='bbox 2974 1128 3234 1184; x_wconf 77' lang='lat' dir='ltr'>Ecclesiae</span> <span class='ocrx_word' id='word_1_274' title='bbox 3285 1129 3552 1185; x_wconf 89' lang='lat' dir='ltr'>scindere</span> <span class='ocrx_word' id='word_1_275' title='bbox 3601 1131 3766 1185; x_wconf 87' lang='lat' dir='ltr'>nite-</span> 
     </span>
    </p>
   </div>
   <div class='ocr_carea' id='block_1_42' title="bbox 2096 1219 3760 1291">
    <p class='ocr_par' dir='ltr' id='par_1_42' title="bbox 2096 1219 3760 1291">
     <span class='ocr_line' id='line_1_42' title="bbox 2096 1219 3760 1291; baseline 0 -17"><span class='ocrx_word' id='word_1_276' title='bbox 2096 1222 2330 1286; x_wconf 88' lang='lat' dir='ltr'>bantur,</span> <span class='ocrx_word' id='word_1_277' title='bbox 2385 1220 2625 1291; x_wconf 89' lang='lat' dir='ltr'>quidam</span> <span class='ocrx_word' id='word_1_278' title='bbox 2677 1219 2942 1274; x_wconf 84' lang='lat' dir='ltr'>inﬁrmos</span> <span class='ocrx_word' id='word_1_279' title='bbox 2991 1220 3195 1274; x_wconf 85' lang='lat' dir='ltr'>fratres</span> <span class='ocrx_word' id='word_1_280' title='bbox 3250 1219 3760 1288; x_wconf 89' lang='lat' dir='ltr'>scandalizabant,</span> 
     </span>
    </p>
   </div>
   <div class='ocr_carea' id='block_1_43' title="bbox 2095 1309 3763 1378">
    <p class='ocr_par' dir='ltr' id='par_1_43' title="bbox 2095 1309 3763 1378">
     <span class='ocr_line' id='line_1_43' title="bbox 2095 1309 3763 1378; baseline 0.001 -14"><span class='ocrx_word' id='word_1_281' title='bbox 2095 1311 2311 1364; x_wconf 89' lang='lat' dir='ltr'>idcirco</span> <span class='ocrx_word' id='word_1_282' title='bbox 2342 1309 2592 1378; x_wconf 90' lang='lat' dir='ltr'>subjecit</span> <span class='ocrx_word' id='word_1_283' title='bbox 2625 1325 2636 1361; x_wconf 96' lang='lat'><strong>:</strong></span> <span class='ocrx_word' id='word_1_284' title='bbox 2674 1310 2810 1377; x_wconf 82' lang='lat' dir='ltr'>Rogo</span> <span class='ocrx_word' id='word_1_285' title='bbox 2843 1324 2948 1373; x_wconf 89' lang='lat' dir='ltr'>vos,</span> <span class='ocrx_word' id='word_1_286' title='bbox 2981 1310 3202 1378; x_wconf 75' lang='lat' dir='ltr'>fratres,</span> <span class='ocrx_word' id='word_1_287' title='bbox 3236 1316 3295 1362; x_wconf 84' lang='lat' dir='ltr'>at</span> <span class='ocrx_word' id='word_1_288' title='bbox 3338 1310 3632 1364; x_wconf 82' lang='lat' dir='ltr'>observetis</span> <span class='ocrx_word' id='word_1_289' title='bbox 3662 1325 3763 1365; x_wconf 81' lang='lat' dir='ltr'>eos</span> 
     </span>
    </p>
   </div>
   <div class='ocr_carea' id='block_1_44' title="bbox 2095 1398 3763 1470">
    <p class='ocr_par' dir='ltr' id='par_1_44' title="bbox 2095 1398 3763 1470">
     <span class='ocr_line' id='line_1_44' title="bbox 2095 1398 3763 1470; baseline -0.001 -16"><span class='ocrx_word' id='word_1_290' title='bbox 2095 1402 2193 1470; x_wconf 87' lang='lat' dir='ltr'>qui</span> <span class='ocrx_word' id='word_1_291' title='bbox 2257 1399 2616 1453; x_wconf 78' lang='lat' dir='ltr'>dissensiones</span> <span class='ocrx_word' id='word_1_292' title='bbox 2674 1402 2725 1452; x_wconf 89' lang='lat' dir='ltr'>et</span> <span class='ocrx_word' id='word_1_293' title='bbox 2774 1398 3124 1467; x_wconf 75' lang='lat' dir='ltr'>offendicula,</span> <span class='ocrx_word' id='word_1_294' title='bbox 3181 1401 3388 1468; x_wconf 60' lang='lat' dir='ltr'>praeter</span> <span class='ocrx_word' id='word_1_295' title='bbox 3441 1398 3763 1453; x_wconf 83' lang='lat' dir='ltr'>doctrinam</span> 
     </span>
    </p>
   </div>
   <div class='ocr_carea' id='block_1_45' title="bbox 2096 1487 3760 1560">
    <p class='ocr_par' dir='ltr' id='par_1_45' title="bbox 2096 1487 3760 1560">
     <span class='ocr_line' id='line_1_45' title="bbox 2096 1487 3760 1560; baseline 0.001 -18"><span class='ocrx_word' id='word_1_296' title='bbox 2096 1505 2260 1560; x_wconf 89' lang='lat' dir='ltr'>quam</span> <span class='ocrx_word' id='word_1_297' title='bbox 2289 1504 2378 1542; x_wconf 85' lang='lat' dir='ltr'>vos</span> <span class='ocrx_word' id='word_1_298' title='bbox 2418 1487 2707 1552; x_wconf 80' lang='lat' dir='ltr'>didicistis,</span> <span class='ocrx_word' id='word_1_299' title='bbox 2739 1489 2968 1556; x_wconf 76' lang='lat' dir='ltr'>faciunt.</span> <span class='ocrx_word' id='word_1_300' title='bbox 3021 1490 3088 1540; x_wconf 87' lang='lat' dir='ltr'>Et</span> <span class='ocrx_word' id='word_1_301' title='bbox 3136 1491 3200 1541; x_wconf 90' lang='lat' dir='ltr'>ut</span> <span class='ocrx_word' id='word_1_302' title='bbox 3247 1487 3507 1542; x_wconf 88' lang='lat' dir='ltr'>obtinere</span> <span class='ocrx_word' id='word_1_303' title='bbox 3572 1487 3760 1543; x_wconf 89' lang='lat' dir='ltr'>citius</span> 
     </span>
    </p>
   </div>
   <div class='ocr_carea' id='block_1_46' title="bbox 2095 1575 3768 1648">
    <p class='ocr_par' dir='ltr' id='par_1_46' title="bbox 2095 1575 3768 1648">
     <span class='ocr_line' id='line_1_46' title="bbox 2095 1575 3768 1648; baseline 0 -17"><span class='ocrx_word' id='word_1_304' title='bbox 2095 1581 2294 1648; x_wconf 87' lang='lat' dir='ltr'>posset</span> <span class='ocrx_word' id='word_1_305' title='bbox 2317 1576 2469 1646; x_wconf 92' lang='lat' dir='ltr'>quod</span> <span class='ocrx_word' id='word_1_306' title='bbox 2503 1575 2890 1644; x_wconf 89' lang='lat' dir='ltr'>desiderabat,</span> <span class='ocrx_word' id='word_1_307' title='bbox 2942 1591 3056 1630; x_wconf 91' lang='lat' dir='ltr'>non</span> <span class='ocrx_word' id='word_1_308' title='bbox 3107 1575 3186 1630; x_wconf 90' lang='lat' dir='ltr'>ait</span> <span class='ocrx_word' id='word_1_309' title='bbox 3235 1590 3249 1630; x_wconf 90' lang='lat'><strong>:</strong></span> <span class='ocrx_word' id='word_1_310' title='bbox 3305 1575 3598 1647; x_wconf 85' lang='lat' dir='ltr'>praecipio,</span> <span class='ocrx_word' id='word_1_311' title='bbox 3632 1593 3768 1631; x_wconf 89' lang='lat' dir='ltr'>mo-</span> 
     </span>
    </p>
   </div>
   <div class='ocr_carea' id='block_1_47' title="bbox 2094 1667 2538 1734">
    <p class='ocr_par' dir='ltr' id='par_1_47' title="bbox 2094 1667 2538 1734">
     <span class='ocr_line' id='line_1_47' title="bbox 2094 1667 2538 1734; baseline -0.007 -13"><span class='ocrx_word' id='word_1_312' title='bbox 2094 1682 2224 1732; x_wconf 91' lang='lat' dir='ltr'>neo,</span> <span class='ocrx_word' id='word_1_313' title='bbox 2257 1667 2356 1720; x_wconf 92' lang='lat' dir='ltr'>sed</span> <span class='ocrx_word' id='word_1_314' title='bbox 2388 1681 2538 1734; x_wconf 83' lang='lat' dir='ltr'>rogo.</span> 
     </span>
    </p>
   </div>
   <div class='ocr_carea' id='block_1_48' title="bbox 2167 1753 3758 1817">
    <p class='ocr_par' dir='ltr' id='par_1_48' title="bbox 2167 1753 3758 1817">
     <span class='ocr_line' id='line_1_48' title="bbox 2167 1753 3758 1817; baseline 0.001 -9"><span class='ocrx_word' id='word_1_315' title='bbox 2167 1754 2435 1809; x_wconf 90' lang='lat' dir='ltr'>Poterant</span> <span class='ocrx_word' id='word_1_316' title='bbox 2464 1757 2662 1808; x_wconf 90' lang='lat' dir='ltr'>autem</span> <span class='ocrx_word' id='word_1_317' title='bbox 2693 1753 2937 1808; x_wconf 84' lang='lat' dir='ltr'>Romani</span> <span class='ocrx_word' id='word_1_318' title='bbox 2969 1753 3506 1817; x_wconf 76' lang='lat' dir='ltr'>dicerezouomodo</span> <span class='ocrx_word' id='word_1_319' title='bbox 3538 1754 3612 1810; x_wconf 85' lang='lat' dir='ltr'>ab</span> <span class='ocrx_word' id='word_1_320' title='bbox 3632 1753 3758 1810; x_wconf 90' lang='lat' dir='ltr'>illis</span> 
     </span>
    </p>
   </div>
   <div class='ocr_carea' id='block_1_49' title="bbox 2094 1841 3756 1914">
    <p class='ocr_par' dir='ltr' id='par_1_49' title="bbox 2094 1841 3756 1914">
     <span class='ocr_line' id='line_1_49' title="bbox 2094 1841 3756 1914; baseline 0.001 -16"><span class='ocrx_word' id='word_1_321' title='bbox 2094 1859 2292 1898; x_wconf 90' lang='lat' dir='ltr'>cavere</span> <span class='ocrx_word' id='word_1_322' title='bbox 2323 1858 2659 1914; x_wconf 90' lang='lat' dir='ltr'>possumus,</span> <span class='ocrx_word' id='word_1_323' title='bbox 2685 1858 2818 1896; x_wconf 89' lang='lat' dir='ltr'>cum</span> <span class='ocrx_word' id='word_1_324' title='bbox 2852 1841 3092 1912; x_wconf 83' lang='lat' dir='ltr'>majoris</span> <span class='ocrx_word' id='word_1_325' title='bbox 3123 1841 3392 1912; x_wconf 69' lang='lat' dir='ltr'>potentias</span> <span class='ocrx_word' id='word_1_326' title='bbox 3426 1842 3547 1898; x_wconf 91' lang='lat' dir='ltr'>sint</span> <span class='ocrx_word' id='word_1_327' title='bbox 3566 1859 3756 1914; x_wconf 87' lang='lat' dir='ltr'>quam</span> 
     </span>
    </p>
   </div>
   <div class='ocr_carea' id='block_1_50' title="bbox 2096 1929 3754 2002">
    <p class='ocr_par' dir='ltr' id='par_1_50' title="bbox 2096 1929 3754 2002">
     <span class='ocr_line' id='line_1_50' title="bbox 2096 1929 3754 2002; baseline 0.001 -16"><span class='ocrx_word' id='word_1_328' title='bbox 2096 1948 2334 2002; x_wconf 90' lang='lat' dir='ltr'>nos,nec</span> <span class='ocrx_word' id='word_1_329' title='bbox 2349 1931 2581 2002; x_wconf 89' lang='lat' dir='ltr'>possint</span> <span class='ocrx_word' id='word_1_330' title='bbox 2601 1929 2738 2002; x_wconf 90' lang='lat' dir='ltr'>pelli</span> <span class='ocrx_word' id='word_1_331' title='bbox 2755 1931 2826 1985; x_wconf 91' lang='lat' dir='ltr'>ab</span> <span class='ocrx_word' id='word_1_332' title='bbox 2850 1930 3147 1986; x_wconf 83' lang='lat' dir='ltr'>Ecclesia?</span> <span class='ocrx_word' id='word_1_333' title='bbox 3170 1930 3385 1986; x_wconf 88' lang='lat' dir='ltr'>Idcirco</span> <span class='ocrx_word' id='word_1_334' title='bbox 3407 1931 3754 2001; x_wconf 82' lang='lat' dir='ltr'>subjunxit:</span> 
     </span>
    </p>
   </div>
   <div class='ocr_carea' id='block_1_51' title="bbox 2095 2019 3754 2091">
    <p class='ocr_par' dir='ltr' id='par_1_51' title="bbox 2095 2019 3754 2091">
     <span class='ocr_line' id='line_1_51' title="bbox 2095 2019 3754 2091; baseline 0 -15"><span class='ocrx_word' id='word_1_335' title='bbox 2095 2025 2147 2076; x_wconf 92' lang='lat' dir='ltr'>et</span> <span class='ocrx_word' id='word_1_336' title='bbox 2174 2020 2452 2076; x_wconf 78' lang='lat' dir='ltr'>declinato</span> <span class='ocrx_word' id='word_1_337' title='bbox 2479 2021 2548 2075; x_wconf 90' lang='lat' dir='ltr'>ab</span> <span class='ocrx_word' id='word_1_338' title='bbox 2573 2021 2674 2076; x_wconf 90' lang='lat' dir='ltr'>eis.</span> <span class='ocrx_word' id='word_1_339' title='bbox 2706 2019 2929 2083; x_wconf 90' lang='lat' dir='ltr'>Quibus</span> <span class='ocrx_word' id='word_1_340' title='bbox 2956 2019 3150 2074; x_wconf 87' lang='lat' dir='ltr'>verbis</span> <span class='ocrx_word' id='word_1_341' title='bbox 3179 2019 3452 2088; x_wconf 90' lang='lat' dir='ltr'>ostendit,</span> <span class='ocrx_word' id='word_1_342' title='bbox 3473 2021 3609 2091; x_wconf 88' lang='lat' dir='ltr'>quia</span> <span class='ocrx_word' id='word_1_343' title='bbox 3631 2037 3754 2076; x_wconf 91' lang='lat' dir='ltr'>non</span> 
     </span>
    </p>
   </div>
   <div class='ocr_carea' id='block_1_52' title="bbox 2098 2107 3756 2181">
    <p class='ocr_par' dir='ltr' id='par_1_52' title="bbox 2098 2107 3756 2181">
     <span class='ocr_line' id='line_1_52' title="bbox 2098 2107 3756 2181; baseline 0 -16"><span class='ocrx_word' id='word_1_344' title='bbox 2098 2108 2290 2165; x_wconf 91' lang='lat' dir='ltr'>solum</span> <span class='ocrx_word' id='word_1_345' title='bbox 2324 2108 2714 2181; x_wconf 71' lang='lat' dir='ltr'>praelatis,sed</span> <span class='ocrx_word' id='word_1_346' title='bbox 2745 2109 2923 2164; x_wconf 89' lang='lat' dir='ltr'>etiam</span> <span class='ocrx_word' id='word_1_347' title='bbox 2956 2107 3210 2164; x_wconf 89' lang='lat' dir='ltr'>subditis</span> <span class='ocrx_word' id='word_1_348' title='bbox 3241 2123 3456 2181; x_wconf 88' lang='lat' dir='ltr'>magna</span> <span class='ocrx_word' id='word_1_349' title='bbox 3475 2109 3756 2166; x_wconf 87' lang='lat' dir='ltr'>discretio</span> 
     </span>
    </p>
   </div>
   <div class='ocr_carea' id='block_1_53' title="bbox 2097 2196 3755 2268">
    <p class='ocr_par' dir='ltr' id='par_1_53' title="bbox 2097 2196 3755 2268">
     <span class='ocr_line' id='line_1_53' title="bbox 2097 2196 3755 2268; baseline 0.001 -15"><span class='ocrx_word' id='word_1_350' title='bbox 2097 2203 2187 2253; x_wconf 91' lang='lat' dir='ltr'>est</span> <span class='ocrx_word' id='word_1_351' title='bbox 2224 2199 2491 2254; x_wconf 84' lang='lat' dir='ltr'>habenda</span> <span class='ocrx_word' id='word_1_352' title='bbox 2519 2198 2688 2268; x_wconf 86' lang='lat'>(479).</span> <span class='ocrx_word' id='word_1_353' title='bbox 2722 2197 2867 2252; x_wconf 88' lang='lat' dir='ltr'>Nam</span> <span class='ocrx_word' id='word_1_354' title='bbox 2917 2197 2966 2252; x_wconf 93' lang='lat' dir='ltr'>si</span> <span class='ocrx_word' id='word_1_355' title='bbox 3018 2196 3240 2252; x_wconf 90' lang='lat' dir='ltr'>nullius</span> <span class='ocrx_word' id='word_1_356' title='bbox 3289 2198 3590 2268; x_wconf 90' lang='lat' dir='ltr'>potestatis</span> <span class='ocrx_word' id='word_1_357' title='bbox 3645 2204 3755 2254; x_wconf 90' lang='lat' dir='ltr'>aut</span> 
     </span>
    </p>
   </div>
   <div class='ocr_carea' id='block_1_54' title="bbox 2100 2285 3751 2358">
    <p class='ocr_par' dir='ltr' id='par_1_54' title="bbox 2100 2285 3751 2358">
     <span class='ocr_line' id='line_1_54' title="bbox 2100 2285 3751 2358; baseline 0 -16"><span class='ocrx_word' id='word_1_358' title='bbox 2100 2304 2287 2358; x_wconf 78' lang='lat' dir='ltr'>parvae</span> <span class='ocrx_word' id='word_1_359' title='bbox 2321 2287 2588 2358; x_wconf 90' lang='lat' dir='ltr'>sunt,qui</span> <span class='ocrx_word' id='word_1_360' title='bbox 2617 2286 3014 2341; x_wconf 90' lang='lat' dir='ltr'>dissensiones</span> <span class='ocrx_word' id='word_1_361' title='bbox 3035 2290 3092 2340; x_wconf 91' lang='lat' dir='ltr'>et</span> <span class='ocrx_word' id='word_1_362' title='bbox 3112 2285 3465 2341; x_wconf 75' lang='lat' dir='ltr'>offendicula</span> <span class='ocrx_word' id='word_1_363' title='bbox 3493 2285 3751 2356; x_wconf 86' lang='lat' dir='ltr'>faciunt;</span> 
     </span>
    </p>
   </div>
   <div class='ocr_carea' id='block_1_55' title="bbox 2099 2374 3752 2449">
    <p class='ocr_par' dir='ltr' id='par_1_55' title="bbox 2099 2374 3752 2449">
     <span class='ocr_line' id='line_1_55' title="bbox 2099 2374 3752 2449; baseline -0.001 -17"><span class='ocrx_word' id='word_1_364' title='bbox 2099 2376 2348 2449; x_wconf 87' lang='lat' dir='ltr'>pellendi</span> <span class='ocrx_word' id='word_1_365' title='bbox 2383 2381 2526 2431; x_wconf 91' lang='lat' dir='ltr'>sunt</span> <span class='ocrx_word' id='word_1_366' title='bbox 2554 2376 2625 2430; x_wconf 91' lang='lat' dir='ltr'>ab</span> <span class='ocrx_word' id='word_1_367' title='bbox 2658 2374 2934 2446; x_wconf 88' lang='lat' dir='ltr'>Ecclesia,</span> <span class='ocrx_word' id='word_1_368' title='bbox 2971 2379 3035 2429; x_wconf 91' lang='lat' dir='ltr'>ut</span> <span class='ocrx_word' id='word_1_369' title='bbox 3063 2375 3289 2431; x_wconf 90' lang='lat' dir='ltr'>confusi</span> <span class='ocrx_word' id='word_1_370' title='bbox 3338 2380 3645 2431; x_wconf 84' lang='lat' dir='ltr'>vertantur</span> <span class='ocrx_word' id='word_1_371' title='bbox 3676 2378 3752 2432; x_wconf 89' lang='lat' dir='ltr'>ad</span> 
     </span>
    </p>
   </div>
   <div class='ocr_carea' id='block_1_56' title="bbox 2100 2463 3753 2536">
    <p class='ocr_par' dir='ltr' id='par_1_56' title="bbox 2100 2463 3753 2536">
     <span class='ocr_line' id='line_1_56' title="bbox 2100 2463 3753 2536; baseline 0 -16"><span class='ocrx_word' id='word_1_372' title='bbox 2100 2465 2499 2536; x_wconf 67' lang='lat' dir='ltr'>paenitentiam</span> <span class='ocrx_word' id='word_1_373' title='bbox 2533 2482 2545 2518; x_wconf 90' lang='lat'><strong>:</strong></span> <span class='ocrx_word' id='word_1_374' title='bbox 2583 2464 2632 2520; x_wconf 91' lang='lat' dir='ltr'>si</span> <span class='ocrx_word' id='word_1_375' title='bbox 2663 2479 2798 2518; x_wconf 85' lang='lat' dir='ltr'>vero</span> <span class='ocrx_word' id='word_1_376' title='bbox 2831 2468 3008 2519; x_wconf 69' lang='lat' dir='ltr'>tantae</span> <span class='ocrx_word' id='word_1_377' title='bbox 3040 2463 3341 2535; x_wconf 91' lang='lat' dir='ltr'>potestatis</span> <span class='ocrx_word' id='word_1_378' title='bbox 3365 2468 3597 2529; x_wconf 88' lang='lat' dir='ltr'>sunt,ut</span> <span class='ocrx_word' id='word_1_379' title='bbox 3617 2466 3753 2520; x_wconf 87' lang='lat' dir='ltr'>fun-</span> 
     </span>
    </p>
   </div>
   <div class='ocr_carea' id='block_1_57' title="bbox 2099 2552 3757 2625">
    <p class='ocr_par' dir='ltr' id='par_1_57' title="bbox 2099 2552 3757 2625">
     <span class='ocr_line' id='line_1_57' title="bbox 2099 2552 3757 2625; baseline 0.001 -16"><span class='ocrx_word' id='word_1_380' title='bbox 2099 2555 2255 2609; x_wconf 91' lang='lat' dir='ltr'>ditus</span> <span class='ocrx_word' id='word_1_381' title='bbox 2285 2553 2419 2625; x_wconf 89' lang='lat' dir='ltr'>pelli</span> <span class='ocrx_word' id='word_1_382' title='bbox 2451 2570 2564 2609; x_wconf 91' lang='lat' dir='ltr'>non</span> <span class='ocrx_word' id='word_1_383' title='bbox 2594 2552 2852 2624; x_wconf 89' lang='lat' dir='ltr'>possint;</span> <span class='ocrx_word' id='word_1_384' title='bbox 2885 2552 3295 2608; x_wconf 90' lang='lat' dir='ltr'>declinandum</span> <span class='ocrx_word' id='word_1_385' title='bbox 3327 2557 3416 2608; x_wconf 90' lang='lat' dir='ltr'>est</span> <span class='ocrx_word' id='word_1_386' title='bbox 3446 2554 3518 2608; x_wconf 91' lang='lat' dir='ltr'>ab</span> <span class='ocrx_word' id='word_1_387' title='bbox 3551 2554 3658 2622; x_wconf 90' lang='lat' dir='ltr'>eis,</span> <span class='ocrx_word' id='word_1_388' title='bbox 3680 2571 3757 2610; x_wconf 89' lang='lat' dir='ltr'>ne</span> 
     </span>
    </p>
   </div>
   <div class='ocr_carea' id='block_1_58' title="bbox 2098 2641 3755 2713">
    <p class='ocr_par' dir='ltr' id='par_1_58' title="bbox 2098 2641 3755 2713">
     <span class='ocr_line' id='line_1_58' title="bbox 2098 2641 3755 2713; baseline 0 -15"><span class='ocrx_word' id='word_1_389' title='bbox 2098 2643 2236 2698; x_wconf 92' lang='lat' dir='ltr'>boni</span> <span class='ocrx_word' id='word_1_390' title='bbox 2266 2642 2553 2698; x_wconf 86' lang='lat' dir='ltr'>malorum</span> <span class='ocrx_word' id='word_1_391' title='bbox 2585 2641 2874 2697; x_wconf 91' lang='lat' dir='ltr'>consortio</span> <span class='ocrx_word' id='word_1_392' title='bbox 2907 2646 3379 2713; x_wconf 88' lang='lat' dir='ltr'>corrumpantur.</span> <span class='ocrx_word' id='word_1_393' title='bbox 3413 2643 3530 2698; x_wconf 90' lang='lat' dir='ltr'>Cur</span> <span class='ocrx_word' id='word_1_394' title='bbox 3552 2647 3755 2698; x_wconf 89' lang='lat' dir='ltr'>autem</span> 
     </span>
    </p>
   </div>
   <div class='ocr_carea' id='block_1_59' title="bbox 2099 2730 3755 2803">
    <p class='ocr_par' dir='ltr' id='par_1_59' title="bbox 2099 2730 3755 2803">
     <span class='ocr_line' id='line_1_59' title="bbox 2099 2730 3755 2803; baseline 0 -16"><span class='ocrx_word' id='word_1_395' title='bbox 2099 2732 2506 2787; x_wconf 90' lang='lat' dir='ltr'>declinandum</span> <span class='ocrx_word' id='word_1_396' title='bbox 2541 2732 2615 2786; x_wconf 89' lang='lat' dir='ltr'>sit</span> <span class='ocrx_word' id='word_1_397' title='bbox 2645 2731 2717 2785; x_wconf 87' lang='lat' dir='ltr'>ab</span> <span class='ocrx_word' id='word_1_398' title='bbox 2751 2730 2858 2797; x_wconf 90' lang='lat' dir='ltr'>eis,</span> <span class='ocrx_word' id='word_1_399' title='bbox 2891 2731 3164 2800; x_wconf 88' lang='lat' dir='ltr'>ostendit,</span> <span class='ocrx_word' id='word_1_400' title='bbox 3196 2731 3564 2803; x_wconf 88' lang='lat' dir='ltr'>snbjungens</span> <span class='ocrx_word' id='word_1_401' title='bbox 3599 2747 3615 2787; x_wconf 88' lang='lat'><strong>:</strong></span> <span class='ocrx_word' id='word_1_402' title='bbox 3645 2735 3755 2787; x_wconf 83' lang='lat' dir='ltr'>Hu-</span> 
     </span>
    </p>
   </div>
   <div class='ocr_carea' id='block_1_60' title="bbox 2089 2818 3761 2892">
    <p class='ocr_par' dir='ltr' id='par_1_60' title="bbox 2089 2818 3761 2892">
     <span class='ocr_line' id='line_1_60' title="bbox 2089 2818 3761 2892; baseline 0.001 -17"><span class='ocrx_word' id='word_1_403' title='bbox 2089 2821 2332 2892; x_wconf 85' lang='lat' dir='ltr'>jusmodi</span> <span class='ocrx_word' id='word_1_404' title='bbox 2358 2821 2507 2874; x_wconf 85' lang='lat' dir='ltr'>enim</span> <span class='ocrx_word' id='word_1_405' title='bbox 2529 2818 2746 2874; x_wconf 81' lang='lat' dir='ltr'>Christo</span> <span class='ocrx_word' id='word_1_406' title='bbox 2775 2820 3002 2873; x_wconf 88' lang='lat' dir='ltr'>Domino</span> <span class='ocrx_word' id='word_1_407' title='bbox 3023 2828 3212 2873; x_wconf 84' lang='lat' dir='ltr'>nostro</span> <span class='ocrx_word' id='word_1_408' title='bbox 3232 2835 3343 2874; x_wconf 86' lang='lat' dir='ltr'>non</span> <span class='ocrx_word' id='word_1_409' title='bbox 3365 2820 3637 2887; x_wconf 85' lang='lat' dir='ltr'>serviunt,</span> <span class='ocrx_word' id='word_1_410' title='bbox 3661 2822 3761 2876; x_wconf 87' lang='lat' dir='ltr'>sed</span> 
     </span>
    </p>
   </div>
   <div class='ocr_carea' id='block_1_61' title="bbox 2097 2905 3759 2975">
    <p class='ocr_par' dir='ltr' id='par_1_61' title="bbox 2097 2905 3759 2975">
     <span class='ocr_line' id='line_1_61' title="bbox 2097 2905 3759 2975; baseline 0.002 -12"><span class='ocrx_word' id='word_1_411' title='bbox 2097 2925 2192 2964; x_wconf 87' lang='lat' dir='ltr'>suo</span> <span class='ocrx_word' id='word_1_412' title='bbox 2222 2909 2420 2975; x_wconf 82' lang='lat' dir='ltr'>ventri,</span> <span class='ocrx_word' id='word_1_413' title='bbox 2454 2905 2511 2962; x_wconf 91' lang='lat' dir='ltr'>id</span> <span class='ocrx_word' id='word_1_414' title='bbox 2541 2911 2650 2974; x_wconf 90' lang='lat' dir='ltr'>est,</span> <span class='ocrx_word' id='word_1_415' title='bbox 2684 2922 2798 2961; x_wconf 90' lang='lat' dir='ltr'>non</span> <span class='ocrx_word' id='word_1_416' title='bbox 2831 2906 3162 2961; x_wconf 90' lang='lat' dir='ltr'>animarum</span> <span class='ocrx_word' id='word_1_417' title='bbox 3188 2906 3372 2975; x_wconf 90' lang='lat' dir='ltr'>lucra,</span> <span class='ocrx_word' id='word_1_418' title='bbox 3398 2915 3499 2964; x_wconf 87' lang='lat' dir='ltr'>sed</span> <span class='ocrx_word' id='word_1_419' title='bbox 3520 2913 3759 2966; x_wconf 87' lang='lat' dir='ltr'>terrena</span> 
     </span>
    </p>
   </div>
   <div class='ocr_carea' id='block_1_62' title="bbox 2098 2994 3756 3067">
    <p class='ocr_par' dir='ltr' id='par_1_62' title="bbox 2098 2994 3756 3067">
     <span class='ocr_line' id='line_1_62' title="bbox 2098 2994 3756 3067; baseline 0.001 -15"><span class='ocrx_word' id='word_1_420' title='bbox 2098 2998 2404 3053; x_wconf 88' lang='lat' dir='ltr'>commoda</span> <span class='ocrx_word' id='word_1_421' title='bbox 2434 2996 2729 3066; x_wconf 86' lang='lat' dir='ltr'>petunt.Et</span> <span class='ocrx_word' id='word_1_422' title='bbox 2755 3011 2853 3066; x_wconf 87' lang='lat' dir='ltr'>per</span> <span class='ocrx_word' id='word_1_423' title='bbox 2880 2994 3064 3051; x_wconf 85' lang='lat' dir='ltr'>dulces</span> <span class='ocrx_word' id='word_1_424' title='bbox 3091 3011 3382 3067; x_wconf 87' lang='lat' dir='ltr'>sermones,</span> <span class='ocrx_word' id='word_1_425' title='bbox 3419 3001 3472 3051; x_wconf 84' lang='lat' dir='ltr'>et</span> <span class='ocrx_word' id='word_1_426' title='bbox 3521 3000 3756 3054; x_wconf 88' lang='lat' dir='ltr'>benedi-</span> 
     </span>
    </p>
   </div>
   <div class='ocr_carea' id='block_1_63' title="bbox 2095 3084 3760 3160">
    <p class='ocr_par' dir='ltr' id='par_1_63' title="bbox 2095 3084 3760 3160">
     <span class='ocr_line' id='line_1_63' title="bbox 2095 3084 3760 3160; baseline 0.001 -18"><span class='ocrx_word' id='word_1_427' title='bbox 2095 3088 2317 3154; x_wconf 86' lang='lat' dir='ltr'>ctiones,</span> <span class='ocrx_word' id='word_1_428' title='bbox 2362 3086 2624 3140; x_wconf 82' lang='lat' dir='ltr'>seducunt</span> <span class='ocrx_word' id='word_1_429' title='bbox 2662 3084 2826 3140; x_wconf 90' lang='lat' dir='ltr'>corda</span> <span class='ocrx_word' id='word_1_430' title='bbox 2875 3086 3244 3140; x_wconf 86' lang='lat' dir='ltr'>innocentum.</span> <span class='ocrx_word' id='word_1_431' title='bbox 3295 3086 3480 3142; x_wconf 87' lang='lat' dir='ltr'>Corda</span> <span class='ocrx_word' id='word_1_432' title='bbox 3530 3087 3760 3160; x_wconf 88' lang='lat' dir='ltr'>quippe</span> 
     </span>
    </p>
   </div>
   <div class='ocr_carea' id='block_1_64' title="bbox 2095 3173 3759 3245">
    <p class='ocr_par' dir='ltr' id='par_1_64' title="bbox 2095 3173 3759 3245">
     <span class='ocr_line' id='line_1_64' title="bbox 2095 3173 3759 3245; baseline 0.001 -15"><span class='ocrx_word' id='word_1_433' title='bbox 2095 3174 2476 3230; x_wconf 90' lang='lat' dir='ltr'>innocentum</span> <span class='ocrx_word' id='word_1_434' title='bbox 2509 3190 2611 3245; x_wconf 89' lang='lat' dir='ltr'>per</span> <span class='ocrx_word' id='word_1_435' title='bbox 2637 3173 2836 3230; x_wconf 91' lang='lat' dir='ltr'>dulces</span> <span class='ocrx_word' id='word_1_436' title='bbox 2867 3189 3166 3230; x_wconf 89' lang='lat' dir='ltr'>sermones</span> <span class='ocrx_word' id='word_1_437' title='bbox 3197 3178 3254 3230; x_wconf 90' lang='lat' dir='ltr'>et</span> <span class='ocrx_word' id='word_1_438' title='bbox 3282 3174 3759 3244; x_wconf 88' lang='lat' dir='ltr'>benedictiones;</span> 
     </span>
    </p>
   </div>
   <div class='ocr_carea' id='block_1_65' title="bbox 412 3243 3760 3341">
    <p class='ocr_par' dir='ltr' id='par_1_65' title="bbox 412 3243 3760 3341">
     <span class='ocr_line' id='line_1_65' title="bbox 412 3243 3760 3341; baseline 0 -22"><span class='ocrx_word' id='word_1_439' title='bbox 412 3243 1038 3341; x_wconf 32' lang='lat' dir='ltr'>Salutate&#39;Philologum</span> <span class='ocrx_word' id='word_1_440' title='bbox 1063 3243 1117 3325; x_wconf 68' lang='grc' dir='ltr'>ἐι</span> <span class='ocrx_word' id='word_1_441' title='bbox 1143 3243 1388 3332; x_wconf 67' lang='lat' dir='ltr'>Iuliam;</span> <span class='ocrx_word' id='word_1_442' title='bbox 1417 3269 1606 3324; x_wconf 87' lang='lat' dir='ltr'>virum</span> <span class='ocrx_word' id='word_1_443' title='bbox 1651 3274 1710 3325; x_wconf 83' lang='lat' dir='ltr'>et</span> <span class='ocrx_word' id='word_1_444' title='bbox 1747 3285 1985 3325; x_wconf 82' lang='lat' dir='ltr'>uxorem</span> <span class='ocrx_word' id='word_1_445' title='bbox 2015 3243 2059 3309; x_wconf 64' lang='grc' dir='ltr'>Ο</span> <span class='ocrx_word' id='word_1_446' title='bbox 2098 3263 2257 3336; x_wconf 83' lang='lat' dir='ltr'>quia,</span> <span class='ocrx_word' id='word_1_447' title='bbox 2293 3267 2358 3317; x_wconf 83' lang='lat' dir='ltr'>ut</span> <span class='ocrx_word' id='word_1_448' title='bbox 2383 3264 2454 3318; x_wconf 91' lang='lat' dir='ltr'>ab</span> <span class='ocrx_word' id='word_1_449' title='bbox 2484 3243 2894 3318; x_wconf 84' lang='lat' dir='ltr'>innocentibus</span> <span class='ocrx_word' id='word_1_450' title='bbox 2919 3262 3108 3318; x_wconf 81' lang='lat' dir='ltr'>sancti</span> <span class='ocrx_word' id='word_1_451' title='bbox 3131 3262 3478 3334; x_wconf 78' lang='lat' dir='ltr'>habeantur,</span> <span class='ocrx_word' id='word_1_452' title='bbox 3502 3268 3560 3318; x_wconf 88' lang='lat' dir='ltr'>et</span> <span class='ocrx_word' id='word_1_453' title='bbox 3583 3265 3760 3321; x_wconf 89' lang='lat' dir='ltr'>dictis</span> 
     </span>
    </p>
   </div>
   <div class='ocr_carea' id='block_1_66' title="bbox 341 3353 1994 3430">
    <p class='ocr_par' dir='ltr' id='par_1_66' title="bbox 341 3353 1994 3430">
     <span class='ocr_line' id='line_1_66' title="bbox 341 3353 1994 3430; baseline 0.002 -21"><span class='ocrx_word' id='word_1_454' title='bbox 341 3353 622 3412; x_wconf 87' lang='lat' dir='ltr'>debemus</span> <span class='ocrx_word' id='word_1_455' title='bbox 653 3356 1158 3430; x_wconf 90' lang='lat' dir='ltr'>intelligere.Quia</span> <span class='ocrx_word' id='word_1_456' title='bbox 1177 3375 1312 3414; x_wconf 90' lang='lat' dir='ltr'>vero</span> <span class='ocrx_word' id='word_1_457' title='bbox 1335 3375 1468 3413; x_wconf 85' lang='lat' dir='ltr'>mox</span> <span class='ocrx_word' id='word_1_458' title='bbox 1498 3357 1693 3413; x_wconf 86' lang='lat' dir='ltr'>intulit</span> <span class='ocrx_word' id='word_1_459' title='bbox 1718 3377 1730 3413; x_wconf 88' lang='lat'><strong>:</strong></span> <span class='ocrx_word' id='word_1_460' title='bbox 1754 3360 1994 3414; x_wconf 84' lang='lat' dir='ltr'>Nereum</span> 
     </span>
    </p>
   </div>
   <div class='ocr_carea' id='block_1_67' title="bbox 339 3446 1991 3518">
    <p class='ocr_par' dir='ltr' id='par_1_67' title="bbox 339 3446 1991 3518">
     <span class='ocr_line' id='line_1_67' title="bbox 339 3446 1991 3518; baseline 0.002 -21"><span class='ocrx_word' id='word_1_461' title='bbox 339 3446 391 3497; x_wconf 84' lang='lat' dir='ltr'>et</span> <span class='ocrx_word' id='word_1_462' title='bbox 415 3457 658 3500; x_wconf 77' lang='lat' dir='ltr'>sororem</span> <span class='ocrx_word' id='word_1_463' title='bbox 686 3447 878 3513; x_wconf 77' lang='lat' dir='ltr'>eius,et</span> <span class='ocrx_word' id='word_1_464' title='bbox 915 3446 1324 3518; x_wconf 81' lang='lat' dir='ltr'>Olympiadem,</span> <span class='ocrx_word' id='word_1_465' title='bbox 1359 3446 1499 3517; x_wconf 90' lang='lat' dir='ltr'>quia</span> <span class='ocrx_word' id='word_1_466' title='bbox 1529 3446 1991 3517; x_wconf 63' lang='lat' dir='ltr'>precedentibus</span> 
     </span>
    </p>
   </div>
   <div class='ocr_carea' id='block_1_68' title="bbox 340 3534 2002 3606">
    <p class='ocr_par' dir='ltr' id='par_1_68' title="bbox 340 3534 2002 3606">
     <span class='ocr_line' id='line_1_68' title="bbox 340 3534 2002 3606; baseline 0.002 -20"><span class='ocrx_word' id='word_1_467' title='bbox 340 3546 438 3586; x_wconf 85' lang='lat' dir='ltr'>eos</span> <span class='ocrx_word' id='word_1_468' title='bbox 471 3534 812 3604; x_wconf 83' lang='lat' dir='ltr'>conjunxit;</span> <span class='ocrx_word' id='word_1_469' title='bbox 844 3535 1029 3590; x_wconf 92' lang='lat' dir='ltr'>voluit</span> <span class='ocrx_word' id='word_1_470' title='bbox 1063 3535 1305 3591; x_wconf 81' lang='lat' dir='ltr'>forsitan</span> <span class='ocrx_word' id='word_1_471' title='bbox 1330 3535 1632 3591; x_wconf 90' lang='lat' dir='ltr'>ostendere</span> <span class='ocrx_word' id='word_1_472' title='bbox 1659 3535 1858 3606; x_wconf 88' lang='lat' dir='ltr'>aliqua</span> <span class='ocrx_word' id='word_1_473' title='bbox 1877 3535 2002 3590; x_wconf 83' lang='lat' dir='ltr'>affi-</span> 
     </span>
    </p>
   </div>
   <div class='ocr_carea' id='block_1_69' title="bbox 341 3619 1999 3695">
    <p class='ocr_par' dir='ltr' id='par_1_69' title="bbox 341 3619 1999 3695">
     <span class='ocr_line' id='line_1_69' title="bbox 341 3619 1999 3695; baseline 0.003 -21"><span class='ocrx_word' id='word_1_474' title='bbox 341 3619 522 3676; x_wconf 90' lang='lat' dir='ltr'>nitate</span> <span class='ocrx_word' id='word_1_475' title='bbox 553 3623 996 3692; x_wconf 90' lang='lat' dir='ltr'>conjunctos.Et</span> <span class='ocrx_word' id='word_1_476' title='bbox 1017 3624 1156 3695; x_wconf 91' lang='lat' dir='ltr'>quia</span> <span class='ocrx_word' id='word_1_477' title='bbox 1177 3640 1309 3679; x_wconf 89' lang='lat' dir='ltr'>cum</span> <span class='ocrx_word' id='word_1_478' title='bbox 1335 3623 1426 3679; x_wconf 90' lang='lat' dir='ltr'>his</span> <span class='ocrx_word' id='word_1_479' title='bbox 1461 3624 1626 3679; x_wconf 88' lang='lat' dir='ltr'>multi</span> <span class='ocrx_word' id='word_1_480' title='bbox 1658 3630 1999 3680; x_wconf 86' lang='lat' dir='ltr'>sanctorum</span> 
     </span>
    </p>
   </div>
   <div class='ocr_carea' id='block_1_70' title="bbox 341 3709 2003 3785">
    <p class='ocr_par' dir='ltr' id='par_1_70' title="bbox 341 3709 2003 3785">
     <span class='ocr_line' id='line_1_70' title="bbox 341 3709 2003 3785; baseline 0.004 -23"><span class='ocrx_word' id='word_1_481' title='bbox 341 3713 611 3780; x_wconf 88' lang='lat' dir='ltr'>erant,ne</span> <span class='ocrx_word' id='word_1_482' title='bbox 632 3709 889 3781; x_wconf 89' lang='lat' dir='ltr'>aliquem</span> <span class='ocrx_word' id='word_1_483' title='bbox 916 3711 1252 3783; x_wconf 72' lang='lat' dir='ltr'>praeteriret,</span> <span class='ocrx_word' id='word_1_484' title='bbox 1281 3713 1590 3785; x_wconf 84' lang='lat' dir='ltr'>subjunxit</span> <span class='ocrx_word' id='word_1_485' title='bbox 1615 3730 1628 3768; x_wconf 90' lang='lat'><strong>:</strong></span> <span class='ocrx_word' id='word_1_486' title='bbox 1652 3721 1724 3781; x_wconf 87' lang='lat' dir='ltr'>et,</span> <span class='ocrx_word' id='word_1_487' title='bbox 1757 3715 1851 3784; x_wconf 89' lang='lat' dir='ltr'>qui</span> <span class='ocrx_word' id='word_1_488' title='bbox 1878 3730 2003 3768; x_wconf 90' lang='lat' dir='ltr'>cum</span> 
     </span>
    </p>
   </div>
   <div class='ocr_carea' id='block_1_71' title="bbox 340 3798 2002 3874">
    <p class='ocr_par' dir='ltr' id='par_1_71' title="bbox 340 3798 2002 3874">
     <span class='ocr_line' id='line_1_71' title="bbox 340 3798 2002 3874; baseline 0.004 -23"><span class='ocrx_word' id='word_1_489' title='bbox 340 3798 425 3852; x_wconf 84' lang='lat' dir='ltr'>eis</span> <span class='ocrx_word' id='word_1_490' title='bbox 456 3802 607 3869; x_wconf 89' lang='lat' dir='ltr'>sunt,</span> <span class='ocrx_word' id='word_1_491' title='bbox 638 3805 878 3855; x_wconf 84' lang='lat' dir='ltr'>sanctos.</span> <span class='ocrx_word' id='word_1_492' title='bbox 935 3800 1194 3872; x_wconf 89' lang='lat' dir='ltr'>Denique</span> <span class='ocrx_word' id='word_1_493' title='bbox 1241 3805 1372 3873; x_wconf 89' lang='lat' dir='ltr'>post</span> <span class='ocrx_word' id='word_1_494' title='bbox 1420 3801 1731 3874; x_wconf 89' lang='lat' dir='ltr'>specialem</span> <span class='ocrx_word' id='word_1_495' title='bbox 1781 3801 2002 3857; x_wconf 77' lang='lat' dir='ltr'>saluta&#39;</span> 
     </span>
    </p>
   </div>
   <div class='ocr_carea' id='block_1_72' title="bbox 343 3885 2010 3960">
    <p class='ocr_par' dir='ltr' id='par_1_72' title="bbox 343 3885 2010 3960">
     <span class='ocr_line' id='line_1_72' title="bbox 343 3885 2010 3960; baseline 0.003 -19"><span class='ocrx_word' id='word_1_496' title='bbox 343 3885 587 3957; x_wconf 86' lang='lat' dir='ltr'>tionem,</span> <span class='ocrx_word' id='word_1_497' title='bbox 625 3888 697 3942; x_wconf 89' lang='lat' dir='ltr'>ad</span> <span class='ocrx_word' id='word_1_498' title='bbox 729 3888 1061 3960; x_wconf 88' lang='lat' dir='ltr'>generalem</span> <span class='ocrx_word' id='word_1_499' title='bbox 1092 3906 1153 3946; x_wconf 89' lang='lat' dir='ltr'>se</span> <span class='ocrx_word' id='word_1_500' title='bbox 1183 3890 1448 3957; x_wconf 88' lang='lat' dir='ltr'>contulit,</span> <span class='ocrx_word' id='word_1_501' title='bbox 1479 3891 1680 3946; x_wconf 89' lang='lat' dir='ltr'>dicens</span> <span class='ocrx_word' id='word_1_502' title='bbox 1715 3905 1728 3945; x_wconf 88' lang='lat'><strong>:</strong></span> <span class='ocrx_word' id='word_1_503' title='bbox 1763 3890 2010 3946; x_wconf 66' lang='lat' dir='ltr'>Salutate</span> 
     </span>
    </p>
   </div>
   <div class='ocr_carea' id='block_1_73' title="bbox 346 3974 2001 4050">
    <p class='ocr_par' dir='ltr' id='par_1_73' title="bbox 346 3974 2001 4050">
     <span class='ocr_line' id='line_1_73' title="bbox 346 3974 2001 4050; baseline 0.002 -20"><span class='ocrx_word' id='word_1_504' title='bbox 346 3976 580 4031; x_wconf 83' lang='lat' dir='ltr'>invicem</span> <span class='ocrx_word' id='word_1_505' title='bbox 610 3978 668 4031; x_wconf 89' lang='lat' dir='ltr'>in</span> <span class='ocrx_word' id='word_1_506' title='bbox 697 3978 903 4033; x_wconf 83' lang='lat' dir='ltr'>osculo.</span> <span class='ocrx_word' id='word_1_507' title='bbox 937 3979 1006 4033; x_wconf 89' lang='lat' dir='ltr'>Et</span> <span class='ocrx_word' id='word_1_508' title='bbox 1032 3979 1170 4049; x_wconf 88' lang='lat' dir='ltr'>quia</span> <span class='ocrx_word' id='word_1_509' title='bbox 1200 3984 1340 4036; x_wconf 89' lang='lat' dir='ltr'>sunt</span> <span class='ocrx_word' id='word_1_510' title='bbox 1369 3979 1761 4050; x_wconf 89' lang='lat' dir='ltr'>quorumdam</span> <span class='ocrx_word' id='word_1_511' title='bbox 1787 3974 2001 4034; x_wconf 73' lang='lat' dir='ltr'>subdo&#39;</span> 
     </span>
    </p>
   </div>
   <div class='ocr_carea' id='block_1_74' title="bbox 345 4061 2001 4140">
    <p class='ocr_par' dir='ltr' id='par_1_74' title="bbox 345 4061 2001 4140">
     <span class='ocr_line' id='line_1_74' title="bbox 345 4061 2001 4140; baseline 0 -20"><span class='ocrx_word' id='word_1_512' title='bbox 345 4063 406 4120; x_wconf 91' lang='lat' dir='ltr'>1a</span> <span class='ocrx_word' id='word_1_513' title='bbox 435 4063 656 4134; x_wconf 89' lang='lat' dir='ltr'>oscula,</span> <span class='ocrx_word' id='word_1_514' title='bbox 690 4066 842 4122; x_wconf 88' lang='lat' dir='ltr'>sicut</span> <span class='ocrx_word' id='word_1_515' title='bbox 866 4067 1028 4123; x_wconf 75' lang='lat' dir='ltr'>Judas</span> <span class='ocrx_word' id='word_1_516' title='bbox 1053 4085 1066 4137; x_wconf 91' lang='lat'>;</span> <span class='ocrx_word' id='word_1_517' title='bbox 1100 4072 1164 4124; x_wconf 91' lang='lat' dir='ltr'>ut</span> <span class='ocrx_word' id='word_1_518' title='bbox 1189 4085 1255 4125; x_wconf 89' lang='lat' dir='ltr'>ea</span> <span class='ocrx_word' id='word_1_519' title='bbox 1282 4068 1642 4140; x_wconf 88' lang='lat' dir='ltr'>prohiberet,</span> <span class='ocrx_word' id='word_1_520' title='bbox 1669 4061 2001 4138; x_wconf 87' lang='lat' dir='ltr'>subjunxit’</span> 
     </span>
    </p>
   </div>
   <div class='ocr_carea' id='block_1_75' title="bbox 345 4159 556 4210">
    <p class='ocr_par' dir='ltr' id='par_1_75' title="bbox 345 4159 556 4210">
     <span class='ocr_line' id='line_1_75' title="bbox 345 4159 556 4210; baseline 0 0"><span class='ocrx_word' id='word_1_521' title='bbox 345 4159 556 4210; x_wconf 87' lang='lat' dir='ltr'>sancto.</span> 
     </span>
    </p>
   </div>
   <div class='ocr_carea' id='block_1_76' title="bbox 420 4244 2000 4318">
    <p class='ocr_par' dir='ltr' id='par_1_76' title="bbox 420 4244 2000 4318">
     <span class='ocr_line' id='line_1_76' title="bbox 420 4244 2000 4318; baseline 0 -18"><span class='ocrx_word' id='word_1_522' title='bbox 420 4244 492 4300; x_wconf 89' lang='lat' dir='ltr'>Ut</span> <span class='ocrx_word' id='word_1_523' title='bbox 547 4248 742 4301; x_wconf 91' lang='lat' dir='ltr'>autem</span> <span class='ocrx_word' id='word_1_524' title='bbox 802 4247 1133 4303; x_wconf 89' lang='lat' dir='ltr'>ostenderet</span> <span class='ocrx_word' id='word_1_525' title='bbox 1179 4250 1404 4318; x_wconf 86' lang='lat' dir='ltr'>quanta</span> <span class='ocrx_word' id='word_1_526' title='bbox 1456 4245 1848 4302; x_wconf 90' lang='lat' dir='ltr'>sollicitudine</span> <span class='ocrx_word' id='word_1_527' title='bbox 1898 4260 2000 4316; x_wconf 90' lang='lat' dir='ltr'>pro</span> 
     </span>
    </p>
   </div>
   <div class='ocr_carea' id='block_1_77' title="bbox 420 4386 1998 4514">
    <p class='ocr_par' dir='ltr' id='par_1_77' title="bbox 420 4386 1998 4514">
     <span class='ocr_line' id='line_1_77' title="bbox 420 4386 1998 4514; baseline 0 -71"><span class='ocrx_word' id='word_1_528' title='bbox 420 4388 569 4514; x_wconf 55' lang='lat'>(4:2)</span> <span class='ocrx_word' id='word_1_529' title='bbox 614 4389 744 4444; x_wconf 66' lang='lat' dir='ltr'>Haec</span> <span class='ocrx_word' id='word_1_530' title='bbox 790 4389 964 4446; x_wconf 90' lang='lat' dir='ltr'>verba</span> <span class='ocrx_word' id='word_1_531' title='bbox 1005 4389 1063 4444; x_wconf 92' lang='lat' dir='ltr'>in</span> <span class='ocrx_word' id='word_1_532' title='bbox 1115 4388 1340 4446; x_wconf 89' lang='lat' dir='ltr'>laterali</span> <span class='ocrx_word' id='word_1_533' title='bbox 1384 4386 1648 4460; x_wconf 86' lang='lat' dir='ltr'>margine</span> <span class='ocrx_word' id='word_1_534' title='bbox 1689 4390 1884 4458; x_wconf 87' lang='lat' dir='ltr'>autog.</span> <span class='ocrx_word' id='word_1_535' title='bbox 1919 4386 1998 4443; x_wconf 90' lang='lat' dir='ltr'>le-</span> 
     </span>
     <span class='ocr_line' id='line_1_78' title="bbox 420 4477 590 4514; baseline 0.006 -1"><span class='ocrx_word' id='word_1_536' title='bbox 420 4477 466 4513; x_wconf 59' lang='lat' dir='ltr'>:n</span> <span class='ocrx_word' id='word_1_537' title='bbox 493 4477 590 4514; x_wconf 70' lang='lat' dir='ltr'>.ur.</span> 
     </span>
    </p>
   </div>
   <div class='ocr_carea' id='block_1_78' title="bbox 390 4476 590 4514">
    <p class='ocr_par' dir='ltr' id='par_1_78' title="bbox 390 4476 590 4514">
     <span class='ocr_line' id='line_1_79' title="bbox 390 4476 590 4514; baseline 0.005 -1"><span class='ocrx_word' id='word_1_538' title='bbox 390 4476 590 4514; x_wconf 68' lang='grc' dir='ltr'>υῐιῑιη.</span> 
     </span>
    </p>
   </div>
   <div class='ocr_carea' id='block_1_79' title="bbox 347 4475 1100 4604">
    <p class='ocr_par' dir='ltr' id='par_1_79' title="bbox 347 4475 1100 4604">
     <span class='ocr_line' id='line_1_80' title="bbox 347 4475 590 4530; baseline 0.004 -17"><span class='ocrx_word' id='word_1_539' title='bbox 347 4475 421 4530; x_wconf 91' lang='lat' dir='ltr'>gu</span> <span class='ocrx_word' id='word_1_540' title='bbox 433 4475 590 4514; x_wconf 83' lang='lat' dir='ltr'>mur.</span> 
     </span>
     <span class='ocr_line' id='line_1_81' title="bbox 419 4530 1100 4604; baseline 0.001 -19"><span class='ocrx_word' id='word_1_541' title='bbox 419 4531 568 4604; x_wconf 87' lang='grc'>(473)</span> <span class='ocrx_word' id='word_1_542' title='bbox 597 4530 769 4604; x_wconf 70' lang='lat' dir='ltr'>Yulg.</span> <span class='ocrx_word' id='word_1_543' title='bbox 801 4531 1100 4604; x_wconf 81' lang='lat' dir='ltr'>Persidem.</span> 
     </span>
    </p>
   </div>
   <div class='ocr_carea' id='block_1_80' title="bbox 445 4597 1905 4672">
    <p class='ocr_par' dir='ltr' id='par_1_80' title="bbox 445 4597 1905 4672">
     <span class='ocr_line' id='line_1_82' title="bbox 445 4597 1905 4672; baseline -0.002 -16"><span class='ocrx_word' id='word_1_544' title='bbox 445 4597 570 4669; x_wconf 85' lang='grc'>474)</span> <span class='ocrx_word' id='word_1_545' title='bbox 603 4597 746 4657; x_wconf 63' lang='lat' dir='ltr'>Haec</span> <span class='ocrx_word' id='word_1_546' title='bbox 762 4605 934 4659; x_wconf 87' lang='lat' dir='ltr'>verba</span> <span class='ocrx_word' id='word_1_547' title='bbox 963 4605 1022 4658; x_wconf 91' lang='lat' dir='ltr'>in</span> <span class='ocrx_word' id='word_1_548' title='bbox 1054 4601 1280 4657; x_wconf 89' lang='lat' dir='ltr'>laterali</span> <span class='ocrx_word' id='word_1_549' title='bbox 1312 4600 1577 4672; x_wconf 85' lang='lat' dir='ltr'>margine</span> <span class='ocrx_word' id='word_1_550' title='bbox 1609 4597 1905 4669; x_wconf 89' lang='lat' dir='ltr'>leguntur.</span> 
     </span>
    </p>
   </div>
   <div class='ocr_carea' id='block_1_81' title="bbox 448 4673 1179 4746">
    <p class='ocr_par' dir='ltr' id='par_1_81' title="bbox 448 4673 1179 4746">
     <span class='ocr_line' id='line_1_83' title="bbox 448 4673 1179 4746; baseline 0.001 -19"><span class='ocrx_word' id='word_1_551' title='bbox 448 4675 570 4746; x_wconf 87' lang='grc'>475)</span> <span class='ocrx_word' id='word_1_552' title='bbox 600 4673 770 4746; x_wconf 72' lang='lat' dir='ltr'>Vulg.</span> <span class='ocrx_word' id='word_1_553' title='bbox 805 4676 1179 4745; x_wconf 84' lang='lat' dir='ltr'>Asynoritum.</span> 
     </span>
    </p>
   </div>
   <div class='ocr_carea' id='block_1_82' title="bbox 449 4745 1195 4816">
    <p class='ocr_par' dir='ltr' id='par_1_82' title="bbox 449 4745 1195 4816">
     <span class='ocr_line' id='line_1_84' title="bbox 449 4745 1195 4816; baseline -0.001 -17"><span class='ocrx_word' id='word_1_554' title='bbox 449 4747 573 4816; x_wconf 89' lang='grc'>476)</span> <span class='ocrx_word' id='word_1_555' title='bbox 604 4745 771 4815; x_wconf 74' lang='lat' dir='ltr'>Vulg.</span> <span class='ocrx_word' id='word_1_556' title='bbox 805 4747 1195 4816; x_wconf 83' lang='lat' dir='ltr'>Phlegontem.</span> 
     </span>
    </p>
   </div>
   <div class='ocr_carea' id='block_1_83' title="bbox 449 4816 1202 4890">
    <p class='ocr_par' dir='ltr' id='par_1_83' title="bbox 449 4816 1202 4890">
     <span class='ocr_line' id='line_1_85' title="bbox 449 4816 1202 4890; baseline 0 0"><span class='ocrx_word' id='word_1_557' title='bbox 449 4816 573 4890; x_wconf 62' lang='lat'>47;)</span> <span class='ocrx_word' id='word_1_558' title='bbox 603 4816 704 4890; x_wconf 68' lang='grc' dir='ltr'>γει</span> <span class='ocrx_word' id='word_1_559' title='bbox 731 4817 924 4890; x_wconf 80' lang='lat' dir='ltr'>potius</span> <span class='ocrx_word' id='word_1_560' title='bbox 956 4819 1202 4890; x_wconf 58' lang='lat' dir='ltr'>Hmag-</span> 
     </span>
    </p>
   </div>
   <div class='ocr_carea' id='block_1_84' title="bbox 446 4881 1992 4962">
    <p class='ocr_par' dir='ltr' id='par_1_84' title="bbox 446 4881 1992 4962">
     <span class='ocr_line' id='line_1_86' title="bbox 446 4881 1992 4962; baseline -0.001 -21"><span class='ocrx_word' id='word_1_561' title='bbox 446 4881 572 4962; x_wconf 69' lang='grc'>476)</span> <span class='ocrx_word' id='word_1_562' title='bbox 602 4881 876 4962; x_wconf 65' lang='grc' dir='ltr'>ρι’ἰέθηθε</span> <span class='ocrx_word' id='word_1_563' title='bbox 891 4882 1422 4962; x_wconf 81' lang='lat' dir='ltr'>scilicet,Eu_sebius</span> <span class='ocrx_word' id='word_1_564' title='bbox 1444 4886 1500 4938; x_wconf 88' lang='lat' dir='ltr'>et</span> <span class='ocrx_word' id='word_1_565' title='bbox 1516 4881 1992 4962; x_wconf 77' lang='lat' dir='ltr'>D.Hieronym_us.</span> 
     </span>
    </p>
   </div>
   <div class='ocr_carea' id='block_1_85' title="bbox 445 4954 1994 5031">
    <p class='ocr_par' dir='ltr' id='par_1_85' title="bbox 445 4954 1994 5031">
     <span class='ocr_line' id='line_1_87' title="bbox 445 4954 1994 5031; baseline 0.001 -19"><span class='ocrx_word' id='word_1_566' title='bbox 445 4959 570 5031; x_wconf 89' lang='grc'>479)</span> <span class='ocrx_word' id='word_1_567' title='bbox 601 4954 732 5016; x_wconf 69' lang='grc' dir='ltr'>Ηωό</span> <span class='ocrx_word' id='word_1_568' title='bbox 758 4959 1052 5015; x_wconf 89' lang='lat' dir='ltr'>sententia</span> <span class='ocrx_word' id='word_1_569' title='bbox 1082 4954 1321 5031; x_wconf 71' lang='lat' dir='ltr'>omnino</span> <span class='ocrx_word' id='word_1_570' title='bbox 1379 4954 1842 5031; x_wconf 21' lang='lat' dir='ltr'>cumluniversae</span> <span class='ocrx_word' id='word_1_571' title='bbox 1886 4958 1994 5031; x_wconf 82' lang='lat' dir='ltr'>Ec-</span> 
     </span>
    </p>
   </div>
   <div class='ocr_carea' id='block_1_86' title="bbox 349 5025 1996 5098">
    <p class='ocr_par' dir='ltr' id='par_1_86' title="bbox 349 5025 1996 5098">
     <span class='ocr_line' id='line_1_88' title="bbox 349 5025 1996 5098; baseline 0 -14"><span class='ocrx_word' id='word_1_572' title='bbox 349 5025 692 5086; x_wconf 52' lang='lat' dir='ltr'>clesiaa&#39;tum</span> <span class='ocrx_word' id='word_1_573' title='bbox 737 5032 811 5090; x_wconf 88' lang='lat' dir='ltr'>iis</span> <span class='ocrx_word' id='word_1_574' title='bbox 860 5029 1246 5098; x_wconf 88' lang='lat' dir='ltr'>temporibus,</span> <span class='ocrx_word' id='word_1_575' title='bbox 1279 5032 1406 5080; x_wconf 91' lang='lat' dir='ltr'>tum</span> <span class='ocrx_word' id='word_1_576' title='bbox 1438 5025 1866 5097; x_wconf 88' lang='lat' dir='ltr'>antiquioribus</span> <span class='ocrx_word' id='word_1_577' title='bbox 1893 5030 1996 5084; x_wconf 89' lang='lat' dir='ltr'>do-</span> 
     </span>
    </p>
   </div>
   <div class='ocr_carea' id='block_1_87' title="bbox 347 5097 1997 5169">
    <p class='ocr_par' dir='ltr' id='par_1_87' title="bbox 347 5097 1997 5169">
     <span class='ocr_line' id='line_1_89' title="bbox 347 5097 1997 5169; baseline -0.001 -13"><span class='ocrx_word' id='word_1_578' title='bbox 347 5102 537 5158; x_wconf 89' lang='lat' dir='ltr'>ctrina</span> <span class='ocrx_word' id='word_1_579' title='bbox 566 5107 622 5158; x_wconf 90' lang='lat' dir='ltr'>et</span> <span class='ocrx_word' id='word_1_580' title='bbox 651 5119 762 5158; x_wconf 90' lang='lat' dir='ltr'>usu</span> <span class='ocrx_word' id='word_1_581' title='bbox 795 5097 1085 5169; x_wconf 84' lang='lat' dir='ltr'>congruit,</span> <span class='ocrx_word' id='word_1_582' title='bbox 1135 5098 1307 5169; x_wconf 87' lang='lat' dir='ltr'>cujus</span> <span class='ocrx_word' id='word_1_583' title='bbox 1354 5097 1756 5153; x_wconf 89' lang='lat' dir='ltr'>testimonium</span> <span class='ocrx_word' id='word_1_584' title='bbox 1806 5100 1997 5155; x_wconf 86' lang='lat' dir='ltr'>reddit</span> 
     </span>
    </p>
   </div>
   <div class='ocr_carea' id='block_1_88' title="bbox 389 5168 1994 5240">
    <p class='ocr_par' dir='ltr' id='par_1_88' title="bbox 389 5168 1994 5240">
     <span class='ocr_line' id='line_1_90' title="bbox 389 5168 1994 5240; baseline -0.002 -11"><span class='ocrx_word' id='word_1_585' title='bbox 389 5173 726 5230; x_wconf 86' lang='lat' dir='ltr'>otissimum</span> <span class='ocrx_word' id='word_1_586' title='bbox 757 5171 899 5225; x_wconf 91' lang='lat' dir='ltr'>illud</span> <span class='ocrx_word' id='word_1_587' title='bbox 917 5168 1198 5225; x_wconf 71' lang='lat' dir='ltr'>Ecclesiae</span> <span class='ocrx_word' id='word_1_588' title='bbox 1231 5170 1750 5240; x_wconf 70' lang='lat' dir='ltr'>praestantissimus</span> <span class='ocrx_word' id='word_1_589' title='bbox 1794 5169 1994 5226; x_wconf 88' lang='lat' dir='ltr'>lumen</span> 
     </span>
    </p>
   </div>
   <div class='ocr_carea' id='block_1_89' title="bbox 403 5241 1992 5312">
    <p class='ocr_par' dir='ltr' id='par_1_89' title="bbox 403 5241 1992 5312">
     <span class='ocr_line' id='line_1_91' title="bbox 403 5241 1992 5312; baseline -0.003 -12"><span class='ocrx_word' id='word_1_590' title='bbox 403 5289 414 5300; x_wconf 96' lang='lat'>.</span> <span class='ocrx_word' id='word_1_591' title='bbox 467 5243 839 5312; x_wconf 85' lang='lat' dir='ltr'>Augustinus</span> <span class='ocrx_word' id='word_1_592' title='bbox 888 5247 1043 5312; x_wconf 83' lang='lat' dir='ltr'>cont.</span> <span class='ocrx_word' id='word_1_593' title='bbox 1077 5241 1288 5312; x_wconf 1' lang='lat' dir='ltr'>(Parm.</span> <span class='ocrx_word' id='word_1_594' title='bbox 1344 5241 1440 5310; x_wconf 88' lang='lat' dir='ltr'>Ill,</span> <span class='ocrx_word' id='word_1_595' title='bbox 1492 5258 1541 5297; x_wconf 83' lang='grc' dir='ltr'><strong>ο.</strong></span> <span class='ocrx_word' id='word_1_596' title='bbox 1592 5259 1654 5306; x_wconf 83' lang='lat'>11,</span> <span class='ocrx_word' id='word_1_597' title='bbox 1707 5259 1764 5296; x_wconf 90' lang='lat' dir='ltr'>n.</span> <span class='ocrx_word' id='word_1_598' title='bbox 1805 5243 1857 5312; x_wconf 88' lang='lat'>8,</span> <span class='ocrx_word' id='word_1_599' title='bbox 1907 5243 1992 5309; x_wconf 84' lang='grc'>12,</span> 
     </span>
    </p>
   </div>
   <div class='ocr_carea' id='block_1_90' title="bbox 349 5311 1995 5385">
    <p class='ocr_par' dir='ltr' id='par_1_90' title="bbox 349 5311 1995 5385">
     <span class='ocr_line' id='line_1_92' title="bbox 349 5311 1995 5385; baseline -0.004 -12"><span class='ocrx_word' id='word_1_600' title='bbox 349 5319 438 5383; x_wconf 72' lang='grc'>13,</span> <span class='ocrx_word' id='word_1_601' title='bbox 473 5311 692 5385; x_wconf 51' lang='lat' dir='ltr'>ibid—7</span> <span class='ocrx_word' id='word_1_602' title='bbox 711 5313 821 5385; x_wconf 79' lang='lat' dir='ltr'>sed</span> <span class='ocrx_word' id='word_1_603' title='bbox 854 5311 1006 5366; x_wconf 89' lang='lat' dir='ltr'>dicet</span> <span class='ocrx_word' id='word_1_604' title='bbox 1035 5311 1250 5385; x_wconf 86' lang='lat' dir='ltr'>aliquis</span> <span class='ocrx_word' id='word_1_605' title='bbox 1274 5330 1287 5367; x_wconf 91' lang='lat'><strong><em>:</em></strong></span> <span class='ocrx_word' id='word_1_606' title='bbox 1315 5313 1612 5377; x_wconf 89' lang='lat' dir='ltr'>Quomodo</span> <span class='ocrx_word' id='word_1_607' title='bbox 1641 5311 1995 5385; x_wconf 75' lang='lat' dir='ltr'>praecipienti</span> 
     </span>
    </p>
   </div>
   <div class='ocr_carea' id='block_1_91' title="bbox 344 5382 1995 5459">
    <p class='ocr_par' dir='ltr' id='par_1_91' title="bbox 344 5382 1995 5459">
     <span class='ocr_line' id='line_1_93' title="bbox 344 5382 1995 5459; baseline -0.003 -15"><span class='ocrx_word' id='word_1_608' title='bbox 344 5382 622 5459; x_wconf 89' lang='lat' dir='ltr'>Apostolo</span> <span class='ocrx_word' id='word_1_609' title='bbox 640 5382 872 5459; x_wconf 72' lang='lat' dir='ltr'>obedire</span> <span class='ocrx_word' id='word_1_610' title='bbox 895 5382 1337 5459; x_wconf 26' lang='lat' dir='ltr'>poterimgus,qui</span> <span class='ocrx_word' id='word_1_611' title='bbox 1360 5390 1515 5459; x_wconf 77' lang='lat' dir='ltr'>vetat</span> <span class='ocrx_word' id='word_1_612' title='bbox 1543 5382 1676 5440; x_wconf 81' lang='lat' dir='ltr'>cum</span> <span class='ocrx_word' id='word_1_613' title='bbox 1704 5382 1995 5459; x_wconf 73' lang='lat' dir='ltr'>ejusmodi</span> 
     </span>
    </p>
   </div>
   <div class='ocr_carea' id='block_1_92' title="bbox 347 5454 1994 5528">
    <p class='ocr_par' dir='ltr' id='par_1_92' title="bbox 347 5454 1994 5528">
     <span class='ocr_line' id='line_1_94' title="bbox 347 5454 1994 5528; baseline -0.003 -12"><span class='ocrx_word' id='word_1_614' title='bbox 347 5454 830 5528; x_wconf 82' lang='lat' dir='ltr'>cibumsumere?</span> <span class='ocrx_word' id='word_1_615' title='bbox 851 5455 910 5509; x_wconf 91' lang='lat' dir='ltr'>In</span> <span class='ocrx_word' id='word_1_616' title='bbox 934 5455 1039 5511; x_wconf 88' lang='lat' dir='ltr'>hac</span> <span class='ocrx_word' id='word_1_617' title='bbox 1063 5455 1217 5511; x_wconf 90' lang='lat' dir='ltr'>velut</span> <span class='ocrx_word' id='word_1_618' title='bbox 1238 5454 1508 5528; x_wconf 84' lang='lat' dir='ltr'>angustia</span> <span class='ocrx_word' id='word_1_619' title='bbox 1523 5454 1864 5527; x_wconf 62' lang='lat' dir='ltr'>quaestionis</span> <span class='ocrx_word' id='word_1_620' title='bbox 1877 5473 1994 5511; x_wconf 90' lang='lat' dir='ltr'>non</span> 
     </span>
    </p>
   </div>
   <div class='ocr_carea' id='block_1_93' title="bbox 347 5526 1997 5598">
    <p class='ocr_par' dir='ltr' id='par_1_93' title="bbox 347 5526 1997 5598">
     <span class='ocr_line' id='line_1_95' title="bbox 347 5526 1997 5598; baseline -0.002 -13"><span class='ocrx_word' id='word_1_621' title='bbox 347 5526 576 5598; x_wconf 88' lang='lat' dir='ltr'>aliquid</span> <span class='ocrx_word' id='word_1_622' title='bbox 601 5532 942 5598; x_wconf 72' lang='lat' dir='ltr'>novum,aut</span> <span class='ocrx_word' id='word_1_623' title='bbox 963 5528 1265 5583; x_wconf 87' lang='lat' dir='ltr'>insolitum</span> <span class='ocrx_word' id='word_1_624' title='bbox 1280 5526 1601 5595; x_wconf 76' lang='lat' dir='ltr'>dicam,sed</span> <span class='ocrx_word' id='word_1_625' title='bbox 1617 5529 1770 5598; x_wconf 92' lang='lat' dir='ltr'>quod</span> <span class='ocrx_word' id='word_1_626' title='bbox 1795 5533 1997 5582; x_wconf 88' lang='lat' dir='ltr'>sancta</span> 
     </span>
    </p>
   </div>
   <div class='ocr_carea' id='block_1_94' title="bbox 347 5595 1995 5678">
    <p class='ocr_par' dir='ltr' id='par_1_94' title="bbox 347 5595 1995 5678">
     <span class='ocr_line' id='line_1_96' title="bbox 347 5595 1995 5678; baseline 0.001 -25"><span class='ocrx_word' id='word_1_627' title='bbox 347 5595 624 5678; x_wconf 68' lang='lat' dir='ltr'>observat</span> <span class='ocrx_word' id='word_1_628' title='bbox 650 5595 925 5678; x_wconf 80' lang='lat' dir='ltr'>Ecclesia,</span> <span class='ocrx_word' id='word_1_629' title='bbox 971 5605 1040 5678; x_wconf 75' lang='lat' dir='ltr'>ut</span> <span class='ocrx_word' id='word_1_630' title='bbox 1083 5616 1244 5678; x_wconf 65' lang='lat' dir='ltr'>cum_</span> <span class='ocrx_word' id='word_1_631' title='bbox 1275 5601 1533 5678; x_wconf 80' lang='lat' dir='ltr'>quisque</span> <span class='ocrx_word' id='word_1_632' title='bbox 1579 5595 1995 5678; x_wconf 74' lang='lat' dir='ltr'>_fratrum,__ceu</span> 
     </span>
    </p>
   </div>
   <div class='ocr_carea' id='block_1_95' title="bbox 347 5669 1996 5735">
    <p class='ocr_par' dir='ltr' id='par_1_95' title="bbox 347 5669 1996 5735">
     <span class='ocr_line' id='line_1_97' title="bbox 347 5669 1996 5735; baseline -0.001 -6"><span class='ocrx_word' id='word_1_633' title='bbox 347 5669 814 5729; x_wconf 87' lang='lat' dir='ltr'>Christianorum</span> <span class='ocrx_word' id='word_1_634' title='bbox 836 5669 993 5732; x_wconf 88' lang='lat' dir='ltr'>intus</span> <span class='ocrx_word' id='word_1_635' title='bbox 1024 5672 1085 5732; x_wconf 89' lang='lat' dir='ltr'>in</span> <span class='ocrx_word' id='word_1_636' title='bbox 1115 5669 1384 5732; x_wconf 78' lang='lat' dir='ltr'>Ecclesiae</span> <span class='ocrx_word' id='word_1_637' title='bbox 1417 5669 1692 5731; x_wconf 77' lang='lat' dir='ltr'>societate</span> <span class='ocrx_word' id='word_1_638' title='bbox 1713 5669 1996 5735; x_wconf 82' lang='lat' dir='ltr'>constitu-</span> 
     </span>
    </p>
   </div>
   <div class='ocr_carea' id='block_1_96' title="bbox 2105 3351 3759 3424">
    <p class='ocr_par' dir='ltr' id='par_1_96' title="bbox 2105 3351 3759 3424">
     <span class='ocr_line' id='line_1_98' title="bbox 2105 3351 3759 3424; baseline 0.001 -18"><span class='ocrx_word' id='word_1_639' title='bbox 2105 3351 2340 3408; x_wconf 91' lang='lat' dir='ltr'>illorum</span> <span class='ocrx_word' id='word_1_640' title='bbox 2371 3352 2517 3407; x_wconf 85' lang='lat' dir='ltr'>ﬁdes</span> <span class='ocrx_word' id='word_1_641' title='bbox 2547 3353 3039 3420; x_wconf 84' lang='lat' dir='ltr'>accommodetur,</span> <span class='ocrx_word' id='word_1_642' title='bbox 3084 3352 3258 3407; x_wconf 88' lang='lat' dir='ltr'>modo</span> <span class='ocrx_word' id='word_1_643' title='bbox 3303 3351 3516 3408; x_wconf 86' lang='lat' dir='ltr'>blande</span> <span class='ocrx_word' id='word_1_644' title='bbox 3547 3354 3759 3424; x_wconf 60' lang='lat' dir='ltr'>praedi-</span> 
     </span>
    </p>
   </div>
   <div class='ocr_carea' id='block_1_97' title="bbox 2107 3439 3758 3513">
    <p class='ocr_par' dir='ltr' id='par_1_97' title="bbox 2107 3439 3758 3513">
     <span class='ocr_line' id='line_1_99' title="bbox 2107 3439 3758 3513; baseline 0.001 -17"><span class='ocrx_word' id='word_1_645' title='bbox 2107 3445 2260 3508; x_wconf 88' lang='lat' dir='ltr'>cant,</span> <span class='ocrx_word' id='word_1_646' title='bbox 2283 3441 2452 3496; x_wconf 91' lang='lat' dir='ltr'>modo</span> <span class='ocrx_word' id='word_1_647' title='bbox 2483 3441 2771 3512; x_wconf 86' lang='lat' dir='ltr'>quaedam</span> <span class='ocrx_word' id='word_1_648' title='bbox 2804 3439 3235 3495; x_wconf 87' lang='lat' dir='ltr'>benedictiones</span> <span class='ocrx_word' id='word_1_649' title='bbox 3255 3439 3758 3513; x_wconf 88' lang='lat' dir='ltr'>tribuunt.1taque</span> 
     </span>
    </p>
   </div>
   <div class='ocr_carea' id='block_1_98' title="bbox 2110 3529 3752 3601">
    <p class='ocr_par' dir='ltr' id='par_1_98' title="bbox 2110 3529 3752 3601">
     <span class='ocr_line' id='line_1_100' title="bbox 2110 3529 3752 3601; baseline 0.001 -16"><span class='ocrx_word' id='word_1_650' title='bbox 2110 3537 2175 3585; x_wconf 86' lang='lat' dir='ltr'>ut</span> <span class='ocrx_word' id='word_1_651' title='bbox 2199 3547 2297 3586; x_wconf 91' lang='lat' dir='ltr'>eos</span> <span class='ocrx_word' id='word_1_652' title='bbox 2326 3529 2630 3586; x_wconf 89' lang='lat' dir='ltr'>inclinaret</span> <span class='ocrx_word' id='word_1_653' title='bbox 2660 3530 2732 3585; x_wconf 90' lang='lat' dir='ltr'>ad</span> <span class='ocrx_word' id='word_1_654' title='bbox 2762 3529 2842 3599; x_wconf 92' lang='lat' dir='ltr'>id,</span> <span class='ocrx_word' id='word_1_655' title='bbox 2876 3529 3031 3601; x_wconf 91' lang='lat' dir='ltr'>quod</span> <span class='ocrx_word' id='word_1_656' title='bbox 3081 3529 3334 3600; x_wconf 90' lang='lat' dir='ltr'>petebat,</span> <span class='ocrx_word' id='word_1_657' title='bbox 3387 3531 3697 3601; x_wconf 82' lang='lat' dir='ltr'>subjunxit</span> <span class='ocrx_word' id='word_1_658' title='bbox 3740 3548 3752 3586; x_wconf 94' lang='lat'>:</span> 
     </span>
    </p>
   </div>
   <div class='ocr_carea' id='block_1_99' title="bbox 2118 3619 3768 3691">
    <p class='ocr_par' dir='ltr' id='par_1_99' title="bbox 2118 3619 3768 3691">
     <span class='ocr_line' id='line_1_101' title="bbox 2118 3619 3768 3691; baseline -0.001 -14"><span class='ocrx_word' id='word_1_659' title='bbox 2118 3622 2299 3677; x_wconf 87' lang='lat' dir='ltr'>Vestra</span> <span class='ocrx_word' id='word_1_660' title='bbox 2327 3628 2514 3676; x_wconf 87' lang='lat' dir='ltr'>autem</span> <span class='ocrx_word' id='word_1_661' title='bbox 2557 3619 2862 3674; x_wconf 86' lang='lat' dir='ltr'>obedientia</span> <span class='ocrx_word' id='word_1_662' title='bbox 2910 3621 2970 3673; x_wconf 89' lang='lat' dir='ltr'>in</span> <span class='ocrx_word' id='word_1_663' title='bbox 3020 3633 3230 3674; x_wconf 88' lang='lat' dir='ltr'>omnem</span> <span class='ocrx_word' id='word_1_664' title='bbox 3271 3619 3445 3673; x_wconf 88' lang='lat' dir='ltr'>locum</span> <span class='ocrx_word' id='word_1_665' title='bbox 3476 3619 3768 3691; x_wconf 84' lang='lat' dir='ltr'>divulgata</span> 
     </span>
    </p>
   </div>
   <div class='ocr_carea' id='block_1_100' title="bbox 2111 3707 3768 3780">
    <p class='ocr_par' dir='ltr' id='par_1_100' title="bbox 2111 3707 3768 3780">
     <span class='ocr_line' id='line_1_102' title="bbox 2111 3707 3768 3780; baseline 0 -14"><span class='ocrx_word' id='word_1_666' title='bbox 2111 3718 2208 3775; x_wconf 75' lang='lat' dir='ltr'>est,</span> <span class='ocrx_word' id='word_1_667' title='bbox 2259 3710 2315 3765; x_wconf 91' lang='lat' dir='ltr'>id</span> <span class='ocrx_word' id='word_1_668' title='bbox 2366 3713 2474 3778; x_wconf 90' lang='lat' dir='ltr'>est,</span> <span class='ocrx_word' id='word_1_669' title='bbox 2525 3709 2680 3779; x_wconf 91' lang='lat' dir='ltr'>quod</span> <span class='ocrx_word' id='word_1_670' title='bbox 2714 3707 3068 3780; x_wconf 73' lang='lat' dir='ltr'>Evangelicaa</span> <span class='ocrx_word' id='word_1_671' title='bbox 3116 3708 3391 3762; x_wconf 85' lang='lat' dir='ltr'>doctrinae</span> <span class='ocrx_word' id='word_1_672' title='bbox 3422 3708 3768 3766; x_wconf 87' lang='lat' dir='ltr'>obedientes</span> 
     </span>
    </p>
   </div>
   <div class='ocr_carea' id='block_1_101' title="bbox 2113 3794 3768 3869">
    <p class='ocr_par' dir='ltr' id='par_1_101' title="bbox 2113 3794 3768 3869">
     <span class='ocr_line' id='line_1_103' title="bbox 2113 3794 3768 3869; baseline -0.001 -15"><span class='ocrx_word' id='word_1_673' title='bbox 2113 3799 2263 3869; x_wconf 91' lang='lat' dir='ltr'>sitis,</span> <span class='ocrx_word' id='word_1_674' title='bbox 2296 3798 2356 3853; x_wconf 90' lang='lat' dir='ltr'>in</span> <span class='ocrx_word' id='word_1_675' title='bbox 2383 3802 2503 3853; x_wconf 91' lang='lat' dir='ltr'>toto</span> <span class='ocrx_word' id='word_1_676' title='bbox 2533 3799 2672 3853; x_wconf 88' lang='lat' dir='ltr'>orbe</span> <span class='ocrx_word' id='word_1_677' title='bbox 2701 3803 2991 3852; x_wconf 89' lang='lat' dir='ltr'>terrarum</span> <span class='ocrx_word' id='word_1_678' title='bbox 3043 3794 3411 3852; x_wconf 73' lang='lat' dir='ltr'>diffamatum</span> <span class='ocrx_word' id='word_1_679' title='bbox 3460 3801 3568 3852; x_wconf 89' lang='lat' dir='ltr'>est.</span> <span class='ocrx_word' id='word_1_680' title='bbox 3617 3798 3768 3853; x_wconf 88' lang='lat' dir='ltr'>Hinc</span> 
     </span>
    </p>
   </div>
   <div class='ocr_carea' id='block_1_102' title="bbox 2115 3875 3768 3958">
    <p class='ocr_par' dir='ltr' id='par_1_102' title="bbox 2115 3875 3768 3958">
     <span class='ocr_line' id='line_1_104' title="bbox 2115 3875 3768 3958; baseline -0.001 -16"><span class='ocrx_word' id='word_1_681' title='bbox 2115 3888 2280 3958; x_wconf 91' lang='lat' dir='ltr'>longe</span> <span class='ocrx_word' id='word_1_682' title='bbox 2338 3886 2608 3957; x_wconf 91' lang='lat' dir='ltr'>superius</span> <span class='ocrx_word' id='word_1_683' title='bbox 2656 3885 2736 3940; x_wconf 89' lang='lat' dir='ltr'>ait</span> <span class='ocrx_word' id='word_1_684' title='bbox 2783 3901 2798 3940; x_wconf 86' lang='lat'><strong>:</strong></span> <span class='ocrx_word' id='word_1_685' title='bbox 2847 3884 3004 3940; x_wconf 84' lang='lat' dir='ltr'>Fides</span> <span class='ocrx_word' id='word_1_686' title='bbox 3047 3875 3228 3940; x_wconf 83' lang='lat' dir='ltr'>vestra</span> <span class='ocrx_word' id='word_1_687' title='bbox 3270 3887 3647 3942; x_wconf 84' lang='lat' dir='ltr'>annun-tiatur</span> <span class='ocrx_word' id='word_1_688' title='bbox 3704 3889 3768 3941; x_wconf 89' lang='lat' dir='ltr'>in</span> 
     </span>
    </p>
   </div>
   <div class='ocr_carea' id='block_1_103' title="bbox 2111 3974 3026 4044">
    <p class='ocr_par' dir='ltr' id='par_1_103' title="bbox 2111 3974 3026 4044">
     <span class='ocr_line' id='line_1_105' title="bbox 2111 3974 3026 4044; baseline -0.005 -13"><span class='ocrx_word' id='word_1_689' title='bbox 2111 3978 2363 4032; x_wconf 83' lang='lat' dir='ltr'>universo</span> <span class='ocrx_word' id='word_1_690' title='bbox 2390 3975 2592 4029; x_wconf 86' lang='lat' dir='ltr'>mundo</span> <span class='ocrx_word' id='word_1_691' title='bbox 2622 3978 2844 4044; x_wconf 85' lang='lat' dir='ltr'>(supra,</span> <span class='ocrx_word' id='word_1_692' title='bbox 2878 3991 2918 4043; x_wconf 86' lang='lat'>1,</span> <span class='ocrx_word' id='word_1_693' title='bbox 2949 3974 3026 4044; x_wconf 93' lang='lat'>8).</span> 
     </span>
    </p>
   </div>
   <div class='ocr_carea' id='block_1_104' title="bbox 2183 4061 3769 4134">
    <p class='ocr_par' dir='ltr' id='par_1_104' title="bbox 2183 4061 3769 4134">
     <span class='ocr_line' id='line_1_106' title="bbox 2183 4061 3769 4134; baseline 0.001 -15"><span class='ocrx_word' id='word_1_694' title='bbox 2183 4065 2256 4120; x_wconf 93' lang='lat' dir='ltr'>Ut</span> <span class='ocrx_word' id='word_1_695' title='bbox 2285 4069 2480 4119; x_wconf 91' lang='lat' dir='ltr'>autem</span> <span class='ocrx_word' id='word_1_696' title='bbox 2513 4063 2844 4118; x_wconf 89' lang='lat' dir='ltr'>ostenderet</span> <span class='ocrx_word' id='word_1_697' title='bbox 2873 4077 2936 4118; x_wconf 91' lang='lat' dir='ltr'>se</span> <span class='ocrx_word' id='word_1_698' title='bbox 2965 4061 3248 4134; x_wconf 89' lang='lat' dir='ltr'>gratulari</span> <span class='ocrx_word' id='word_1_699' title='bbox 3277 4063 3349 4117; x_wconf 89' lang='lat' dir='ltr'>de</span> <span class='ocrx_word' id='word_1_700' title='bbox 3378 4062 3646 4134; x_wconf 86' lang='lat' dir='ltr'>profectu</span> <span class='ocrx_word' id='word_1_701' title='bbox 3679 4079 3769 4120; x_wconf 86' lang='lat' dir='ltr'>eo-</span> 
     </span>
    </p>
   </div>
   <div class='ocr_carea' id='block_1_105' title="bbox 2113 4151 3768 4224">
    <p class='ocr_par' dir='ltr' id='par_1_105' title="bbox 2113 4151 3768 4224">
     <span class='ocr_line' id='line_1_107' title="bbox 2113 4151 3768 4224; baseline -0.001 -14"><span class='ocrx_word' id='word_1_702' title='bbox 2113 4170 2267 4222; x_wconf 90' lang='lat' dir='ltr'>rum,</span> <span class='ocrx_word' id='word_1_703' title='bbox 2302 4152 2610 4224; x_wconf 85' lang='lat' dir='ltr'>subjunxit</span> <span class='ocrx_word' id='word_1_704' title='bbox 2642 4170 2654 4207; x_wconf 94' lang='lat'>:</span> <span class='ocrx_word' id='word_1_705' title='bbox 2691 4152 2911 4208; x_wconf 78' lang='lat' dir='ltr'>Gaudeo</span> <span class='ocrx_word' id='word_1_706' title='bbox 2943 4152 3121 4222; x_wconf 80' lang='lat' dir='ltr'>igitur</span> <span class='ocrx_word' id='word_1_707' title='bbox 3148 4153 3210 4206; x_wconf 78' lang='lat' dir='ltr'>in</span> <span class='ocrx_word' id='word_1_708' title='bbox 3238 4151 3414 4208; x_wconf 88' lang='lat' dir='ltr'>vobis.</span> <span class='ocrx_word' id='word_1_709' title='bbox 3446 4152 3678 4208; x_wconf 86' lang='lat' dir='ltr'>Rursus</span> <span class='ocrx_word' id='word_1_710' title='bbox 3705 4157 3768 4208; x_wconf 90' lang='lat' dir='ltr'>ut</span> 
     </span>
    </p>
   </div>
   <div class='ocr_carea' id='block_1_106' title="bbox 2112 4239 3766 4312">
    <p class='ocr_par' dir='ltr' id='par_1_106' title="bbox 2112 4239 3766 4312">
     <span class='ocr_line' id='line_1_108' title="bbox 2112 4239 3766 4312; baseline -0.002 -13"><span class='ocrx_word' id='word_1_711' title='bbox 2112 4242 2512 4299; x_wconf 86' lang='lat' dir='ltr'>manifestaret</span> <span class='ocrx_word' id='word_1_712' title='bbox 2540 4257 2640 4297; x_wconf 91' lang='lat' dir='ltr'>eos</span> <span class='ocrx_word' id='word_1_713' title='bbox 2663 4257 2780 4296; x_wconf 91' lang='lat' dir='ltr'>non</span> <span class='ocrx_word' id='word_1_714' title='bbox 2802 4240 2994 4296; x_wconf 89' lang='lat' dir='ltr'>adhuc</span> <span class='ocrx_word' id='word_1_715' title='bbox 3023 4239 3309 4312; x_wconf 89' lang='lat' dir='ltr'>perfectos</span> <span class='ocrx_word' id='word_1_716' title='bbox 3339 4239 3766 4311; x_wconf 88' lang='lat' dir='ltr'>undique,sub-</span> 
     </span>
    </p>
   </div>
   <div class='ocr_carea' id='block_1_107' title="bbox 2108 4380 3764 4454">
    <p class='ocr_par' dir='ltr' id='par_1_107' title="bbox 2108 4380 3764 4454">
     <span class='ocr_line' id='line_1_109' title="bbox 2108 4380 3764 4454; baseline -0.001 -14"><span class='ocrx_word' id='word_1_717' title='bbox 2108 4391 2304 4440; x_wconf 90' lang='lat' dir='ltr'>torum</span> <span class='ocrx_word' id='word_1_718' title='bbox 2340 4384 2396 4438; x_wconf 91' lang='lat' dir='ltr'>in</span> <span class='ocrx_word' id='word_1_719' title='bbox 2430 4383 2623 4454; x_wconf 90' lang='lat' dir='ltr'>aliquo</span> <span class='ocrx_word' id='word_1_720' title='bbox 2654 4381 2757 4438; x_wconf 87' lang='lat' dir='ltr'>tali</span> <span class='ocrx_word' id='word_1_721' title='bbox 2790 4384 3026 4454; x_wconf 90' lang='lat' dir='ltr'>peccato</span> <span class='ocrx_word' id='word_1_722' title='bbox 3058 4380 3233 4454; x_wconf 75' lang='lat' dir='ltr'>fuerit</span> <span class='ocrx_word' id='word_1_723' title='bbox 3261 4380 3687 4454; x_wconf 81' lang='lat' dir='ltr'>deprehensus,</span> <span class='ocrx_word' id='word_1_724' title='bbox 3708 4387 3764 4438; x_wconf 91' lang='lat' dir='ltr'>et</span> 
     </span>
    </p>
   </div>
   <div class='ocr_carea' id='block_1_108' title="bbox 2110 4451 3760 4524">
    <p class='ocr_par' dir='ltr' id='par_1_108' title="bbox 2110 4451 3760 4524">
     <span class='ocr_line' id='line_1_110' title="bbox 2110 4451 3760 4524; baseline -0.002 -13"><span class='ocrx_word' id='word_1_725' title='bbox 2110 4455 2479 4512; x_wconf 88' lang='lat' dir='ltr'>anathemate</span> <span class='ocrx_word' id='word_1_726' title='bbox 2501 4451 2714 4524; x_wconf 72' lang='lat' dir='ltr'>dignus</span> <span class='ocrx_word' id='word_1_727' title='bbox 2739 4451 3152 4523; x_wconf 66' lang='lat' dir='ltr'>habeaturﬁat</span> <span class='ocrx_word' id='word_1_728' title='bbox 3169 4451 3407 4524; x_wconf 57' lang='grc' dir='ltr'>δυσμιᾙί</span> <span class='ocrx_word' id='word_1_729' title='bbox 3429 4452 3760 4524; x_wconf 91' lang='lat' dir='ltr'>periculum</span> 
     </span>
    </p>
   </div>
   <div class='ocr_carea' id='block_1_109' title="bbox 2110 4523 3763 4594">
    <p class='ocr_par' dir='ltr' id='par_1_109' title="bbox 2110 4523 3763 4594">
     <span class='ocr_line' id='line_1_111' title="bbox 2110 4523 3763 4594; baseline -0.001 -11"><span class='ocrx_word' id='word_1_730' title='bbox 2110 4527 2448 4583; x_wconf 89' lang='lat' dir='ltr'>schismatis</span> <span class='ocrx_word' id='word_1_731' title='bbox 2494 4523 2722 4580; x_wconf 82' lang='lat' dir='ltr'>nullum</span> <span class='ocrx_word' id='word_1_732' title='bbox 2763 4529 2852 4580; x_wconf 89' lang='lat' dir='ltr'>est</span> <span class='ocrx_word' id='word_1_733' title='bbox 2893 4565 2906 4578; x_wconf 90' lang='lat'>.</span> <span class='ocrx_word' id='word_1_734' title='bbox 2952 4567 2964 4578; x_wconf 93' lang='lat'>.</span> <span class='ocrx_word' id='word_1_735' title='bbox 3006 4565 3018 4578; x_wconf 94' lang='lat'>.</span> <span class='ocrx_word' id='word_1_736' title='bbox 3061 4524 3294 4594; x_wconf 89' lang='lat' dir='ltr'>quando</span> <span class='ocrx_word' id='word_1_737' title='bbox 3341 4523 3447 4578; x_wconf 32' lang='lat' dir='ltr'>ita’</span> <span class='ocrx_word' id='word_1_738' title='bbox 3471 4524 3763 4594; x_wconf 88' lang='lat' dir='ltr'>cujusque</span> 
     </span>
    </p>
   </div>
   <div class='ocr_carea' id='block_1_110' title="bbox 2106 4594 3760 4666">
    <p class='ocr_par' dir='ltr' id='par_1_110' title="bbox 2106 4594 3760 4666">
     <span class='ocr_line' id='line_1_112' title="bbox 2106 4594 3760 4666; baseline -0.002 -11"><span class='ocrx_word' id='word_1_739' title='bbox 2106 4601 2328 4655; x_wconf 90' lang='lat' dir='ltr'>crimen</span> <span class='ocrx_word' id='word_1_740' title='bbox 2359 4602 2562 4654; x_wconf 89' lang='lat' dir='ltr'>notum</span> <span class='ocrx_word' id='word_1_741' title='bbox 2595 4601 2703 4666; x_wconf 90' lang='lat' dir='ltr'>est,</span> <span class='ocrx_word' id='word_1_742' title='bbox 2738 4601 2802 4651; x_wconf 91' lang='lat' dir='ltr'>ut</span> <span class='ocrx_word' id='word_1_743' title='bbox 2830 4595 3024 4650; x_wconf 90' lang='lat' dir='ltr'>nullos</span> <span class='ocrx_word' id='word_1_744' title='bbox 3053 4611 3314 4666; x_wconf 89' lang='lat' dir='ltr'>prorsus,</span> <span class='ocrx_word' id='word_1_745' title='bbox 3345 4594 3433 4650; x_wconf 92' lang='lat' dir='ltr'>vel</span> <span class='ocrx_word' id='word_1_746' title='bbox 3464 4611 3580 4650; x_wconf 91' lang='lat' dir='ltr'>non</span> <span class='ocrx_word' id='word_1_747' title='bbox 3611 4594 3760 4652; x_wconf 82' lang='lat' dir='ltr'>tales</span> 
     </span>
    </p>
   </div>
   <div class='ocr_carea' id='block_1_111' title="bbox 2105 4667 3755 4748">
    <p class='ocr_par' dir='ltr' id='par_1_111' title="bbox 2105 4667 3755 4748">
     <span class='ocr_line' id='line_1_113' title="bbox 2105 4667 3755 4748; baseline -0.004 -21"><span class='ocrx_word' id='word_1_748' title='bbox 2105 4671 2320 4727; x_wconf 88' lang='lat' dir='ltr'>habeat</span> <span class='ocrx_word' id='word_1_749' title='bbox 2348 4671 2830 4748; x_wconf 82' lang='lat' dir='ltr'>defensores,_per</span> <span class='ocrx_word' id='word_1_750' title='bbox 2850 4684 2996 4748; x_wconf 80' lang='lat' dir='ltr'>quos</span> <span class='ocrx_word' id='word_1_751' title='bbox 3025 4667 3216 4748; x_wconf 74' lang='lat' dir='ltr'>possit</span> <span class='ocrx_word' id='word_1_752' title='bbox 3242 4667 3504 4748; x_wconf 81' lang='lat' dir='ltr'>schisma</span> <span class='ocrx_word' id='word_1_753' title='bbox 3519 4668 3755 4748; x_wconf 79' lang='lat' dir='ltr'>contin-</span> 
     </span>
    </p>
   </div>
   <div class='ocr_carea' id='block_1_112' title="bbox 2105 4737 3760 4820">
    <p class='ocr_par' dir='ltr' id='par_1_112' title="bbox 2105 4737 3760 4820">
     <span class='ocr_line' id='line_1_114' title="bbox 2105 4737 3760 4820; baseline -0.002 -22"><span class='ocrx_word' id='word_1_754' title='bbox 2105 4759 2261 4820; x_wconf 81' lang='lat' dir='ltr'>gere</span> <span class='ocrx_word' id='word_1_755' title='bbox 2281 4784 2293 4796; x_wconf 96' lang='lat'>.</span> <span class='ocrx_word' id='word_1_756' title='bbox 2337 4783 2353 4820; x_wconf 85' lang='lat'>_.</span> <span class='ocrx_word' id='word_1_757' title='bbox 2399 4782 2412 4795; x_wconf 97' lang='lat'>.</span> <span class='ocrx_word' id='word_1_758' title='bbox 2454 4747 2595 4820; x_wconf 73' lang='lat' dir='ltr'>tunc</span> <span class='ocrx_word' id='word_1_759' title='bbox 2627 4737 2822 4820; x_wconf 68' lang='lat' dir='ltr'>autem</span> <span class='ocrx_word' id='word_1_760' title='bbox 2854 4737 2971 4820; x_wconf 33' lang='lat' dir='ltr'>hoc.</span> <span class='ocrx_word' id='word_1_761' title='bbox 2990 4737 3109 4794; x_wconf 91' lang='lat' dir='ltr'>sint</span> <span class='ocrx_word' id='word_1_762' title='bbox 3138 4737 3268 4820; x_wconf 73' lang='lat' dir='ltr'>labe</span> <span class='ocrx_word' id='word_1_763' title='bbox 3298 4738 3544 4820; x_wconf 80' lang='lat' dir='ltr'>pacis,et</span> <span class='ocrx_word' id='word_1_764' title='bbox 3565 4739 3760 4794; x_wconf 88' lang='lat' dir='ltr'>unita-</span> 
     </span>
    </p>
   </div>
   <div class='ocr_carea' id='block_1_113' title="bbox 2104 4808 3754 4892">
    <p class='ocr_par' dir='ltr' id='par_1_113' title="bbox 2104 4808 3754 4892">
     <span class='ocr_line' id='line_1_115' title="bbox 2104 4808 3754 4892; baseline -0.002 -22"><span class='ocrx_word' id='word_1_765' title='bbox 2104 4808 2183 4870; x_wconf 66' lang='lat' dir='ltr'>tis</span> <span class='ocrx_word' id='word_1_766' title='bbox 2213 4818 2272 4869; x_wconf 91' lang='lat' dir='ltr'>et</span> <span class='ocrx_word' id='word_1_767' title='bbox 2302 4810 2691 4892; x_wconf 33' lang='lat' dir='ltr'>sinellazsio&#39;ne</span> <span class='ocrx_word' id='word_1_768' title='bbox 2719 4808 3319 4892; x_wconf 37' lang='lat' dir='ltr'>fru&#39;mento‘rumfieri</span> <span class='ocrx_word' id='word_1_769' title='bbox 3361 4812 3571 4892; x_wconf 72' lang='lat' dir='ltr'>potest,</span> <span class='ocrx_word' id='word_1_770' title='bbox 3619 4825 3754 4892; x_wconf 69' lang='lat' dir='ltr'>cum</span> 
     </span>
    </p>
   </div>
   <div class='ocr_carea' id='block_1_114' title="bbox 2106 4880 3752 4956">
    <p class='ocr_par' dir='ltr' id='par_1_114' title="bbox 2106 4880 3752 4956">
     <span class='ocr_line' id='line_1_116' title="bbox 2106 4880 3752 4956; baseline -0.002 -16"><span class='ocrx_word' id='word_1_771' title='bbox 2106 4882 2579 4956; x_wconf 80' lang='lat' dir='ltr'>congregationis</span> <span class='ocrx_word' id='word_1_772' title='bbox 2607 4880 3222 4956; x_wconf 67' lang='lat' dir='ltr'>Ecclesize_multitudo</span> <span class='ocrx_word' id='word_1_773' title='bbox 3253 4880 3324 4936; x_wconf 89' lang='lat' dir='ltr'>ab</span> <span class='ocrx_word' id='word_1_774' title='bbox 3363 4880 3442 4956; x_wconf 77' lang='lat' dir='ltr'>eo</span> <span class='ocrx_word' id='word_1_775' title='bbox 3485 4880 3752 4956; x_wconf 68' lang='lat' dir='ltr'>crimine,</span> 
     </span>
    </p>
   </div>
   <div class='ocr_carea' id='block_1_115' title="bbox 2106 4951 3755 5028">
    <p class='ocr_par' dir='ltr' id='par_1_115' title="bbox 2106 4951 3755 5028">
     <span class='ocr_line' id='line_1_117' title="bbox 2106 4951 3755 5028; baseline -0.002 -16"><span class='ocrx_word' id='word_1_776' title='bbox 2106 4951 2261 5028; x_wconf 75' lang='lat' dir='ltr'>quod</span> <span class='ocrx_word' id='word_1_777' title='bbox 2277 4951 3016 5028; x_wconf 52' lang='lat' dir='ltr'>anathematizaturmliena</span> <span class='ocrx_word' id='word_1_778' title='bbox 3029 4955 3149 5028; x_wconf 89' lang='lat' dir='ltr'>est;</span> <span class='ocrx_word' id='word_1_779' title='bbox 3172 4955 3314 5006; x_wconf 87' lang='lat' dir='ltr'>tunc</span> <span class='ocrx_word' id='word_1_780' title='bbox 3334 4952 3491 5028; x_wconf 80' lang='lat' dir='ltr'>enim</span> <span class='ocrx_word' id='word_1_781' title='bbox 3514 4951 3755 5028; x_wconf 79' lang='lat' dir='ltr'>adjuvat</span> 
     </span>
    </p>
   </div>
   <div class='ocr_carea' id='block_1_116' title="bbox 2105 5022 3752 5104">
    <p class='ocr_par' dir='ltr' id='par_1_116' title="bbox 2105 5022 3752 5104">
     <span class='ocr_line' id='line_1_118' title="bbox 2105 5022 3752 5104; baseline -0.001 -22"><span class='ocrx_word' id='word_1_782' title='bbox 2105 5022 2484 5104; x_wconf 67' lang='lat' dir='ltr'>praepositum</span> <span class='ocrx_word' id='word_1_783' title='bbox 2507 5025 2702 5104; x_wconf 90' lang='lat' dir='ltr'>p_otius</span> <span class='ocrx_word' id='word_1_784' title='bbox 2729 5024 3345 5104; x_wconf 76' lang='lat' dir='ltr'>corripi_entem,quam</span> <span class='ocrx_word' id='word_1_785' title='bbox 3367 5022 3752 5104; x_wconf 74' lang='lat' dir='ltr'>criminosum</span> 
     </span>
    </p>
   </div>
   <div class='ocr_carea' id='block_1_117' title="bbox 2105 5094 3749 5166">
    <p class='ocr_par' dir='ltr' id='par_1_117' title="bbox 2105 5094 3749 5166">
     <span class='ocr_line' id='line_1_119' title="bbox 2105 5094 3749 5166; baseline -0.002 -12"><span class='ocrx_word' id='word_1_786' title='bbox 2105 5094 2693 5156; x_wconf 52' lang='lat' dir='ltr'>resistentemeunc</span> <span class='ocrx_word' id='word_1_787' title='bbox 2722 5094 2902 5152; x_wconf 82' lang='lat' dir='ltr'>etiam</span> <span class='ocrx_word' id='word_1_788' title='bbox 2932 5094 3030 5150; x_wconf 93' lang='lat' dir='ltr'>ille</span> <span class='ocrx_word' id='word_1_789' title='bbox 3058 5098 3118 5166; x_wconf 80' lang='lat' dir='ltr'>et</span> <span class='ocrx_word' id='word_1_790' title='bbox 3146 5094 3358 5166; x_wconf 81' lang='lat' dir='ltr'>timore</span> <span class='ocrx_word' id='word_1_791' title='bbox 3379 5095 3749 5166; x_wconf 82' lang='lat' dir='ltr'>percutitur.</span> 
     </span>
    </p>
   </div>
   <div class='ocr_carea' id='block_1_118' title="bbox 2105 5164 3759 5243">
    <p class='ocr_par' dir='ltr' id='par_1_118' title="bbox 2105 5164 3759 5243">
     <span class='ocr_line' id='line_1_120' title="bbox 2105 5164 3759 5243; baseline -0.003 -17"><span class='ocrx_word' id='word_1_792' title='bbox 2105 5176 2164 5243; x_wconf 83' lang='lat' dir='ltr'>et</span> <span class='ocrx_word' id='word_1_793' title='bbox 2195 5171 2415 5243; x_wconf 90' lang='lat' dir='ltr'>pudore</span> <span class='ocrx_word' id='word_1_794' title='bbox 2447 5173 2850 5243; x_wconf 76' lang='lat' dir='ltr'>sanat_u_r,oum</span> <span class='ocrx_word' id='word_1_795' title='bbox 2876 5166 2954 5243; x_wconf 87' lang='lat' dir='ltr'>ab_</span> <span class='ocrx_word' id='word_1_796' title='bbox 2971 5164 3244 5243; x_wconf 78' lang='lat' dir='ltr'>universa</span> <span class='ocrx_word' id='word_1_797' title='bbox 3264 5164 3600 5222; x_wconf 80' lang='lat' dir='ltr'>Ecclesiase</span> <span class='ocrx_word' id='word_1_798' title='bbox 3620 5183 3759 5243; x_wconf 83' lang='lat' dir='ltr'>ana-</span> 
     </span>
    </p>
   </div>
   <div class='ocr_carea' id='block_1_119' title="bbox 2104 5237 3756 5309">
    <p class='ocr_par' dir='ltr' id='par_1_119' title="bbox 2104 5237 3756 5309">
     <span class='ocr_line' id='line_1_121' title="bbox 2104 5237 3756 5309; baseline -0.003 -11"><span class='ocrx_word' id='word_1_799' title='bbox 2104 5237 2548 5298; x_wconf 62' lang='lat' dir='ltr'>the&#39;matizatum</span> <span class='ocrx_word' id='word_1_800' title='bbox 2579 5240 2804 5306; x_wconf 91' lang='lat' dir='ltr'>videns,</span> <span class='ocrx_word' id='word_1_801' title='bbox 2838 5237 3057 5309; x_wconf 85' lang='lat' dir='ltr'>sociam</span> <span class='ocrx_word' id='word_1_802' title='bbox 3087 5237 3341 5309; x_wconf 83' lang='lat' dir='ltr'>turbam,</span> <span class='ocrx_word' id='word_1_803' title='bbox 3378 5253 3511 5292; x_wconf 90' lang='lat' dir='ltr'>cum</span> <span class='ocrx_word' id='word_1_804' title='bbox 3545 5254 3666 5309; x_wconf 89' lang='lat' dir='ltr'>qua</span> <span class='ocrx_word' id='word_1_805' title='bbox 3697 5239 3756 5293; x_wconf 90' lang='lat' dir='ltr'>in</span> 
     </span>
    </p>
   </div>
   <div class='ocr_carea' id='block_1_120' title="bbox 2105 5307 3758 5385">
    <p class='ocr_par' dir='ltr' id='par_1_120' title="bbox 2105 5307 3758 5385">
     <span class='ocr_line' id='line_1_122' title="bbox 2105 5307 3758 5385; baseline -0.002 -16"><span class='ocrx_word' id='word_1_806' title='bbox 2105 5313 2315 5369; x_wconf 89' lang='lat' dir='ltr'>delicto</span> <span class='ocrx_word' id='word_1_807' title='bbox 2347 5329 2454 5370; x_wconf 91' lang='lat' dir='ltr'>suo</span> <span class='ocrx_word' id='word_1_808' title='bbox 2500 5312 2771 5385; x_wconf 86' lang='lat' dir='ltr'>gaudeat,</span> <span class='ocrx_word' id='word_1_809' title='bbox 2805 5307 3354 5385; x_wconf 28' lang='lat' dir='ltr'>et‘bonisinsultet,</span> <span class='ocrx_word' id='word_1_810' title='bbox 3399 5325 3515 5385; x_wconf 80' lang='lat' dir='ltr'>non</span> <span class='ocrx_word' id='word_1_811' title='bbox 3565 5307 3758 5385; x_wconf 73' lang='lat' dir='ltr'>potest</span> 
     </span>
    </p>
   </div>
   <div class='ocr_carea' id='block_1_121' title="bbox 2103 5378 3756 5454">
    <p class='ocr_par' dir='ltr' id='par_1_121' title="bbox 2103 5378 3756 5454">
     <span class='ocr_line' id='line_1_123' title="bbox 2103 5378 3756 5454; baseline -0.002 -14"><span class='ocrx_word' id='word_1_812' title='bbox 2103 5385 2363 5440; x_wconf 90' lang='lat' dir='ltr'>invenire</span> <span class='ocrx_word' id='word_1_813' title='bbox 2405 5425 2418 5438; x_wconf 97' lang='lat'>.</span> <span class='ocrx_word' id='word_1_814' title='bbox 2463 5426 2476 5437; x_wconf 95' lang='lat'>.</span> <span class='ocrx_word' id='word_1_815' title='bbox 2503 5378 2535 5438; x_wconf 71' lang='grc' dir='ltr'>ἶ</span> <span class='ocrx_word' id='word_1_816' title='bbox 2578 5380 2954 5454; x_wconf 77' lang='lat' dir='ltr'>nequeenim</span> <span class='ocrx_word' id='word_1_817' title='bbox 2986 5383 3176 5454; x_wconf 79' lang='lat' dir='ltr'>potest</span> <span class='ocrx_word' id='word_1_818' title='bbox 3205 5378 3460 5454; x_wconf 81' lang='lat' dir='ltr'>salubris</span> <span class='ocrx_word' id='word_1_819' title='bbox 3489 5397 3524 5434; x_wconf 88' lang='lat' dir='ltr'>a</span> <span class='ocrx_word' id='word_1_820' title='bbox 3549 5378 3756 5454; x_wconf 79' lang='lat' dir='ltr'>multis</span> 
     </span>
    </p>
   </div>
   <div class='ocr_carea' id='block_1_122' title="bbox 2105 5449 3750 5525">
    <p class='ocr_par' dir='ltr' id='par_1_122' title="bbox 2105 5449 3750 5525">
     <span class='ocr_line' id='line_1_124' title="bbox 2105 5449 3750 5525; baseline -0.002 -14"><span class='ocrx_word' id='word_1_821' title='bbox 2105 5455 2424 5525; x_wconf 73' lang='lat' dir='ltr'>correptio,</span> <span class='ocrx_word' id='word_1_822' title='bbox 2447 5453 2560 5510; x_wconf 89' lang='lat' dir='ltr'>nisi</span> <span class='ocrx_word' id='word_1_823' title='bbox 2591 5449 2724 5510; x_wconf 79' lang='lat' dir='ltr'>cum</span> <span class='ocrx_word' id='word_1_824' title='bbox 2754 5453 2852 5525; x_wconf 81' lang='lat' dir='ltr'>ille</span> <span class='ocrx_word' id='word_1_825' title='bbox 2884 5449 3216 5525; x_wconf 77' lang='lat' dir='ltr'>corripitur,</span> <span class='ocrx_word' id='word_1_826' title='bbox 3248 5449 3350 5521; x_wconf 90' lang='lat' dir='ltr'>qui</span> <span class='ocrx_word' id='word_1_827' title='bbox 3380 5467 3495 5525; x_wconf 82' lang='lat' dir='ltr'>non</span> <span class='ocrx_word' id='word_1_828' title='bbox 3529 5452 3750 5525; x_wconf 87' lang='lat' dir='ltr'>sociam</span> 
     </span>
    </p>
   </div>
   <div class='ocr_carea' id='block_1_123' title="bbox 2105 5522 3753 5594">
    <p class='ocr_par' dir='ltr' id='par_1_123' title="bbox 2105 5522 3753 5594">
     <span class='ocr_line' id='line_1_125' title="bbox 2105 5522 3753 5594; baseline -0.002 -12"><span class='ocrx_word' id='word_1_829' title='bbox 2105 5522 2290 5582; x_wconf 73' lang='lat' dir='ltr'>habet</span> <span class='ocrx_word' id='word_1_830' title='bbox 2310 5522 2771 5582; x_wconf 89' lang='lat' dir='ltr'>multitudinem.</span> <span class='ocrx_word' id='word_1_831' title='bbox 2804 5523 2951 5580; x_wconf 83' lang='lat' dir='ltr'>Cum</span> <span class='ocrx_word' id='word_1_832' title='bbox 2979 5523 3300 5594; x_wconf 15' lang='lat' dir='ltr'>verogidem</span> <span class='ocrx_word' id='word_1_833' title='bbox 3334 5522 3577 5578; x_wconf 90' lang='lat' dir='ltr'>morbus</span> <span class='ocrx_word' id='word_1_834' title='bbox 3617 5524 3753 5594; x_wconf 93' lang='lat' dir='ltr'>plu-</span> 
     </span>
    </p>
   </div>
   <div class='ocr_carea' id='block_1_124' title="bbox 2105 5593 3747 5667">
    <p class='ocr_par' dir='ltr' id='par_1_124' title="bbox 2105 5593 3747 5667">
     <span class='ocr_line' id='line_1_126' title="bbox 2105 5593 3747 5667; baseline -0.001 -13"><span class='ocrx_word' id='word_1_835' title='bbox 2105 5614 2198 5654; x_wconf 91' lang='lat' dir='ltr'>res</span> <span class='ocrx_word' id='word_1_836' title='bbox 2229 5597 2613 5667; x_wconf 87' lang='lat' dir='ltr'>occupaverit,</span> <span class='ocrx_word' id='word_1_837' title='bbox 2642 5596 2789 5654; x_wconf 89' lang='lat' dir='ltr'>nihil</span> <span class='ocrx_word' id='word_1_838' title='bbox 2816 5595 2976 5655; x_wconf 87' lang='lat' dir='ltr'>aliud</span> <span class='ocrx_word' id='word_1_839' title='bbox 3003 5593 3173 5653; x_wconf 84' lang='lat' dir='ltr'>bonis</span> <span class='ocrx_word' id='word_1_840' title='bbox 3195 5596 3402 5666; x_wconf 72' lang='lat' dir='ltr'>restat,</span> <span class='ocrx_word' id='word_1_841' title='bbox 3433 5593 3747 5666; x_wconf 29' lang='lat' dir='ltr'>quam’do-</span> 
     </span>
    </p>
   </div>
   <div class='ocr_carea' id='block_1_125' title="bbox 2105 5666 3199 5741">
    <p class='ocr_par' dir='ltr' id='par_1_125' title="bbox 2105 5666 3199 5741">
     <span class='ocr_line' id='line_1_127' title="bbox 2105 5666 3199 5741; baseline -0.001 -16"><span class='ocrx_word' id='word_1_842' title='bbox 2105 5669 2195 5727; x_wconf 92' lang='lat' dir='ltr'>lor</span> <span class='ocrx_word' id='word_1_843' title='bbox 2220 5672 2277 5727; x_wconf 89' lang='lat' dir='ltr'>et</span> <span class='ocrx_word' id='word_1_844' title='bbox 2297 5666 2579 5741; x_wconf 79' lang='lat' dir='ltr'>gemitus.</span> <span class='ocrx_word' id='word_1_845' title='bbox 3197 5675 3199 5678; x_wconf 76' lang='lat'><em>‘</em></span> 
     </span>
    </p>
   </div>
  </div>
