3996 6232
257 330 388 391 289

874 322 1289 389 EXPOSITIO
1333 326 1411 388 IN
1455 327 1884 390 EPISTULAS
1931 325 2292 391 PAULL—
2324 328 2404 391 IN
2450 331 2696 395 EPIS’I‘.
2745 332 2768 393 Ι
2817 335 2920 396 AD
2964 335 3137 398 COR.

3570 346 3691 411 390

262 466 353 521 eis
384 464 458 519 ab
489 460 726 534 Epheso
756 475 861 532 per
881 460 1729 527 Timotheum,dilectissimum
1753 478 1926 516 suum
1956 461 2011 529 Α
2041 478 2203 531 quam
2249 464 2558 534 jucundum
2602 467 2853 524 nubilare
2902 471 3104 538 fratres
3158 472 3219 525 in
3272 489 3448 527 unum
3506 476 3686 546 (Psal.

266 552 655 624 discipulum.
692 551 863 621 (486).

341 642 500 713 (CAP.
538 641 608 711 Ι.)
640 640 875 707 Paulus,
929 644 992 693 ut
1038 638 1096 693 in
1148 640 1490 711 priscedenti
1522 640 1778 711 Epistola
1809 642 1928 696 dic-

266 737 399 787 tum
423 735 533 795 est,
568 728 923 784 admirabilis
952 728 1388 798 interpretatur,
1423 744 1526 784 nec
1571 729 1760 785 solum
1792 730 1931 800 quia

270 822 549 877 Romanae
583 818 881 887 urbi,quaa
913 816 1091 871 totius
1125 817 1282 872 orbis
1314 822 1489 889 caput
1520 820 1929 891 erat,Evange-

272 910 421 965 lium
453 907 717 974 tradidit,
752 907 852 961 sed
885 905 1083 973 etiam,
1119 906 1257 976 quia
1288 906 1655 973 Corinthum,
1693 925 1818 979 qua:
1852 915 1931 963 to-

269 1000 394 1054 tius
425 998 659 1054 Graeciaa
690 996 872 1050 decus
901 1000 1046 1061 erat,
1079 994 1442 1051 salutaribus
1488 998 1790 1069 praaceptis
1840 997 1927 1051 in-

274 1088 494 1144 stituit.
530 1087 751 1141 Vocatus
783 1088 870 1139 est
903 1088 1101 1139 autem
1131 1084 1374 1152 trifarie,
1425 1084 1483 1138 id
1527 1090 1635 1154 est,
1670 1086 1728 1139 in
1784 1102 1928 1156 prie-

277 1176 531 1231 scientia
559 1192 623 1229 ac
656 1172 1166 1245 praedestinatione
1198 1173 1319 1235 Dei,
1345 1178 1409 1226 ut
1438 1172 1581 1227 illud
1612 1191 1623 1227 ε
1652 1176 1807 1229 Sicut
1828 1176 1931 1229 cle-

280 1268 359 1335 git
389 1281 487 1318 nos
515 1266 573 1317 in
599 1266 708 1334 ipso
733 1271 863 1318 ante
889 1263 1086 1317 mundi
1135 1264 1575 1318 constitutionem
1624 1265 1841 1333 (Ep/tes.
1892 1282 1928 1327 1,

284 1356 340 1421 4)
379 1372 392 1410 :
425 1358 481 1409 et
510 1354 711 1425 ﬁgura,
740 1352 897 1407 sicut
925 1355 1015 1407 est
1046 1368 1059 1405 :
1094 1353 1388 1421 Benjamin
1410 1354 1568 1423 lupus
1590 1355 1927 1423 rapaxwen.

280 1460 433 1510 xLIx,
473 1444 583 1511 27),
636 1446 745 1498 etc.
798 1442 1053 1497 Vocatus
1103 1446 1192 1495 est
1239 1440 1416 1496 etiam
1465 1442 1677 1511 verbis,
1735 1443 1931 1512 ibique

280 1533 669 1605 apertissime,
699 1530 800 1586 ubi
828 1530 1051 1585 dictum
1081 1535 1172 1586 est
1204 1548 1216 1585 :
1252 1532 1437 1597 Saule,
1471 1530 1656 1599 Saule,
1687 1533 1818 1602 quid
1846 1547 1932 1587 me

270 1622 617 1695 persequeris
632 1624 658 1673 ?
684 1622 819 1679 (Act.
850 1636 991 1689 xxii,
1022 1622 1099 1686 7).

346 1711 633 1780 Apostolus
666 1708 882 1774 Graece,
914 1708 1114 1763 Latine
1143 1712 1345 1763 missus
1394 1714 1492 1777 est,
1516 1710 1687 1779 juxta
1737 1709 1881 1765 illud
1919 1746 1932 1785 ε

277 1804 411 1858 Ecce
433 1816 528 1869 ego
558 1798 627 1853 ad
652 1805 841 1866 gentes
865 1798 1021 1866 longe
1045 1797 1250 1867 positas
1289 1800 1509 1853 mittam
1535 1808 1584 1856 te
1604 1800 1787 1869 (Ibid,
1818 1804 1932 1869 21).

278 1890 577 1954 Quomodo
609 1891 807 1942 autem
836 1890 1073 1940 vocatus
1105 1886 1181 1941 sit
1211 1887 1545 1958 Apostolus,
1599 1890 1937 1946 manifestat

277 1980 692 2050 subjungens:
736 1979 844 2031 Per
892 1977 1221 2033 voluntatem
1272 1978 1387 2033 Dei.
1444 1978 1728 2034 Voluntas
1778 1981 1935 2035 varie

273 2070 516 2141 ponitur
544 2068 603 2120 in
638 2065 955 2137 Scripturis
988 2083 1001 2119 :
1035 2064 1350 2135 aliquando
1382 2067 1537 2121 enim
1569 2068 1827 2123 animam
1861 2069 1939 2125 si-

275 2158 537 2231 gniﬁcat,
567 2153 881 2225 aliquando
906 2152 1567 2225 consilium,aliquando
1594 2156 1769 2211 habet
1790 2157 1846 2211 in
1872 2173 1935 2211 se

274 2246 642 2303 intellectum
684 2244 865 2309 verbi,
919 2244 1071 2313 quod
1123 2247 1213 2297 est
1262 2242 1466 2313 placet.
1500 2246 1767 2315 Congrue
1794 2261 1933 2315 ergo

280 2339 339 2391 in
369 2336 482 2390 hoc
511 2334 637 2389 loco
668 2347 769 2404 per
796 2331 1155 2386 voluntatem
1197 2332 1298 2387 Dei
1348 2332 1691 2404 accipimus,
1725 2350 1931 2389 secun-

283 2424 426 2477 dum
466 2417 893 2490 heneplacitum
925 2418 1050 2486 Dei,
1087 2418 1186 2472 ubi
1217 2419 1335 2473 vim
1368 2420 1572 2473 divina:
1604 2421 1933 2478 dilectionis

282 2511 442 2567 circa
470 2525 535 2564 se
564 2506 979 2565 ostendat.Non
1012 2506 1169 2562 enim
1198 2507 1461 2578 quolibet
1490 2509 1662 2565 modo
1691 2513 1933 2581 Aposto-

280 2599 376 2655 lus
408 2601 647 2653 vocatus
676 2600 781 2663 est,
815 2596 917 2651 sed
942 2612 1045 2666 per
1073 2597 1433 2652 voluntatem
1470 2598 1585 2666 Dei,
1618 2600 1674 2653 id
1698 2606 1806 2664 est,
1834 2618 1934 2671 per

278 2686 706 2761 providentiam
738 2690 795 2740 et
822 2685 1473 2756 dispensationemJesu
1504 2688 1707 2744 Christi
1735 2695 1931 2744 autem

281 2794 342 2836 se
374 2777 519 2833 dixit
544 2773 989 2845 Apostolum,ad
1015 2774 1451 2831 distinctionem
1476 2778 1931 2849 pseudoaposto-

281 2869 491 2925 lorum.
526 2864 871 2935 Quicunque
903 2864 1059 2919 enim
1092 2864 1305 2932 verbis,
1340 2866 1458 2922 sive
1488 2866 1767 2937 exemplis
1789 2866 1930 2923 alio-

282 2974 413 3013 rum
463 2959 741 3028 operatur
786 2952 1060 3018 salutem,
1119 2954 1326 3010 merito
1356 2954 1568 3010 Christi
1616 2956 1930 3027 Apostolus

280 3046 511 3101 dicitur.
556 3042 895 3100 Econtrario
938 3042 1039 3113 qui
1088 3047 1188 3097 aut
1234 3043 1447 3109 verbis,
1502 3048 1602 3099 aut
1648 3044 1931 3116 exemplis

283 3134 534 3204 alicujus
563 3131 954 3205 perditionem
976 3133 1802 3204 operatur,pseudoapostolus
1827 3152 1929 3189 vo-

282 3228 466 3279 catur.

350 3313 414 3367 Et
441 3312 749 3368 Sosthenes.
784 3308 1171 3377 Quaerendum
1203 3326 1383 3381 quare
1413 3310 1524 3366 sibi
1557 3310 1711 3368 hunc
1741 3314 1801 3367 in
1830 3330 1928 3368 sa-

277 3400 565 3457 lutatione
612 3397 877 3455 adscivit.
928 3396 1179 3465 Scilicet,
1228 3399 1367 3469 quia
1421 3400 1757 3457 Corinthius
1806 3407 1932 3458 erat

281 3492 541 3551 edoctor.
574 3487 947 3558 multumque
977 3486 1262 3541 sollicitus
1293 3504 1395 3558 pro
1430 3489 1675 3545 fratrum
1719 3491 1928 3547 salute.

285 3577 425 3645 Sed,
460 3576 599 3647 quia
624 3576 681 3631 in
711 3576 840 3631 aliis
868 3575 1147 3647 Epistolis
1176 3576 1436 3633 diversos
1466 3594 1665 3634 secum
1711 3583 1929 3649 sumit;

288 3665 395 3721 illa
422 3665 734 3736 quaerenda
749 3669 837 3720 est
856 3664 1037 3735 hujus
1062 3666 1405 3737 quaestionis
1427 3667 1793 3739 solutio,qute
1816 3688 1935 3726 om-

290 3755 471 3809 nibus
503 3753 801 3810 conveniat
828 3753 991 3809 locis.
1027 3755 1337 3810 Sciendum
1368 3773 1525 3829 ergo,
1559 3758 1696 3829 quia
1726 3759 1933 3816 beatus

286 3844 530 3911 Paulus,
563 3844 715 3898 sicut
744 3860 859 3914 prae
890 3844 1111 3900 caeteris
1134 3845 1375 3915 majoris
1404 3848 1650 3917 ardoris,
1670 3854 1725 3903 et
1755 3851 1933 3905 studii

286 3932 398 3988 fuit
427 3948 566 4004 erga
594 3948 734 3988 suos
762 3933 1081 4003 auditores,
1114 3933 1194 3987 ita
1221 3933 1395 3990 etiam
1429 3938 1669 4006 majoris
1700 3937 1935 3994 humili-

287 4024 448 4078 tatis.
477 4022 549 4077 Ut
575 4036 713 4093 ergo
744 4021 915 4077 nobis
945 4038 1064 4076 suis
1096 4022 1445 4080 humilitatis
1474 4026 1807 4097 exemplum
1856 4045 1939 4083 re-

288 4111 607 4183 linqueret,
640 4110 856 4165 idcirco
886 4114 942 4165 et
969 4111 1147 4181 hunc,
1179 4115 1235 4165 et
1265 4111 1411 4167 alios
1450 4114 1561 4169 sibi
1610 4115 1667 4169 in
1719 4115 1937 4173 saluta-

287 4201 467 4269 tione,
500 4198 765 4256 adscivit.
804 4199 895 4255 Vel
921 4205 1073 4255 certe
1105 4201 1173 4255 ad
1207 4217 1326 4255 sua:
1358 4202 1714 4259 narrationis
1736 4205 1941 4260 conﬁr-

290 4289 634 4355 mationem,
667 4290 805 4360 quia
835 4288 1119 4360 scriptum
1150 4294 1242 4345 est
1275 4306 1286 4344 :
1319 4292 1382 4345 In
1411 4306 1501 4347 ore
1552 4292 1809 4359 duorum,
1860 4295 1942 4350 vel

289 4381 469 4434 trium
514 4380 732 4434 testium
779 4379 948 4433 stabit
991 4395 1151 4435 omne
1194 4380 1419 4435 verbum
1465 4380 1642 4450 (Deut.
1698 4397 1839 4452 xvn,
1870 4386 1940 4451 ὃς

289 4468 481 4525 Matth.
513 4485 674 4535 xvm,
710 4468 806 4535 l6;
838 4470 1002 4525 Joan.
1039 4484 1159 4537 VIII,
1195 4470 1293 4536 17;
1329 4470 1494 4525 Hebr.
1519 4488 1572 4534 x,
1607 4474 1704 4538 28;
1736 4473 1787 4526 ΙΙ
1818 4474 1938 4529 Cor.

2040 566 2249 616 cxxxu,
2286 553 2356 621 1).
2389 554 2455 607 Et
2485 560 2639 621 nota,
2676 558 2813 627 quia
2842 556 2901 611 in
2934 558 3041 612 hac
3074 559 3350 629 Epistula,
3376 563 3529 619 sicut
3549 570 3607 620 et
3630 567 3687 621 in

2038 639 2303 711 reliquis,
2366 642 2681 714 Apostolus
2722 663 2897 700 suum
2924 664 3137 702 nomen
3170 654 3509 721 praeposuit,
3541 670 3686 725 quo-

2038 728 2198 783 niam
2232 732 2473 800 majoris
2506 735 2873 789 auctoritatis
2905 741 3029 789 erat
3058 737 3155 807 qui
3189 739 3477 809 dirigebat
3522 743 3686 814 Epis-

2038 816 2241 887 tolam,
2271 837 2447 891 quam
2490 821 2572 885 bi,
2606 822 2822 891 quibus
2870 823 3250 894 dirigebatur.
3301 829 3423 885 Mos
3473 833 3690 904 quippe

2040 912 2148 973 est,
2185 915 2247 961 ut
2278 909 2333 962 in
2365 910 2625 980 epistolis
2660 913 2949 980 majorum
2986 916 3225 970 nomina
3253 928 3690 993 prmponantur,

2041 996 2191 1050 sicut
2221 1003 2311 1051 est
2342 997 2485 1052 illud
2520 1016 2531 1053 :
2568 1001 2680 1053 Rex
2710 1003 3000 1056 Antiochus
3031 1007 3182 1071 genti
3198 1007 3517 1064 Judworum
3542 1013 3689 1066 satu-

2039 1088 2147 1138 tem
2179 1085 2225 1153 (I
2254 1087 2505 1140 Machab.
2542 1105 2633 1155 xv,
2663 1092 2737 1155 2).

2110 1175 2369 1229 Ecclesiae
2402 1178 2516 1229 Dei.
2567 1178 2811 1232 Ecclesia
2863 1178 3075 1247 Graace,
3128 1182 3329 1239 Latine
3380 1196 3689 1246 convocatio

2040 1262 2271 1316 dicitur.
2310 1266 2374 1317 Et
2430 1272 2583 1335 apte,
2636 1267 2914 1336 quoniam
2964 1287 3167 1325 omnes
3198 1274 3268 1327 ad
3301 1292 3361 1329 se
3391 1286 3686 1335 convocat.

2044 1350 2204 1405 Unde
2233 1357 2289 1405 et
2318 1354 2591 1408 catholica
2637 1356 2860 1420 dicitur,
2918 1358 2972 1411 id
3023 1365 3111 1414 est
3161 1362 3526 1433 universalis,
3570 1370 3689 1424 sive

2041 1439 2357 1509 generalis;
2390 1442 2546 1511 quia,
2583 1459 2697 1496 non
2733 1449 2793 1497 ut
2825 1444 3229 1503 haereticorum
3263 1455 3687 1525 conventicula,

2040 1526 2100 1581 in
2143 1528 2497 1597 quibusdam
2556 1531 2859 1601 regionum
2906 1534 3171 1605 partibus
3218 1546 3541 1610 cooptatur,
3586 1545 3688 1599 sed

2040 1614 2279 1671 dilatata
2308 1632 2411 1687 per
2442 1624 2639 1673 orbem
2671 1624 2957 1677 terrarum
2989 1624 3355 1684 diffunditur.
3382 1629 3691 1691 Universa-

2042 1704 2116 1759 lis
2146 1711 2360 1771 autem,
2398 1711 2459 1760 ut
2489 1708 2727 1777 quidam
2760 1710 3060 1780 volunt,ab
3094 1731 3209 1770 uno
3241 1717 3541 1790 dicitur,id
3576 1726 3689 1787 est,

2044 1794 2183 1863 quia
2212 1810 2414 1849 omnes
2445 1795 2504 1849 in
2538 1796 2817 1853 unitatem
2850 1800 2985 1854 ﬁdei
3018 1812 3351 1876 congregat.
3390 1809 3691 1865 Generalis

2045 1887 2240 1936 autem
2302 1888 2540 1937 vocatur
2587 1886 2867 1953 Ecclesia;
2912 1891 3050 1958 quia
3094 1895 3381 1963 generalis
3414 1897 3471 1950 in
3504 1915 3571 1952 ea
3602 1904 3691 1955 est

2046 1972 2307 2025 doctrina
2335 1972 2405 2025 ad
2439 1974 2700 2028 omnium
2735 1976 3182 2045 institutionem,
3203 1986 3320 2036 tam
3348 1984 3419 2037 de
3446 1986 3688 2041 visibili-

2045 2060 2175 2128 bus,
2210 2076 2384 2129 quam
2417 2062 2488 2114 de
2520 2062 2928 2130 invisibilibus,
2957 2070 3073 2119 tam
3106 2068 3176 2121 de
3209 2072 3475 2135 terrenis,
3509 2092 3688 2143 quam

2043 2149 2112 2202 de
2144 2148 2507 2213 cmlestibus;
2531 2150 2649 2205 sive
2682 2152 2819 2221 quia
2847 2169 3019 2208 omne
3048 2172 3233 2225 genus
3263 2158 3588 2217 humanum
3616 2164 3687 2218 ad

2041 2238 2245 2292 divinae
2277 2238 2507 2308 pietatis
2547 2245 2603 2292 et
2635 2240 2931 2311 religionis
2978 2244 3400 2313 subjectionem
3453 2266 3691 2323 congre-

2042 2334 2173 2398 gat;
2208 2330 2325 2383 sive
2354 2328 2494 2398 quia
2524 2329 2649 2382 sine
2681 2330 3009 2386 dilferentia
3033 2335 3299 2388 omnium
3331 2344 3568 2407 peccata
3596 2357 3691 2395 cu-

2043 2423 2149 2470 rat.
2183 2418 2279 2471 Dei
2310 2422 2504 2471 autem
2537 2417 2782 2485 addidit,
2814 2420 2883 2473 ad
2919 2420 3374 2479 distinctionem.
3429 2426 3691 2485 Ecclesiae

2043 2504 2673 2576 malignantium,sicut
2704 2508 2988 2580 scriptum
3016 2516 3105 2565 est
3140 2530 3153 2568 :
3197 2513 3369 2568 0divi
3395 2516 3693 2571 Ecclesiam

2040 2593 2474 2666 malignantium
2505 2598 2669 2667 (487).
2706 2598 2908 2668 Igitur,
2958 2600 3097 2670 quia
3140 2602 3403 2659 Ecclesia;
3436 2606 3533 2660 Dei
3563 2606 3691 2677 jam

2040 2684 2101 2739 in
2159 2685 2402 2741 diversis
2449 2687 2653 2740 mundi
2714 2688 2978 2757 partibus
3023 2696 3189 2745 erant
3238 2695 3594 2764 constitutas,
3630 2699 3695 2751 ut

2041 2776 2371 2829 ostenderet
2419 2776 2511 2829 cui
2561 2776 2891 2847 specialiter
2945 2778 3236 2835 scribebat
3267 2783 3480 2852 adjecit
3512 2801 3524 2838 :
3560 2785 3695 2852 Quae

2041 2872 2118 2917 est
2152 2864 2423 2919 Corinthi.
2460 2865 2737 2935 Sequitur
2770 2884 2781 2920 :
2815 2866 3183 2937 Sanctiﬁcatis
3214 2872 3273 2924 in
3304 2871 3512 2927 Christo
3539 2878 3691 2929 Jesu.

2042 2952 2443 3008 Sanctiﬁcatos
2475 2971 2573 3009 eos
2604 2954 2766 3020 dicit,
2799 2956 2899 3027 qui
2934 2973 3035 3027 per
3064 2975 3278 3029 aquam
3312 2962 3590 3033 baptismi
3638 2968 3695 3017 et

2038 3041 2283 3112 gratiam
2306 3044 2491 3097 sancti
2526 3043 2780 3113 Spiritus
2803 3051 2941 3099 sunt
2965 3048 3248 3102 renati.Ut
3277 3055 3471 3105 autem
3496 3057 3692 3107 osten-

2040 3130 2204 3185 deret
2238 3130 2335 3185 ubi
2356 3130 2685 3186 celebratur
2710 3131 2828 3186 haec
2850 3136 3257 3202 sanctiﬁcatio,
3294 3139 3597 3208 adjunxit:
3627 3145 3693 3197 tn

1960 3202 2002 3267 C
2044 3218 2254 3274 Christo
2282 3220 2409 3274 Jesu
2439 3237 2458 3273 :
2489 3219 2615 3275 sine
2646 3220 2773 3290 ipso
2806 3221 2963 3276 enim
2999 3223 3160 3277 nulla
3189 3202 3576 3283 sanctiﬁcatio
3598 3244 3692 3284 ce-

2042 3308 2323 3364 lebratur.

2116 3398 2321 3451 Vacalis
2349 3398 2571 3450 sanctis.
2604 3401 2721 3451 Hoc
2752 3398 2823 3452 de
2854 3398 2947 3452 his
2979 3398 3203 3455 dictum
3233 3406 3341 3469 est,
3375 3403 3472 3474 qui
3496 3403 3553 3458 in
3580 3406 3693 3461 ﬁde

2040 3490 2580 3559 perseveraverant;
2627 3503 2775 3557 quos
2806 3488 2934 3543 ideo
2956 3488 3176 3555 laudat,
3210 3496 3274 3546 ut
3324 3508 3427 3564 per
3448 3493 3694 3549 istorum

2040 3576 2299 3640 laudem,
2330 3592 2451 3643 eos,
2506 3575 2607 3646 qui
2663 3577 2888 3647 decepti
2941 3584 3097 3647 sunt,
3150 3580 3221 3635 ad
3270 3581 3529 3653 pristinas
3560 3582 3697 3637 ﬁdei

2044 3670 2265 3721 statum
2299 3681 2563 3719 revocare
2596 3670 2814 3736 posset.
2849 3668 2959 3722 Sed
2991 3672 3283 3739 quomodo
3315 3688 3413 3727 eos
3457 3676 3695 3728 sanctos

2044 3760 2280 3809 vocatos
2339 3753 2517 3808 dicit?
2575 3754 2852 3827 Nunquid
2900 3758 3087 3813 sancti
3145 3765 3313 3815 erant
3344 3778 3479 3816 cum
3508 3760 3695 3817 vocati

2047 3843 2223 3899 sunt?
2252 3843 2489 3899 Minime
2521 3861 2533 3899 :
2569 3844 2669 3900 sed
2702 3845 2889 3901 vocati
2928 3846 3066 3902 facti
3118 3855 3258 3904 sunt
3305 3850 3486 3907 sancti
3522 3850 3692 3921 (488).

2048 3934 2123 3988 ΕΟ
2155 3949 2363 4004 genere
2394 3932 2725 3999 locutionis,
2763 3952 2878 4006 quo
2928 3936 3148 3992 dictum
3197 3944 3287 3994 est
3337 3958 3350 3995 :
3405 3940 3698 3997 Mulierem

2046 4024 2244 4093 fortem
2266 4025 2389 4093 quis
2421 4024 2663 4077 inveniet
2693 4024 2872 4092 (Prov.
2907 4042 3059 4095 xxxi,
3094 4027 3203 4097 10).

2123 4111 2257 4165 Cum
2302 4112 2574 4178 omnibus,
2607 4114 2703 4182 qui
2729 4115 2983 4168 invocant
3014 4130 3209 4170 nomen
3258 4117 3483 4179 Domini
3523 4119 3701 4172 nostri

2047 4202 2175 4256 Jesu
2205 4200 2431 4267 Christi,
2480 4202 2539 4253 in
2584 4202 2740 4253 omni
2790 4201 2901 4256 loco
2949 4204 3192 4272 ipsorum
3220 4212 3270 4259 et
3305 4212 3502 4259 nostro.
3551 4206 3698 4269 Quid

2052 4290 2160 4345 hoc
2192 4289 2345 4343 dicto
2384 4287 2566 4342 voluit
2618 4289 2942 4351 ostendere,
2976 4306 3108 4345 cum
3140 4291 3244 4357 ait,
3276 4293 3335 4345 in
3365 4292 3517 4346 omni
3546 4293 3657 4347 loco
3678 4298 3703 4347 ἵ

2052 4377 2451 4447 Scilicet,quia
2482 4377 2815 4447 quicunque
2845 4378 3143 4433 credentes
3175 4378 3700 4446 inveniuntur,tam

2055 4467 2159 4522 exJ
2174 4466 2556 4535 udaeis,quam
2576 4465 2847 4535 gentibus
2862 4466 3285 4537 etubicumque
3305 4466 3702 4539 inveniuntur,

291 4576 420 4623 xm,
457 4558 530 4628 1).
564 4558 675 4612 Sed
719 4574 898 4628 quare
943 4574 1078 4614 eum
1125 4575 1241 4613 non
1283 4559 1505 4615 vocavit
1553 4560 1943 4631 Apostolum?
1976 4574 2021 4638 D
2057 4572 2243 4611 unum
2275 4571 2403 4609 esse
2427 4554 2803 4624 debent,quia
2824 4555 2999 4610 unius
3021 4555 3232 4626 capitis
3254 4556 3518 4611 membra
3540 4562 3702 4613 sunt.

294 4645 599 4715 Videlicet,
631 4647 771 4717 quia
800 4648 1063 4703 nondum
1093 4653 1218 4703 erat
1249 4654 1421 4704 tantae
1466 4648 1848 4714 auctoritatis,
1883 4654 1946 4705 ut

297 4737 407 4792 hcc
440 4734 678 4791 nomine
707 4736 923 4807 dignus
952 4741 1125 4793 esset.

368 4828 567 4881 Frater
591 4825 749 4880 varie
779 4825 1016 4897 ponitur
1046 4827 1104 4880 in
1137 4827 1475 4898 Scripturis.
1499 4832 1773 4883 Attamen
1792 4826 1946 4881 hunc

296 4914 620 4987 Apostolus
652 4915 887 4970 fratrem
919 4916 1143 4970 vocavit
1173 4933 1350 4972 causa
1378 4918 1707 4988 adoptionis
1758 4921 1816 4970 et
1862 4916 1943 4970 af-

295 5002 587 5061 fectionis.
622 5003 786 5059 Unda
816 5006 1103 5077 scriptum
1134 5010 1223 5060 est
1252 5007 1380 5061 Ecce
1411 5022 1423 5061 :
1454 5022 1620 5078 quam
1651 5005 1854 5060 bonum
1898 5011 1950 5061 et

371 5202 519 5273 (486)
552 5201 615 5257 In
649 5204 871 5273 autog.,
903 5200 993 5254 hic
1026 5200 1391 5273 legiturcap.
1426 5202 1471 5254 Ι.

370 5271 519 5343 (487)
544 5272 698 5329 Psal.
732 5289 863 5341 xxv,
893 5273 946 5324 5.
981 5271 1223 5327 Textum
1253 5272 1409 5326 hunc
1440 5271 1700 5343 divinare
1732 5271 1948 5342 potius,

343 5342 477 5400 nam
513 5343 885 5415 interpretari
917 5343 1061 5415 mihi
1093 5345 1179 5398 fas
1212 5343 1365 5415 fuit:
1401 5342 1483 5415 ita
1529 5342 1685 5397 enim
1730 5346 1885 5413 jacet
1924 5359 1953 5397 ο

337 5418 514 5473 ivitia:
557 5432 638 5471 m.
670 5414 835 5471 ’Cum
881 5414 1037 5469 enim
1087 5416 1155 5469 de
1208 5414 1459 5469 Ecclesia
1499 5414 1950 5485 malignantium

300 5504 491 5547 sermo
522 5491 697 5555 esset,
735 5487 805 5540 ad
835 5502 961 5543 eam
996 5490 1215 5541 textum
1249 5485 1450 5545 referri
1479 5484 1687 5541 debere
1727 5484 1952 5541 censui.

299 5562 507 5631 Itaque
539 5564 604 5613 ut
625 5559 790 5629 jacet
808 5556 985 5631 ortivi,
1018 5556 1285 5631 quamvis
1320 5555 1510 5631 littera
1540 5572 1569 5612 ο
1596 5558 1844 5631 seorsim
1861 5570 1959 5626 po-

301 5627 427 5689 sita
446 5627 701 5703 legatur,
734 5628 820 5685 uti
854 5627 1065 5701 saepius
1093 5627 1402 5700 contingit,
1424 5627 1612 5701 primo
1642 5628 1957 5703 legendum

2058 4644 2217 4699 Unde
2248 4644 2304 4698 in
2340 4642 2645 4715 Evangelio
2668 4643 3109 4699 DominuszErit
3130 4662 3303 4699 unum
3324 4645 3464 4701 ovile
3495 4654 3544 4701 et
3562 4662 3704 4701 unus

2054 4741 2239 4804 pastor
2267 4735 2443 4803 (Joan.
2472 4750 2526 4803 Χ,
2564 4733 2669 4803 16).
2704 4732 2908 4799 Aliter,
2960 4740 3023 4789 ut
3066 4735 3306 4806 quidam
3356 4736 3577 4803 volunt,
3611 4738 3707 4806 qui

2058 4826 2312 4878 invocant
2332 4840 2527 4879 nomen
2548 4823 2677 4878 Dom
2688 4824 2771 4878 ini
2786 4826 2961 4878 nostri
2980 4826 3103 4879 Jesu
3126 4824 3430 4893 Christi,de
3446 4825 3705 4880 sacerdo-

2056 4913 2216 4968 tibus
2241 4912 2463 4968 dictum
2496 4914 2889 4983 est,quoniam
2924 4914 3185 4985 ipsorum
3217 4920 3307 4969 est
3335 4914 3586 4986 speciale
3618 4912 3705 4969 in-

2056 5019 2260 5058 vocare
2288 5018 2499 5059 nomen
2527 5002 2778 5057 Domini.
2811 5002 2972 5058 Unde
3003 5003 3061 5058 in
3091 5002 3218 5076 lege
3248 5004 3534 5074 scriptum
3576 5007 3665 5058 est
3692 5019 3704 5057 :

2062 5199 2260 5271 putavi
2302 5216 2314 5252 :
2350 5199 2767 5269 expungendus
2790 5199 3020 5271 deinde
3065 5199 3289 5255 litteras
3318 5207 3355 5254 t.
3390 5200 3430 5254 i.
3467 5204 3709 5271 Demum

2064 5270 2285 5340 litteras
2338 5286 2421 5340 ae,
2480 5271 2635 5324 verbi
2692 5270 2995 5335 ecclesiam,
3044 5271 3198 5339 quod
3257 5288 3407 5340 saepe
3461 5270 3710 5326 aecclesia

2064 5339 2360 5407 scribitur,
2396 5338 2646 5412 litteram
2684 5358 2754 5407 m,
2790 5341 2977 5395 verbis
3026 5338 3466 5412 malignantium
3513 5341 3709 5396 initia-

2064 5412 2190 5483 lem
2213 5425 2339 5483 esse
2368 5408 2508 5483 mihi
2552 5410 2741 5483 visum
2794 5416 2883 5466 est
2935 5429 2946 5465 :
3000 5410 3137 5483 alibi
3173 5408 3336 5467 enim
3388 5412 3711 5483 saepissime

2066 5478 2631 5554 initialibuslitteris
2664 5487 2853 5554 textus
2884 5482 3129 5554 exprimi
3161 5482 3369 5538 solent.

2316 5548 2797 5632 Yideatur'epist.
2850 5554 2923 5609 ad
2960 5548 3139 5611 'Rom.
3181 5554 3253 5611 ad
3300 5554 3503 5611 eadem
3532 5554 3711 5617 verba

2136 5670 2137 5673 η
2208 5623 2375 5677 initio
2409 5638 2421 5677 :
2451 5628 2652 5677 vocatis
2676 5625 2893 5677 sanctis.

2067 5623 2177 5680 sub
2208 5623 2375 5677 initio
2409 5638 2421 5678 :
2451 5623 2652 5680 vocatis
2676 5625 2893 5681 sanctis.
