3996 6232
314 362 425 425 291

1331 356 1675 422 ATTONIS
1718 355 2307 422 VERCELLENSIS
2352 358 2704 425 EPISCOPI

3601 360 3723 423 292

302 495 396 552 Sic
426 494 758 550 benedicetis
787 491 933 564 ﬁlios
962 494 1149 559 Israel,
1182 496 1501 549 invocantes
1546 509 1743 550 nomen
1768 508 1953 547 meum
1981 493 2035 559 Α
2066 492 2421 561 docuit,cum
2436 493 2825 566 quadraginta
2838 492 3130 560 diebus,et
3150 491 3423 547 noctibus
3443 491 3725 549 continue

304 599 475 655 super
501 599 588 640 eos
637 584 819 653 (Num.
846 600 924 650 v1,
957 583 1049 653 23)
1086 600 1099 637 :
1131 586 1188 638 et
1219 582 1532 639 Psalmista
1564 597 1578 637 :
1612 582 1830 637 Samuel
1869 583 1961 636 in-

304 676 387 728 ter
437 688 528 728 eos
577 673 676 743 qui
726 674 987 727 invocant
1030 686 1232 726 nomen
1286 672 1405 741 ejus
1446 671 1614 742 (Psal.
1652 687 1848 741 xcvm,
1878 669 1958 739 6).

303 760 539 817 Samuel
560 760 775 833 quippe
792 777 907 817 non
931 759 1041 815 fuit
1058 760 1128 814 de
1149 759 1330 830 stirpe
1356 761 1577 826 Aaron;
1602 775 1800 814 verum
1824 756 1962 829 quia

304 850 376 905 de
405 850 565 905 tribu
597 850 732 906 Levi
763 854 926 906 ortus
956 850 1005 919 (I
1029 850 1160 903 Par.
1185 864 1261 918 v1,
1282 849 1395 916 28),
1429 853 1491 903 ut
1522 848 1580 902 in
1614 847 1763 902 libro
1792 851 1962 901 Para.

306 939 700 1011 lipomenonis
734 938 1026 1009 legitur,et
1059 937 1333 992 sacerdos
1364 937 1608 1002 exstitit,
1639 941 1697 991 et
1715 936 1830 990 Deo
1863 952 1954 990 sa-

307 1028 589 1083 criﬁcium
647 1027 884 1093 obtulit;
943 1026 1188 1097 ideoque
1218 1025 1534 1081 Psalmista
1590 1024 1731 1080 dicit
1763 1041 1778 1080 :
1810 1026 1959 1079 Inter

306 1133 411 1184 eos,
445 1120 543 1189 qui
570 1119 841 1181 invocant,
876 1114 933 1169 id
965 1119 1073 1183 est,
1109 1114 1262 1169 inter
1291 1114 1647 1170 sacerdotes.
1676 1116 1791 1167 Cur
1818 1128 1955 1183 ergo

304 1206 413 1261 hoc
444 1206 525 1261 ait
554 1202 907 1276 Apostolus?
938 1203 1012 1259 Ut
1041 1203 1395 1273 ostenderet,
1441 1202 1580 1274 quia
1626 1203 1955 1258 sacerdotes

301 1294 362 1349 in
392 1293 647 1350 Ecclesia
675 1292 891 1359 locum,
923 1291 981 1346 id
1014 1296 1104 1347 est
1130 1291 1340 1359 vicem,
1370 1295 1431 1347 et
1457 1291 1716 1345 officium
1758 1292 1957 1346 tenent

300 1382 714 1455 Apostolorum
755 1398 769 1437 :
812 1381 971 1437 unde
1018 1386 1075 1436 et
1121 1379 1372 1453 apostoli
1421 1378 1810 1435 Ecclesiarum
1852 1394 1956 1434 vo-

301 1476 527 1527 cantur.

372 1560 730 1633 Igitur,quia
762 1558 1045 1631 praemisit
1077 1574 1090 1613 :
1123 1560 1237 1628 Qui
1262 1560 1517 1614 invocant
1543 1573 1745 1613 nomen
1766 1557 1954 1611 Domi-

299 1653 362 1705 ni
391 1652 518 1707 Iesu
549 1650 783 1711 Christi;
816 1665 887 1704 ne
917 1648 1063 1704 forte
1100 1647 1396 1703 videretur
1439 1646 1865 1712 auctoritatem,
1896 1649 1953 1701 et

302 1740 522 1794 donum
557 1739 656 1793 Dei
686 1737 873 1793 Patris
917 1735 1254 1805 exclusisse,
1285 1734 1483 1791 intulit
1511 1753 1524 1791 :
1559 1735 1745 1790 Gratia
1774 1734 1948 1803 vobis,

301 1836 353 1883 et
377 1844 501 1899 pax
528 1845 564 1883 a
592 1828 696 1883 Deo
727 1828 889 1882 Patre
920 1827 1115 1880 nostra.
1160 1824 1384 1890 Quibus
1431 1824 1626 1879 verbis
1673 1824 1951 1879 admonet

300 1916 613 1972 Dominum
644 1916 849 1971 Jesum
877 1914 1202 1980 Christum,
1249 1914 1402 1968 sicut
1442 1912 1627 1968 Deum
1677 1912 1949 1967 invocan-

300 2006 442 2061 dum
477 2023 491 2061 :
524 2020 756 2061 omnem
788 2007 983 2059 tamen
1015 2002 1285 2075 gratiam,
1309 2006 1366 2057 et
1394 2002 1637 2072 donum,
1668 2001 1741 2057 ad
1764 2001 1946 2057 Deum

300 2099 530 2150 Patrem
561 2093 948 2158 referendum,
982 2108 1049 2147 ex
1076 2108 1190 2164 quo
1214 2095 1353 2147 sunt
1372 2091 1601 2146 omnia:
1631 2091 1947 2146 ostendens

301 2184 467 2252 duos,
501 2183 558 2238 id
589 2187 699 2250 est,
733 2184 881 2237 duas
915 2180 1121 2246 Patris,
1157 2184 1212 2236 et
1242 2178 1369 2235 Filii
1402 2179 1824 2251 personas,qui
1846 2195 1949 2251 per

298 2273 659 2328 divinitatem
692 2287 876 2327 unum
909 2274 1069 2336 sunt,
1092 2274 1149 2324 et
1166 2269 1353 2324 Patris
1388 2269 1794 2324 auctoritatem
1818 2283 1947 2324 esse

299 2361 1016 2435 proferendam.Prmterea
1036 2357 1363 2424 sciendum,
1390 2358 1528 2430 quia
1556 2357 1649 2412 bis
1678 2357 1871 2413 verbis
1892 2362 1948 2412 et

300 2450 706 2507 remissionem
753 2453 1122 2521 peccatorum
1153 2446 1470 2503 Corinthiis
1514 2451 1697 2518 optat,
1745 2450 1803 2502 et
1852 2448 1946 2503 Dei

298 2537 849 2595 reconciliationem.
913 2536 1107 2591 Gratia
1158 2535 1373 2607 quippe
1416 2535 1635 2590 donum
1676 2540 1781 2603 est,
1830 2551 1946 2607 quo

298 2632 536 2701 peccata
592 2626 890 2697 laxantur;
953 2625 1107 2679 unde
1163 2628 1220 2679 et
1278 2622 1465 2695 gratia
1514 2623 1673 2678 dicta
1720 2628 1827 2691 est,
1880 2641 1946 2680 eo

300 2718 454 2789 quod
486 2715 668 2788 gratis
696 2715 866 2770 detur
900 2732 912 2769 :
933 2729 1052 2785 pax
1078 2728 1212 2767 vero
1239 2715 1471 2782 est,qua
1494 2711 1942 2768 reconciliamur

299 2807 435 2863 Deo.

370 2894 571 2967 Igitur,
605 2893 746 2964 quia
774 2891 959 2964 gratia
992 2894 1049 2947 et
1081 2906 1210 2961 pax,
1245 2905 1370 2961 qua:
1406 2893 1544 2943 sunt
1577 2907 1610 2944 a
1643 2889 1779 2960 Deo,
1806 2894 1945 2946 sunt

296 2989 354 3042 et
385 2985 457 3040 ab
490 2982 791 3054 unigenito
831 2980 973 3037 Filio
1008 2980 1156 3052 ejus,
1184 2978 1397 3049 adjecit
1428 2994 1441 3031 :
1475 2979 1538 3032 Et
1567 2980 1792 3034 Domino
1818 2980 1943 3035 Iesu

294 3076 531 3132 Christo.
561 3074 853 3136 Attamen,
885 3068 1152 3143 quamvis
1180 3067 1447 3136 latenter,
1480 3066 1658 3123 totius
1689 3067 1940 3123 Trinita-

294 3163 373 3219 tis
401 3162 462 3218 in
494 3162 603 3217 hoc
632 3160 758 3217 loco
786 3157 1104 3231 Apostolus
1134 3154 1487 3213 mentionem
1520 3156 1656 3212 facit
1697 3180 1711 3212 :
1751 3157 1942 3229 gratia

2063 582 2371 652 jejunavit.
2408 582 2570 648 Quod
2601 586 2796 638 autem
2826 581 3007 653 addit,
3036 597 3136 653 pro
3166 580 3333 646 vobis,
3350 596 3467 637 non
3499 581 3722 637 intelli-

2070 671 2325 741 gendum
2354 675 2446 727 est
2475 688 2578 743 pro
2610 670 2910 738 divitibus,
2944 674 3046 726 aut
3074 669 3435 742 potentibus,
3469 672 3569 726 sed
3612 688 3720 743 pro

2070 759 2252 826 vobis,
2286 759 2344 813 id
2375 765 2483 826 est,
2517 759 2615 831 qui
2640 759 2697 813 in
2720 759 2833 814 fide
2855 758 3289 831 perseverastis.
3323 760 3383 814 In
3403 759 3587 830 gratia
3602 776 3624 821 ,°
3655 758 3718 815 id

2068 853 2179 914 est,
2210 864 2313 919 pro
2344 848 2771 919 gratia.Verum
2804 848 2942 919 quia
2971 851 3110 904 sunt
3139 846 3545 920 nonnulll,qui
3567 849 3719 904 divi-

2067 937 2283 991 tiarum
2315 940 2679 992 terrenarum
2711 937 2959 1009 gratiam
2992 936 3209 992 habent
3242 954 3255 992 :
3286 952 3358 992 ne
3390 938 3536 993 forte
3559 937 3719 993 vide-

2068 1026 2228 1077 retur
2273 1023 2580 1095 Apostolus
2617 1041 2720 1095 pro
2767 1024 3108 1095 hujusmodi
3153 1025 3371 1096 gratias
3419 1024 3715 1094 retulisse,

2066 1110 2286 1178 intulit,
2316 1112 2432 1167 Dei.
2467 1113 2714 1181 Rursus,
2749 1113 2887 1184 quia
2941 1113 3091 1168 hanc
3122 1113 3368 1185 gratiam
3419 1130 3535 1169 non
3586 1114 3717 1171 suis

2067 1200 2316 1267 meritis,
2351 1200 2450 1255 sed
2489 1200 2686 1255 divina
2716 1200 2982 1273 largitate
3015 1202 3206 1273 adepti
3239 1206 3399 1269 sunt,
3449 1203 3663 1275 adjecit
3698 1219 3712 1258 :

2064 1291 2204 1358 Quae
2249 1289 2376 1345 data
2440 1294 2521 1344 est
2567 1291 2715 1345 vobis
2775 1292 2833 1344 in
2903 1291 3116 1347 Christo
3156 1293 3301 1362 Iesu,
3352 1292 3410 1347 id
3464 1296 3554 1348 est
3611 1309 3720 1364 per

2065 1376 2362 1433 Christum
2392 1379 2613 1434 Jesum.
2646 1378 2760 1434 Cur
2790 1383 2986 1435 autem
3019 1381 3230 1436 referat
3258 1380 3499 1453 gratias,
3521 1383 3716 1438 mani-

2063 1464 2240 1521 festat
2268 1481 2283 1520 :
2309 1469 2462 1537 Quia
2490 1468 2545 1522 in
2577 1467 2827 1523 omnibus
2854 1467 3050 1523 divites
3076 1471 3211 1539 facti
3240 1472 3368 1525 estis
3396 1472 3457 1525 in
3486 1471 3608 1540 illo,
3651 1474 3718 1528 in

2063 1556 2217 1609 omni
2240 1557 2419 1623 verbo,
2442 1559 2552 1611 etc.
2581 1555 2644 1610 In
2673 1554 2796 1626 illo,
2830 1556 2887 1610 id
2916 1560 3023 1627 est,
3051 1574 3155 1629 per
3183 1557 3374 1613 illum.
3406 1559 3519 1614 Sed
3547 1576 3715 1632 quas-

2063 1644 2309 1697 rendum
2341 1648 2429 1699 est
2457 1644 2671 1715 quibus
2702 1644 2919 1700 divitiis
2951 1643 3082 1701 illos
3109 1646 3267 1702 dicat
3290 1647 3526 1703 ditatos.
3549 1648 3714 1704 Nun-

2063 1732 2202 1803 quid
2232 1733 2377 1799 auri,
2409 1738 2511 1788 aut
2542 1734 2805 1805 argenti?
2844 1734 2989 1790 Non.
3042 1736 3153 1790 Sed
3204 1735 3344 1805 illis,
3374 1737 3445 1792 de
3490 1737 3712 1809 quibus

2061 1819 2241 1876 Isaias
2271 1820 2454 1877 dicit:
2487 1823 2707 1878 Divitiae
2752 1823 2971 1893 salutis,
3019 1825 3311 1894 sapientia.
3350 1828 3404 1880 et
3447 1826 3710 1895 scientia,

2058 1911 2228 1966 timor
2276 1911 2513 1979 Domini,
2561 1914 2679 1984 ipse
2723 1916 3018 1968 thesaurus
3045 1917 3168 1984 ejus
3213 1914 3342 1985 (lsa.
3392 1931 3593 1983 χχχιιι,
3626 1917 3711 1988 6).

2059 1998 2222 2054 Unde
2249 2000 2585 2071 Apostolus,
2637 2005 2702 2056 ut
2749 2001 3082 2059 ostenderet
3123 2004 3195 2058 de
3240 2003 3456 2075 quibus
3487 2004 3711 2062 divitiis

2059 2086 2287 2155 dixerit,
2304 2090 2569 2160 adjunxit
2602 2107 2614 2145 :
2646 2092 2710 2145 In
2738 2093 2890 2146 omni
2916 2094 3076 2148 verba
3103 2100 3155 2147 et
3185 2094 3246 2147 in
3276 2095 3428 2149 omni
3453 2095 3708 2151 scientia.

2061 2177 2289 2233 Verbum
2320 2177 2429 2233 hoc
2458 2177 2584 2234 loco
2615 2196 2729 2234 non
2760 2180 3071 2236 essentiale
3099 2181 3541 2255 intelligendum
3591 2188 3711 2252 est,

2057 2267 2158 2321 Sed
2189 2266 2673 2338 nuncupativum.
2707 2272 2774 2325 In
2804 2271 2957 2324 omni
2984 2271 3164 2337 verbo,
3197 2270 3256 2325 id
3289 2275 3399 2340 est,
3431 2271 3491 2327 in
3520 2274 3710 2347 omni,

2056 2355 2337 2410 doctrina.
2377 2356 2619 2412 Scientia
2648 2361 2841 2413 autem
2875 2362 2983 2425 est,
3017 2375 3150 2414 cum
3182 2376 3275 2415 res
3317 2360 3518 2432 aliqua
3546 2368 3712 2418 certa

2057 2443 2281 2500 ratione
2313 2444 2650 2517 percipitur.
2684 2447 3001 2502 Sciendum
3031 2464 3187 2520 vero,
3221 2448 3361 2521 quia
3396 2451 3715 2507 voluerunt

2057 2533 2321 2588 nonnulli
2354 2534 2462 2589 hoc
2491 2534 2617 2590 loco
2648 2535 2972 2592 humanam
3003 2538 3214 2594 debere
3244 2536 3490 2612 intelligi
3518 2541 3711 2597 scien-

2056 2620 2227 2689 tiam;
2260 2621 2506 2693 ideoque
2537 2623 2711 2695 paulo
2743 2624 2987 2681 inferius
3017 2626 3254 2681 additur
3284 2644 3299 2682 :
3333 2629 3412 2682 Ita
3460 2632 3521 2683 ut
3551 2628 3712 2684 nihil

2052 2710 2202 2765 vobis
2231 2710 2370 2766 desit
2386 2714 2443 2766 in
2464 2713 2582 2767 ulla
2600 2715 2819 2781 gratia;
2851 2715 3126 2785 quoniam
3157 2715 3432 2773 Salomon
3454 2716 3709 2789 loquens

2052 2799 2124 2855 de
2154 2800 2461 2872 sapientia,
2510 2802 2663 2857 inter
2710 2798 2825 2858 alia
2864 2803 2946 2859 ait
2979 2820 2991 2858 :
3032 2807 3305 2860 Venerunt
3347 2804 3490 2862 mihi
3515 2810 3713 2863 omnia

2052 2890 2191 2944 bona
2228 2892 2446 2961 pariter
2488 2906 2613 2947 cum
2642 2892 2741 2946 illa
2772 2892 2925 2964 (Sap.
2956 2910 3054 2961 vn,
3092 2895 3179 2965 11)
3212 2911 3226 2949 :
3261 2895 3361 2966 qui
3404 2894 3560 2951 enim
3608 2913 3710 2953 sa-

2052 2979 2220 3050 piens
2249 2984 2359 3048 est,
2383 2978 2607 3036 nullam
2642 2981 2863 3053 patitur
2894 2984 3221 3054 penuriam.
3256 2985 3366 3040 Sed
3400 2984 3611 3042 melius
3644 2986 3706 3043 in

2050 3068 2158 3123 hoc
2179 3067 2303 3123 loco
2327 3068 2607 3139 spiritalis
2627 3070 2871 3126 scientia
2890 3070 3263 3145 intelligitur,
3287 3089 3464 3145 quam
3489 3074 3707 3132 huma-

2052 3174 2127 3212 na
2141 3173 2155 3212 :
2171 3156 2381 3212 divites
2397 3157 2551 3213 enim
2572 3158 2751 3215 factos
2769 3159 2909 3215 dicit
2926 3160 2985 3215 in
3004 3162 3163 3217 omni
3180 3163 3439 3228 verbo,et
3458 3163 3517 3219 in
3537 3166 3709 3221 omni

295 3252 452 3308 enim
476 3256 534 3307 et
564 3268 676 3323 pax
704 3230 856 3305 dona
884 3251 1023 3304 sunt
1052 3246 1305 3318 Spiritus
1349 3245 1534 3301 sancti
1571 3263 1584 3301 :
1616 3261 1749 3301 cum
1800 3262 1939 3319 ergo
1969 3230 2012 3297 C
2049 3245 2313 3313 scientia,
2333 3245 2471 3318 quia
2499 3246 2559 3301 in
2591 3252 2827 3320 accepta
2855 3250 3043 3321 gratia
3073 3256 3527 3323 perseverantes,
3563 3253 3706 3311 doc-

295 3341 481 3413 gratia
506 3344 563 3396 et
592 3356 703 3412 pax
732 3340 987 3409 optatur,
1017 3335 1272 3408 Spiritus
1302 3332 1670 3405 sanctus,qui
1702 3342 1791 3390 est
1820 3339 1935 3391 ter-

297 3431 379 3487 tia
406 3429 465 3484 in
498 3428 804 3485 Trinitatis
837 3441 1087 3498 persona
1116 3423 1581 3479 commendatur.

362 3521 582 3575 Gratias
606 3533 705 3589 ago
734 3518 838 3571 Deo
852 3529 970 3571 meo
999 3529 1211 3584 semper
1239 3529 1341 3584 pro
1362 3513 1531 3568 vobis.
1573 3512 1752 3569 Solito
1774 3530 1935 3568 more

288 3628 321 3667 a
349 3608 671 3682 gratiarum
710 3605 884 3676 ccepit
932 3602 1179 3666 actione,
1228 3605 1295 3655 ut
1340 3617 1478 3657 suos
1530 3601 1828 3656 auditores
1860 3601 1932 3655 ad

289 3697 533 3753 meliora
570 3696 926 3767 provocarat.
978 3690 1042 3745 In
1091 3706 1206 3761 quo
1255 3689 1404 3745 facto
1455 3690 1933 3762 praedicatoribus

292 3784 528 3858 reliquit
555 3780 910 3853 exemplum,
942 3784 1009 3834 ut
1037 3794 1150 3833 non
1182 3779 1355 3834 modo
1402 3795 1505 3851 pro
1553 3780 1701 3843 suis,
1734 3780 1835 3835 sed
1878 3783 1935 3834 et

291 3891 396 3948 pro
427 3872 762 3929 auditorum
792 3885 1034 3925 suorum
1068 3867 1421 3940 profectibus
1443 3872 1554 3923 Deo
1584 3868 1803 3940 gratias
1844 3883 1934 3923 re-

286 3966 439 4021 ferre
489 3961 783 4018 studeant.
834 3958 1087 4014 Dicendo
1133 3962 1326 4013 autem
1375 3959 1501 4027 Deo,
1524 3958 1710 4022 docet,
1768 3962 1836 4011 ut
1882 3956 1932 4011 si

286 4054 464 4110 homo
495 4050 568 4107 ab
599 4049 835 4106 homine
866 4046 1087 4120 aliquid
1116 4046 1253 4103 boni
1285 4046 1478 4112 discit,
1518 4063 1633 4101 non
1681 4044 1932 4114 homini,

292 4143 394 4199 sed
453 4146 569 4198 Deo
618 4138 892 4208 ascribat,
942 4140 998 4193 et
1041 4134 1277 4209 gratias
1306 4139 1485 4208 agat:
1520 4134 1741 4189 frustra
1774 4134 1931 4190 enim

287 4232 513 4289 laborat
540 4245 734 4287 sermo
765 4226 1162 4301 praedicatoris
1193 4223 1587 4291 exterius,nisi
1619 4221 1772 4278 adsit
1798 4239 1930 4295 gra-

282 4322 366 4377 tia
395 4319 586 4378 sancti
614 4318 889 4392 Spiritus,
942 4333 1068 4389 qum
1117 4319 1374 4371 mentem
1415 4312 1618 4366 doceat
1660 4310 1927 4368 interius.

282 4410 391 4467 Meo
417 4426 551 4466 vero
590 4407 840 4475 addidit,
892 4410 957 4462 ut
1001 4404 1354 4469 ostenderet,
1403 4399 1545 4471 quia
1592 4404 1765 4464 Deus,
1820 4400 1930 4456 etsi

285 4504 496 4557 natura
523 4498 789 4554 omnium
836 4500 921 4552 est
965 4500 1148 4561 Deus;
1198 4490 1340 4563 quia
1386 4489 1653 4544 omnium
1697 4487 1932 4545 Creator

282 4594 339 4646 et
379 4589 590 4659 judex;
641 4584 937 4641 voluntate
986 4586 1183 4639 tamen
1230 4582 1288 4635 et
1341 4576 1549 4633 merito
1607 4592 1929 4665 paucorum
1957 4599 2006 4665 D

280 4682 389 4745 est,
415 4676 475 4732 id
507 4680 595 4732 est
623 4674 961 4742 electorum,
985 4685 1237 4744 quorum
1266 4665 1639 4723 solummodo
1677 4669 1766 4720 est
1809 4662 1930 4723 haec

277 4782 405 4823 νοις.

352 4854 721 4927 Itaque,quia
751 4857 890 4909 sunt
914 4846 1203 4915 nonnulli,
1236 4844 1337 4915 qui
1369 4848 1488 4898 tam
1521 4843 1578 4897 in
1611 4844 1923 4916 prosperis,

279 4960 457 5017 quam
479 4943 537 4999 in
569 4942 845 5009 adversis,
880 4957 994 4996 non
1027 4933 1438 5000 continuatim,
1471 4933 1570 4988 sed
1604 4934 1674 4989 ad
1694 4937 1926 5006 tempus

275 5031 391 5088 Deo
420 5030 635 5103 gratias
658 5029 919 5086 referunt
944 5043 957 5082 :
983 5029 1050 5080 ut
1068 5024 1422 5077 monstraret
1441 5020 1774 5092 Apostolus,
1804 5028 1922 5080 tam

273 5122 332 5177 in
362 5121 867 5194 prosperis,quam
900 5117 958 5170 in
989 5109 1549 5180 adversis,continue
1570 5111 1684 5168 Deo
1705 5113 1922 5185 gratias

274 5211 628 5279 referendas,
660 5204 950 5277 adjunxit,
983 5214 1215 5272 semper.
1248 5198 1366 5255 Hoc
1414 5199 1588 5256 etiam
1637 5201 1921 5258 Dominus

342 5371 490 5445 (489)
523 5374 732 5445 Λιιιοεἶ
763 5362 940 5445 habet
957 5364 1019 5418 in
1050 5361 1493 5445 templumquod
1521 5362 1919 5445 ad‘meliorem

272 5433 577 5499 lectionem
609 5433 997 5518 redigendum
1028 5433 1496 5518 censui.‘8ensus_
1517 5433 1759 5518 fertasse
1808 5434 1919 5518 hu:

259 5515 430 5596 jusce
457 5504 959 5581 interpretationis
1007 5507 1077 5563 ad
1127 5505 1267 5562 illud
1301 5504 1499 5560 referri
1541 5504 1730 5591 debet,
1763 5506 1920 5589 quod

267 5586 425 5641 idem
455 5578 761 5647 apostolus
810 5574 919 5632 hac
960 5581 1115 5647 Ep.c.
1150 5595 1232 5647 ιιι,
1265 5594 1321 5633 v.
1356 5577 1424 5630 16
1456 5592 1469 5631 :
1502 5575 1754 5644 Nescitis,
1786 5593 1921 5647 quia

267 5578 425 5641 idem
455 5578 761 5655 apostolus
810 5578 919 5632 hac
960 5581 1115 5653 Ep.c.
1150 5595 1212 5635 ιιι
1265 5594 1321 5633 v.
1356 5578 1424 5630 16
1456 5592 1469 5631 :
1502 5578 1754 5644 Nescitis,
1786 5579 1921 5647 quia

267 5654 531 5731 templum
556 5651 659 5713 Dei
683 5647 834 5721 estis,
866 5647 953 5709 vel
982 5669 1033 5710 v.
1065 5651 1132 5708 17
1159 5668 1173 5710 :
1205 5623 1271 5708 Si
1296 5648 1420 5723 quis
1448 5648 1633 5704 autem
1657 5648 1921 5722 templum

2044 3334 2260 3390 trinam
2289 3334 2570 3406 spiritalis
2598 3336 2851 3393 scientiae
2883 3342 3023 3394 sunt
3051 3340 3447 3412 adepti.Unde
3477 3345 3535 3397 et
3556 3342 3702 3398 sub-

2044 3423 2202 3477 ditur
2234 3441 2247 3479 :
2282 3423 2432 3478 Sicut
2462 3427 2833 3482 testimonium
2862 3427 3074 3483 Christi
3101 3430 3486 3499 conﬁrmatum
3511 3439 3591 3487 est
3636 3435 3702 3489 in

2043 3512 2637 3569 vobis.Testimonium
2663 3515 2880 3588 quippe
2900 3517 3111 3573 Christi
3134 3535 3269 3574 vera
3299 3519 3545 3576 scientia
3570 3527 3694 3579 est:

2044 3602 2197 3673 quod
2231 3602 2289 3656 in
2321 3602 2633 3658 Corinthiis
2678 3605 3089 3661 conﬁrmatum
3133 3611 3279 3675 erat,
3318 3608 3458 3679 quia
3484 3608 3545 3664 in
3578 3610 3697 3667 ﬁde

2042 3691 2567 3762 corroborati,nihil
2591 3694 2662 3748 de
2683 3693 3021 3751 hominibus
3049 3696 3694 3771 sperabant,nullisque

2044 3783 2280 3835 terrenae
2310 3781 2627 3852 voluptatis
2656 3782 2943 3838 illecebris
2973 3784 3218 3851 inducti,
3242 3801 3480 3841 omnem
3523 3786 3695 3860 spem

2042 3884 2211 3923 suam
2233 3867 2290 3923 in
2315 3868 2544 3925 Christo
2569 3870 3197 3928 collocaverant.Aliter
3219 3889 3232 3928 :
3257 3874 3693 3933 Testimonium

2042 3956 2251 4013 Christi
2269 3958 2680 4014 confirmatum
2697 3965 2821 4015 erat
2850 3960 2909 4014 in
2945 3960 3085 4031 illis,
3115 3963 3275 4033 quia,
3309 3965 3465 4035 quod
3488 3964 3692 4022 Chris-

2039 4051 2139 4101 tus
2157 4045 2340 4117 gessit
2359 4045 2419 4099 in
2442 4045 2816 4114 homine,hoc
2842 4048 2901 4104 in
2924 4065 3124 4104 eorum
3151 4051 3380 4107 actibus
3397 4058 3695 4110 monstra-

2042 4133 2215 4187 batur
2236 4134 2295 4187 in
2318 4133 2889 4207 templo(489).Sicut
2910 4137 3063 4193 enim
3087 4138 3353 4195 Christus
3375 4142 3699 4199 crucifixus

2041 4221 2375 4290 resurrexit,
2408 4222 2701 4297 caalosque
2729 4227 3097 4293 conscendit;
3148 4227 3231 4284 ita
3259 4233 3317 4284 et
3347 4229 3409 4284 bi
3438 4233 3696 4288 mundo.

2038 4310 2313 4382 vitiisque
2350 4311 2633 4381 cruciﬁxi,
2659 4319 2716 4369 et
2743 4314 3060 4371 virtutibus
3091 4321 3483 4390 resurgentes,
3515 4319 3699 4378 caelos

2040 4415 2143 4470 per
2188 4398 2415 4455 cmleste
2455 4400 2810 4459 desiderium
2854 4406 3337 4463 conscenderunt.
3387 4408 3696 4472 Quomodo

2041 4502 2170 4543 vero
2202 4488 2612 4545 conﬁrmatum
2644 4492 2722 4547 sit
2747 4491 2959 4549 Christi
2987 4494 3394 4552 testimonium
3436 4496 3499 4552 in
3548 4497 3691 4556 illis.

2039 4576 2313 4648 aperitur,
2347 4594 2482 4633 cum
2514 4579 2791 4636 subditur
2822 4598 2833 4637 :
2868 4584 2952 4637 Ila
2981 4586 3043 4637 ut
3069 4584 3217 4639 nihil
3254 4584 3403 4641 vobis
3449 4586 3591 4642 desit
3629 4588 3694 4642 in

2038 4667 2157 4722 ulla
2204 4668 2482 4736 gratia,id
2513 4673 2623 4738 est,
2653 4670 2775 4726 ulla
2801 4670 3032 4729 virtute.
3066 4674 3288 4738 Quibus
3330 4679 3527 4731 autem
3577 4675 3692 4733 hoc

2038 4756 2211 4827 dicat,
2246 4757 2523 4828 aperitur,
2548 4774 2682 4813 cum
2713 4760 2986 4816 subditur
3017 4779 3031 4817 :
3064 4764 3515 4835 Exspectantibus
3541 4781 3695 4822 reve-

2037 4846 2292 4902 lationem
2329 4847 2550 4901 Domini
2592 4851 2770 4903 nostri
2813 4851 2938 4905 Iesu
2986 4850 3207 4907 Christi.
3253 4853 3686 4912 Revelationem

2034 4934 2267 4991 Domini
2297 4935 2434 4990 Jesu
2464 4935 2860 5004 Christi,diem
2889 4945 3057 4995 vocat
3078 4940 3287 5010 judicii
3320 4959 3334 4996 :
3368 4946 3495 4999 tum
3526 4945 3687 5001 enim

2034 5023 2307 5080 Christus
2356 5025 2635 5081 omnibus
2682 5026 3058 5095 revelabitur,
3108 5034 3228 5086 tam
3275 5031 3473 5101 iustis,
3504 5049 3686 5104 quam

2034 5112 2296 5184 injustis,
2332 5118 2452 5168 tam
2488 5113 2623 5185 piis,
2655 5131 2832 5187 quam
2882 5115 3101 5188 impiis,
3134 5124 3201 5174 ut
3229 5118 3389 5188 mali,
3422 5120 3689 5177 videntes

2034 5203 2185 5274 quod
2222 5203 2455 5259 credere
2480 5202 2813 5275 noluerunt,
2846 5207 3284 5264 confundantur
3310 5213 3367 5264 et
3402 5214 3683 5283 pereant;

2029 5362 2129 5437 Dei
2154 5362 2557 5437 violaverit..."
2592 5364 2854 5435 templum
2888 5366 2991 5421 Dei
3026 5375 3279 5423 sanctum
3325 5372 3427 5437 est,
3476 5368 3566 5423 vel
3618 5370 3693 5426 ad

2028 5432 2398 5511 illuc,hquod
2451 5450 2503 5488 c.
2551 5450 2629 5499 νι,
2665 5432 2735 5511 v.
2788 5437 2875 5511 19,
2920 5438 3171 5511 memhra
3199 5443 3390 5495 vestra
3414 5432 3696 5511 templum

2028 5511 2157 5577 sunt
2204 5502 2449 5577 Spiritus
2496 5508 2674 5561 sancti
2720 5524 2738 5561 :
2781 5506 2871 5561 vel
2915 5508 3055 5564 item
3086 5508 3136 5564 ll
3165 5512 3235 5567 ad
3280 5511 3407 5567 Cor.
3439 5527 3489 5565 ο.
3521 5502 3601 5577 vi,
3632 5528 3689 5568 v.

2031 5576 2128 5702 ig,
2153 5575 2422 5702 vq’qoenim
2450 5578 2574 5633 estis
2606 5577 2867 5650 templum
2912 5579 3012 5637 Dei
3053 5581 3188 5640 viri.
3218 5581 3322 5639 Vel
3365 5575 3688 5669 legendum

2130 5662 2184 5702 m
2282 5686 2295 5702 .

2029 5658 2295 5720 exempto.
3654 5658 3687 5669 ὀ
