  <div class='ocr_page' id='page_1' title='image "/cluster/home/n/w/nwhite01/storage/ocr_20150623/134-135/uva.x000829784/174.png"; bbox 0 0 3996 6232; ppageno 0'>
   <div class='ocr_carea' id='block_1_1' title="bbox 176 356 299 418">
    <p class='ocr_par' dir='ltr' id='par_1_1' title="bbox 176 356 299 418">
     <span class='ocr_line' id='line_1_1' title="bbox 176 356 299 418; baseline -0.041 0"><span class='ocrx_word' id='word_1_1' title='bbox 176 356 299 418; x_wconf 70' lang='lat'>297</span> 
     </span>
    </p>
   </div>
   <div class='ocr_carea' id='block_1_2' title="bbox 760 354 3034 421">
    <p class='ocr_par' dir='ltr' id='par_1_2' title="bbox 760 354 3034 421">
     <span class='ocr_line' id='line_1_2' title="bbox 760 354 3034 421; baseline 0.002 -7"><span class='ocrx_word' id='word_1_2' title='bbox 760 355 1179 417; x_wconf 86' lang='lat' dir='ltr'>EXPOSITIO</span> <span class='ocrx_word' id='word_1_3' title='bbox 1224 358 1302 416; x_wconf 89' lang='lat' dir='ltr'>IN</span> <span class='ocrx_word' id='word_1_4' title='bbox 1349 354 1773 419; x_wconf 82' lang='lat' dir='ltr'>EPISTOLAS</span> <span class='ocrx_word' id='word_1_5' title='bbox 1815 358 2075 419; x_wconf 87' lang='lat' dir='ltr'>PAULI.</span> <span class='ocrx_word' id='word_1_6' title='bbox 2114 392 2187 400; x_wconf 85' lang='lat'>—-</span> <span class='ocrx_word' id='word_1_7' title='bbox 2222 358 2299 417; x_wconf 89' lang='lat' dir='ltr'>IN</span> <span class='ocrx_word' id='word_1_8' title='bbox 2345 359 2592 420; x_wconf 85' lang='lat' dir='ltr'>EPIST.</span> <span class='ocrx_word' id='word_1_9' title='bbox 2642 360 2661 417; x_wconf 93' lang='lat' dir='ltr'>I</span> <span class='ocrx_word' id='word_1_10' title='bbox 2711 361 2814 418; x_wconf 89' lang='lat' dir='ltr'>AD</span> <span class='ocrx_word' id='word_1_11' title='bbox 2860 360 3034 421; x_wconf 79' lang='lat' dir='ltr'>COR.</span> 
     </span>
    </p>
   </div>
   <div class='ocr_carea' id='block_1_3' title="bbox 3481 368 3597 428">
    <p class='ocr_par' dir='ltr' id='par_1_3' title="bbox 3481 368 3597 428">
     <span class='ocr_line' id='line_1_3' title="bbox 3481 368 3597 428; baseline 0.043 -5"><span class='ocrx_word' id='word_1_12' title='bbox 3481 368 3597 428; x_wconf 79' lang='lat'>298</span> 
     </span>
    </p>
   </div>
   <div class='ocr_carea' id='block_1_4' title="bbox 178 486 3602 561">
    <p class='ocr_par' dir='ltr' id='par_1_4' title="bbox 178 486 3602 561">
     <span class='ocr_line' id='line_1_4' title="bbox 178 486 3602 561; baseline 0.002 -19"><span class='ocrx_word' id='word_1_13' title='bbox 178 487 321 542; x_wconf 89' lang='lat' dir='ltr'>dare</span> <span class='ocrx_word' id='word_1_14' title='bbox 358 501 700 557; x_wconf 79' lang='lat' dir='ltr'>personam.</span> <span class='ocrx_word' id='word_1_15' title='bbox 730 486 800 541; x_wconf 87' lang='lat' dir='ltr'>Et</span> <span class='ocrx_word' id='word_1_16' title='bbox 828 491 917 541; x_wconf 90' lang='lat' dir='ltr'>est</span> <span class='ocrx_word' id='word_1_17' title='bbox 963 504 1212 543; x_wconf 85' lang='lat' dir='ltr'>sensus:</span> <span class='ocrx_word' id='word_1_18' title='bbox 1243 488 1298 543; x_wconf 92' lang='lat' dir='ltr'>Si</span> <span class='ocrx_word' id='word_1_19' title='bbox 1333 489 1596 544; x_wconf 79' lang='lat' dir='ltr'>Christus</span> <span class='ocrx_word' id='word_1_20' title='bbox 1630 506 1730 559; x_wconf 90' lang='lat' dir='ltr'>pro</span> <span class='ocrx_word' id='word_1_21' title='bbox 1761 506 1854 543; x_wconf 84' lang='grc' dir='ltr'>νο·</span> <span class='ocrx_word' id='word_1_22' title='bbox 1884 490 1937 555; x_wconf 74' lang='grc' dir='ltr'><strong>Α</strong></span> <span class='ocrx_word' id='word_1_23' title='bbox 1973 488 2245 558; x_wconf 83' lang='lat' dir='ltr'>baptizat,</span> <span class='ocrx_word' id='word_1_24' title='bbox 2283 489 2559 543; x_wconf 86' lang='lat' dir='ltr'>continuo</span> <span class='ocrx_word' id='word_1_25' title='bbox 2594 490 2838 545; x_wconf 83' lang='lat' dir='ltr'>idoneus</span> <span class='ocrx_word' id='word_1_26' title='bbox 2880 496 2967 543; x_wconf 79' lang='lat' dir='ltr'>est</span> <span class='ocrx_word' id='word_1_27' title='bbox 3001 492 3393 561; x_wconf 84' lang='lat' dir='ltr'>evangelizare</span> <span class='ocrx_word' id='word_1_28' title='bbox 3428 511 3438 546; x_wconf 86' lang='lat'><strong>:</strong></span> <span class='ocrx_word' id='word_1_29' title='bbox 3473 512 3602 549; x_wconf 87' lang='lat' dir='ltr'>nam</span> 
     </span>
    </p>
   </div>
   <div class='ocr_carea' id='block_1_5' title="bbox 175 574 1848 647">
    <p class='ocr_par' dir='ltr' id='par_1_5' title="bbox 175 574 1848 647">
     <span class='ocr_line' id='line_1_5' title="bbox 175 574 1848 647; baseline 0 -16"><span class='ocrx_word' id='word_1_30' title='bbox 175 576 295 645; x_wconf 89' lang='lat' dir='ltr'>bis,</span> <span class='ocrx_word' id='word_1_31' title='bbox 320 580 377 631; x_wconf 91' lang='lat' dir='ltr'>et</span> <span class='ocrx_word' id='word_1_32' title='bbox 407 591 527 631; x_wconf 91' lang='lat' dir='ltr'>non</span> <span class='ocrx_word' id='word_1_33' title='bbox 562 574 785 629; x_wconf 81' lang='lat' dir='ltr'>Paulus</span> <span class='ocrx_word' id='word_1_34' title='bbox 818 577 1133 631; x_wconf 82' lang='lat' dir='ltr'>cruciﬁxus</span> <span class='ocrx_word' id='word_1_35' title='bbox 1165 583 1273 647; x_wconf 83' lang='lat' dir='ltr'>est,</span> <span class='ocrx_word' id='word_1_36' title='bbox 1298 584 1353 633; x_wconf 91' lang='lat' dir='ltr'>et</span> <span class='ocrx_word' id='word_1_37' title='bbox 1375 580 1522 647; x_wconf 94' lang='lat' dir='ltr'>ejus,</span> <span class='ocrx_word' id='word_1_38' title='bbox 1549 595 1662 633; x_wconf 92' lang='lat' dir='ltr'>non</span> <span class='ocrx_word' id='word_1_39' title='bbox 1688 578 1848 633; x_wconf 76' lang='lat' dir='ltr'>Pauli</span> 
     </span>
    </p>
   </div>
   <div class='ocr_carea' id='block_1_6' title="bbox 174 664 1848 737">
    <p class='ocr_par' dir='ltr' id='par_1_6' title="bbox 174 664 1848 737">
     <span class='ocr_line' id='line_1_6' title="bbox 174 664 1848 737; baseline 0.001 -17"><span class='ocrx_word' id='word_1_40' title='bbox 174 665 470 735; x_wconf 86' lang='lat' dir='ltr'>sanguine</span> <span class='ocrx_word' id='word_1_41' title='bbox 503 664 796 735; x_wconf 84' lang='lat' dir='ltr'>redempti</span> <span class='ocrx_word' id='word_1_42' title='bbox 821 666 986 731; x_wconf 89' lang='lat' dir='ltr'>estis,</span> <span class='ocrx_word' id='word_1_43' title='bbox 1018 683 1122 720; x_wconf 92' lang='lat' dir='ltr'>cur</span> <span class='ocrx_word' id='word_1_44' title='bbox 1144 668 1211 720; x_wconf 90' lang='lat' dir='ltr'>ad</span> <span class='ocrx_word' id='word_1_45' title='bbox 1239 668 1365 735; x_wconf 84' lang='lat' dir='ltr'>ejus</span> <span class='ocrx_word' id='word_1_46' title='bbox 1397 667 1696 737; x_wconf 88' lang='lat' dir='ltr'>injuriam,</span> <span class='ocrx_word' id='word_1_47' title='bbox 1720 672 1848 722; x_wconf 88' lang='lat' dir='ltr'>tan-</span> 
     </span>
    </p>
   </div>
   <div class='ocr_carea' id='block_1_7' title="bbox 175 754 1849 827">
    <p class='ocr_par' dir='ltr' id='par_1_7' title="bbox 175 754 1849 827">
     <span class='ocr_line' id='line_1_7' title="bbox 175 754 1849 827; baseline 0 -18"><span class='ocrx_word' id='word_1_48' title='bbox 175 759 303 809; x_wconf 85' lang='lat' dir='ltr'>tam</span> <span class='ocrx_word' id='word_1_49' title='bbox 338 754 592 825; x_wconf 85' lang='lat' dir='ltr'>gratiam</span> <span class='ocrx_word' id='word_1_50' title='bbox 628 758 689 808; x_wconf 92' lang='lat' dir='ltr'>et</span> <span class='ocrx_word' id='word_1_51' title='bbox 720 754 1071 809; x_wconf 78' lang='lat' dir='ltr'>beneﬁcium</span> <span class='ocrx_word' id='word_1_52' title='bbox 1118 755 1339 810; x_wconf 88' lang='lat' dir='ltr'>homini</span> <span class='ocrx_word' id='word_1_53' title='bbox 1388 756 1736 827; x_wconf 82' lang='lat' dir='ltr'>imputatis?</span> <span class='ocrx_word' id='word_1_54' title='bbox 1766 760 1849 810; x_wconf 79' lang='lat' dir='ltr'>An</span> 
     </span>
    </p>
   </div>
   <div class='ocr_carea' id='block_1_8' title="bbox 172 842 1849 912">
    <p class='ocr_par' dir='ltr' id='par_1_8' title="bbox 172 842 1849 912">
     <span class='ocr_line' id='line_1_8' title="bbox 172 842 1849 912; baseline 0.001 -16"><span class='ocrx_word' id='word_1_55' title='bbox 172 844 234 897; x_wconf 83' lang='lat' dir='ltr'>in</span> <span class='ocrx_word' id='word_1_56' title='bbox 266 844 493 898; x_wconf 79' lang='lat' dir='ltr'>nomine</span> <span class='ocrx_word' id='word_1_57' title='bbox 524 842 699 897; x_wconf 89' lang='lat' dir='ltr'>Pauli</span> <span class='ocrx_word' id='word_1_58' title='bbox 731 842 996 912; x_wconf 61' lang='lat' dir='ltr'>baptizati</span> <span class='ocrx_word' id='word_1_59' title='bbox 1025 845 1193 898; x_wconf 81' lang='lat' dir='ltr'>estis?</span> <span class='ocrx_word' id='word_1_60' title='bbox 1223 844 1294 898; x_wconf 88' lang='lat' dir='ltr'>Et</span> <span class='ocrx_word' id='word_1_61' title='bbox 1342 849 1431 899; x_wconf 89' lang='lat' dir='ltr'>est</span> <span class='ocrx_word' id='word_1_62' title='bbox 1478 861 1723 899; x_wconf 88' lang='lat' dir='ltr'>sensus:</span> <span class='ocrx_word' id='word_1_63' title='bbox 1751 844 1849 898; x_wconf 86' lang='lat' dir='ltr'>Ba-</span> 
     </span>
    </p>
   </div>
   <div class='ocr_carea' id='block_1_9' title="bbox 173 930 1849 1004">
    <p class='ocr_par' dir='ltr' id='par_1_9' title="bbox 173 930 1849 1004">
     <span class='ocr_line' id='line_1_9' title="bbox 173 930 1849 1004; baseline -0.001 -18"><span class='ocrx_word' id='word_1_64' title='bbox 173 931 425 1004; x_wconf 89' lang='lat' dir='ltr'>ptizavit</span> <span class='ocrx_word' id='word_1_65' title='bbox 452 930 696 993; x_wconf 84' lang='lat' dir='ltr'>Paulus,</span> <span class='ocrx_word' id='word_1_66' title='bbox 731 931 831 985; x_wconf 91' lang='lat' dir='ltr'>sed</span> <span class='ocrx_word' id='word_1_67' title='bbox 868 937 933 985; x_wconf 90' lang='lat' dir='ltr'>ut</span> <span class='ocrx_word' id='word_1_68' title='bbox 963 932 1232 986; x_wconf 76' lang='lat' dir='ltr'>minister</span> <span class='ocrx_word' id='word_1_69' title='bbox 1260 932 1502 993; x_wconf 83' lang='lat' dir='ltr'>Christi;</span> <span class='ocrx_word' id='word_1_70' title='bbox 1540 932 1849 1003; x_wconf 81' lang='lat' dir='ltr'>baptizavit</span> 
     </span>
    </p>
   </div>
   <div class='ocr_carea' id='block_1_10' title="bbox 180 1019 1847 1091">
    <p class='ocr_par' dir='ltr' id='par_1_10' title="bbox 180 1019 1847 1091">
     <span class='ocr_line' id='line_1_10' title="bbox 180 1019 1847 1091; baseline 0 -16"><span class='ocrx_word' id='word_1_71' title='bbox 180 1021 481 1084; x_wconf 86' lang='lat' dir='ltr'>Christus,</span> <span class='ocrx_word' id='word_1_72' title='bbox 508 1020 610 1074; x_wconf 89' lang='lat' dir='ltr'>sed</span> <span class='ocrx_word' id='word_1_73' title='bbox 646 1019 803 1074; x_wconf 81' lang='lat' dir='ltr'>sicut</span> <span class='ocrx_word' id='word_1_74' title='bbox 832 1020 986 1074; x_wconf 87' lang='lat' dir='ltr'>Deus</span> <span class='ocrx_word' id='word_1_75' title='bbox 1021 1026 1077 1075; x_wconf 86' lang='lat' dir='ltr'>et</span> <span class='ocrx_word' id='word_1_76' title='bbox 1123 1027 1325 1075; x_wconf 81' lang='lat' dir='ltr'>auctor</span> <span class='ocrx_word' id='word_1_77' title='bbox 1356 1022 1653 1091; x_wconf 81' lang='lat' dir='ltr'>baptismi,</span> <span class='ocrx_word' id='word_1_78' title='bbox 1679 1022 1847 1089; x_wconf 83' lang='lat' dir='ltr'>cujus</span> 
     </span>
    </p>
   </div>
   <div class='ocr_carea' id='block_1_11' title="bbox 177 1108 1844 1173">
    <p class='ocr_par' dir='ltr' id='par_1_11' title="bbox 177 1108 1844 1173">
     <span class='ocr_line' id='line_1_11' title="bbox 177 1108 1844 1173; baseline -0.001 -9"><span class='ocrx_word' id='word_1_79' title='bbox 177 1109 603 1164; x_wconf 82' lang='lat' dir='ltr'>auctoritatem</span> <span class='ocrx_word' id='word_1_80' title='bbox 638 1108 783 1162; x_wconf 87' lang='lat' dir='ltr'>nulli</span> <span class='ocrx_word' id='word_1_81' title='bbox 810 1108 1217 1163; x_wconf 89' lang='lat' dir='ltr'>ministrorum</span> <span class='ocrx_word' id='word_1_82' title='bbox 1243 1110 1507 1164; x_wconf 73' lang='lat' dir='ltr'>Ecclesiae</span> <span class='ocrx_word' id='word_1_83' title='bbox 1539 1112 1844 1173; x_wconf 83' lang='lat' dir='ltr'>concessit,</span> 
     </span>
    </p>
   </div>
   <div class='ocr_carea' id='block_1_12' title="bbox 179 1196 1843 1268">
    <p class='ocr_par' dir='ltr' id='par_1_12' title="bbox 179 1196 1843 1268">
     <span class='ocr_line' id='line_1_12' title="bbox 179 1196 1843 1268; baseline -0.001 -16"><span class='ocrx_word' id='word_1_84' title='bbox 179 1199 285 1252; x_wconf 86' lang='lat' dir='ltr'>sed</span> <span class='ocrx_word' id='word_1_85' title='bbox 321 1196 437 1251; x_wconf 89' lang='lat' dir='ltr'>sibi</span> <span class='ocrx_word' id='word_1_86' title='bbox 489 1196 595 1251; x_wconf 91' lang='lat' dir='ltr'>soli</span> <span class='ocrx_word' id='word_1_87' title='bbox 646 1198 979 1251; x_wconf 82' lang='lat' dir='ltr'>reservavit.</span> <span class='ocrx_word' id='word_1_88' title='bbox 1016 1196 1178 1251; x_wconf 87' lang='lat' dir='ltr'>Unde</span> <span class='ocrx_word' id='word_1_89' title='bbox 1224 1198 1481 1252; x_wconf 88' lang='lat' dir='ltr'>Joannes</span> <span class='ocrx_word' id='word_1_90' title='bbox 1530 1198 1843 1268; x_wconf 85' lang='lat' dir='ltr'>plusquam</span> 
     </span>
    </p>
   </div>
   <div class='ocr_carea' id='block_1_13' title="bbox 182 1285 1847 1358">
    <p class='ocr_par' dir='ltr' id='par_1_13' title="bbox 182 1285 1847 1358">
     <span class='ocr_line' id='line_1_13' title="bbox 182 1285 1847 1358; baseline -0.001 -19"><span class='ocrx_word' id='word_1_91' title='bbox 182 1285 527 1358; x_wconf 85' lang='lat' dir='ltr'>prepheta:</span> <span class='ocrx_word' id='word_1_92' title='bbox 578 1285 680 1352; x_wconf 82' lang='lat' dir='ltr'>Qui</span> <span class='ocrx_word' id='word_1_93' title='bbox 724 1286 874 1339; x_wconf 90' lang='lat' dir='ltr'>misit</span> <span class='ocrx_word' id='word_1_94' title='bbox 923 1301 1009 1339; x_wconf 88' lang='lat' dir='ltr'>me</span> <span class='ocrx_word' id='word_1_95' title='bbox 1056 1288 1336 1356; x_wconf 59' lang='lat' dir='ltr'>baptizare</span> <span class='ocrx_word' id='word_1_96' title='bbox 1364 1286 1532 1355; x_wconf 75' lang='grc'>(497),</span> <span class='ocrx_word' id='word_1_97' title='bbox 1567 1288 1664 1340; x_wconf 83' lang='lat' dir='ltr'>ille</span> <span class='ocrx_word' id='word_1_98' title='bbox 1709 1287 1847 1339; x_wconf 79' lang='lat' dir='ltr'>mihi</span> 
     </span>
    </p>
   </div>
   <div class='ocr_carea' id='block_1_14' title="bbox 183 1373 1846 1445">
    <p class='ocr_par' dir='ltr' id='par_1_14' title="bbox 183 1373 1846 1445">
     <span class='ocr_line' id='line_1_14' title="bbox 183 1373 1846 1445; baseline -0.001 -16"><span class='ocrx_word' id='word_1_99' title='bbox 183 1374 342 1429; x_wconf 72' lang='lat' dir='ltr'>dixit</span> <span class='ocrx_word' id='word_1_100' title='bbox 371 1393 387 1428; x_wconf 90' lang='lat'><strong><em>:</em></strong></span> <span class='ocrx_word' id='word_1_101' title='bbox 418 1374 592 1444; x_wconf 83' lang='lat' dir='ltr'>Super</span> <span class='ocrx_word' id='word_1_102' title='bbox 623 1389 781 1444; x_wconf 83' lang='lat' dir='ltr'>quem</span> <span class='ocrx_word' id='word_1_103' title='bbox 812 1373 1015 1429; x_wconf 79' lang='lat' dir='ltr'>videris</span> <span class='ocrx_word' id='word_1_104' title='bbox 1065 1374 1335 1445; x_wconf 74' lang='lat' dir='ltr'>Spiritum</span> <span class='ocrx_word' id='word_1_105' title='bbox 1364 1374 1765 1429; x_wconf 76' lang='lat' dir='ltr'>descendentem</span> <span class='ocrx_word' id='word_1_106' title='bbox 1795 1378 1846 1428; x_wconf 85' lang='lat' dir='ltr'>et</span> 
     </span>
    </p>
   </div>
   <div class='ocr_carea' id='block_1_15' title="bbox 183 1464 1845 1535">
    <p class='ocr_par' dir='ltr' id='par_1_15' title="bbox 183 1464 1845 1535">
     <span class='ocr_line' id='line_1_15' title="bbox 183 1464 1845 1535; baseline 0 -18"><span class='ocrx_word' id='word_1_107' title='bbox 183 1473 513 1518; x_wconf 81' lang='lat' dir='ltr'>manentem</span> <span class='ocrx_word' id='word_1_108' title='bbox 542 1480 707 1533; x_wconf 84' lang='lat' dir='ltr'>super</span> <span class='ocrx_word' id='word_1_109' title='bbox 738 1479 883 1528; x_wconf 87' lang='lat' dir='ltr'>eum,</span> <span class='ocrx_word' id='word_1_110' title='bbox 920 1464 1012 1517; x_wconf 75' lang='lat' dir='ltr'>hic</span> <span class='ocrx_word' id='word_1_111' title='bbox 1041 1472 1117 1518; x_wconf 90' lang='lat' dir='ltr'>est</span> <span class='ocrx_word' id='word_1_112' title='bbox 1149 1466 1249 1533; x_wconf 87' lang='lat' dir='ltr'>qui</span> <span class='ocrx_word' id='word_1_113' title='bbox 1276 1465 1513 1535; x_wconf 63' lang='lat' dir='ltr'>baptizat</span> <span class='ocrx_word' id='word_1_114' title='bbox 1546 1465 1602 1517; x_wconf 82' lang='lat' dir='ltr'>in</span> <span class='ocrx_word' id='word_1_115' title='bbox 1631 1464 1845 1533; x_wconf 77' lang='lat' dir='ltr'>Spiritu</span> 
     </span>
    </p>
   </div>
   <div class='ocr_carea' id='block_1_16' title="bbox 184 1551 1844 1623">
    <p class='ocr_par' dir='ltr' id='par_1_16' title="bbox 184 1551 1844 1623">
     <span class='ocr_line' id='line_1_16' title="bbox 184 1551 1844 1623; baseline -0.002 -14"><span class='ocrx_word' id='word_1_116' title='bbox 184 1561 397 1609; x_wconf 81' lang='lat' dir='ltr'>saneto.</span> <span class='ocrx_word' id='word_1_117' title='bbox 424 1552 482 1606; x_wconf 92' lang='lat' dir='ltr'>Si</span> <span class='ocrx_word' id='word_1_118' title='bbox 514 1551 673 1607; x_wconf 90' lang='lat' dir='ltr'>enim</span> <span class='ocrx_word' id='word_1_119' title='bbox 710 1557 1055 1623; x_wconf 83' lang='lat' dir='ltr'>potestatem</span> <span class='ocrx_word' id='word_1_120' title='bbox 1084 1553 1413 1623; x_wconf 82' lang='lat' dir='ltr'>baptizandi</span> <span class='ocrx_word' id='word_1_121' title='bbox 1445 1554 1516 1607; x_wconf 90' lang='lat' dir='ltr'>ad</span> <span class='ocrx_word' id='word_1_122' title='bbox 1546 1552 1844 1606; x_wconf 88' lang='lat' dir='ltr'>ministros</span> 
     </span>
    </p>
   </div>
   <div class='ocr_carea' id='block_1_17' title="bbox 179 1640 1844 1711">
    <p class='ocr_par' dir='ltr' id='par_1_17' title="bbox 179 1640 1844 1711">
     <span class='ocr_line' id='line_1_17' title="bbox 179 1640 1844 1711; baseline -0.001 -17"><span class='ocrx_word' id='word_1_123' title='bbox 179 1640 643 1706; x_wconf 83' lang='lat' dir='ltr'>transmisisset,</span> <span class='ocrx_word' id='word_1_124' title='bbox 669 1643 756 1695; x_wconf 90' lang='lat' dir='ltr'>tot</span> <span class='ocrx_word' id='word_1_125' title='bbox 787 1647 983 1695; x_wconf 86' lang='lat' dir='ltr'>essent</span> <span class='ocrx_word' id='word_1_126' title='bbox 1013 1641 1387 1711; x_wconf 81' lang='lat' dir='ltr'>baptismate,</span> <span class='ocrx_word' id='word_1_127' title='bbox 1413 1644 1556 1711; x_wconf 93' lang='lat' dir='ltr'>quot</span> <span class='ocrx_word' id='word_1_128' title='bbox 1587 1644 1643 1694; x_wconf 88' lang='lat' dir='ltr'>et</span> <span class='ocrx_word' id='word_1_129' title='bbox 1675 1640 1844 1693; x_wconf 85' lang='lat' dir='ltr'>mini-</span> 
     </span>
    </p>
   </div>
   <div class='ocr_carea' id='block_1_18' title="bbox 179 1729 1844 1801">
    <p class='ocr_par' dir='ltr' id='par_1_18' title="bbox 179 1729 1844 1801">
     <span class='ocr_line' id='line_1_18' title="bbox 179 1729 1844 1801; baseline -0.002 -17"><span class='ocrx_word' id='word_1_130' title='bbox 179 1730 308 1784; x_wconf 89' lang='lat' dir='ltr'>stri.</span> <span class='ocrx_word' id='word_1_131' title='bbox 342 1729 437 1783; x_wconf 87' lang='lat' dir='ltr'>Ait</span> <span class='ocrx_word' id='word_1_132' title='bbox 466 1745 606 1801; x_wconf 90' lang='lat' dir='ltr'>ergo</span> <span class='ocrx_word' id='word_1_133' title='bbox 641 1746 654 1783; x_wconf 89' lang='lat'>:</span> <span class='ocrx_word' id='word_1_134' title='bbox 689 1731 772 1783; x_wconf 85' lang='lat' dir='ltr'>An</span> <span class='ocrx_word' id='word_1_135' title='bbox 820 1731 880 1783; x_wconf 89' lang='lat' dir='ltr'>in</span> <span class='ocrx_word' id='word_1_136' title='bbox 912 1732 1133 1784; x_wconf 78' lang='lat' dir='ltr'>nomine</span> <span class='ocrx_word' id='word_1_137' title='bbox 1163 1730 1341 1784; x_wconf 83' lang='lat' dir='ltr'>Pauli</span> <span class='ocrx_word' id='word_1_138' title='bbox 1388 1730 1649 1799; x_wconf 72' lang='lat' dir='ltr'>baptizati</span> <span class='ocrx_word' id='word_1_139' title='bbox 1677 1729 1844 1783; x_wconf 79' lang='lat' dir='ltr'>estis?</span> 
     </span>
    </p>
   </div>
   <div class='ocr_carea' id='block_1_19' title="bbox 173 1816 1921 1921">
    <p class='ocr_par' dir='ltr' id='par_1_19' title="bbox 173 1816 1921 1921">
     <span class='ocr_line' id='line_1_19' title="bbox 173 1816 1921 1921; baseline -0.001 -49"><span class='ocrx_word' id='word_1_140' title='bbox 173 1818 490 1889; x_wconf 84' lang='lat' dir='ltr'>Tanquam</span> <span class='ocrx_word' id='word_1_141' title='bbox 523 1818 748 1873; x_wconf 87' lang='lat' dir='ltr'>diceret</span> <span class='ocrx_word' id='word_1_142' title='bbox 775 1834 785 1872; x_wconf 92' lang='lat'>:</span> <span class='ocrx_word' id='word_1_143' title='bbox 813 1817 872 1871; x_wconf 88' lang='lat' dir='ltr'>Si</span> <span class='ocrx_word' id='word_1_144' title='bbox 902 1818 1201 1873; x_wconf 88' lang='lat' dir='ltr'>credentes</span> <span class='ocrx_word' id='word_1_145' title='bbox 1234 1819 1291 1872; x_wconf 90' lang='lat' dir='ltr'>in</span> <span class='ocrx_word' id='word_1_146' title='bbox 1315 1818 1541 1873; x_wconf 88' lang='lat' dir='ltr'>Christo</span> <span class='ocrx_word' id='word_1_147' title='bbox 1565 1816 1838 1889; x_wconf 88' lang='lat' dir='ltr'>baptizati</span> <span class='ocrx_word' id='word_1_148' title='bbox 1876 1858 1921 1921; x_wconf 82' lang='lat' dir='ltr'><strong>B</strong></span> 
     </span>
    </p>
   </div>
   <div class='ocr_carea' id='block_1_20' title="bbox 177 1905 1843 1978">
    <p class='ocr_par' dir='ltr' id='par_1_20' title="bbox 177 1905 1843 1978">
     <span class='ocr_line' id='line_1_20' title="bbox 177 1905 1843 1978; baseline -0.001 -17"><span class='ocrx_word' id='word_1_149' title='bbox 177 1905 341 1970; x_wconf 87' lang='lat' dir='ltr'>estis,</span> <span class='ocrx_word' id='word_1_150' title='bbox 375 1912 433 1961; x_wconf 90' lang='lat' dir='ltr'>et</span> <span class='ocrx_word' id='word_1_151' title='bbox 462 1907 590 1976; x_wconf 85' lang='lat' dir='ltr'>ejus</span> <span class='ocrx_word' id='word_1_152' title='bbox 626 1907 864 1961; x_wconf 90' lang='lat' dir='ltr'>nomine</span> <span class='ocrx_word' id='word_1_153' title='bbox 910 1906 1236 1978; x_wconf 83' lang='lat' dir='ltr'>justiticati,</span> <span class='ocrx_word' id='word_1_154' title='bbox 1258 1924 1364 1961; x_wconf 91' lang='lat' dir='ltr'>cur</span> <span class='ocrx_word' id='word_1_155' title='bbox 1403 1907 1547 1961; x_wconf 89' lang='lat' dir='ltr'>tanti</span> <span class='ocrx_word' id='word_1_156' title='bbox 1578 1905 1843 1960; x_wconf 78' lang='lat' dir='ltr'>beneficii</span> 
     </span>
    </p>
   </div>
   <div class='ocr_carea' id='block_1_21' title="bbox 186 1994 1845 2061">
    <p class='ocr_par' dir='ltr' id='par_1_21' title="bbox 186 1994 1845 2061">
     <span class='ocr_line' id='line_1_21' title="bbox 186 1994 1845 2061; baseline -0.001 -12"><span class='ocrx_word' id='word_1_157' title='bbox 186 1995 586 2061; x_wconf 87' lang='lat' dir='ltr'>immemores,</span> <span class='ocrx_word' id='word_1_158' title='bbox 623 1994 894 2050; x_wconf 89' lang='lat' dir='ltr'>homines</span> <span class='ocrx_word' id='word_1_159' title='bbox 924 1995 1114 2051; x_wconf 85' lang='lat' dir='ltr'>facitis</span> <span class='ocrx_word' id='word_1_160' title='bbox 1143 2001 1345 2051; x_wconf 65' lang='lat' dir='ltr'>vestras</span> <span class='ocrx_word' id='word_1_161' title='bbox 1376 1996 1509 2050; x_wconf 80' lang='lat' dir='ltr'>ﬁdei</span> <span class='ocrx_word' id='word_1_162' title='bbox 1542 1994 1845 2049; x_wconf 82' lang='lat' dir='ltr'>auctores?</span> 
     </span>
    </p>
   </div>
   <div class='ocr_carea' id='block_1_22' title="bbox 184 2083 1845 2151">
    <p class='ocr_par' dir='ltr' id='par_1_22' title="bbox 184 2083 1845 2151">
     <span class='ocr_line' id='line_1_22' title="bbox 184 2083 1845 2151; baseline 0.001 -12"><span class='ocrx_word' id='word_1_163' title='bbox 184 2084 277 2139; x_wconf 88' lang='lat' dir='ltr'>Sic</span> <span class='ocrx_word' id='word_1_164' title='bbox 308 2085 469 2139; x_wconf 88' lang='lat' dir='ltr'>enim</span> <span class='ocrx_word' id='word_1_165' title='bbox 500 2089 642 2139; x_wconf 88' lang='lat' dir='ltr'>tunc</span> <span class='ocrx_word' id='word_1_166' title='bbox 691 2090 859 2139; x_wconf 90' lang='lat' dir='ltr'>erant</span> <span class='ocrx_word' id='word_1_167' title='bbox 891 2084 1198 2151; x_wconf 90' lang='lat' dir='ltr'>Corinthii,</span> <span class='ocrx_word' id='word_1_168' title='bbox 1231 2086 1385 2140; x_wconf 88' lang='lat' dir='ltr'>sicut</span> <span class='ocrx_word' id='word_1_169' title='bbox 1432 2083 1759 2151; x_wconf 88' lang='lat' dir='ltr'>Novatiani,</span> <span class='ocrx_word' id='word_1_170' title='bbox 1789 2090 1845 2140; x_wconf 89' lang='lat' dir='ltr'>et</span> 
     </span>
    </p>
   </div>
   <div class='ocr_carea' id='block_1_23' title="bbox 181 2173 1841 2244">
    <p class='ocr_par' dir='ltr' id='par_1_23' title="bbox 181 2173 1841 2244">
     <span class='ocr_line' id='line_1_23' title="bbox 181 2173 1841 2244; baseline 0 -17"><span class='ocrx_word' id='word_1_171' title='bbox 181 2173 523 2239; x_wconf 69' lang='lat' dir='ltr'>Donatistae,</span> <span class='ocrx_word' id='word_1_172' title='bbox 559 2173 659 2244; x_wconf 86' lang='lat' dir='ltr'>qui</span> <span class='ocrx_word' id='word_1_173' title='bbox 712 2173 992 2244; x_wconf 89' lang='lat' dir='ltr'>baptismi</span> <span class='ocrx_word' id='word_1_174' title='bbox 1044 2174 1450 2229; x_wconf 84' lang='lat' dir='ltr'>auctoritatem</span> <span class='ocrx_word' id='word_1_175' title='bbox 1503 2173 1615 2229; x_wconf 85' lang='lat' dir='ltr'>sibi</span> <span class='ocrx_word' id='word_1_176' title='bbox 1662 2174 1841 2229; x_wconf 86' lang='lat' dir='ltr'>ascri-</span> 
     </span>
    </p>
   </div>
   <div class='ocr_carea' id='block_1_24' title="bbox 180 2261 1843 2333">
    <p class='ocr_par' dir='ltr' id='par_1_24' title="bbox 180 2261 1843 2333">
     <span class='ocr_line' id='line_1_24' title="bbox 180 2261 1843 2333; baseline -0.001 -17"><span class='ocrx_word' id='word_1_177' title='bbox 180 2262 413 2328; x_wconf 87' lang='lat' dir='ltr'>hentes,</span> <span class='ocrx_word' id='word_1_178' title='bbox 449 2262 774 2331; x_wconf 88' lang='lat' dir='ltr'>baptizatos</span> <span class='ocrx_word' id='word_1_179' title='bbox 818 2279 851 2317; x_wconf 84' lang='lat' dir='ltr'>a</span> <span class='ocrx_word' id='word_1_180' title='bbox 903 2261 1205 2317; x_wconf 85' lang='lat' dir='ltr'>catholicis</span> <span class='ocrx_word' id='word_1_181' title='bbox 1257 2262 1664 2333; x_wconf 87' lang='lat' dir='ltr'>reprobabant,</span> <span class='ocrx_word' id='word_1_182' title='bbox 1697 2266 1753 2317; x_wconf 90' lang='lat' dir='ltr'>et</span> <span class='ocrx_word' id='word_1_183' title='bbox 1784 2262 1843 2316; x_wconf 88' lang='lat' dir='ltr'>in</span> 
     </span>
    </p>
   </div>
   <div class='ocr_carea' id='block_1_25' title="bbox 180 2350 1841 2422">
    <p class='ocr_par' dir='ltr' id='par_1_25' title="bbox 180 2350 1841 2422">
     <span class='ocr_line' id='line_1_25' title="bbox 180 2350 1841 2422; baseline 0 -17"><span class='ocrx_word' id='word_1_184' title='bbox 180 2366 391 2405; x_wconf 88' lang='lat' dir='ltr'>eorum</span> <span class='ocrx_word' id='word_1_185' title='bbox 442 2351 725 2420; x_wconf 87' lang='lat' dir='ltr'>personis,</span> <span class='ocrx_word' id='word_1_186' title='bbox 757 2351 856 2421; x_wconf 86' lang='lat' dir='ltr'>qui</span> <span class='ocrx_word' id='word_1_187' title='bbox 897 2367 931 2405; x_wconf 90' lang='lat' dir='ltr'>a</span> <span class='ocrx_word' id='word_1_188' title='bbox 975 2368 1035 2406; x_wconf 89' lang='lat' dir='ltr'>se</span> <span class='ocrx_word' id='word_1_189' title='bbox 1086 2355 1252 2405; x_wconf 88' lang='lat' dir='ltr'>erant</span> <span class='ocrx_word' id='word_1_190' title='bbox 1296 2351 1597 2422; x_wconf 87' lang='lat' dir='ltr'>baptizati,</span> <span class='ocrx_word' id='word_1_191' title='bbox 1630 2350 1841 2421; x_wconf 87' lang='lat' dir='ltr'>gloria-</span> 
     </span>
    </p>
   </div>
   <div class='ocr_carea' id='block_1_26' title="bbox 183 2438 430 2492">
    <p class='ocr_par' dir='ltr' id='par_1_26' title="bbox 183 2438 430 2492">
     <span class='ocr_line' id='line_1_26' title="bbox 183 2438 430 2492; baseline -0.008 0"><span class='ocrx_word' id='word_1_192' title='bbox 183 2438 430 2492; x_wconf 87' lang='lat' dir='ltr'>bantur.</span> 
     </span>
    </p>
   </div>
   <div class='ocr_carea' id='block_1_27' title="bbox 257 2524 1843 2600">
    <p class='ocr_par' dir='ltr' id='par_1_27' title="bbox 257 2524 1843 2600">
     <span class='ocr_line' id='line_1_27' title="bbox 257 2524 1843 2600; baseline 0.003 -22"><span class='ocrx_word' id='word_1_193' title='bbox 257 2526 412 2596; x_wconf 76' lang='grc'>(498)</span> <span class='ocrx_word' id='word_1_194' title='bbox 440 2524 655 2580; x_wconf 84' lang='lat' dir='ltr'>Gratias</span> <span class='ocrx_word' id='word_1_195' title='bbox 682 2543 783 2597; x_wconf 84' lang='lat' dir='ltr'>ago</span> <span class='ocrx_word' id='word_1_196' title='bbox 811 2529 914 2583; x_wconf 90' lang='lat' dir='ltr'>Deo</span> <span class='ocrx_word' id='word_1_197' title='bbox 944 2544 1082 2583; x_wconf 86' lang='lat' dir='ltr'>meo.</span> <span class='ocrx_word' id='word_1_198' title='bbox 1107 2528 1222 2583; x_wconf 89' lang='lat' dir='ltr'>Cur</span> <span class='ocrx_word' id='word_1_199' title='bbox 1243 2533 1361 2583; x_wconf 86' lang='lat' dir='ltr'>tam</span> <span class='ocrx_word' id='word_1_200' title='bbox 1385 2529 1686 2600; x_wconf 80' lang='lat' dir='ltr'>granditer</span> <span class='ocrx_word' id='word_1_201' title='bbox 1716 2544 1843 2599; x_wconf 85' lang='lat' dir='ltr'>gra-</span> 
     </span>
    </p>
   </div>
   <div class='ocr_carea' id='block_1_28' title="bbox 179 2615 1839 2689">
    <p class='ocr_par' dir='ltr' id='par_1_28' title="bbox 179 2615 1839 2689">
     <span class='ocr_line' id='line_1_28' title="bbox 179 2615 1839 2689; baseline 0.002 -21"><span class='ocrx_word' id='word_1_202' title='bbox 179 2615 295 2669; x_wconf 89' lang='lat' dir='ltr'>tias</span> <span class='ocrx_word' id='word_1_203' title='bbox 319 2615 558 2680; x_wconf 78' lang='lat' dir='ltr'>referat,</span> <span class='ocrx_word' id='word_1_204' title='bbox 583 2616 917 2671; x_wconf 84' lang='lat' dir='ltr'>manifestat</span> <span class='ocrx_word' id='word_1_205' title='bbox 943 2634 955 2672; x_wconf 88' lang='lat'><strong>:</strong></span> <span class='ocrx_word' id='word_1_206' title='bbox 982 2618 1131 2685; x_wconf 83' lang='lat' dir='ltr'>Quod</span> <span class='ocrx_word' id='word_1_207' title='bbox 1152 2620 1426 2673; x_wconf 81' lang='lat' dir='ltr'>neminem</span> <span class='ocrx_word' id='word_1_208' title='bbox 1448 2622 1686 2673; x_wconf 84' lang='lat' dir='ltr'>vestrum</span> <span class='ocrx_word' id='word_1_209' title='bbox 1718 2618 1839 2689; x_wconf 88' lang='lat' dir='ltr'>bap-</span> 
     </span>
    </p>
   </div>
   <div class='ocr_carea' id='block_1_29' title="bbox 186 2703 1841 2778">
    <p class='ocr_par' dir='ltr' id='par_1_29' title="bbox 186 2703 1841 2778">
     <span class='ocr_line' id='line_1_29' title="bbox 186 2703 1841 2778; baseline 0.001 -20"><span class='ocrx_word' id='word_1_210' title='bbox 186 2705 373 2769; x_wconf 71' lang='lat' dir='ltr'>tizavi,</span> <span class='ocrx_word' id='word_1_211' title='bbox 404 2706 518 2759; x_wconf 72' lang='lat' dir='ltr'>nis:</span> <span class='ocrx_word' id='word_1_212' title='bbox 554 2703 803 2776; x_wconf 82' lang='lat' dir='ltr'>Crispum</span> <span class='ocrx_word' id='word_1_213' title='bbox 823 2712 873 2760; x_wconf 86' lang='lat' dir='ltr'>et</span> <span class='ocrx_word' id='word_1_214' title='bbox 904 2706 1121 2761; x_wconf 87' lang='lat' dir='ltr'>Gaium.</span> <span class='ocrx_word' id='word_1_215' title='bbox 1147 2706 1295 2777; x_wconf 78' lang='grc'>(499)</span> <span class='ocrx_word' id='word_1_216' title='bbox 1319 2708 1465 2778; x_wconf 85' lang='lat' dir='ltr'>Ergo</span> <span class='ocrx_word' id='word_1_217' title='bbox 1500 2706 1719 2761; x_wconf 86' lang='lat' dir='ltr'>malum</span> <span class='ocrx_word' id='word_1_218' title='bbox 1752 2710 1841 2761; x_wconf 89' lang='lat' dir='ltr'>est</span> 
     </span>
    </p>
   </div>
   <div class='ocr_carea' id='block_1_30' title="bbox 180 2793 1837 2867">
    <p class='ocr_par' dir='ltr' id='par_1_30' title="bbox 180 2793 1837 2867">
     <span class='ocr_line' id='line_1_30' title="bbox 180 2793 1837 2867; baseline 0 -19"><span class='ocrx_word' id='word_1_219' title='bbox 180 2793 474 2865; x_wconf 86' lang='lat' dir='ltr'>baptizare</span> <span class='ocrx_word' id='word_1_220' title='bbox 493 2793 522 2847; x_wconf 71' lang='lat'>‘2</span> <span class='ocrx_word' id='word_1_221' title='bbox 547 2794 736 2849; x_wconf 82' lang='lat' dir='ltr'>Absit.</span> <span class='ocrx_word' id='word_1_222' title='bbox 764 2794 872 2849; x_wconf 87' lang='lat' dir='ltr'>Sed</span> <span class='ocrx_word' id='word_1_223' title='bbox 907 2797 1046 2867; x_wconf 85' lang='lat' dir='ltr'>quia</span> <span class='ocrx_word' id='word_1_224' title='bbox 1081 2796 1207 2866; x_wconf 89' lang='lat' dir='ltr'>jam</span> <span class='ocrx_word' id='word_1_225' title='bbox 1242 2795 1385 2849; x_wconf 86' lang='lat' dir='ltr'>vidit</span> <span class='ocrx_word' id='word_1_226' title='bbox 1414 2811 1481 2849; x_wconf 83' lang='lat' dir='ltr'>ex</span> <span class='ocrx_word' id='word_1_227' title='bbox 1508 2812 1613 2850; x_wconf 90' lang='lat' dir='ltr'>suo</span> <span class='ocrx_word' id='word_1_228' title='bbox 1646 2794 1837 2866; x_wconf 88' lang='lat' dir='ltr'>bapti-</span> 
     </span>
    </p>
   </div>
   <div class='ocr_carea' id='block_1_31' title="bbox 182 2883 1837 2956">
    <p class='ocr_par' dir='ltr' id='par_1_31' title="bbox 182 2883 1837 2956">
     <span class='ocr_line' id='line_1_31' title="bbox 182 2883 1837 2956; baseline 0.002 -20"><span class='ocrx_word' id='word_1_229' title='bbox 182 2888 367 2938; x_wconf 88' lang='lat' dir='ltr'>smate</span> <span class='ocrx_word' id='word_1_230' title='bbox 409 2887 605 2938; x_wconf 89' lang='lat' dir='ltr'>ortum</span> <span class='ocrx_word' id='word_1_231' title='bbox 654 2899 936 2951; x_wconf 90' lang='lat' dir='ltr'>errorem,</span> <span class='ocrx_word' id='word_1_232' title='bbox 970 2884 1299 2956; x_wconf 83' lang='lat' dir='ltr'>intelligens</span> <span class='ocrx_word' id='word_1_233' title='bbox 1330 2884 1506 2955; x_wconf 91' lang='lat' dir='ltr'>quod,</span> <span class='ocrx_word' id='word_1_234' title='bbox 1542 2884 1589 2939; x_wconf 90' lang='lat' dir='ltr'>si</span> <span class='ocrx_word' id='word_1_235' title='bbox 1638 2883 1837 2955; x_wconf 86' lang='lat' dir='ltr'>plures</span> 
     </span>
    </p>
   </div>
   <div class='ocr_carea' id='block_1_32' title="bbox 180 2971 1836 3043">
    <p class='ocr_par' dir='ltr' id='par_1_32' title="bbox 180 2971 1836 3043">
     <span class='ocr_line' id='line_1_32' title="bbox 180 2971 1836 3043; baseline 0.002 -18"><span class='ocrx_word' id='word_1_236' title='bbox 180 2971 557 3042; x_wconf 85' lang='lat' dir='ltr'>baptizasset,</span> <span class='ocrx_word' id='word_1_237' title='bbox 588 2971 777 3027; x_wconf 90' lang='lat' dir='ltr'>multo</span> <span class='ocrx_word' id='word_1_238' title='bbox 829 2973 1016 3043; x_wconf 82' lang='lat' dir='ltr'>major</span> <span class='ocrx_word' id='word_1_239' title='bbox 1062 2990 1223 3029; x_wconf 92' lang='lat' dir='ltr'>error</span> <span class='ocrx_word' id='word_1_240' title='bbox 1268 2978 1642 3038; x_wconf 86' lang='lat' dir='ltr'>accresceret,</span> <span class='ocrx_word' id='word_1_241' title='bbox 1678 2973 1737 3027; x_wconf 90' lang='lat' dir='ltr'>in</span> <span class='ocrx_word' id='word_1_242' title='bbox 1770 2989 1836 3028; x_wconf 90' lang='lat' dir='ltr'>eo</span> 
     </span>
    </p>
   </div>
   <div class='ocr_carea' id='block_1_33' title="bbox 181 3061 1831 3133">
    <p class='ocr_par' dir='ltr' id='par_1_33' title="bbox 181 3061 1831 3133">
     <span class='ocr_line' id='line_1_33' title="bbox 181 3061 1831 3133; baseline 0.002 -19"><span class='ocrx_word' id='word_1_243' title='bbox 181 3061 332 3131; x_wconf 90' lang='lat' dir='ltr'>quod</span> <span class='ocrx_word' id='word_1_244' title='bbox 367 3077 587 3132; x_wconf 83' lang='lat' dir='ltr'>paucos</span> <span class='ocrx_word' id='word_1_245' title='bbox 631 3077 838 3115; x_wconf 90' lang='lat' dir='ltr'>eorum</span> <span class='ocrx_word' id='word_1_246' title='bbox 891 3062 1289 3133; x_wconf 86' lang='lat' dir='ltr'>baptizaverit,</span> <span class='ocrx_word' id='word_1_247' title='bbox 1312 3062 1428 3117; x_wconf 93' lang='lat' dir='ltr'>Deo</span> <span class='ocrx_word' id='word_1_248' title='bbox 1479 3062 1696 3133; x_wconf 86' lang='lat' dir='ltr'>gratias</span> <span class='ocrx_word' id='word_1_249' title='bbox 1746 3079 1831 3117; x_wconf 84' lang='lat' dir='ltr'>re-</span> 
     </span>
    </p>
   </div>
   <div class='ocr_carea' id='block_1_34' title="bbox 181 3149 1833 3223">
    <p class='ocr_par' dir='ltr' id='par_1_34' title="bbox 181 3149 1833 3223">
     <span class='ocr_line' id='line_1_34' title="bbox 181 3149 1833 3223; baseline 0 -21"><span class='ocrx_word' id='word_1_250' title='bbox 181 3149 308 3204; x_wconf 83' lang='lat' dir='ltr'>fert.</span> <span class='ocrx_word' id='word_1_251' title='bbox 346 3149 507 3205; x_wconf 90' lang='lat' dir='ltr'>Unde</span> <span class='ocrx_word' id='word_1_252' title='bbox 540 3149 821 3204; x_wconf 90' lang='lat' dir='ltr'>continuo</span> <span class='ocrx_word' id='word_1_253' title='bbox 852 3150 1048 3205; x_wconf 83' lang='lat' dir='ltr'>subdit</span> <span class='ocrx_word' id='word_1_254' title='bbox 1078 3170 1096 3206; x_wconf 85' lang='lat'><em>:</em></span> <span class='ocrx_word' id='word_1_255' title='bbox 1126 3153 1200 3207; x_wconf 87' lang='lat' dir='ltr'>Ne</span> <span class='ocrx_word' id='word_1_256' title='bbox 1242 3154 1364 3223; x_wconf 84' lang='lat' dir='ltr'>quis</span> <span class='ocrx_word' id='word_1_257' title='bbox 1405 3151 1571 3218; x_wconf 83' lang='lat' dir='ltr'>dicat,</span> <span class='ocrx_word' id='word_1_258' title='bbox 1606 3150 1743 3221; x_wconf 88' lang='lat' dir='ltr'>quod</span> <span class='ocrx_word' id='word_1_259' title='bbox 1774 3152 1833 3204; x_wconf 89' lang='lat' dir='ltr'>in</span> 
     </span>
    </p>
   </div>
   <div class='ocr_carea' id='block_1_35' title="bbox 1959 579 3612 653">
    <p class='ocr_par' dir='ltr' id='par_1_35' title="bbox 1959 579 3612 653">
     <span class='ocr_line' id='line_1_35' title="bbox 1959 579 3612 653; baseline 0.004 -22"><span class='ocrx_word' id='word_1_260' title='bbox 1959 580 2065 632; x_wconf 87' lang='lat' dir='ltr'>etsi</span> <span class='ocrx_word' id='word_1_261' title='bbox 2092 579 2377 632; x_wconf 75' lang='lat' dir='ltr'>solemnia</span> <span class='ocrx_word' id='word_1_262' title='bbox 2403 584 2541 631; x_wconf 88' lang='lat' dir='ltr'>sunt</span> <span class='ocrx_word' id='word_1_263' title='bbox 2562 580 2753 646; x_wconf 90' lang='lat' dir='ltr'>verba,</span> <span class='ocrx_word' id='word_1_264' title='bbox 2772 596 2896 649; x_wconf 68' lang='lat' dir='ltr'>quas</span> <span class='ocrx_word' id='word_1_265' title='bbox 2921 580 3195 635; x_wconf 90' lang='lat' dir='ltr'>dicuntur</span> <span class='ocrx_word' id='word_1_266' title='bbox 3216 582 3269 634; x_wconf 90' lang='lat' dir='ltr'>in</span> <span class='ocrx_word' id='word_1_267' title='bbox 3297 584 3612 653; x_wconf 88' lang='lat' dir='ltr'>baptisma-</span> 
     </span>
    </p>
   </div>
   <div class='ocr_carea' id='block_1_36' title="bbox 1960 665 3609 739">
    <p class='ocr_par' dir='ltr' id='par_1_36' title="bbox 1960 665 3609 739">
     <span class='ocr_line' id='line_1_36' title="bbox 1960 665 3609 739; baseline 0.005 -21"><span class='ocrx_word' id='word_1_268' title='bbox 1960 671 2033 733; x_wconf 87' lang='lat' dir='ltr'>te,</span> <span class='ocrx_word' id='word_1_269' title='bbox 2069 665 2202 718; x_wconf 87' lang='lat' dir='ltr'>licet</span> <span class='ocrx_word' id='word_1_270' title='bbox 2235 672 2427 719; x_wconf 87' lang='lat' dir='ltr'>tamen</span> <span class='ocrx_word' id='word_1_271' title='bbox 2461 683 2528 719; x_wconf 92' lang='lat' dir='ltr'>ea</span> <span class='ocrx_word' id='word_1_272' title='bbox 2562 666 2766 721; x_wconf 88' lang='lat' dir='ltr'>multis</span> <span class='ocrx_word' id='word_1_273' title='bbox 2800 668 3021 733; x_wconf 88' lang='lat' dir='ltr'>dicere;</span> <span class='ocrx_word' id='word_1_274' title='bbox 3055 670 3447 739; x_wconf 79' lang='lat' dir='ltr'>evangelizare</span> <span class='ocrx_word' id='word_1_275' title='bbox 3478 688 3609 726; x_wconf 89' lang='lat' dir='ltr'>vero</span> 
     </span>
    </p>
   </div>
   <div class='ocr_carea' id='block_1_37' title="bbox 1960 755 3611 828">
    <p class='ocr_par' dir='ltr' id='par_1_37' title="bbox 1960 755 3611 828">
     <span class='ocr_line' id='line_1_37' title="bbox 1960 755 3611 828; baseline 0.005 -21"><span class='ocrx_word' id='word_1_276' title='bbox 1960 770 2071 807; x_wconf 92' lang='lat' dir='ltr'>non</span> <span class='ocrx_word' id='word_1_277' title='bbox 2108 760 2313 824; x_wconf 82' lang='lat' dir='ltr'>potest,</span> <span class='ocrx_word' id='word_1_278' title='bbox 2348 755 2457 808; x_wconf 86' lang='lat' dir='ltr'>nisi</span> <span class='ocrx_word' id='word_1_279' title='bbox 2510 756 2776 810; x_wconf 88' lang='lat' dir='ltr'>eruditus</span> <span class='ocrx_word' id='word_1_280' title='bbox 2819 757 3147 828; x_wconf 83' lang='lat' dir='ltr'>cpiscOpus,</span> <span class='ocrx_word' id='word_1_281' title='bbox 3182 763 3236 811; x_wconf 88' lang='lat' dir='ltr'>et</span> <span class='ocrx_word' id='word_1_282' title='bbox 3284 760 3611 817; x_wconf 87' lang='lat' dir='ltr'>instructus</span> 
     </span>
    </p>
   </div>
   <div class='ocr_carea' id='block_1_38' title="bbox 1958 842 3611 913">
    <p class='ocr_par' dir='ltr' id='par_1_38' title="bbox 1958 842 3611 913">
     <span class='ocr_line' id='line_1_38' title="bbox 1958 842 3611 913; baseline 0.006 -19"><span class='ocrx_word' id='word_1_283' title='bbox 1958 842 2157 895; x_wconf 89' lang='lat' dir='ltr'>doctor</span> <span class='ocrx_word' id='word_1_284' title='bbox 2208 842 2496 908; x_wconf 66' lang='lat' dir='ltr'>Ecclesia),</span> <span class='ocrx_word' id='word_1_285' title='bbox 2542 845 2639 913; x_wconf 91' lang='lat' dir='ltr'>qui</span> <span class='ocrx_word' id='word_1_286' title='bbox 2694 845 2839 898; x_wconf 86' lang='lat' dir='ltr'>bene</span> <span class='ocrx_word' id='word_1_287' title='bbox 2890 846 3052 900; x_wconf 89' lang='lat' dir='ltr'>novit</span> <span class='ocrx_word' id='word_1_288' title='bbox 3102 848 3364 901; x_wconf 89' lang='lat' dir='ltr'>omnium</span> <span class='ocrx_word' id='word_1_289' title='bbox 3418 866 3611 904; x_wconf 81' lang='lat' dir='ltr'>mores</span> 
     </span>
    </p>
   </div>
   <div class='ocr_carea' id='block_1_39' title="bbox 1957 929 3611 1001">
    <p class='ocr_par' dir='ltr' id='par_1_39' title="bbox 1957 929 3611 1001">
     <span class='ocr_line' id='line_1_39' title="bbox 1957 929 3611 1001; baseline 0.005 -19"><span class='ocrx_word' id='word_1_290' title='bbox 1957 929 2266 1001; x_wconf 89' lang='lat' dir='ltr'>inspicere,</span> <span class='ocrx_word' id='word_1_291' title='bbox 2300 938 2351 985; x_wconf 91' lang='lat' dir='ltr'>et</span> <span class='ocrx_word' id='word_1_292' title='bbox 2402 932 2727 986; x_wconf 90' lang='lat' dir='ltr'>secundum</span> <span class='ocrx_word' id='word_1_293' title='bbox 2780 934 3281 989; x_wconf 77' lang='lat' dir='ltr'>conversationem</span> <span class='ocrx_word' id='word_1_294' title='bbox 3338 936 3611 991; x_wconf 89' lang='lat' dir='ltr'>uniuscu-</span> 
     </span>
    </p>
   </div>
   <div class='ocr_carea' id='block_1_40' title="bbox 1950 1019 3608 1097">
    <p class='ocr_par' dir='ltr' id='par_1_40' title="bbox 1950 1019 3608 1097">
     <span class='ocr_line' id='line_1_40' title="bbox 1950 1019 3608 1097; baseline 0.006 -26"><span class='ocrx_word' id='word_1_295' title='bbox 1950 1019 2189 1089; x_wconf 89' lang='lat' dir='ltr'>jusque,</span> <span class='ocrx_word' id='word_1_296' title='bbox 2248 1021 2676 1090; x_wconf 70' lang='lat' dir='ltr'>praadicationis</span> <span class='ocrx_word' id='word_1_297' title='bbox 2732 1024 2904 1076; x_wconf 89' lang='lat' dir='ltr'>verba</span> <span class='ocrx_word' id='word_1_298' title='bbox 2961 1026 3230 1079; x_wconf 73' lang='lat' dir='ltr'>formare.</span> <span class='ocrx_word' id='word_1_299' title='bbox 3290 1025 3608 1097; x_wconf 81' lang='lat' dir='ltr'>Episcopus</span> 
     </span>
    </p>
   </div>
   <div class='ocr_carea' id='block_1_41' title="bbox 1954 1108 3601 1183">
    <p class='ocr_par' dir='ltr' id='par_1_41' title="bbox 1954 1108 3601 1183">
     <span class='ocr_line' id='line_1_41' title="bbox 1954 1108 3601 1183; baseline 0.006 -23"><span class='ocrx_word' id='word_1_300' title='bbox 1954 1124 2113 1178; x_wconf 86' lang='lat' dir='ltr'>ergo;</span> <span class='ocrx_word' id='word_1_301' title='bbox 2149 1108 2245 1178; x_wconf 92' lang='lat' dir='ltr'>qui</span> <span class='ocrx_word' id='word_1_302' title='bbox 2280 1110 2544 1163; x_wconf 90' lang='lat' dir='ltr'>omnium</span> <span class='ocrx_word' id='word_1_303' title='bbox 2592 1112 2879 1180; x_wconf 86' lang='lat' dir='ltr'>graduum</span> <span class='ocrx_word' id='word_1_304' title='bbox 2930 1114 3185 1166; x_wconf 90' lang='lat' dir='ltr'>continet</span> <span class='ocrx_word' id='word_1_305' title='bbox 3234 1114 3601 1183; x_wconf 87' lang='lat' dir='ltr'>dignitatern,</span> 
     </span>
    </p>
   </div>
   <div class='ocr_carea' id='block_1_42' title="bbox 1957 1193 3601 1274">
    <p class='ocr_par' dir='ltr' id='par_1_42' title="bbox 1957 1193 3601 1274">
     <span class='ocr_line' id='line_1_42' title="bbox 1957 1193 3601 1274; baseline 0.005 -25"><span class='ocrx_word' id='word_1_306' title='bbox 1957 1193 2143 1266; x_wconf 80' lang='lat' dir='ltr'>potest</span> <span class='ocrx_word' id='word_1_307' title='bbox 2176 1197 2489 1267; x_wconf 88' lang='lat' dir='ltr'>aliquando</span> <span class='ocrx_word' id='word_1_308' title='bbox 2523 1198 2697 1252; x_wconf 89' lang='lat' dir='ltr'>etiam</span> <span class='ocrx_word' id='word_1_309' title='bbox 2724 1200 2975 1253; x_wconf 87' lang='lat' dir='ltr'>ministri</span> <span class='ocrx_word' id='word_1_310' title='bbox 3010 1201 3199 1255; x_wconf 82' lang='lat' dir='ltr'>ollicio</span> <span class='ocrx_word' id='word_1_311' title='bbox 3232 1203 3395 1273; x_wconf 83' lang='lat' dir='ltr'>fungi</span> <span class='ocrx_word' id='word_1_312' title='bbox 3424 1220 3434 1256; x_wconf 89' lang='lat'><strong>:</strong></span> <span class='ocrx_word' id='word_1_313' title='bbox 3462 1220 3601 1274; x_wconf 65' lang='lat' dir='ltr'>prae-</span> 
     </span>
    </p>
   </div>
   <div class='ocr_carea' id='block_1_43' title="bbox 1955 1285 3602 1359">
    <p class='ocr_par' dir='ltr' id='par_1_43' title="bbox 1955 1285 3602 1359">
     <span class='ocr_line' id='line_1_43' title="bbox 1955 1285 3602 1359; baseline 0.005 -22"><span class='ocrx_word' id='word_1_314' title='bbox 1955 1285 2219 1339; x_wconf 90' lang='lat' dir='ltr'>sentibus</span> <span class='ocrx_word' id='word_1_315' title='bbox 2242 1292 2436 1339; x_wconf 88' lang='lat' dir='ltr'>tamen</span> <span class='ocrx_word' id='word_1_316' title='bbox 2465 1286 2751 1341; x_wconf 89' lang='lat' dir='ltr'>ministris</span> <span class='ocrx_word' id='word_1_317' title='bbox 2783 1288 3077 1359; x_wconf 87' lang='lat' dir='ltr'>baptizare</span> <span class='ocrx_word' id='word_1_318' title='bbox 3100 1307 3211 1344; x_wconf 89' lang='lat' dir='ltr'>non</span> <span class='ocrx_word' id='word_1_319' title='bbox 3237 1292 3423 1345; x_wconf 91' lang='lat' dir='ltr'>debet.</span> <span class='ocrx_word' id='word_1_320' title='bbox 3446 1294 3602 1347; x_wconf 91' lang='lat' dir='ltr'>Unde</span> 
     </span>
    </p>
   </div>
   <div class='ocr_carea' id='block_1_44' title="bbox 1954 1373 3602 1451">
    <p class='ocr_par' dir='ltr' id='par_1_44' title="bbox 1954 1373 3602 1451">
     <span class='ocr_line' id='line_1_44' title="bbox 1954 1373 3602 1451; baseline 0.005 -25"><span class='ocrx_word' id='word_1_321' title='bbox 1954 1373 2155 1428; x_wconf 88' lang='lat' dir='ltr'>Petrus</span> <span class='ocrx_word' id='word_1_322' title='bbox 2209 1374 2509 1444; x_wconf 89' lang='lat' dir='ltr'>apostolus</span> <span class='ocrx_word' id='word_1_323' title='bbox 2553 1376 2951 1432; x_wconf 88' lang='lat' dir='ltr'>centurionem</span> <span class='ocrx_word' id='word_1_324' title='bbox 2986 1378 3313 1433; x_wconf 90' lang='lat' dir='ltr'>Cornelium</span> <span class='ocrx_word' id='word_1_325' title='bbox 3355 1396 3468 1435; x_wconf 91' lang='lat' dir='ltr'>non</span> <span class='ocrx_word' id='word_1_326' title='bbox 3500 1398 3602 1451; x_wconf 91' lang='lat' dir='ltr'>per</span> 
     </span>
    </p>
   </div>
   <div class='ocr_carea' id='block_1_45' title="bbox 1954 1464 3606 1538">
    <p class='ocr_par' dir='ltr' id='par_1_45' title="bbox 1954 1464 3606 1538">
     <span class='ocr_line' id='line_1_45' title="bbox 1954 1464 3606 1538; baseline 0.004 -21"><span class='ocrx_word' id='word_1_327' title='bbox 1954 1479 2015 1517; x_wconf 89' lang='lat' dir='ltr'>se</span> <span class='ocrx_word' id='word_1_328' title='bbox 2048 1464 2380 1534; x_wconf 86' lang='lat' dir='ltr'>baptizavit,</span> <span class='ocrx_word' id='word_1_329' title='bbox 2416 1467 2513 1519; x_wconf 90' lang='lat' dir='ltr'>sed</span> <span class='ocrx_word' id='word_1_330' title='bbox 2573 1466 2862 1521; x_wconf 86' lang='lat' dir='ltr'>ministris</span> <span class='ocrx_word' id='word_1_331' title='bbox 2907 1468 3197 1538; x_wconf 89' lang='lat' dir='ltr'>baptizare</span> <span class='ocrx_word' id='word_1_332' title='bbox 3246 1485 3379 1523; x_wconf 90' lang='lat' dir='ltr'>eum</span> <span class='ocrx_word' id='word_1_333' title='bbox 3421 1470 3606 1538; x_wconf 88' lang='lat' dir='ltr'>jussit</span> 
     </span>
    </p>
   </div>
   <div class='ocr_carea' id='block_1_46' title="bbox 1954 1552 3609 1628">
    <p class='ocr_par' dir='ltr' id='par_1_46' title="bbox 1954 1552 3609 1628">
     <span class='ocr_line' id='line_1_46' title="bbox 1954 1552 3609 1628; baseline 0.004 -23"><span class='ocrx_word' id='word_1_334' title='bbox 1954 1552 2089 1621; x_wconf 77' lang='lat' dir='ltr'>(Act.</span> <span class='ocrx_word' id='word_1_335' title='bbox 2111 1570 2164 1617; x_wconf 86' lang='lat' dir='ltr'>x,</span> <span class='ocrx_word' id='word_1_336' title='bbox 2188 1554 2454 1624; x_wconf 62' lang='grc' dir='ltr'>48),(11]ίξὶ</span> <span class='ocrx_word' id='word_1_337' title='bbox 2480 1554 2596 1607; x_wconf 90' lang='lat' dir='ltr'>illis</span> <span class='ocrx_word' id='word_1_338' title='bbox 2620 1556 3006 1625; x_wconf 68' lang='lat' dir='ltr'>praesentibus</span> <span class='ocrx_word' id='word_1_339' title='bbox 3034 1574 3145 1611; x_wconf 93' lang='lat' dir='ltr'>non</span> <span class='ocrx_word' id='word_1_340' title='bbox 3172 1558 3415 1628; x_wconf 89' lang='lat' dir='ltr'>dignum</span> <span class='ocrx_word' id='word_1_341' title='bbox 3440 1559 3609 1612; x_wconf 83' lang='lat' dir='ltr'>duxit</span> 
     </span>
    </p>
   </div>
   <div class='ocr_carea' id='block_1_47' title="bbox 1952 1640 3607 1716">
    <p class='ocr_par' dir='ltr' id='par_1_47' title="bbox 1952 1640 3607 1716">
     <span class='ocr_line' id='line_1_47' title="bbox 1952 1640 3607 1716; baseline 0.005 -23"><span class='ocrx_word' id='word_1_342' title='bbox 1952 1640 2061 1694; x_wconf 92' lang='lat' dir='ltr'>hoc</span> <span class='ocrx_word' id='word_1_343' title='bbox 2089 1658 2189 1711; x_wconf 86' lang='lat' dir='ltr'>per</span> <span class='ocrx_word' id='word_1_344' title='bbox 2222 1659 2283 1696; x_wconf 88' lang='lat' dir='ltr'>se</span> <span class='ocrx_word' id='word_1_345' title='bbox 2331 1660 2521 1711; x_wconf 83' lang='lat' dir='ltr'>agere.</span> <span class='ocrx_word' id='word_1_346' title='bbox 2556 1644 2820 1699; x_wconf 84' lang='lat' dir='ltr'>Christus</span> <span class='ocrx_word' id='word_1_347' title='bbox 2853 1662 2988 1716; x_wconf 85' lang='lat' dir='ltr'>ergo</span> <span class='ocrx_word' id='word_1_348' title='bbox 3024 1664 3135 1700; x_wconf 91' lang='lat' dir='ltr'>non</span> <span class='ocrx_word' id='word_1_349' title='bbox 3172 1647 3329 1701; x_wconf 88' lang='lat' dir='ltr'>misit</span> <span class='ocrx_word' id='word_1_350' title='bbox 3360 1647 3607 1701; x_wconf 82' lang='lat' dir='ltr'>Paulum</span> 
     </span>
    </p>
   </div>
   <div class='ocr_carea' id='block_1_48' title="bbox 1954 1728 3605 1805">
    <p class='ocr_par' dir='ltr' id='par_1_48' title="bbox 1954 1728 3605 1805">
     <span class='ocr_line' id='line_1_48' title="bbox 1954 1728 3605 1805; baseline 0.005 -23"><span class='ocrx_word' id='word_1_351' title='bbox 1954 1728 2271 1799; x_wconf 89' lang='lat' dir='ltr'>baptizare,</span> <span class='ocrx_word' id='word_1_352' title='bbox 2306 1731 2445 1801; x_wconf 91' lang='lat' dir='ltr'>quia</span> <span class='ocrx_word' id='word_1_353' title='bbox 2477 1748 2590 1785; x_wconf 92' lang='lat' dir='ltr'>non</span> <span class='ocrx_word' id='word_1_354' title='bbox 2642 1739 2768 1787; x_wconf 90' lang='lat' dir='ltr'>erat</span> <span class='ocrx_word' id='word_1_355' title='bbox 2797 1750 2929 1787; x_wconf 91' lang='lat' dir='ltr'>cum</span> <span class='ocrx_word' id='word_1_356' title='bbox 2966 1734 3099 1799; x_wconf 88' lang='lat' dir='ltr'>illis,</span> <span class='ocrx_word' id='word_1_357' title='bbox 3135 1736 3349 1805; x_wconf 90' lang='lat' dir='ltr'>quibus</span> <span class='ocrx_word' id='word_1_358' title='bbox 3383 1736 3605 1790; x_wconf 90' lang='lat' dir='ltr'>dictum</span> 
     </span>
    </p>
   </div>
   <div class='ocr_carea' id='block_1_49' title="bbox 1953 1820 3609 1893">
    <p class='ocr_par' dir='ltr' id='par_1_49' title="bbox 1953 1820 3609 1893">
     <span class='ocr_line' id='line_1_49' title="bbox 1953 1820 3609 1893; baseline 0.004 -22"><span class='ocrx_word' id='word_1_359' title='bbox 1953 1824 2079 1872; x_wconf 88' lang='lat' dir='ltr'>est:</span> <span class='ocrx_word' id='word_1_360' title='bbox 2106 1820 2305 1872; x_wconf 83' lang='lat' dir='ltr'>Euntes</span> <span class='ocrx_word' id='word_1_361' title='bbox 2336 1820 2512 1874; x_wconf 82' lang='lat' dir='ltr'>docete</span> <span class='ocrx_word' id='word_1_362' title='bbox 2562 1837 2749 1875; x_wconf 85' lang='lat' dir='ltr'>omnes</span> <span class='ocrx_word' id='word_1_363' title='bbox 2797 1828 2981 1889; x_wconf 85' lang='lat' dir='ltr'>gentes</span> <span class='ocrx_word' id='word_1_364' title='bbox 2997 1840 3015 1881; x_wconf 83' lang='lat'><em>;</em></span> <span class='ocrx_word' id='word_1_365' title='bbox 3068 1824 3403 1893; x_wconf 74' lang='lat' dir='ltr'>baptz‘mntes</span> <span class='ocrx_word' id='word_1_366' title='bbox 3431 1840 3516 1878; x_wconf 81' lang='lat' dir='ltr'>eos</span> <span class='ocrx_word' id='word_1_367' title='bbox 3547 1826 3609 1877; x_wconf 83' lang='lat' dir='ltr'>in</span> 
     </span>
    </p>
   </div>
   <div class='ocr_carea' id='block_1_50' title="bbox 1954 1908 3602 1980">
    <p class='ocr_par' dir='ltr' id='par_1_50' title="bbox 1954 1908 3602 1980">
     <span class='ocr_line' id='line_1_50' title="bbox 1954 1908 3602 1980; baseline 0.004 -21"><span class='ocrx_word' id='word_1_368' title='bbox 1954 1908 2181 1960; x_wconf 78' lang='lat' dir='ltr'>nomine</span> <span class='ocrx_word' id='word_1_369' title='bbox 2236 1911 2441 1971; x_wconf 82' lang='lat' dir='ltr'>Patris,</span> <span class='ocrx_word' id='word_1_370' title='bbox 2478 1918 2527 1962; x_wconf 91' lang='lat' dir='ltr'>et</span> <span class='ocrx_word' id='word_1_371' title='bbox 2588 1909 2739 1971; x_wconf 83' lang='lat' dir='ltr'>Filii,</span> <span class='ocrx_word' id='word_1_372' title='bbox 2788 1919 2841 1963; x_wconf 85' lang='lat' dir='ltr'>et</span> <span class='ocrx_word' id='word_1_373' title='bbox 2887 1911 3127 1979; x_wconf 81' lang='lat' dir='ltr'>Spiritus</span> <span class='ocrx_word' id='word_1_374' title='bbox 3171 1914 3349 1965; x_wconf 76' lang='lat' dir='ltr'>sancti</span> <span class='ocrx_word' id='word_1_375' title='bbox 3396 1912 3602 1980; x_wconf 79' lang='lat' dir='ltr'>(Matth.</span> 
     </span>
    </p>
   </div>
   <div class='ocr_carea' id='block_1_51' title="bbox 1952 1996 3600 2067">
    <p class='ocr_par' dir='ltr' id='par_1_51' title="bbox 1952 1996 3600 2067">
     <span class='ocr_line' id='line_1_51' title="bbox 1952 1996 3600 2067; baseline 0.002 -19"><span class='ocrx_word' id='word_1_376' title='bbox 1952 2012 2155 2059; x_wconf 82' lang='lat' dir='ltr'>xxvui,</span> <span class='ocrx_word' id='word_1_377' title='bbox 2190 1996 2313 2063; x_wconf 77' lang='lat'>19):</span> <span class='ocrx_word' id='word_1_378' title='bbox 2345 1997 2445 2050; x_wconf 92' lang='lat' dir='ltr'>sed</span> <span class='ocrx_word' id='word_1_379' title='bbox 2495 1996 2887 2066; x_wconf 85' lang='lat' dir='ltr'>evangelizare</span> <span class='ocrx_word' id='word_1_380' title='bbox 2935 1998 3165 2067; x_wconf 86' lang='lat' dir='ltr'>direxit,</span> <span class='ocrx_word' id='word_1_381' title='bbox 3201 2016 3333 2052; x_wconf 91' lang='lat' dir='ltr'>cum</span> <span class='ocrx_word' id='word_1_382' title='bbox 3366 2000 3600 2053; x_wconf 68' lang='lat' dir='ltr'>Anania</span> 
     </span>
    </p>
   </div>
   <div class='ocr_carea' id='block_1_52' title="bbox 1954 2084 3600 2157">
    <p class='ocr_par' dir='ltr' id='par_1_52' title="bbox 1954 2084 3600 2157">
     <span class='ocr_line' id='line_1_52' title="bbox 1954 2084 3600 2157; baseline 0.003 -20"><span class='ocrx_word' id='word_1_383' title='bbox 1954 2084 2034 2137; x_wconf 90' lang='lat' dir='ltr'>ait</span> <span class='ocrx_word' id='word_1_384' title='bbox 2066 2101 2078 2137; x_wconf 90' lang='lat'>:</span> <span class='ocrx_word' id='word_1_385' title='bbox 2121 2084 2284 2150; x_wconf 83' lang='lat' dir='ltr'>Vade,</span> <span class='ocrx_word' id='word_1_386' title='bbox 2308 2101 2443 2153; x_wconf 79' lang='lat' dir='ltr'>quia</span> <span class='ocrx_word' id='word_1_387' title='bbox 2478 2102 2573 2139; x_wconf 81' lang='lat' dir='ltr'>vas</span> <span class='ocrx_word' id='word_1_388' title='bbox 2604 2086 2884 2139; x_wconf 83' lang='lat' dir='ltr'>electionis</span> <span class='ocrx_word' id='word_1_389' title='bbox 2914 2095 2991 2140; x_wconf 90' lang='lat' dir='ltr'>est</span> <span class='ocrx_word' id='word_1_390' title='bbox 3024 2089 3126 2141; x_wconf 86' lang='lat' dir='ltr'>iste</span> <span class='ocrx_word' id='word_1_391' title='bbox 3156 2088 3315 2155; x_wconf 87' lang='lat' dir='ltr'>mihi,</span> <span class='ocrx_word' id='word_1_392' title='bbox 3340 2092 3399 2141; x_wconf 87' lang='lat' dir='ltr'>ut</span> <span class='ocrx_word' id='word_1_393' title='bbox 3426 2092 3600 2157; x_wconf 85' lang='lat' dir='ltr'>portet</span> 
     </span>
    </p>
   </div>
   <div class='ocr_carea' id='block_1_53' title="bbox 1951 2175 3600 2244">
    <p class='ocr_par' dir='ltr' id='par_1_53' title="bbox 1951 2175 3600 2244">
     <span class='ocr_line' id='line_1_53' title="bbox 1951 2175 3600 2244; baseline 0.004 -21"><span class='ocrx_word' id='word_1_394' title='bbox 1951 2188 2149 2227; x_wconf 85' lang='lat' dir='ltr'>nomen</span> <span class='ocrx_word' id='word_1_395' title='bbox 2204 2190 2388 2227; x_wconf 87' lang='lat' dir='ltr'>meum</span> <span class='ocrx_word' id='word_1_396' title='bbox 2445 2189 2635 2227; x_wconf 84' lang='lat' dir='ltr'>coram</span> <span class='ocrx_word' id='word_1_397' title='bbox 2692 2175 2964 2242; x_wconf 78' lang='lat' dir='ltr'>gentibus,</span> <span class='ocrx_word' id='word_1_398' title='bbox 2996 2183 3046 2229; x_wconf 89' lang='lat' dir='ltr'>et</span> <span class='ocrx_word' id='word_1_399' title='bbox 3091 2175 3333 2243; x_wconf 82' lang='lat' dir='ltr'>regibus,</span> <span class='ocrx_word' id='word_1_400' title='bbox 3367 2180 3419 2229; x_wconf 89' lang='lat' dir='ltr'>et</span> <span class='ocrx_word' id='word_1_401' title='bbox 3465 2176 3600 2244; x_wconf 82' lang='lat' dir='ltr'>ﬁliis</span> 
     </span>
    </p>
   </div>
   <div class='ocr_carea' id='block_1_54' title="bbox 1952 2260 3597 2331">
    <p class='ocr_par' dir='ltr' id='par_1_54' title="bbox 1952 2260 3597 2331">
     <span class='ocr_line' id='line_1_54' title="bbox 1952 2260 3597 2331; baseline 0.002 -17"><span class='ocrx_word' id='word_1_402' title='bbox 1952 2260 2119 2315; x_wconf 87' lang='lat' dir='ltr'>Israel</span> <span class='ocrx_word' id='word_1_403' title='bbox 2150 2261 2283 2331; x_wconf 78' lang='lat' dir='ltr'>(Aet.</span> <span class='ocrx_word' id='word_1_404' title='bbox 2318 2279 2391 2327; x_wconf 86' lang='lat' dir='ltr'>1x,</span> <span class='ocrx_word' id='word_1_405' title='bbox 2430 2262 2538 2331; x_wconf 85' lang='lat' dir='ltr'>l5).</span> <span class='ocrx_word' id='word_1_406' title='bbox 2573 2263 2873 2327; x_wconf 88' lang='lat' dir='ltr'>Quomodo</span> <span class='ocrx_word' id='word_1_407' title='bbox 2904 2279 3036 2317; x_wconf 93' lang='lat' dir='ltr'>vero</span> <span class='ocrx_word' id='word_1_408' title='bbox 3070 2264 3289 2318; x_wconf 84' lang='lat' dir='ltr'>missus</span> <span class='ocrx_word' id='word_1_409' title='bbox 3319 2263 3395 2317; x_wconf 88' lang='lat' dir='ltr'>sit</span> <span class='ocrx_word' id='word_1_410' title='bbox 3423 2278 3597 2318; x_wconf 86' lang='lat' dir='ltr'>evan-</span> 
     </span>
    </p>
   </div>
   <div class='ocr_carea' id='block_1_55' title="bbox 1951 2348 3601 2423">
    <p class='ocr_par' dir='ltr' id='par_1_55' title="bbox 1951 2348 3601 2423">
     <span class='ocr_line' id='line_1_55' title="bbox 1951 2348 3601 2423; baseline 0.001 -19"><span class='ocrx_word' id='word_1_411' title='bbox 1951 2348 2196 2421; x_wconf 89' lang='lat' dir='ltr'>gelizare</span> <span class='ocrx_word' id='word_1_412' title='bbox 2245 2350 2521 2413; x_wconf 86' lang='lat' dir='ltr'>ostendit,</span> <span class='ocrx_word' id='word_1_413' title='bbox 2577 2368 2709 2405; x_wconf 92' lang='lat' dir='ltr'>cum</span> <span class='ocrx_word' id='word_1_414' title='bbox 2770 2352 3161 2407; x_wconf 76' lang='lat' dir='ltr'>subditzNon</span> <span class='ocrx_word' id='word_1_415' title='bbox 3214 2356 3272 2407; x_wconf 89' lang='lat' dir='ltr'>in</span> <span class='ocrx_word' id='word_1_416' title='bbox 3326 2354 3601 2423; x_wconf 81' lang='lat' dir='ltr'>sapientia</span> 
     </span>
    </p>
   </div>
   <div class='ocr_carea' id='block_1_56' title="bbox 1952 2439 3601 2511">
    <p class='ocr_par' dir='ltr' id='par_1_56' title="bbox 1952 2439 3601 2511">
     <span class='ocr_line' id='line_1_56' title="bbox 1952 2439 3601 2511; baseline 0.002 -19"><span class='ocrx_word' id='word_1_417' title='bbox 1952 2439 2120 2493; x_wconf 85' lang='lat' dir='ltr'>verbi.</span> <span class='ocrx_word' id='word_1_418' title='bbox 2154 2439 2282 2493; x_wconf 91' lang='lat' dir='ltr'>Ideo</span> <span class='ocrx_word' id='word_1_419' title='bbox 2319 2440 2534 2510; x_wconf 91' lang='lat' dir='ltr'>quippe</span> <span class='ocrx_word' id='word_1_420' title='bbox 2584 2456 2697 2493; x_wconf 91' lang='lat' dir='ltr'>non</span> <span class='ocrx_word' id='word_1_421' title='bbox 2730 2440 2787 2494; x_wconf 90' lang='lat' dir='ltr'>in</span> <span class='ocrx_word' id='word_1_422' title='bbox 2830 2440 3116 2511; x_wconf 88' lang='lat' dir='ltr'>sapientia</span> <span class='ocrx_word' id='word_1_423' title='bbox 3162 2442 3317 2496; x_wconf 89' lang='lat' dir='ltr'>verbi</span> <span class='ocrx_word' id='word_1_424' title='bbox 3368 2441 3507 2495; x_wconf 89' lang='lat' dir='ltr'>dicit</span> <span class='ocrx_word' id='word_1_425' title='bbox 3538 2456 3601 2496; x_wconf 88' lang='lat' dir='ltr'>se</span> 
     </span>
    </p>
   </div>
   <div class='ocr_carea' id='block_1_57' title="bbox 1950 2527 3605 2599">
    <p class='ocr_par' dir='ltr' id='par_1_57' title="bbox 1950 2527 3605 2599">
     <span class='ocr_line' id='line_1_57' title="bbox 1950 2527 3605 2599; baseline 0.002 -18"><span class='ocrx_word' id='word_1_426' title='bbox 1950 2527 2513 2598; x_wconf 86' lang='lat' dir='ltr'>evangelizare,quia</span> <span class='ocrx_word' id='word_1_427' title='bbox 2536 2528 2869 2599; x_wconf 68' lang='lat' dir='ltr'>praedicatio</span> <span class='ocrx_word' id='word_1_428' title='bbox 2890 2528 3241 2595; x_wconf 89' lang='lat' dir='ltr'>Christiana,</span> <span class='ocrx_word' id='word_1_429' title='bbox 3260 2534 3315 2583; x_wconf 89' lang='lat' dir='ltr'>et</span> <span class='ocrx_word' id='word_1_430' title='bbox 3337 2530 3605 2584; x_wconf 88' lang='lat' dir='ltr'>doctrina</span> 
     </span>
    </p>
   </div>
   <div class='ocr_carea' id='block_1_58' title="bbox 1949 2616 3605 2688">
    <p class='ocr_par' dir='ltr' id='par_1_58' title="bbox 1949 2616 3605 2688">
     <span class='ocr_line' id='line_1_58' title="bbox 1949 2616 3605 2688; baseline 0.002 -18"><span class='ocrx_word' id='word_1_431' title='bbox 1949 2616 2283 2687; x_wconf 75' lang='lat' dir='ltr'>evangelica</span> <span class='ocrx_word' id='word_1_432' title='bbox 2316 2634 2431 2671; x_wconf 89' lang='lat' dir='ltr'>non</span> <span class='ocrx_word' id='word_1_433' title='bbox 2464 2622 2594 2688; x_wconf 86' lang='lat' dir='ltr'>eget</span> <span class='ocrx_word' id='word_1_434' title='bbox 2638 2634 2852 2688; x_wconf 90' lang='lat' dir='ltr'>pompa</span> <span class='ocrx_word' id='word_1_435' title='bbox 2880 2619 3215 2685; x_wconf 88' lang='lat' dir='ltr'>verborum,</span> <span class='ocrx_word' id='word_1_436' title='bbox 3250 2619 3350 2673; x_wconf 88' lang='lat' dir='ltr'>sed</span> <span class='ocrx_word' id='word_1_437' title='bbox 3392 2619 3605 2674; x_wconf 89' lang='lat' dir='ltr'>virtute</span> 
     </span>
    </p>
   </div>
   <div class='ocr_carea' id='block_1_59' title="bbox 1949 2706 3603 2777">
    <p class='ocr_par' dir='ltr' id='par_1_59' title="bbox 1949 2706 3603 2777">
     <span class='ocr_line' id='line_1_59' title="bbox 1949 2706 3603 2777; baseline 0.001 -18"><span class='ocrx_word' id='word_1_438' title='bbox 1949 2706 2183 2777; x_wconf 90' lang='lat' dir='ltr'>propria</span> <span class='ocrx_word' id='word_1_439' title='bbox 2198 2706 2647 2761; x_wconf 88' lang='lat' dir='ltr'>commendatur</span> <span class='ocrx_word' id='word_1_440' title='bbox 2663 2706 3008 2777; x_wconf 73' lang='lat' dir='ltr'>:disciplinae</span> <span class='ocrx_word' id='word_1_441' title='bbox 3022 2712 3215 2763; x_wconf 89' lang='lat' dir='ltr'>autem</span> <span class='ocrx_word' id='word_1_442' title='bbox 3230 2707 3603 2763; x_wconf 69' lang='lat' dir='ltr'>saecularium</span> 
     </span>
    </p>
   </div>
   <div class='ocr_carea' id='block_1_60' title="bbox 1949 2794 3603 2866">
    <p class='ocr_par' dir='ltr' id='par_1_60' title="bbox 1949 2794 3603 2866">
     <span class='ocr_line' id='line_1_60' title="bbox 1949 2794 3603 2866; baseline 0.001 -17"><span class='ocrx_word' id='word_1_443' title='bbox 1949 2794 2305 2864; x_wconf 89' lang='lat' dir='ltr'>studiorum,</span> <span class='ocrx_word' id='word_1_444' title='bbox 2326 2796 2463 2865; x_wconf 86' lang='lat' dir='ltr'>quia</span> <span class='ocrx_word' id='word_1_445' title='bbox 2486 2796 2556 2849; x_wconf 90' lang='lat' dir='ltr'>ab</span> <span class='ocrx_word' id='word_1_446' title='bbox 2587 2795 2927 2851; x_wconf 88' lang='lat' dir='ltr'>hominibus</span> <span class='ocrx_word' id='word_1_447' title='bbox 2960 2796 3201 2851; x_wconf 70' lang='lat' dir='ltr'>inventa:</span> <span class='ocrx_word' id='word_1_448' title='bbox 3226 2802 3384 2866; x_wconf 90' lang='lat' dir='ltr'>sunt,</span> <span class='ocrx_word' id='word_1_449' title='bbox 3408 2796 3603 2865; x_wconf 89' lang='lat' dir='ltr'>lepore</span> 
     </span>
    </p>
   </div>
   <div class='ocr_carea' id='block_1_61' title="bbox 1947 2883 3599 2955">
    <p class='ocr_par' dir='ltr' id='par_1_61' title="bbox 1947 2883 3599 2955">
     <span class='ocr_line' id='line_1_61' title="bbox 1947 2883 3599 2955; baseline 0.001 -18"><span class='ocrx_word' id='word_1_450' title='bbox 1947 2883 2211 2954; x_wconf 81' lang='lat' dir='ltr'>indigent</span> <span class='ocrx_word' id='word_1_451' title='bbox 2234 2883 2611 2955; x_wconf 63' lang='lat' dir='ltr'>eloquentiae;</span> <span class='ocrx_word' id='word_1_452' title='bbox 2636 2884 2792 2955; x_wconf 88' lang='lat' dir='ltr'>quia,</span> <span class='ocrx_word' id='word_1_453' title='bbox 2824 2902 2955 2940; x_wconf 89' lang='lat' dir='ltr'>cum</span> <span class='ocrx_word' id='word_1_454' title='bbox 2980 2886 3142 2940; x_wconf 86' lang='lat' dir='ltr'>nulla</span> <span class='ocrx_word' id='word_1_455' title='bbox 3172 2886 3247 2940; x_wconf 90' lang='lat' dir='ltr'>sit</span> <span class='ocrx_word' id='word_1_456' title='bbox 3278 2887 3335 2939; x_wconf 92' lang='lat' dir='ltr'>in</span> <span class='ocrx_word' id='word_1_457' title='bbox 3367 2886 3452 2939; x_wconf 91' lang='lat' dir='ltr'>eis</span> <span class='ocrx_word' id='word_1_458' title='bbox 3481 2885 3599 2939; x_wconf 90' lang='lat' dir='ltr'>vir-</span> 
     </span>
    </p>
   </div>
   <div class='ocr_carea' id='block_1_62' title="bbox 1946 2972 3597 3046">
    <p class='ocr_par' dir='ltr' id='par_1_62' title="bbox 1946 2972 3597 3046">
     <span class='ocr_line' id='line_1_62' title="bbox 1946 2972 3597 3046; baseline 0.002 -20"><span class='ocrx_word' id='word_1_459' title='bbox 1946 2977 2041 3028; x_wconf 90' lang='lat' dir='ltr'>tus</span> <span class='ocrx_word' id='word_1_460' title='bbox 2055 2972 2215 3027; x_wconf 90' lang='lat' dir='ltr'>nulla</span> <span class='ocrx_word' id='word_1_461' title='bbox 2236 2974 2717 3042; x_wconf 86' lang='lat' dir='ltr'>ratio,verborum</span> <span class='ocrx_word' id='word_1_462' title='bbox 2738 2978 2966 3029; x_wconf 88' lang='lat' dir='ltr'>tantum</span> <span class='ocrx_word' id='word_1_463' title='bbox 2985 2975 3329 3046; x_wconf 87' lang='lat' dir='ltr'>compositio</span> <span class='ocrx_word' id='word_1_464' title='bbox 3352 2975 3597 3029; x_wconf 88' lang='lat' dir='ltr'>honesta</span> 
     </span>
    </p>
   </div>
   <div class='ocr_carea' id='block_1_63' title="bbox 1944 3061 3596 3133">
    <p class='ocr_par' dir='ltr' id='par_1_63' title="bbox 1944 3061 3596 3133">
     <span class='ocr_line' id='line_1_63' title="bbox 1944 3061 3596 3133; baseline 0.001 -18"><span class='ocrx_word' id='word_1_465' title='bbox 1944 3061 2278 3132; x_wconf 88' lang='lat' dir='ltr'>requiritur.</span> <span class='ocrx_word' id='word_1_466' title='bbox 2304 3062 2449 3116; x_wconf 90' lang='lat' dir='ltr'>Hinc</span> <span class='ocrx_word' id='word_1_467' title='bbox 2479 3066 2568 3116; x_wconf 90' lang='lat' dir='ltr'>est</span> <span class='ocrx_word' id='word_1_468' title='bbox 2591 3062 2741 3131; x_wconf 88' lang='lat' dir='ltr'>quod</span> <span class='ocrx_word' id='word_1_469' title='bbox 2777 3062 2847 3116; x_wconf 90' lang='lat' dir='ltr'>ad</span> <span class='ocrx_word' id='word_1_470' title='bbox 2880 3063 3313 3133; x_wconf 59' lang='lat' dir='ltr'>praedicandum</span> <span class='ocrx_word' id='word_1_471' title='bbox 3341 3064 3596 3133; x_wconf 86' lang='lat' dir='ltr'>Evange-</span> 
     </span>
    </p>
   </div>
   <div class='ocr_carea' id='block_1_64' title="bbox 1945 3148 3588 3218">
    <p class='ocr_par' dir='ltr' id='par_1_64' title="bbox 1945 3148 3588 3218">
     <span class='ocr_line' id='line_1_64' title="bbox 1945 3148 3588 3218; baseline 0.002 -16"><span class='ocrx_word' id='word_1_472' title='bbox 1945 3148 2087 3203; x_wconf 90' lang='lat' dir='ltr'>lium</span> <span class='ocrx_word' id='word_1_473' title='bbox 2122 3167 2238 3204; x_wconf 89' lang='lat' dir='ltr'>non</span> <span class='ocrx_word' id='word_1_474' title='bbox 2277 3150 2441 3205; x_wconf 89' lang='lat' dir='ltr'>electi</span> <span class='ocrx_word' id='word_1_475' title='bbox 2490 3156 2631 3204; x_wconf 91' lang='lat' dir='ltr'>sunt</span> <span class='ocrx_word' id='word_1_476' title='bbox 2677 3150 2961 3218; x_wconf 90' lang='lat' dir='ltr'>rhetores,</span> <span class='ocrx_word' id='word_1_477' title='bbox 2993 3153 3111 3206; x_wconf 89' lang='lat' dir='ltr'>sive</span> <span class='ocrx_word' id='word_1_478' title='bbox 3160 3151 3466 3217; x_wconf 88' lang='lat' dir='ltr'>dialectici,</span> <span class='ocrx_word' id='word_1_479' title='bbox 3503 3150 3588 3206; x_wconf 91' lang='lat' dir='ltr'>vel</span> 
     </span>
    </p>
   </div>
   <div class='ocr_carea' id='block_1_65' title="bbox 178 3227 3581 3310">
    <p class='ocr_par' dir='ltr' id='par_1_65' title="bbox 178 3227 3581 3310">
     <span class='ocr_line' id='line_1_65' title="bbox 178 3227 3581 3310; baseline 0.001 -19"><span class='ocrx_word' id='word_1_480' title='bbox 178 3240 403 3294; x_wconf 81' lang='lat' dir='ltr'>nomine</span> <span class='ocrx_word' id='word_1_481' title='bbox 430 3255 553 3293; x_wconf 85' lang='lat' dir='ltr'>meo</span> <span class='ocrx_word' id='word_1_482' title='bbox 584 3239 850 3309; x_wconf 67' lang='lat' dir='ltr'>baptizati</span> <span class='ocrx_word' id='word_1_483' title='bbox 885 3241 1035 3295; x_wconf 84' lang='lat' dir='ltr'>estis.</span> <span class='ocrx_word' id='word_1_484' title='bbox 1069 3240 1307 3310; x_wconf 88' lang='lat' dir='ltr'>Crispus</span> <span class='ocrx_word' id='word_1_485' title='bbox 1339 3244 1531 3295; x_wconf 84' lang='lat' dir='ltr'>autem</span> <span class='ocrx_word' id='word_1_486' title='bbox 1564 3244 1618 3295; x_wconf 89' lang='lat' dir='ltr'>et</span> <span class='ocrx_word' id='word_1_487' title='bbox 1649 3240 1830 3294; x_wconf 86' lang='lat' dir='ltr'>Gaius</span> <span class='ocrx_word' id='word_1_488' title='bbox 1861 3227 1902 3291; x_wconf 84' lang='lat' dir='ltr'>C</span> <span class='ocrx_word' id='word_1_489' title='bbox 1942 3238 2121 3308; x_wconf 90' lang='lat' dir='ltr'>hujus</span> <span class='ocrx_word' id='word_1_490' title='bbox 2144 3238 2349 3292; x_wconf 91' lang='lat' dir='ltr'>mundi</span> <span class='ocrx_word' id='word_1_491' title='bbox 2374 3238 2726 3309; x_wconf 86' lang='lat' dir='ltr'>philosophi,</span> <span class='ocrx_word' id='word_1_492' title='bbox 2753 3256 2866 3293; x_wconf 90' lang='lat' dir='ltr'>non</span> <span class='ocrx_word' id='word_1_493' title='bbox 2901 3245 3187 3310; x_wconf 90' lang='lat' dir='ltr'>potentes,</span> <span class='ocrx_word' id='word_1_494' title='bbox 3213 3257 3326 3294; x_wconf 91' lang='lat' dir='ltr'>non</span> <span class='ocrx_word' id='word_1_495' title='bbox 3350 3240 3581 3307; x_wconf 88' lang='lat' dir='ltr'>divites,</span> 
     </span>
    </p>
   </div>
   <div class='ocr_carea' id='block_1_66' title="bbox 182 3326 1830 3398">
    <p class='ocr_par' dir='ltr' id='par_1_66' title="bbox 182 3326 1830 3398">
     <span class='ocr_line' id='line_1_66' title="bbox 182 3326 1830 3398; baseline 0.001 -18"><span class='ocrx_word' id='word_1_496' title='bbox 182 3326 461 3381; x_wconf 85' lang='lat' dir='ltr'>Corinthii</span> <span class='ocrx_word' id='word_1_497' title='bbox 497 3327 757 3393; x_wconf 83' lang='lat' dir='ltr'>fuerunt,</span> <span class='ocrx_word' id='word_1_498' title='bbox 792 3344 940 3397; x_wconf 92' lang='lat' dir='ltr'>quos</span> <span class='ocrx_word' id='word_1_499' title='bbox 970 3328 1278 3398; x_wconf 90' lang='lat' dir='ltr'>Apostolus</span> <span class='ocrx_word' id='word_1_500' title='bbox 1309 3330 1378 3382; x_wconf 87' lang='lat' dir='ltr'>ad</span> <span class='ocrx_word' id='word_1_501' title='bbox 1401 3328 1546 3383; x_wconf 88' lang='lat' dir='ltr'>alios</span> <span class='ocrx_word' id='word_1_502' title='bbox 1579 3328 1830 3383; x_wconf 82' lang='lat' dir='ltr'>refutan-</span> 
     </span>
    </p>
   </div>
   <div class='ocr_carea' id='block_1_67' title="bbox 185 3414 1825 3488">
    <p class='ocr_par' dir='ltr' id='par_1_67' title="bbox 185 3414 1825 3488">
     <span class='ocr_line' id='line_1_67' title="bbox 185 3414 1825 3488; baseline 0 -18"><span class='ocrx_word' id='word_1_503' title='bbox 185 3414 289 3470; x_wconf 88' lang='lat' dir='ltr'>dos</span> <span class='ocrx_word' id='word_1_504' title='bbox 320 3415 485 3469; x_wconf 89' lang='lat' dir='ltr'>ducit</span> <span class='ocrx_word' id='word_1_505' title='bbox 528 3415 586 3469; x_wconf 92' lang='lat' dir='ltr'>in</span> <span class='ocrx_word' id='word_1_506' title='bbox 635 3416 1081 3471; x_wconf 85' lang='lat' dir='ltr'>testimonium:</span> <span class='ocrx_word' id='word_1_507' title='bbox 1117 3434 1250 3472; x_wconf 90' lang='lat' dir='ltr'>nam</span> <span class='ocrx_word' id='word_1_508' title='bbox 1295 3416 1569 3488; x_wconf 89' lang='lat' dir='ltr'>baptizati</span> <span class='ocrx_word' id='word_1_509' title='bbox 1619 3418 1691 3472; x_wconf 88' lang='lat' dir='ltr'>ab</span> <span class='ocrx_word' id='word_1_510' title='bbox 1738 3433 1825 3483; x_wconf 92' lang='lat' dir='ltr'>eo,</span> 
     </span>
    </p>
   </div>
   <div class='ocr_carea' id='block_1_68' title="bbox 186 3502 1829 3576">
    <p class='ocr_par' dir='ltr' id='par_1_68' title="bbox 186 3502 1829 3576">
     <span class='ocr_line' id='line_1_68' title="bbox 186 3502 1829 3576; baseline -0.001 -17"><span class='ocrx_word' id='word_1_511' title='bbox 186 3503 413 3559; x_wconf 88' lang='lat' dir='ltr'>nullam</span> <span class='ocrx_word' id='word_1_512' title='bbox 445 3503 531 3557; x_wconf 88' lang='lat' dir='ltr'>illi</span> <span class='ocrx_word' id='word_1_513' title='bbox 561 3502 802 3573; x_wconf 83' lang='lat' dir='ltr'>gloriam</span> <span class='ocrx_word' id='word_1_514' title='bbox 837 3506 1273 3576; x_wconf 82' lang='lat' dir='ltr'>impendebant,</span> <span class='ocrx_word' id='word_1_515' title='bbox 1305 3507 1406 3561; x_wconf 89' lang='lat' dir='ltr'>sed</span> <span class='ocrx_word' id='word_1_516' title='bbox 1439 3506 1667 3561; x_wconf 90' lang='lat' dir='ltr'>Christo</span> <span class='ocrx_word' id='word_1_517' title='bbox 1696 3505 1829 3569; x_wconf 89' lang='lat' dir='ltr'>soli,</span> 
     </span>
    </p>
   </div>
   <div class='ocr_carea' id='block_1_69' title="bbox 189 3593 1828 3667">
    <p class='ocr_par' dir='ltr' id='par_1_69' title="bbox 189 3593 1828 3667">
     <span class='ocr_line' id='line_1_69' title="bbox 189 3593 1828 3667; baseline 0.003 -23"><span class='ocrx_word' id='word_1_518' title='bbox 189 3607 292 3663; x_wconf 90' lang='lat' dir='ltr'>per</span> <span class='ocrx_word' id='word_1_519' title='bbox 322 3606 501 3661; x_wconf 88' lang='lat' dir='ltr'>quem</span> <span class='ocrx_word' id='word_1_520' title='bbox 533 3593 819 3647; x_wconf 88' lang='lat' dir='ltr'>consecuti</span> <span class='ocrx_word' id='word_1_521' title='bbox 850 3599 990 3649; x_wconf 88' lang='lat' dir='ltr'>sunt</span> <span class='ocrx_word' id='word_1_522' title='bbox 1036 3596 1301 3650; x_wconf 88' lang='lat' dir='ltr'>omnium</span> <span class='ocrx_word' id='word_1_523' title='bbox 1343 3600 1709 3667; x_wconf 88' lang='lat' dir='ltr'>peccatorum</span> <span class='ocrx_word' id='word_1_524' title='bbox 1743 3611 1828 3649; x_wconf 90' lang='lat' dir='ltr'>re-</span> 
     </span>
    </p>
   </div>
   <div class='ocr_carea' id='block_1_70' title="bbox 190 3694 559 3733">
    <p class='ocr_par' dir='ltr' id='par_1_70' title="bbox 190 3694 559 3733">
     <span class='ocr_line' id='line_1_70' title="bbox 190 3694 559 3733; baseline 0.003 -1"><span class='ocrx_word' id='word_1_525' title='bbox 190 3694 559 3733; x_wconf 75' lang='grc' dir='ltr'>ωιεειοηθω.</span> 
     </span>
    </p>
   </div>
   <div class='ocr_carea' id='block_1_71' title="bbox 256 3768 1830 3843">
    <p class='ocr_par' dir='ltr' id='par_1_71' title="bbox 256 3768 1830 3843">
     <span class='ocr_line' id='line_1_71' title="bbox 256 3768 1830 3843; baseline 0.003 -21"><span class='ocrx_word' id='word_1_526' title='bbox 256 3768 556 3840; x_wconf 68' lang='lat' dir='ltr'>Baptz&#39;zavi</span> <span class='ocrx_word' id='word_1_527' title='bbox 583 3775 768 3825; x_wconf 86' lang='lat' dir='ltr'>autem</span> <span class='ocrx_word' id='word_1_528' title='bbox 816 3776 867 3826; x_wconf 87' lang='lat' dir='ltr'>et</span> <span class='ocrx_word' id='word_1_529' title='bbox 906 3771 1201 3843; x_wconf 72' lang='lat' dir='ltr'>Stephanse</span> <span class='ocrx_word' id='word_1_530' title='bbox 1231 3773 1468 3828; x_wconf 85' lang='lat' dir='ltr'>domum.</span> <span class='ocrx_word' id='word_1_531' title='bbox 1512 3773 1699 3843; x_wconf 88' lang='lat' dir='ltr'>Hujus</span> <span class='ocrx_word' id='word_1_532' title='bbox 1730 3773 1830 3827; x_wconf 88' lang='lat' dir='ltr'>do-</span> 
     </span>
    </p>
   </div>
   <div class='ocr_carea' id='block_1_72' title="bbox 187 3858 1833 3933">
    <p class='ocr_par' dir='ltr' id='par_1_72' title="bbox 187 3858 1833 3933">
     <span class='ocr_line' id='line_1_72' title="bbox 187 3858 1833 3933; baseline 0.002 -21"><span class='ocrx_word' id='word_1_533' title='bbox 187 3874 338 3924; x_wconf 87' lang='lat' dir='ltr'>mus,</span> <span class='ocrx_word' id='word_1_534' title='bbox 363 3858 522 3913; x_wconf 87' lang='lat' dir='ltr'>sicut</span> <span class='ocrx_word' id='word_1_535' title='bbox 552 3858 611 3912; x_wconf 91' lang='lat' dir='ltr'>in</span> <span class='ocrx_word' id='word_1_536' title='bbox 658 3863 955 3929; x_wconf 89' lang='lat' dir='ltr'>postremo</span> <span class='ocrx_word' id='word_1_537' title='bbox 986 3862 1155 3916; x_wconf 87' lang='lat' dir='ltr'>istius</span> <span class='ocrx_word' id='word_1_538' title='bbox 1188 3862 1457 3933; x_wconf 82' lang='lat' dir='ltr'>Epistolas</span> <span class='ocrx_word' id='word_1_539' title='bbox 1487 3861 1833 3927; x_wconf 87' lang='lat' dir='ltr'>declaratur,</span> 
     </span>
    </p>
   </div>
   <div class='ocr_carea' id='block_1_73' title="bbox 188 3946 1837 4023">
    <p class='ocr_par' dir='ltr' id='par_1_73' title="bbox 188 3946 1837 4023">
     <span class='ocr_line' id='line_1_73' title="bbox 188 3946 1837 4023; baseline 0.004 -24"><span class='ocrx_word' id='word_1_540' title='bbox 188 3946 453 4017; x_wconf 62' lang='lat' dir='ltr'>primitim</span> <span class='ocrx_word' id='word_1_541' title='bbox 487 3952 658 4003; x_wconf 90' lang='lat' dir='ltr'>erant</span> <span class='ocrx_word' id='word_1_542' title='bbox 682 3948 908 4005; x_wconf 75' lang='lat' dir='ltr'>Achaiaa</span> <span class='ocrx_word' id='word_1_543' title='bbox 940 3950 986 4021; x_wconf 94' lang='grc' dir='ltr'>(ι</span> <span class='ocrx_word' id='word_1_544' title='bbox 1024 3951 1143 4007; x_wconf 91' lang='lat' dir='ltr'>Cor.</span> <span class='ocrx_word' id='word_1_545' title='bbox 1167 3952 1623 4023; x_wconf 82' lang='lat' dir='ltr'>xv1,15),quibus</span> <span class='ocrx_word' id='word_1_546' title='bbox 1652 3953 1837 4022; x_wconf 88' lang='lat' dir='ltr'>Apos-</span> 
     </span>
    </p>
   </div>
   <div class='ocr_carea' id='block_1_74' title="bbox 188 4034 1839 4111">
    <p class='ocr_par' dir='ltr' id='par_1_74' title="bbox 188 4034 1839 4111">
     <span class='ocr_line' id='line_1_74' title="bbox 188 4034 1839 4111; baseline 0.003 -22"><span class='ocrx_word' id='word_1_547' title='bbox 188 4034 342 4091; x_wconf 88' lang='lat' dir='ltr'>tolus</span> <span class='ocrx_word' id='word_1_548' title='bbox 371 4036 644 4108; x_wconf 89' lang='lat' dir='ltr'>perhibet</span> <span class='ocrx_word' id='word_1_549' title='bbox 684 4037 1106 4106; x_wconf 88' lang='lat' dir='ltr'>testimonium,</span> <span class='ocrx_word' id='word_1_550' title='bbox 1135 4041 1290 4111; x_wconf 91' lang='lat' dir='ltr'>quod</span> <span class='ocrx_word' id='word_1_551' title='bbox 1337 4057 1397 4096; x_wconf 91' lang='lat' dir='ltr'>se</span> <span class='ocrx_word' id='word_1_552' title='bbox 1446 4040 1839 4096; x_wconf 86' lang='lat' dir='ltr'>ordinaverint</span> 
     </span>
    </p>
   </div>
   <div class='ocr_carea' id='block_1_75' title="bbox 192 4122 1839 4196">
    <p class='ocr_par' dir='ltr' id='par_1_75' title="bbox 192 4122 1839 4196">
     <span class='ocr_line' id='line_1_75' title="bbox 192 4122 1839 4196; baseline 0.003 -20"><span class='ocrx_word' id='word_1_553' title='bbox 192 4122 249 4177; x_wconf 89' lang='lat' dir='ltr'>in</span> <span class='ocrx_word' id='word_1_554' title='bbox 284 4124 612 4181; x_wconf 91' lang='lat' dir='ltr'>ministerio</span> <span class='ocrx_word' id='word_1_555' title='bbox 645 4131 1013 4196; x_wconf 90' lang='lat' dir='ltr'>sanctorum;</span> <span class='ocrx_word' id='word_1_556' title='bbox 1045 4129 1153 4183; x_wconf 90' lang='lat' dir='ltr'>hoc</span> <span class='ocrx_word' id='word_1_557' title='bbox 1195 4134 1300 4193; x_wconf 88' lang='lat' dir='ltr'>est,</span> <span class='ocrx_word' id='word_1_558' title='bbox 1338 4134 1399 4183; x_wconf 88' lang='lat' dir='ltr'>ut</span> <span class='ocrx_word' id='word_1_559' title='bbox 1440 4130 1839 4185; x_wconf 88' lang='lat' dir='ltr'>ministrarent</span> 
     </span>
    </p>
   </div>
   <div class='ocr_carea' id='block_1_76' title="bbox 198 4214 1837 4289">
    <p class='ocr_par' dir='ltr' id='par_1_76' title="bbox 198 4214 1837 4289">
     <span class='ocr_line' id='line_1_76' title="bbox 198 4214 1837 4289; baseline 0.002 -22"><span class='ocrx_word' id='word_1_560' title='bbox 198 4214 411 4269; x_wconf 87' lang='lat' dir='ltr'>sanctis</span> <span class='ocrx_word' id='word_1_561' title='bbox 446 4232 459 4270; x_wconf 86' lang='lat'>:</span> <span class='ocrx_word' id='word_1_562' title='bbox 492 4219 552 4270; x_wconf 90' lang='lat' dir='ltr'>et</span> <span class='ocrx_word' id='word_1_563' title='bbox 600 4214 734 4285; x_wconf 86' lang='lat' dir='ltr'>hos,</span> <span class='ocrx_word' id='word_1_564' title='bbox 767 4216 921 4271; x_wconf 86' lang='lat' dir='ltr'>sicut</span> <span class='ocrx_word' id='word_1_565' title='bbox 951 4222 1006 4272; x_wconf 91' lang='lat' dir='ltr'>et</span> <span class='ocrx_word' id='word_1_566' title='bbox 1036 4218 1446 4289; x_wconf 63' lang='lat' dir='ltr'>praecedentes,</span> <span class='ocrx_word' id='word_1_567' title='bbox 1472 4219 1541 4272; x_wconf 89' lang='lat' dir='ltr'>ad</span> <span class='ocrx_word' id='word_1_568' title='bbox 1592 4218 1837 4273; x_wconf 88' lang='lat' dir='ltr'>aliorum</span> 
     </span>
    </p>
   </div>
   <div class='ocr_carea' id='block_1_77' title="bbox 198 4301 1841 4376">
    <p class='ocr_par' dir='ltr' id='par_1_77' title="bbox 198 4301 1841 4376">
     <span class='ocr_line' id='line_1_77' title="bbox 198 4301 1841 4376; baseline 0.003 -20"><span class='ocrx_word' id='word_1_569' title='bbox 198 4301 606 4360; x_wconf 79' lang='lat' dir='ltr'>refutationem</span> <span class='ocrx_word' id='word_1_570' title='bbox 640 4305 803 4359; x_wconf 89' lang='lat' dir='ltr'>ducit</span> <span class='ocrx_word' id='word_1_571' title='bbox 858 4306 916 4360; x_wconf 91' lang='lat' dir='ltr'>in</span> <span class='ocrx_word' id='word_1_572' title='bbox 965 4305 1547 4375; x_wconf 87' lang='lat' dir='ltr'>testimonium.Sed,</span> <span class='ocrx_word' id='word_1_573' title='bbox 1590 4323 1660 4361; x_wconf 91' lang='lat' dir='ltr'>ne</span> <span class='ocrx_word' id='word_1_574' title='bbox 1709 4306 1841 4376; x_wconf 88' lang='lat' dir='ltr'>quis</span> 
     </span>
    </p>
   </div>
   <div class='ocr_carea' id='block_1_78' title="bbox 200 4390 1841 4466">
    <p class='ocr_par' dir='ltr' id='par_1_78' title="bbox 200 4390 1841 4466">
     <span class='ocr_line' id='line_1_78' title="bbox 200 4390 1841 4466; baseline 0.002 -22"><span class='ocrx_word' id='word_1_575' title='bbox 200 4390 409 4447; x_wconf 89' lang='lat' dir='ltr'>diceret</span> <span class='ocrx_word' id='word_1_576' title='bbox 466 4393 629 4464; x_wconf 89' lang='lat' dir='ltr'>quod</span> <span class='ocrx_word' id='word_1_577' title='bbox 689 4394 888 4465; x_wconf 90' lang='lat' dir='ltr'>plures</span> <span class='ocrx_word' id='word_1_578' title='bbox 946 4395 1373 4451; x_wconf 88' lang='lat' dir='ltr'>Corinthiorum</span> <span class='ocrx_word' id='word_1_579' title='bbox 1446 4395 1841 4466; x_wconf 88' lang='lat' dir='ltr'>baptizaverit,</span> 
     </span>
    </p>
   </div>
   <div class='ocr_carea' id='block_1_79' title="bbox 199 4480 1845 4555">
    <p class='ocr_par' dir='ltr' id='par_1_79' title="bbox 199 4480 1845 4555">
     <span class='ocr_line' id='line_1_79' title="bbox 199 4480 1845 4555; baseline 0.002 -21"><span class='ocrx_word' id='word_1_580' title='bbox 199 4480 441 4550; x_wconf 87' lang='lat' dir='ltr'>subjecit</span> <span class='ocrx_word' id='word_1_581' title='bbox 476 4500 489 4538; x_wconf 89' lang='lat'><strong>:</strong></span> <span class='ocrx_word' id='word_1_582' title='bbox 526 4482 797 4537; x_wconf 76' lang='lat' dir='ltr'>Caeterum</span> <span class='ocrx_word' id='word_1_583' title='bbox 845 4486 1026 4539; x_wconf 87' lang='lat' dir='ltr'>nescio</span> <span class='ocrx_word' id='word_1_584' title='bbox 1053 4485 1104 4539; x_wconf 87' lang='lat' dir='ltr'>si</span> <span class='ocrx_word' id='word_1_585' title='bbox 1133 4501 1293 4555; x_wconf 89' lang='lat' dir='ltr'>quem</span> <span class='ocrx_word' id='word_1_586' title='bbox 1332 4485 1507 4539; x_wconf 89' lang='lat' dir='ltr'>alium</span> <span class='ocrx_word' id='word_1_587' title='bbox 1546 4485 1845 4554; x_wconf 78' lang='lat' dir='ltr'>baptizaue-</span> 
     </span>
    </p>
   </div>
   <div class='ocr_carea' id='block_1_80' title="bbox 1941 3326 3582 3398">
    <p class='ocr_par' dir='ltr' id='par_1_80' title="bbox 1941 3326 3582 3398">
     <span class='ocr_line' id='line_1_80' title="bbox 1941 3326 3582 3398; baseline -0.001 -15"><span class='ocrx_word' id='word_1_588' title='bbox 1941 3344 2055 3383; x_wconf 89' lang='lat' dir='ltr'>non</span> <span class='ocrx_word' id='word_1_589' title='bbox 2108 3326 2349 3393; x_wconf 90' lang='lat' dir='ltr'>nobiles,</span> <span class='ocrx_word' id='word_1_590' title='bbox 2385 3328 2484 3381; x_wconf 88' lang='lat' dir='ltr'>sed</span> <span class='ocrx_word' id='word_1_591' title='bbox 2536 3327 2850 3397; x_wconf 87' lang='lat' dir='ltr'>simplices,</span> <span class='ocrx_word' id='word_1_592' title='bbox 2885 3327 3077 3381; x_wconf 72' lang='lat' dir='ltr'>idiotis</span> <span class='ocrx_word' id='word_1_593' title='bbox 3129 3334 3185 3382; x_wconf 90' lang='lat' dir='ltr'>et</span> <span class='ocrx_word' id='word_1_594' title='bbox 3236 3328 3582 3398; x_wconf 84' lang='lat' dir='ltr'>piscatores,</span> 
     </span>
    </p>
   </div>
   <div class='ocr_carea' id='block_1_81' title="bbox 1941 3414 3580 3487">
    <p class='ocr_par' dir='ltr' id='par_1_81' title="bbox 1941 3414 3580 3487">
     <span class='ocr_line' id='line_1_81' title="bbox 1941 3414 3580 3487; baseline 0.002 -18"><span class='ocrx_word' id='word_1_595' title='bbox 1941 3432 2227 3487; x_wconf 87' lang='lat' dir='ltr'>pauperes</span> <span class='ocrx_word' id='word_1_596' title='bbox 2258 3420 2315 3469; x_wconf 90' lang='lat' dir='ltr'>et</span> <span class='ocrx_word' id='word_1_597' title='bbox 2344 3414 2650 3486; x_wconf 85' lang='lat' dir='ltr'>ignobiles,</span> <span class='ocrx_word' id='word_1_598' title='bbox 2676 3432 2747 3469; x_wconf 91' lang='lat' dir='ltr'>ne</span> <span class='ocrx_word' id='word_1_599' title='bbox 2776 3416 3013 3469; x_wconf 88' lang='lat' dir='ltr'>daretur</span> <span class='ocrx_word' id='word_1_600' title='bbox 3042 3416 3326 3487; x_wconf 89' lang='lat' dir='ltr'>perversis</span> <span class='ocrx_word' id='word_1_601' title='bbox 3353 3421 3580 3472; x_wconf 87' lang='lat' dir='ltr'>occasio</span> 
     </span>
    </p>
   </div>
   <div class='ocr_carea' id='block_1_82' title="bbox 1942 3503 3585 3575">
    <p class='ocr_par' dir='ltr' id='par_1_82' title="bbox 1942 3503 3585 3575">
     <span class='ocr_line' id='line_1_82' title="bbox 1942 3503 3585 3575; baseline 0.001 -17"><span class='ocrx_word' id='word_1_602' title='bbox 1942 3504 2193 3569; x_wconf 89' lang='lat' dir='ltr'>dicendi,</span> <span class='ocrx_word' id='word_1_603' title='bbox 2224 3504 2375 3575; x_wconf 91' lang='lat' dir='ltr'>quod</span> <span class='ocrx_word' id='word_1_604' title='bbox 2409 3504 2677 3558; x_wconf 88' lang='lat' dir='ltr'>doctrina</span> <span class='ocrx_word' id='word_1_605' title='bbox 2719 3503 3049 3575; x_wconf 88' lang='lat' dir='ltr'>evangelica</span> <span class='ocrx_word' id='word_1_606' title='bbox 3092 3522 3205 3560; x_wconf 90' lang='lat' dir='ltr'>non</span> <span class='ocrx_word' id='word_1_607' title='bbox 3236 3522 3344 3560; x_wconf 89' lang='lat' dir='ltr'>sua</span> <span class='ocrx_word' id='word_1_608' title='bbox 3375 3506 3585 3560; x_wconf 91' lang='lat' dir='ltr'>virtute</span> 
     </span>
    </p>
   </div>
   <div class='ocr_carea' id='block_1_83' title="bbox 1943 3590 3589 3664">
    <p class='ocr_par' dir='ltr' id='par_1_83' title="bbox 1943 3590 3589 3664">
     <span class='ocr_line' id='line_1_83' title="bbox 1943 3590 3589 3664; baseline 0.002 -17"><span class='ocrx_word' id='word_1_609' title='bbox 1943 3592 2116 3647; x_wconf 79' lang='lat' dir='ltr'>fuerit</span> <span class='ocrx_word' id='word_1_610' title='bbox 2138 3590 2533 3662; x_wconf 87' lang='lat' dir='ltr'>acceptabilis,</span> <span class='ocrx_word' id='word_1_611' title='bbox 2559 3592 2655 3646; x_wconf 90' lang='lat' dir='ltr'>sed</span> <span class='ocrx_word' id='word_1_612' title='bbox 2681 3591 2952 3647; x_wconf 71' lang='lat' dir='ltr'>humana:</span> <span class='ocrx_word' id='word_1_613' title='bbox 2975 3594 3166 3664; x_wconf 89' lang='lat' dir='ltr'>potius</span> <span class='ocrx_word' id='word_1_614' title='bbox 3189 3594 3443 3649; x_wconf 71' lang='lat' dir='ltr'>scientia:</span> <span class='ocrx_word' id='word_1_615' title='bbox 3466 3611 3589 3650; x_wconf 90' lang='lat' dir='ltr'>ver-</span> 
     </span>
    </p>
   </div>
   <div class='ocr_carea' id='block_1_84' title="bbox 1943 3680 3587 3756">
    <p class='ocr_par' dir='ltr' id='par_1_84' title="bbox 1943 3680 3587 3756">
     <span class='ocr_line' id='line_1_84' title="bbox 1943 3680 3587 3756; baseline 0.002 -20"><span class='ocrx_word' id='word_1_616' title='bbox 1943 3682 2097 3736; x_wconf 87' lang='lat' dir='ltr'>sutia</span> <span class='ocrx_word' id='word_1_617' title='bbox 2129 3684 2185 3735; x_wconf 91' lang='lat' dir='ltr'>et</span> <span class='ocrx_word' id='word_1_618' title='bbox 2213 3680 2545 3735; x_wconf 87' lang='lat' dir='ltr'>calliditate.</span> <span class='ocrx_word' id='word_1_619' title='bbox 2582 3681 2927 3753; x_wconf 89' lang='lat' dir='ltr'>Quicunque</span> <span class='ocrx_word' id='word_1_620' title='bbox 2969 3699 3104 3754; x_wconf 90' lang='lat' dir='ltr'>ergo</span> <span class='ocrx_word' id='word_1_621' title='bbox 3138 3684 3310 3737; x_wconf 84' lang='lat' dir='ltr'>fidem</span> <span class='ocrx_word' id='word_1_622' title='bbox 3340 3701 3587 3756; x_wconf 86' lang='lat' dir='ltr'>evange-</span> 
     </span>
    </p>
   </div>
   <div class='ocr_carea' id='block_1_85' title="bbox 1942 3769 3589 3839">
    <p class='ocr_par' dir='ltr' id='par_1_85' title="bbox 1942 3769 3589 3839">
     <span class='ocr_line' id='line_1_85' title="bbox 1942 3769 3589 3839; baseline 0.002 -15"><span class='ocrx_word' id='word_1_623' title='bbox 1942 3770 2064 3825; x_wconf 67' lang='lat' dir='ltr'>licae</span> <span class='ocrx_word' id='word_1_624' title='bbox 2098 3769 2372 3824; x_wconf 66' lang='lat' dir='ltr'>doctrina:</span> <span class='ocrx_word' id='word_1_625' title='bbox 2404 3770 2593 3825; x_wconf 90' lang='lat' dir='ltr'>verbis</span> <span class='ocrx_word' id='word_1_626' title='bbox 2635 3771 2759 3825; x_wconf 92' lang='lat' dir='ltr'>suis</span> <span class='ocrx_word' id='word_1_627' title='bbox 2798 3786 3076 3827; x_wconf 83' lang='lat' dir='ltr'>exornare</span> <span class='ocrx_word' id='word_1_628' title='bbox 3106 3773 3427 3839; x_wconf 81' lang='lat' dir='ltr'>contendit,</span> <span class='ocrx_word' id='word_1_629' title='bbox 3461 3790 3589 3828; x_wconf 91' lang='lat' dir='ltr'>eam</span> 
     </span>
    </p>
   </div>
   <div class='ocr_carea' id='block_1_86' title="bbox 1944 3859 3592 3933">
    <p class='ocr_par' dir='ltr' id='par_1_86' title="bbox 1944 3859 3592 3933">
     <span class='ocr_line' id='line_1_86' title="bbox 1944 3859 3592 3933; baseline 0.002 -19"><span class='ocrx_word' id='word_1_630' title='bbox 1944 3859 2239 3925; x_wconf 87' lang='lat' dir='ltr'>obscurat,</span> <span class='ocrx_word' id='word_1_631' title='bbox 2294 3875 2397 3913; x_wconf 91' lang='lat' dir='ltr'>nec</span> <span class='ocrx_word' id='word_1_632' title='bbox 2429 3860 2638 3929; x_wconf 68' lang='lat' dir='ltr'>quaerit</span> <span class='ocrx_word' id='word_1_633' title='bbox 2671 3864 2733 3913; x_wconf 90' lang='lat' dir='ltr'>ut</span> <span class='ocrx_word' id='word_1_634' title='bbox 2763 3859 2863 3915; x_wconf 90' lang='lat' dir='ltr'>illa</span> <span class='ocrx_word' id='word_1_635' title='bbox 2891 3859 3161 3916; x_wconf 89' lang='lat' dir='ltr'>laudetur</span> <span class='ocrx_word' id='word_1_636' title='bbox 3209 3878 3335 3932; x_wconf 74' lang='lat' dir='ltr'>quas</span> <span class='ocrx_word' id='word_1_637' title='bbox 3386 3862 3592 3933; x_wconf 67' lang='lat' dir='ltr'>praedi-</span> 
     </span>
    </p>
   </div>
   <div class='ocr_carea' id='block_1_87' title="bbox 1946 3948 3594 4022">
    <p class='ocr_par' dir='ltr' id='par_1_87' title="bbox 1946 3948 3594 4022">
     <span class='ocr_line' id='line_1_87' title="bbox 1946 3948 3594 4022; baseline 0.001 -19"><span class='ocrx_word' id='word_1_638' title='bbox 1946 3952 2130 4013; x_wconf 89' lang='lat' dir='ltr'>catur,</span> <span class='ocrx_word' id='word_1_639' title='bbox 2151 3948 2251 4002; x_wconf 89' lang='lat' dir='ltr'>scd</span> <span class='ocrx_word' id='word_1_640' title='bbox 2284 3948 2409 4019; x_wconf 88' lang='lat' dir='ltr'>ipse</span> <span class='ocrx_word' id='word_1_641' title='bbox 2440 3948 2537 4018; x_wconf 90' lang='lat' dir='ltr'>qui</span> <span class='ocrx_word' id='word_1_642' title='bbox 2585 3948 2859 4019; x_wconf 79' lang='lat' dir='ltr'>praedicat</span> <span class='ocrx_word' id='word_1_643' title='bbox 2888 3951 3058 4019; x_wconf 79' lang='grc'>(500).</span> <span class='ocrx_word' id='word_1_644' title='bbox 3093 3951 3187 4005; x_wconf 90' lang='lat' dir='ltr'>Sic</span> <span class='ocrx_word' id='word_1_645' title='bbox 3226 3951 3594 4022; x_wconf 85' lang='lat' dir='ltr'>pseudoapo-</span> 
     </span>
    </p>
   </div>
   <div class='ocr_carea' id='block_1_88' title="bbox 1947 4036 3594 4108">
    <p class='ocr_par' dir='ltr' id='par_1_88' title="bbox 1947 4036 3594 4108">
     <span class='ocr_line' id='line_1_88' title="bbox 1947 4036 3594 4108; baseline 0.001 -16"><span class='ocrx_word' id='word_1_646' title='bbox 1947 4036 2105 4102; x_wconf 89' lang='lat' dir='ltr'>stoli,</span> <span class='ocrx_word' id='word_1_647' title='bbox 2125 4053 2196 4091; x_wconf 89' lang='lat' dir='ltr'>ne</span> <span class='ocrx_word' id='word_1_648' title='bbox 2217 4037 2581 4107; x_wconf 88' lang='lat' dir='ltr'>sapientibus</span> <span class='ocrx_word' id='word_1_649' title='bbox 2599 4037 2804 4091; x_wconf 90' lang='lat' dir='ltr'>mundi</span> <span class='ocrx_word' id='word_1_650' title='bbox 2822 4038 2985 4092; x_wconf 89' lang='lat' dir='ltr'>stulti</span> <span class='ocrx_word' id='word_1_651' title='bbox 3003 4040 3357 4097; x_wconf 80' lang='lat' dir='ltr'>viderentur.</span> <span class='ocrx_word' id='word_1_652' title='bbox 3373 4039 3594 4108; x_wconf 89' lang='lat' dir='ltr'>duplici</span> 
     </span>
    </p>
   </div>
   <div class='ocr_carea' id='block_1_89' title="bbox 1950 4125 3597 4196">
    <p class='ocr_par' dir='ltr' id='par_1_89' title="bbox 1950 4125 3597 4196">
     <span class='ocr_line' id='line_1_89' title="bbox 1950 4125 3597 4196; baseline 0.001 -16"><span class='ocrx_word' id='word_1_653' title='bbox 1950 4126 2122 4180; x_wconf 90' lang='lat' dir='ltr'>modo</span> <span class='ocrx_word' id='word_1_654' title='bbox 2145 4125 2203 4179; x_wconf 91' lang='lat' dir='ltr'>in</span> <span class='ocrx_word' id='word_1_655' title='bbox 2232 4125 2519 4195; x_wconf 89' lang='lat' dir='ltr'>sapientia</span> <span class='ocrx_word' id='word_1_656' title='bbox 2538 4125 2695 4178; x_wconf 87' lang='lat' dir='ltr'>verbi</span> <span class='ocrx_word' id='word_1_657' title='bbox 2719 4125 2900 4179; x_wconf 89' lang='lat' dir='ltr'>Deum</span> <span class='ocrx_word' id='word_1_658' title='bbox 2926 4127 3319 4196; x_wconf 68' lang='lat' dir='ltr'>praedicabant</span> <span class='ocrx_word' id='word_1_659' title='bbox 3342 4143 3353 4179; x_wconf 88' lang='lat'>:</span> <span class='ocrx_word' id='word_1_660' title='bbox 3381 4142 3515 4180; x_wconf 89' lang='lat' dir='ltr'>nam</span> <span class='ocrx_word' id='word_1_661' title='bbox 3540 4137 3597 4181; x_wconf 88' lang='lat' dir='ltr'>et</span> 
     </span>
    </p>
   </div>
   <div class='ocr_carea' id='block_1_90' title="bbox 1948 4211 3594 4284">
    <p class='ocr_par' dir='ltr' id='par_1_90' title="bbox 1948 4211 3594 4284">
     <span class='ocr_line' id='line_1_90' title="bbox 1948 4211 3594 4284; baseline -0.002 -15"><span class='ocrx_word' id='word_1_662' title='bbox 1948 4214 2289 4284; x_wconf 68' lang='lat' dir='ltr'>eloquentia:</span> <span class='ocrx_word' id='word_1_663' title='bbox 2328 4213 2384 4265; x_wconf 92' lang='lat' dir='ltr'>in</span> <span class='ocrx_word' id='word_1_664' title='bbox 2434 4211 2841 4283; x_wconf 59' lang='lat' dir='ltr'>praedicatione</span> <span class='ocrx_word' id='word_1_665' title='bbox 2886 4215 3222 4281; x_wconf 86' lang='lat' dir='ltr'>studebant,</span> <span class='ocrx_word' id='word_1_666' title='bbox 3252 4219 3307 4268; x_wconf 88' lang='lat' dir='ltr'>et</span> <span class='ocrx_word' id='word_1_667' title='bbox 3352 4230 3419 4268; x_wconf 88' lang='lat' dir='ltr'>ea</span> <span class='ocrx_word' id='word_1_668' title='bbox 3464 4229 3594 4282; x_wconf 75' lang='lat' dir='ltr'>quas</span> 
     </span>
    </p>
   </div>
   <div class='ocr_carea' id='block_1_91' title="bbox 1952 4300 3599 4374">
    <p class='ocr_par' dir='ltr' id='par_1_91' title="bbox 1952 4300 3599 4374">
     <span class='ocr_line' id='line_1_91' title="bbox 1952 4300 3599 4374; baseline -0.001 -17"><span class='ocrx_word' id='word_1_669' title='bbox 1952 4301 2279 4374; x_wconf 90' lang='lat' dir='ltr'>philosophi</span> <span class='ocrx_word' id='word_1_670' title='bbox 2305 4300 2508 4355; x_wconf 91' lang='lat' dir='ltr'>mundi</span> <span class='ocrx_word' id='word_1_671' title='bbox 2533 4300 3477 4371; x_wconf 86' lang='lat' dir='ltr'>stultajudicabant,summopere</span> <span class='ocrx_word' id='word_1_672' title='bbox 3498 4301 3599 4356; x_wconf 89' lang='lat' dir='ltr'>de-</span> 
     </span>
    </p>
   </div>
   <div class='ocr_carea' id='block_1_92' title="bbox 1950 4388 3598 4460">
    <p class='ocr_par' dir='ltr' id='par_1_92' title="bbox 1950 4388 3598 4460">
     <span class='ocr_line' id='line_1_92' title="bbox 1950 4388 3598 4460; baseline 0.001 -17"><span class='ocrx_word' id='word_1_673' title='bbox 1950 4392 2232 4446; x_wconf 89' lang='lat' dir='ltr'>vitabant.</span> <span class='ocrx_word' id='word_1_674' title='bbox 2254 4391 2449 4460; x_wconf 81' lang='lat' dir='ltr'>Neque</span> <span class='ocrx_word' id='word_1_675' title='bbox 2472 4390 2626 4443; x_wconf 90' lang='lat' dir='ltr'>enim</span> <span class='ocrx_word' id='word_1_676' title='bbox 2652 4388 2949 4444; x_wconf 85' lang='lat' dir='ltr'>Christum</span> <span class='ocrx_word' id='word_1_677' title='bbox 2973 4390 3064 4443; x_wconf 88' lang='lat' dir='ltr'>Dei</span> <span class='ocrx_word' id='word_1_678' title='bbox 3092 4389 3300 4444; x_wconf 90' lang='lat' dir='ltr'>Filium</span> <span class='ocrx_word' id='word_1_679' title='bbox 3330 4390 3598 4445; x_wconf 85' lang='lat' dir='ltr'>incarna-</span> 
     </span>
    </p>
   </div>
   <div class='ocr_carea' id='block_1_93' title="bbox 1955 4479 3603 4549">
    <p class='ocr_par' dir='ltr' id='par_1_93' title="bbox 1955 4479 3603 4549">
     <span class='ocr_line' id='line_1_93' title="bbox 1955 4479 3603 4549; baseline -0.002 -13"><span class='ocrx_word' id='word_1_680' title='bbox 1955 4487 2102 4547; x_wconf 91' lang='lat' dir='ltr'>tum,</span> <span class='ocrx_word' id='word_1_681' title='bbox 2129 4485 2229 4535; x_wconf 88' lang='lat' dir='ltr'>aut</span> <span class='ocrx_word' id='word_1_682' title='bbox 2249 4495 2319 4534; x_wconf 80' lang='lat' dir='ltr'>ex</span> <span class='ocrx_word' id='word_1_683' title='bbox 2339 4479 2573 4549; x_wconf 79' lang='lat' dir='ltr'>Virgine</span> <span class='ocrx_word' id='word_1_684' title='bbox 2597 4483 2823 4547; x_wconf 89' lang='lat' dir='ltr'>natum,</span> <span class='ocrx_word' id='word_1_685' title='bbox 2846 4493 3034 4549; x_wconf 91' lang='lat' dir='ltr'>neque</span> <span class='ocrx_word' id='word_1_686' title='bbox 3062 4479 3318 4533; x_wconf 83' lang='lat' dir='ltr'>futuram</span> <span class='ocrx_word' id='word_1_687' title='bbox 3343 4493 3603 4532; x_wconf 87' lang='lat' dir='ltr'>resurre-</span> 
     </span>
    </p>
   </div>
   <div class='ocr_carea' id='block_1_94' title="bbox 199 4565 3607 4653">
    <p class='ocr_par' dir='ltr' id='par_1_94' title="bbox 199 4565 3607 4653">
     <span class='ocr_line' id='line_1_94' title="bbox 199 4565 3607 4653; baseline 0 -31"><span class='ocrx_word' id='word_1_688' title='bbox 199 4570 324 4624; x_wconf 89' lang='lat' dir='ltr'>rim.</span> <span class='ocrx_word' id='word_1_689' title='bbox 360 4572 459 4625; x_wconf 87' lang='lat' dir='ltr'>Est</span> <span class='ocrx_word' id='word_1_690' title='bbox 504 4576 704 4627; x_wconf 88' lang='lat' dir='ltr'>autem</span> <span class='ocrx_word' id='word_1_691' title='bbox 758 4590 969 4629; x_wconf 75' lang='lat' dir='ltr'>sensus</span> <span class='ocrx_word' id='word_1_692' title='bbox 1004 4591 1015 4629; x_wconf 87' lang='lat'><strong>:</strong></span> <span class='ocrx_word' id='word_1_693' title='bbox 1052 4575 1120 4629; x_wconf 85' lang='lat' dir='ltr'>Et</span> <span class='ocrx_word' id='word_1_694' title='bbox 1167 4575 1215 4629; x_wconf 87' lang='lat' dir='ltr'>si</span> <span class='ocrx_word' id='word_1_695' title='bbox 1262 4573 1518 4645; x_wconf 87' lang='lat' dir='ltr'>aliquem</span> <span class='ocrx_word' id='word_1_696' title='bbox 1570 4574 1746 4627; x_wconf 87' lang='lat' dir='ltr'>alium</span> <span class='ocrx_word' id='word_1_697' title='bbox 1780 4589 1848 4627; x_wconf 85' lang='lat' dir='ltr'>ex</span> <span class='ocrx_word' id='word_1_698' title='bbox 1878 4591 1924 4653; x_wconf 73' lang='grc' dir='ltr'>Ι)</span> <span class='ocrx_word' id='word_1_699' title='bbox 1957 4570 2205 4624; x_wconf 90' lang='lat' dir='ltr'>ctionem</span> <span class='ocrx_word' id='word_1_700' title='bbox 2232 4567 2777 4640; x_wconf 59' lang='lat' dir='ltr'>prmdicabantﬂos</span> <span class='ocrx_word' id='word_1_701' title='bbox 2797 4583 2930 4639; x_wconf 89' lang='lat' dir='ltr'>ergo</span> <span class='ocrx_word' id='word_1_702' title='bbox 2950 4568 3247 4639; x_wconf 88' lang='lat' dir='ltr'>redarguit</span> <span class='ocrx_word' id='word_1_703' title='bbox 3267 4565 3607 4639; x_wconf 88' lang='lat' dir='ltr'>Apostolus,</span> 
     </span>
    </p>
   </div>
   <div class='ocr_carea' id='block_1_95' title="bbox 198 4658 1847 4734">
    <p class='ocr_par' dir='ltr' id='par_1_95' title="bbox 198 4658 1847 4734">
     <span class='ocr_line' id='line_1_95' title="bbox 198 4658 1847 4734; baseline 0.003 -24"><span class='ocrx_word' id='word_1_704' title='bbox 198 4658 355 4714; x_wconf 87' lang='lat' dir='ltr'>vobis</span> <span class='ocrx_word' id='word_1_705' title='bbox 414 4660 735 4732; x_wconf 87' lang='lat' dir='ltr'>baptizavi,</span> <span class='ocrx_word' id='word_1_706' title='bbox 794 4678 897 4732; x_wconf 90' lang='lat' dir='ltr'>pro</span> <span class='ocrx_word' id='word_1_707' title='bbox 957 4663 1235 4734; x_wconf 89' lang='lat' dir='ltr'>baptismi</span> <span class='ocrx_word' id='word_1_708' title='bbox 1297 4666 1681 4726; x_wconf 86' lang='lat' dir='ltr'>sacramento,</span> <span class='ocrx_word' id='word_1_709' title='bbox 1734 4678 1847 4716; x_wconf 89' lang='lat' dir='ltr'>non</span> 
     </span>
    </p>
   </div>
   <div class='ocr_carea' id='block_1_96' title="bbox 202 4746 1185 4820">
    <p class='ocr_par' dir='ltr' id='par_1_96' title="bbox 202 4746 1185 4820">
     <span class='ocr_line' id='line_1_96' title="bbox 202 4746 1185 4820; baseline 0.005 -20"><span class='ocrx_word' id='word_1_710' title='bbox 202 4746 361 4817; x_wconf 88' lang='lat' dir='ltr'>mihi,</span> <span class='ocrx_word' id='word_1_711' title='bbox 392 4749 496 4805; x_wconf 86' lang='lat' dir='ltr'>sed</span> <span class='ocrx_word' id='word_1_712' title='bbox 533 4755 648 4804; x_wconf 92' lang='lat' dir='ltr'>Deo</span> <span class='ocrx_word' id='word_1_713' title='bbox 680 4748 929 4820; x_wconf 85' lang='lat' dir='ltr'>gloriam</span> <span class='ocrx_word' id='word_1_714' title='bbox 962 4752 1185 4806; x_wconf 90' lang='lat' dir='ltr'>tribuit.</span> 
     </span>
    </p>
   </div>
   <div class='ocr_carea' id='block_1_97' title="bbox 268 4837 1849 4910">
    <p class='ocr_par' dir='ltr' id='par_1_97' title="bbox 268 4837 1849 4910">
     <span class='ocr_line' id='line_1_97' title="bbox 268 4837 1849 4910; baseline 0.004 -24"><span class='ocrx_word' id='word_1_715' title='bbox 268 4837 379 4888; x_wconf 91' lang='lat' dir='ltr'>Cur</span> <span class='ocrx_word' id='word_1_716' title='bbox 404 4843 608 4891; x_wconf 88' lang='lat' dir='ltr'>autem</span> <span class='ocrx_word' id='word_1_717' title='bbox 642 4840 761 4891; x_wconf 88' lang='lat' dir='ltr'>tam</span> <span class='ocrx_word' id='word_1_718' title='bbox 810 4853 1028 4908; x_wconf 88' lang='lat' dir='ltr'>paucos</span> <span class='ocrx_word' id='word_1_719' title='bbox 1058 4837 1488 4893; x_wconf 89' lang='lat' dir='ltr'>Corinthiorum</span> <span class='ocrx_word' id='word_1_720' title='bbox 1524 4839 1849 4910; x_wconf 87' lang='lat' dir='ltr'>baptizave-</span> 
     </span>
    </p>
   </div>
   <div class='ocr_carea' id='block_1_98' title="bbox 202 4921 1853 4997">
    <p class='ocr_par' dir='ltr' id='par_1_98' title="bbox 202 4921 1853 4997">
     <span class='ocr_line' id='line_1_98' title="bbox 202 4921 1853 4997; baseline 0.005 -23"><span class='ocrx_word' id='word_1_721' title='bbox 202 4921 292 4989; x_wconf 89' lang='lat' dir='ltr'>rit,</span> <span class='ocrx_word' id='word_1_722' title='bbox 329 4925 677 4980; x_wconf 85' lang='lat' dir='ltr'>manifestat</span> <span class='ocrx_word' id='word_1_723' title='bbox 711 4943 722 4979; x_wconf 90' lang='lat'><strong>:</strong></span> <span class='ocrx_word' id='word_1_724' title='bbox 758 4930 877 4981; x_wconf 80' lang='lat' dir='ltr'>Non</span> <span class='ocrx_word' id='word_1_725' title='bbox 919 4928 1069 4981; x_wconf 88' lang='lat' dir='ltr'>enim</span> <span class='ocrx_word' id='word_1_726' title='bbox 1108 4929 1260 4981; x_wconf 87' lang='lat' dir='ltr'>misit</span> <span class='ocrx_word' id='word_1_727' title='bbox 1287 4945 1373 4982; x_wconf 87' lang='lat' dir='ltr'>me</span> <span class='ocrx_word' id='word_1_728' title='bbox 1406 4928 1647 4983; x_wconf 85' lang='lat' dir='ltr'>Christus</span> <span class='ocrx_word' id='word_1_729' title='bbox 1678 4928 1853 4997; x_wconf 87' lang='lat' dir='ltr'>bapti-</span> 
     </span>
    </p>
   </div>
   <div class='ocr_carea' id='block_1_99' title="bbox 201 5014 1859 5087">
    <p class='ocr_par' dir='ltr' id='par_1_99' title="bbox 201 5014 1859 5087">
     <span class='ocr_line' id='line_1_99' title="bbox 201 5014 1859 5087; baseline 0.005 -24"><span class='ocrx_word' id='word_1_730' title='bbox 201 5025 345 5081; x_wconf 65' lang='lat' dir='ltr'>zare,</span> <span class='ocrx_word' id='word_1_731' title='bbox 387 5014 479 5067; x_wconf 85' lang='lat' dir='ltr'>sed</span> <span class='ocrx_word' id='word_1_732' title='bbox 529 5016 938 5083; x_wconf 66' lang='lat' dir='ltr'>evangelisare.</span> <span class='ocrx_word' id='word_1_733' title='bbox 991 5016 1265 5086; x_wconf 90' lang='lat' dir='ltr'>Nunquid</span> <span class='ocrx_word' id='word_1_734' title='bbox 1315 5033 1450 5087; x_wconf 88' lang='lat' dir='ltr'>ergo</span> <span class='ocrx_word' id='word_1_735' title='bbox 1502 5017 1719 5071; x_wconf 90' lang='lat' dir='ltr'>malum</span> <span class='ocrx_word' id='word_1_736' title='bbox 1770 5019 1859 5071; x_wconf 89' lang='lat' dir='ltr'>est</span> 
     </span>
    </p>
   </div>
   <div class='ocr_carea' id='block_1_100' title="bbox 203 5098 1859 5177">
    <p class='ocr_par' dir='ltr' id='par_1_100' title="bbox 203 5098 1859 5177">
     <span class='ocr_line' id='line_1_100' title="bbox 203 5098 1859 5177; baseline 0.004 -25"><span class='ocrx_word' id='word_1_737' title='bbox 203 5098 544 5170; x_wconf 75' lang='lat' dir='ltr'>baptizare?</span> <span class='ocrx_word' id='word_1_738' title='bbox 576 5103 763 5157; x_wconf 81' lang='lat' dir='ltr'>Absit.</span> <span class='ocrx_word' id='word_1_739' title='bbox 791 5108 1070 5159; x_wconf 83' lang='lat' dir='ltr'>Attamen</span> <span class='ocrx_word' id='word_1_740' title='bbox 1104 5104 1642 5177; x_wconf 87' lang='lat' dir='ltr'>incomparabiliter</span> <span class='ocrx_word' id='word_1_741' title='bbox 1667 5106 1859 5174; x_wconf 88' lang='lat' dir='ltr'>majus</span> 
     </span>
    </p>
   </div>
   <div class='ocr_carea' id='block_1_101' title="bbox 204 5186 1859 5267">
    <p class='ocr_par' dir='ltr' id='par_1_101' title="bbox 204 5186 1859 5267">
     <span class='ocr_line' id='line_1_101' title="bbox 204 5186 1859 5267; baseline 0.004 -27"><span class='ocrx_word' id='word_1_742' title='bbox 204 5186 420 5243; x_wconf 89' lang='lat' dir='ltr'>bonum</span> <span class='ocrx_word' id='word_1_743' title='bbox 457 5195 550 5245; x_wconf 89' lang='lat' dir='ltr'>est</span> <span class='ocrx_word' id='word_1_744' title='bbox 572 5193 991 5267; x_wconf 84' lang='lat' dir='ltr'>evangelizare.</span> <span class='ocrx_word' id='word_1_745' title='bbox 1022 5198 1083 5247; x_wconf 90' lang='lat' dir='ltr'><strong>In</strong></span> <span class='ocrx_word' id='word_1_746' title='bbox 1116 5194 1387 5266; x_wconf 91' lang='lat' dir='ltr'>episcopo</span> <span class='ocrx_word' id='word_1_747' title='bbox 1415 5194 1570 5248; x_wconf 91' lang='lat' dir='ltr'>enim</span> <span class='ocrx_word' id='word_1_748' title='bbox 1595 5194 1859 5248; x_wconf 90' lang='lat' dir='ltr'>omnium</span> 
     </span>
    </p>
   </div>
   <div class='ocr_carea' id='block_1_102' title="bbox 207 5276 1862 5354">
    <p class='ocr_par' dir='ltr' id='par_1_102' title="bbox 207 5276 1862 5354">
     <span class='ocr_line' id='line_1_102' title="bbox 207 5276 1862 5354; baseline 0.006 -26"><span class='ocrx_word' id='word_1_749' title='bbox 207 5276 646 5334; x_wconf 88' lang='lat' dir='ltr'>ordinationum</span> <span class='ocrx_word' id='word_1_750' title='bbox 704 5280 959 5352; x_wconf 88' lang='lat' dir='ltr'>dignitas</span> <span class='ocrx_word' id='word_1_751' title='bbox 982 5282 1280 5351; x_wconf 87' lang='lat' dir='ltr'>consistit;</span> <span class='ocrx_word' id='word_1_752' title='bbox 1307 5283 1583 5354; x_wconf 88' lang='lat' dir='ltr'>quoniam</span> <span class='ocrx_word' id='word_1_753' title='bbox 1619 5282 1742 5353; x_wconf 91' lang='lat' dir='ltr'>ipse</span> <span class='ocrx_word' id='word_1_754' title='bbox 1775 5286 1862 5338; x_wconf 87' lang='lat' dir='ltr'>est</span> 
     </span>
    </p>
   </div>
   <div class='ocr_carea' id='block_1_103' title="bbox 210 5367 1863 5445">
    <p class='ocr_par' dir='ltr' id='par_1_103' title="bbox 210 5367 1863 5445">
     <span class='ocr_line' id='line_1_103' title="bbox 210 5367 1863 5445; baseline 0.005 -26"><span class='ocrx_word' id='word_1_755' title='bbox 210 5367 470 5423; x_wconf 88' lang='lat' dir='ltr'>omnium</span> <span class='ocrx_word' id='word_1_756' title='bbox 535 5369 811 5425; x_wconf 88' lang='lat' dir='ltr'>ordinum</span> <span class='ocrx_word' id='word_1_757' title='bbox 873 5378 1049 5445; x_wconf 90' lang='lat' dir='ltr'>caput</span> <span class='ocrx_word' id='word_1_758' title='bbox 1108 5390 1223 5430; x_wconf 89' lang='lat' dir='ltr'>non</span> <span class='ocrx_word' id='word_1_759' title='bbox 1282 5378 1478 5430; x_wconf 87' lang='lat' dir='ltr'>tamen</span> <span class='ocrx_word' id='word_1_760' title='bbox 1532 5371 1863 5445; x_wconf 89' lang='lat' dir='ltr'>quicunque</span> 
     </span>
    </p>
   </div>
   <div class='ocr_carea' id='block_1_104' title="bbox 276 5490 1307 5571">
    <p class='ocr_par' dir='ltr' id='par_1_104' title="bbox 276 5490 1307 5571">
     <span class='ocr_line' id='line_1_104' title="bbox 276 5490 1307 5571; baseline 0.011 -27"><span class='ocrx_word' id='word_1_761' title='bbox 456 5493 621 5571; x_wconf 51' lang='lat' dir='ltr'>toan.</span> <span class='ocrx_word' id='word_1_762' title='bbox 648 5510 692 5571; x_wconf 83' lang='lat' dir='ltr'>_I,</span> <span class='ocrx_word' id='word_1_763' title='bbox 726 5495 814 5550; x_wconf 89' lang='lat'>33.</span> <span class='ocrx_word' id='word_1_764' title='bbox 846 5496 1023 5571; x_wconf 71' lang='lat' dir='ltr'>Vulg.</span> <span class='ocrx_word' id='word_1_765' title='bbox 1054 5501 1114 5571; x_wconf 88' lang='lat' dir='ltr'>in</span> <span class='ocrx_word' id='word_1_766' title='bbox 1145 5517 1307 5571; x_wconf 84' lang='lat' dir='ltr'>aqua.</span> 
     </span>
    </p>
   </div>
   <div class='ocr_carea' id='block_1_105' title="bbox 277 5560 1649 5707">
    <p class='ocr_par' dir='ltr' id='par_1_105' title="bbox 277 5560 1649 5707">
     <span class='ocr_line' id='line_1_105' title="bbox 277 5560 1649 5707; baseline 0.009 -93"><span class='ocrx_word' id='word_1_767' title='bbox 277 5560 427 5707; x_wconf 48' lang='lat' dir='ltr'>E498)</span> <span class='ocrx_word' id='word_1_768' title='bbox 464 5564 525 5617; x_wconf 84' lang='lat' dir='ltr'><strong>In</strong></span> <span class='ocrx_word' id='word_1_769' title='bbox 560 5560 996 5647; x_wconf 25' lang='lat' dir='ltr'>autognmargf</span> <span class='ocrx_word' id='word_1_770' title='bbox 1012 5570 1105 5627; x_wconf 90' lang='lat' dir='ltr'>hic</span> <span class='ocrx_word' id='word_1_771' title='bbox 1143 5560 1358 5645; x_wconf 70' lang='lat' dir='ltr'>legitur</span> <span class='ocrx_word' id='word_1_772' title='bbox 1389 5587 1514 5643; x_wconf 91' lang='lat' dir='ltr'>cap.</span> <span class='ocrx_word' id='word_1_773' title='bbox 1556 5570 1649 5627; x_wconf 91' lang='lat' dir='ltr'><strong>IV.</strong></span> 
     </span>
     <span class='ocr_line' id='line_1_106' title="bbox 304 5631 889 5706; baseline 0.012 -20"><span class='ocrx_word' id='word_1_774' title='bbox 304 5631 432 5701; x_wconf 82' lang='grc'>499)</span> <span class='ocrx_word' id='word_1_775' title='bbox 461 5632 643 5706; x_wconf 87' lang='lat' dir='ltr'>Vulg.</span> <span class='ocrx_word' id='word_1_776' title='bbox 678 5637 889 5693; x_wconf 84' lang='lat' dir='ltr'>Caium.</span> 
     </span>
    </p>
   </div>
   <div class='ocr_carea' id='block_1_106' title="bbox 304 5631 889 5706">
    <p class='ocr_par' dir='ltr' id='par_1_106' title="bbox 304 5631 889 5706">
     <span class='ocr_line' id='line_1_107' title="bbox 304 5631 889 5706; baseline 0.012 -20"><span class='ocrx_word' id='word_1_777' title='bbox 304 5631 432 5701; x_wconf 50' lang='grc'>499⁷)</span> <span class='ocrx_word' id='word_1_778' title='bbox 461 5632 643 5706; x_wconf 87' lang='lat' dir='ltr'>Vulg.</span> <span class='ocrx_word' id='word_1_779' title='bbox 678 5631 889 5693; x_wconf 63' lang='lat' dir='ltr'>Caium.</span> 
     </span>
    </p>
   </div>
   <div class='ocr_carea' id='block_1_107' title="bbox 501 5761 1132 5833">
    <p class='ocr_par' dir='ltr' id='par_1_107' title="bbox 501 5761 1132 5833">
     <span class='ocr_line' id='line_1_108' title="bbox 501 5761 1132 5833; baseline 0.01 -15"><span class='ocrx_word' id='word_1_780' title='bbox 501 5761 768 5819; x_wconf 69' lang='lat' dir='ltr'>PATttOL.</span> <span class='ocrx_word' id='word_1_781' title='bbox 819 5762 1132 5833; x_wconf 81' lang='lat' dir='ltr'>CXXXIV.</span> 
     </span>
    </p>
   </div>
   <div class='ocr_carea' id='block_1_108' title="bbox 1960 4656 3605 4729">
    <p class='ocr_par' dir='ltr' id='par_1_108' title="bbox 1960 4656 3605 4729">
     <span class='ocr_line' id='line_1_109' title="bbox 1960 4656 3605 4729; baseline 0 -17"><span class='ocrx_word' id='word_1_782' title='bbox 1960 4658 2099 4729; x_wconf 92' lang='lat' dir='ltr'>quia</span> <span class='ocrx_word' id='word_1_783' title='bbox 2116 4657 2174 4711; x_wconf 90' lang='lat' dir='ltr'>in</span> <span class='ocrx_word' id='word_1_784' title='bbox 2190 4657 2345 4712; x_wconf 90' lang='lat' dir='ltr'>verbi</span> <span class='ocrx_word' id='word_1_785' title='bbox 2366 4656 2651 4728; x_wconf 86' lang='lat' dir='ltr'>sapientia</span> <span class='ocrx_word' id='word_1_786' title='bbox 2663 4656 2851 4711; x_wconf 90' lang='lat' dir='ltr'>crucis</span> <span class='ocrx_word' id='word_1_787' title='bbox 2868 4658 3208 4727; x_wconf 76' lang='lat' dir='ltr'>mysterium</span> <span class='ocrx_word' id='word_1_788' title='bbox 3226 4656 3605 4712; x_wconf 90' lang='lat' dir='ltr'>evacuabant.</span> 
     </span>
    </p>
   </div>
   <div class='ocr_carea' id='block_1_109' title="bbox 1962 4747 3607 4817">
    <p class='ocr_par' dir='ltr' id='par_1_109' title="bbox 1962 4747 3607 4817">
     <span class='ocr_line' id='line_1_110' title="bbox 1962 4747 3607 4817; baseline 0 -15"><span class='ocrx_word' id='word_1_789' title='bbox 1962 4747 2123 4803; x_wconf 90' lang='lat' dir='ltr'>Unde</span> <span class='ocrx_word' id='word_1_790' title='bbox 2157 4764 2287 4802; x_wconf 81' lang='lat' dir='ltr'>mox</span> <span class='ocrx_word' id='word_1_791' title='bbox 2318 4747 2587 4817; x_wconf 90' lang='lat' dir='ltr'>sequitur</span> <span class='ocrx_word' id='word_1_792' title='bbox 2614 4764 2626 4801; x_wconf 88' lang='lat'><strong>:</strong></span> <span class='ocrx_word' id='word_1_793' title='bbox 2664 4747 2726 4803; x_wconf 87' lang='lat' dir='ltr'>Ut</span> <span class='ocrx_word' id='word_1_794' title='bbox 2752 4762 2860 4801; x_wconf 84' lang='lat' dir='ltr'>non</span> <span class='ocrx_word' id='word_1_795' title='bbox 2889 4758 3183 4801; x_wconf 84' lang='lat' dir='ltr'>evucuetur</span> <span class='ocrx_word' id='word_1_796' title='bbox 3213 4764 3354 4802; x_wconf 66' lang='lat' dir='ltr'>crux</span> <span class='ocrx_word' id='word_1_797' title='bbox 3378 4747 3607 4802; x_wconf 86' lang='lat' dir='ltr'>Christi.</span> 
     </span>
    </p>
   </div>
   <div class='ocr_carea' id='block_1_110' title="bbox 1965 4837 3608 4909">
    <p class='ocr_par' dir='ltr' id='par_1_110' title="bbox 1965 4837 3608 4909">
     <span class='ocr_line' id='line_1_111' title="bbox 1965 4837 3608 4909; baseline 0.001 -19"><span class='ocrx_word' id='word_1_798' title='bbox 1965 4837 2069 4900; x_wconf 88' lang='lat' dir='ltr'>Qui</span> <span class='ocrx_word' id='word_1_799' title='bbox 2103 4837 2257 4891; x_wconf 90' lang='lat' dir='ltr'>enim</span> <span class='ocrx_word' id='word_1_800' title='bbox 2299 4837 2356 4891; x_wconf 91' lang='lat' dir='ltr'>in</span> <span class='ocrx_word' id='word_1_801' title='bbox 2392 4837 2731 4906; x_wconf 89' lang='lat' dir='ltr'>hujusmodi</span> <span class='ocrx_word' id='word_1_802' title='bbox 2782 4837 2936 4891; x_wconf 78' lang='lat' dir='ltr'>verbi</span> <span class='ocrx_word' id='word_1_803' title='bbox 2975 4838 3263 4909; x_wconf 86' lang='lat' dir='ltr'>sapientia</span> <span class='ocrx_word' id='word_1_804' title='bbox 3311 4838 3608 4909; x_wconf 69' lang='lat' dir='ltr'>prazdicat,</span> 
     </span>
    </p>
   </div>
   <div class='ocr_carea' id='block_1_111' title="bbox 1966 4925 3612 4998">
    <p class='ocr_par' dir='ltr' id='par_1_111' title="bbox 1966 4925 3612 4998">
     <span class='ocr_line' id='line_1_112' title="bbox 1966 4925 3612 4998; baseline 0.001 -19"><span class='ocrx_word' id='word_1_805' title='bbox 1966 4942 2197 4981; x_wconf 86' lang='lat' dir='ltr'>crucem</span> <span class='ocrx_word' id='word_1_806' title='bbox 2230 4925 2443 4981; x_wconf 83' lang='lat' dir='ltr'>Christi</span> <span class='ocrx_word' id='word_1_807' title='bbox 2478 4931 2747 4987; x_wconf 83' lang='lat' dir='ltr'>evacuat;</span> <span class='ocrx_word' id='word_1_808' title='bbox 2776 4926 2916 4996; x_wconf 88' lang='lat' dir='ltr'>quia</span> <span class='ocrx_word' id='word_1_809' title='bbox 2949 4931 3157 4981; x_wconf 75' lang='lat' dir='ltr'>nostrae</span> <span class='ocrx_word' id='word_1_810' title='bbox 3194 4926 3612 4998; x_wconf 89' lang='lat' dir='ltr'>redemptionis</span> 
     </span>
    </p>
   </div>
   <div class='ocr_carea' id='block_1_112' title="bbox 1969 5014 3609 5086">
    <p class='ocr_par' dir='ltr' id='par_1_112' title="bbox 1969 5014 3609 5086">
     <span class='ocr_line' id='line_1_113' title="bbox 1969 5014 3609 5086; baseline 0.001 -18"><span class='ocrx_word' id='word_1_811' title='bbox 1969 5014 2309 5086; x_wconf 87' lang='lat' dir='ltr'>mysterium</span> <span class='ocrx_word' id='word_1_812' title='bbox 2358 5015 2605 5086; x_wconf 89' lang='lat' dir='ltr'>dissipat</span> <span class='ocrx_word' id='word_1_813' title='bbox 2625 5014 2795 5085; x_wconf 75' lang='lat'>(501).</span> <span class='ocrx_word' id='word_1_814' title='bbox 2836 5016 3059 5071; x_wconf 85' lang='lat' dir='ltr'>Verbum</span> <span class='ocrx_word' id='word_1_815' title='bbox 3088 5018 3233 5072; x_wconf 84' lang='lat' dir='ltr'>enim</span> <span class='ocrx_word' id='word_1_816' title='bbox 3280 5019 3457 5072; x_wconf 84' lang='lat' dir='ltr'>crucis</span> <span class='ocrx_word' id='word_1_817' title='bbox 3484 5031 3609 5086; x_wconf 83' lang='lat' dir='ltr'>per-</span> 
     </span>
    </p>
   </div>
   <div class='ocr_carea' id='block_1_113' title="bbox 1968 5104 3616 5173">
    <p class='ocr_par' dir='ltr' id='par_1_113' title="bbox 1968 5104 3616 5173">
     <span class='ocr_line' id='line_1_114' title="bbox 1968 5104 3616 5173; baseline -0.001 -15"><span class='ocrx_word' id='word_1_818' title='bbox 1968 5105 2226 5159; x_wconf 83' lang='lat' dir='ltr'>euntibus</span> <span class='ocrx_word' id='word_1_819' title='bbox 2269 5104 2485 5173; x_wconf 83' lang='lat' dir='ltr'>quidem</span> <span class='ocrx_word' id='word_1_820' title='bbox 2522 5105 2757 5158; x_wconf 85' lang='lat' dir='ltr'>stultitia</span> <span class='ocrx_word' id='word_1_821' title='bbox 2788 5110 2885 5158; x_wconf 85' lang='lat' dir='ltr'>est.</span> <span class='ocrx_word' id='word_1_822' title='bbox 2921 5104 3021 5159; x_wconf 82' lang='lat' dir='ltr'>His</span> <span class='ocrx_word' id='word_1_823' title='bbox 3067 5106 3257 5160; x_wconf 89' lang='lat' dir='ltr'>verbis</span> <span class='ocrx_word' id='word_1_824' title='bbox 3309 5105 3616 5160; x_wconf 75' lang='lat' dir='ltr'>manifeste</span> 
     </span>
    </p>
   </div>
   <div class='ocr_carea' id='block_1_114' title="bbox 1972 5191 3612 5264">
    <p class='ocr_par' dir='ltr' id='par_1_114' title="bbox 1972 5191 3612 5264">
     <span class='ocr_line' id='line_1_115' title="bbox 1972 5191 3612 5264; baseline -0.001 -17"><span class='ocrx_word' id='word_1_825' title='bbox 1972 5192 2351 5264; x_wconf 75' lang='lat' dir='ltr'>phi1050phos</span> <span class='ocrx_word' id='word_1_826' title='bbox 2383 5193 2587 5246; x_wconf 90' lang='lat' dir='ltr'>mundi</span> <span class='ocrx_word' id='word_1_827' title='bbox 2637 5194 2956 5262; x_wconf 89' lang='lat' dir='ltr'>redarguit,</span> <span class='ocrx_word' id='word_1_828' title='bbox 2990 5194 3088 5263; x_wconf 92' lang='lat' dir='ltr'>qui</span> <span class='ocrx_word' id='word_1_829' title='bbox 3126 5194 3367 5249; x_wconf 88' lang='lat' dir='ltr'>verbum</span> <span class='ocrx_word' id='word_1_830' title='bbox 3398 5191 3612 5260; x_wconf 90' lang='lat' dir='ltr'>crucis,</span> 
     </span>
    </p>
   </div>
   <div class='ocr_carea' id='block_1_115' title="bbox 1973 5279 3617 5352">
    <p class='ocr_par' dir='ltr' id='par_1_115' title="bbox 1973 5279 3617 5352">
     <span class='ocr_line' id='line_1_116' title="bbox 1973 5279 3617 5352; baseline -0.002 -15"><span class='ocrx_word' id='word_1_831' title='bbox 1973 5282 2029 5337; x_wconf 93' lang='lat' dir='ltr'>id</span> <span class='ocrx_word' id='word_1_832' title='bbox 2062 5287 2167 5347; x_wconf 87' lang='lat' dir='ltr'>est,</span> <span class='ocrx_word' id='word_1_833' title='bbox 2194 5279 2520 5335; x_wconf 90' lang='lat' dir='ltr'>doctrinam</span> <span class='ocrx_word' id='word_1_834' title='bbox 2550 5281 2819 5336; x_wconf 79' lang='lat' dir='ltr'>humanae</span> <span class='ocrx_word' id='word_1_835' title='bbox 2843 5282 3281 5352; x_wconf 90' lang='lat' dir='ltr'>redemptionis,</span> <span class='ocrx_word' id='word_1_836' title='bbox 3307 5280 3617 5339; x_wconf 87' lang='lat' dir='ltr'>stultitiam</span> 
     </span>
    </p>
   </div>
   <div class='ocr_carea' id='block_1_116' title="bbox 1974 5368 3621 5443">
    <p class='ocr_par' dir='ltr' id='par_1_116' title="bbox 1974 5368 3621 5443">
     <span class='ocr_line' id='line_1_117' title="bbox 1974 5368 3621 5443; baseline -0.001 -18"><span class='ocrx_word' id='word_1_837' title='bbox 1974 5374 2213 5443; x_wconf 88' lang='lat' dir='ltr'>putant;</span> <span class='ocrx_word' id='word_1_838' title='bbox 2237 5368 2375 5440; x_wconf 86' lang='lat' dir='ltr'>quia</span> <span class='ocrx_word' id='word_1_839' title='bbox 2396 5368 2641 5423; x_wconf 90' lang='lat' dir='ltr'>stultum</span> <span class='ocrx_word' id='word_1_840' title='bbox 2660 5371 2931 5439; x_wconf 78' lang='lat' dir='ltr'>judicent</span> <span class='ocrx_word' id='word_1_841' title='bbox 2953 5375 3131 5426; x_wconf 89' lang='lat' dir='ltr'>Deum</span> <span class='ocrx_word' id='word_1_842' title='bbox 3155 5372 3366 5429; x_wconf 89' lang='lat' dir='ltr'>habere</span> <span class='ocrx_word' id='word_1_843' title='bbox 3387 5370 3621 5434; x_wconf 89' lang='lat' dir='ltr'>Filium,</span> 
     </span>
    </p>
   </div>
   <div class='ocr_carea' id='block_1_117' title="bbox 2049 5492 3624 5564">
    <p class='ocr_par' dir='ltr' id='par_1_117' title="bbox 2049 5492 3624 5564">
     <span class='ocr_line' id='line_1_118' title="bbox 2049 5492 3624 5564; baseline 0.001 -19"><span class='ocrx_word' id='word_1_844' title='bbox 2049 5492 2205 5564; x_wconf 62' lang='lat'>(500)</span> <span class='ocrx_word' id='word_1_845' title='bbox 2228 5492 2413 5564; x_wconf 80' lang='lat' dir='ltr'>Digna</span> <span class='ocrx_word' id='word_1_846' title='bbox 2439 5508 2567 5564; x_wconf 87' lang='lat' dir='ltr'>vere</span> <span class='ocrx_word' id='word_1_847' title='bbox 2600 5494 2907 5563; x_wconf 87' lang='lat' dir='ltr'>sententia,</span> <span class='ocrx_word' id='word_1_848' title='bbox 2934 5511 3059 5564; x_wconf 69' lang='lat' dir='ltr'>qure</span> <span class='ocrx_word' id='word_1_849' title='bbox 3084 5511 3117 5548; x_wconf 91' lang='lat' dir='ltr'>a</span> <span class='ocrx_word' id='word_1_850' title='bbox 3146 5493 3624 5564; x_wconf 63' lang='lat' dir='ltr'>praedicatoribus</span> 
     </span>
    </p>
   </div>
   <div class='ocr_carea' id='block_1_118' title="bbox 1974 5562 3212 5634">
    <p class='ocr_par' dir='ltr' id='par_1_118' title="bbox 1974 5562 3212 5634">
     <span class='ocr_line' id='line_1_119' title="bbox 1974 5562 3212 5634; baseline -0.002 -13"><span class='ocrx_word' id='word_1_851' title='bbox 1974 5562 2322 5634; x_wconf 85' lang='lat' dir='ltr'>evangelicis</span> <span class='ocrx_word' id='word_1_852' title='bbox 2354 5562 2638 5617; x_wconf 88' lang='lat' dir='ltr'>altissime</span> <span class='ocrx_word' id='word_1_853' title='bbox 2672 5565 2851 5619; x_wconf 90' lang='lat' dir='ltr'>menti</span> <span class='ocrx_word' id='word_1_854' title='bbox 2883 5562 3212 5620; x_wconf 77' lang='lat' dir='ltr'>mandetur.</span> 
     </span>
    </p>
   </div>
   <div class='ocr_carea' id='block_1_119' title="bbox 2050 5634 3376 5710">
    <p class='ocr_par' dir='ltr' id='par_1_119' title="bbox 2050 5634 3376 5710">
     <span class='ocr_line' id='line_1_120' title="bbox 2050 5634 3376 5710; baseline 0.002 -19"><span class='ocrx_word' id='word_1_855' title='bbox 2050 5636 2195 5710; x_wconf 85' lang='lat'>(501)</span> <span class='ocrx_word' id='word_1_856' title='bbox 2227 5638 2291 5689; x_wconf 89' lang='lat' dir='ltr'><strong>In</strong></span> <span class='ocrx_word' id='word_1_857' title='bbox 2325 5640 2522 5707; x_wconf 87' lang='lat' dir='ltr'>autog.</span> <span class='ocrx_word' id='word_1_858' title='bbox 2556 5650 2741 5706; x_wconf 88' lang='lat' dir='ltr'>marg.</span> <span class='ocrx_word' id='word_1_859' title='bbox 2776 5634 2869 5691; x_wconf 91' lang='lat' dir='ltr'>hic</span> <span class='ocrx_word' id='word_1_860' title='bbox 2901 5634 3116 5709; x_wconf 86' lang='lat' dir='ltr'>legitur</span> <span class='ocrx_word' id='word_1_861' title='bbox 3148 5652 3273 5707; x_wconf 87' lang='lat' dir='ltr'>cap.</span> <span class='ocrx_word' id='word_1_862' title='bbox 3310 5638 3376 5694; x_wconf 91' lang='lat' dir='ltr'>V.</span> 
     </span>
    </p>
   </div>
   <div class='ocr_carea' id='block_1_120' title="bbox 3274 5765 3349 5831">
    <p class='ocr_par' dir='ltr' id='par_1_120' title="bbox 3274 5765 3349 5831">
     <span class='ocr_line' id='line_1_121' title="bbox 3274 5765 3349 5831; baseline 0 0"><span class='ocrx_word' id='word_1_863' title='bbox 3274 5765 3349 5831; x_wconf 77' lang='grc'>10</span> 
     </span>
    </p>
   </div>
  </div>
