3996 6232
361 388 481 453 299

1387 387 1725 447 AT'l‘ONlS
1770 384 2353 446 VERCELLENSIS
2398 376 2672 446 EPlSCO
2686 385 2753 445 PI

3652 379 3782 443 300

360 524 648 596 virginem
682 538 902 596 parere,
927 521 1111 577 Deum
1142 519 1199 573 in
1232 534 1401 572 cruce
1430 518 1569 589 pati,
1600 524 1703 573 aut
1735 518 1882 573 mori
1917 534 2011 587 po-
2038 518 2091 583 Α
2126 517 2321 571 fecerit
2351 516 2698 588 sapientiam
2728 532 2741 570 :
2771 518 2872 571 sed
2905 514 3148 571 stultam
3184 512 3339 582 fecit,
3365 513 3506 585 quia
3533 512 3789 596 stultam

357 613 564 679 tuisse,
594 616 694 666 aut
723 610 1022 665 hominem
1055 609 1124 663 de
1154 611 1310 662 terra
1341 622 1604 678 surgere.
1639 611 1788 679 Apte
1817 610 2017 661 autem

360 704 667 773 pereuntes
693 703 1001 763 vocantur;
1026 698 1182 768 quia,
1206 697 1345 750 dum
1372 696 1721 766 mysterium
1744 696 2020 749 humanae

359 788 778 861 redemptionis
826 787 1123 859 suscipere
1172 784 1400 850 nolunt,
1446 785 1504 839 in
1555 793 1837 840 aeternum
1888 800 2021 855 per-

362 878 674 1039 1milite-amo
703 964 1030 1021 ostenderet
1058 961 1273 1033 quibus
1304 965 1457 1016 esset
1478 962 1663 1016 virtus
1697 977 1837 1015 crux
1859 960 2023 1015 Chri-

364 1055 463 1121 sti,
494 1055 795 1124 subjunxit
828 1070 841 1107 :
873 1054 968 1107 His
1015 1059 1221 1121 autem,
1256 1052 1353 1121 qui
1399 1051 1539 1107 salvi
1570 1051 1741 1119 ﬁunt;
1785 1066 2017 1119 rursus,

364 1149 428 1198 ut
448 1143 703 1215 apertius
724 1142 1157 1196 demonstraret
1176 1140 1247 1194 de
1271 1139 1487 1210 quibus
1510 1140 1748 1203 diceret,
1767 1137 1981 1209 adjecit
2008 1160 2021 1199 :

360 1231 417 1287 id
433 1239 532 1297 est,
554 1232 748 1287 nobis:
776 1230 947 1284 nobis
971 1229 1152 1294 enim,
1178 1228 1236 1282 id
1260 1232 1370 1293 est,
1396 1227 1699 1298 praescitis,
1727 1234 1784 1281 et
1808 1227 2023 1298 praede-

358 1319 589 1375 stinatis
619 1318 692 1374 ad
724 1318 927 1382 vitam,
958 1318 1137 1370 virtus
1167 1324 1245 1370 est
1275 1316 1390 1369 Dei.
1416 1314 1563 1379 Quia
1608 1331 1721 1369 non
1768 1313 2019 1367 inﬁrmi-

356 1412 537 1464 tatem
560 1407 620 1462 in
642 1422 713 1462 ea
731 1404 1143 1477 intelligimus,
1166 1404 1265 1457 sed
1292 1419 1394 1474 per
1416 1402 1841 1470 Deivirtutcm,
1870 1419 2019 1456 mor-

357 1502 477 1552 tem
529 1496 841 1560 devnctam,
885 1491 1207 1563 mortisque
1256 1492 1623 1546 destructum
1676 1491 2016 1562 imperium.

360 1586 433 1641 Et
461 1584 603 1656 quia
632 1583 870 1655 signum
902 1581 1093 1636 crucis
1144 1582 1202 1634 in
1235 1581 1422 1635 fronte
1470 1585 1795 1651 gestamus,
1823 1579 2021 1633 divina

361 1672 552 1745 gratia
580 1673 947 1743 cooperante,
979 1669 1038 1724 in
1067 1674 1349 1724 aeternum
1381 1668 1756 1724 salvabimur.

435 1761 621 1834 Igitur
649 1760 788 1833 quia
814 1759 1061 1815 verbum
1090 1757 1281 1814 crucis
1306 1756 1684 1828 pereuntibus
1715 1757 1860 1811 dixit
1886 1771 2014 1813 esse

364 1849 700 1917 stultitiam,
722 1849 816 1904 his
838 1852 1056 1914 autem,
1080 1846 1180 1917 qui
1211 1846 1354 1900 salvi
1386 1846 1556 1912 ﬁunt,
1579 1844 1851 1899 virtutem
1879 1844 1975 1899 Dei
1998 1862 2011 1912 ;

364 1943 430 1996 ut
449 1940 559 1995 hoc
578 1936 912 1994 testimonio
938 1934 1272 2007 prophetico
1296 1935 1688 2000 conﬁrmaret,
1712 1934 1966 2004 subjecit
1992 1951 2005 1988 :

360 2029 638 2099 Scriptum
665 2030 746 2081 est
763 2027 932 2092 enim,
953 2023 1219 2079 videlicet
1239 2022 1298 2078 in
1321 2022 1472 2077 Isaia
1496 2039 1508 2075 :
1534 2022 1778 2077 Perdam
1795 2025 2011 2092 sapien-

360 2120 506 2174 tiam
567 2116 926 2187 sapientium,
955 2122 1010 2169 et
1034 2112 1388 2185 prudentiam
1415 2111 1770 2183 prudentium
1816 2128 2009 2183 repro-

362 2207 494 2263 babo
514 2206 649 2278 (Isa.
670 2220 825 2275 xxix,
849 2204 960 2274 14).
989 2201 1092 2258 Ubi
1114 2201 1721 2267 animadvertendum,
1745 2200 1884 2273 quia
1905 2201 2010 2255 Do-

360 2295 558 2351 minus
602 2310 719 2349 non
750 2309 813 2348 se
841 2308 1038 2347 veram
1069 2290 1420 2363 sapientiam
1470 2290 1709 2361 perdere
1764 2290 2009 2361 promito

357 2385 460 2452 tit;
490 2399 609 2439 non
632 2380 796 2437 illam
818 2396 1010 2445 suam,
1030 2395 1208 2450 quam
1234 2379 1417 2450 gratis
1440 2378 1682 2442 confert,
1706 2379 1807 2456 sed
1831 2392 2012 2448 quam

362 2471 658 2544 sapientes
690 2468 895 2524 mundi
922 2467 1034 2523 sibi
1055 2471 1393 2538 arroganter
1416 2466 1718 2521 tribuunt:
1745 2471 1801 2522 et
1832 2482 2011 2538 quam

363 2576 427 2618 se
449 2560 739 2631 jactantes
768 2560 977 2628 putant
1022 2555 1254 2611 habere.
1280 2556 1444 2610 Tunc
1475 2571 1610 2627 ergo
1652 2555 2012 2626 sapientium

365 2646 717 2721 sapientiam
734 2643 1005 2717 perdidit,
1022 2644 1257 2715 quando
1281 2659 1369 2708 ea,
1385 2659 1512 2713 quae
1532 2643 1827 2715 sapientes
1852 2660 2021 2698 mun—

365 2738 425 2795 di
458 2736 582 2793 ﬁeri
613 2751 786 2807 posse
814 2733 1131 2805 negabant,
1156 2732 1396 2803 perfecit
1417 2736 1473 2788 et
1492 2750 1663 2804 opere
1685 2731 2017 2804 complevit.

366 2827 694 2884 Prudentes
720 2823 899 2881 etiam
947 2821 1154 2878 mundi
1204 2821 1391 2877 Deum
1439 2821 1693 2876 otiosum
1727 2822 2019 2892 dicebant,

367 2933 475 2973 nec
502 2914 720 2971 habere
740 2912 1135 2968 humanorum
1168 2914 1406 2966 actuum
1439 2926 1642 2985 curam
1669 2911 1851 2981 (502);
1884 2927 2025 2981 quo.

369 3023 502 3064 rum
525 3002 898 3078 prudentiam
916 3000 1222 3067 Dominus,
1238 2998 1297 3053 id
1321 3003 1411 3054 est
1434 2998 1815 3067 intellectum,
1833 3015 2024 3071 repro-

368 3094 532 3154 bavit
563 3111 581 3150 :
611 3093 752 3148 dum
784 3090 938 3162 quod
986 3087 1350 3160 impossibile
1394 3088 1708 3158 aestimant,
1734 3088 2020 3157 faciendo,

369 3181 650 3260 possibile
676 3180 952 3247 ostendit,
985 3194 1165 3249 seque
1217 3176 1520 3231 hominum
1552 3193 1754 3232 curam
1808 3176 2025 3233 habere

2130 621 2257 660 esse
2306 605 2579 676 ostendit,
2613 605 2875 660 faciendo
2925 621 2991 659 ea
3041 620 3166 674 qua:
3214 604 3340 675 ipsa
3387 594 3794 674 impossibilia

2132 693 2446 748 asserebat.

2201 787 2343 839 Nam
2380 785 2511 853 quia
2540 785 2601 837 in
2628 784 2726 838 Dei
2769 784 3050 855 sapientia
3095 798 3206 838 non
3253 783 3499 852 cognovit
3542 781 3794 837 mundus

2128 887 2226 943 per
2248 874 2580 943 sapientiam
2616 873 2804 942 Deum,
2838 876 2945 927 etc.
2981 872 3044 926 In
3098 871 3193 926 Dei
3239 869 3546 941 sapientia,
3579 870 3638 925 id
3671 874 3792 936 est,

2132 960 2191 1015 in
2226 961 2429 1015 mundi
2472 962 2782 1027 creatione,
2817 977 2945 1032 quae
2974 960 3075 1016 Dei
3115 959 3405 1031 sapientia
3460 959 3613 1014 facta
3671 964 3789 1027 est,

2131 1050 2390 1104 mundus
2438 1066 2539 1121 per
2588 1049 2958 1121 sapientiam,
2999 1047 3291 1103 carnalem
3340 1047 3631 1113 videlicet,
3666 1064 3791 1103 non

2131 1140 2402 1210 cognovit
2455 1139 2662 1201 Deum,
2703 1139 2843 1209 quia
2890 1137 3160 1193 homines
3208 1137 3417 1192 mundi
3466 1142 3788 1205 amatores,

2130 1225 2216 1280 vel
2246 1227 2305 1280 in
2338 1228 2557 1282 mundo
2602 1232 3051 1296 commorantes,
3072 1226 3334 1281 videntes
3365 1225 3570 1280 mundi
3602 1242 3791 1281 orna-

2133 1322 2279 1383 tum,
2326 1332 2441 1370 non
2490 1332 2592 1387 per
2639 1321 2965 1371 creaturam
3019 1316 3349 1370 Creatorem
3396 1319 3786 1386 agnoverunt,

2131 1408 2231 1457 aut
2261 1404 2311 1457 ei
2343 1404 2560 1476 gratias
2588 1403 2931 1473 retulerunt,
2957 1404 3055 1458 sed
3086 1403 3318 1459 unicam
3351 1403 3479 1474 ejus
3510 1404 3791 1474 majesta-

2132 1498 2250 1546 tem
2295 1493 2542 1549 diversis
2573 1493 2892 1565 ﬁgmentis,
2915 1497 2973 1548 et
3001 1491 3307 1547 elementis
3356 1491 3788 1564 ascripserunt,

2132 1585 2406 1652 putantes
2438 1581 2534 1636 alii
2566 1582 2748 1637 Deum
2788 1597 2917 1637 esse
2959 1598 3175 1649 aerem,
3210 1580 3307 1636 alii
3351 1579 3647 1649 aetherem,
3682 1580 3790 1636 alii

2130 1670 2333 1737 solem,
2378 1675 2435 1725 et
2482 1670 2706 1742 reliqua
2755 1669 3119 1742 hujusmodi.
3152 1669 3381 1726 Aliter:
3416 1669 3677 1725 Mundus
3722 1670 3788 1725 in

2128 1758 2413 1830 sapientia
2445 1759 2565 1825 Dei,
2596 1759 2703 1814 hoc
2733 1764 2845 1826 est,
2875 1759 2936 1814 in
2967 1758 3110 1815 Filio
3142 1758 3266 1824 Dei,
3289 1759 3389 1831 qui
3420 1762 3511 1815 est
3541 1758 3790 1830 sapien-

2126 1846 2208 1901 tia
2239 1847 2443 1915 Patris,
2471 1864 2574 1919 per
2604 1846 2952 1918 sapientiam
2983 1847 3299 1915 carnalem,
3323 1863 3502 1919 quam
3532 1851 3791 1919 Aposto-

2125 1934 2214 1989 lus
2245 1935 2485 1990 abusive
2536 1937 2884 2007 sapientiam
2935 1942 3132 2006 vocat;
3182 1937 3421 2009 ponitur
3465 1936 3624 1993 enim
3677 1953 3786 2009 pro

2122 2026 2369 2089 astutia;
2406 2041 2520 2080 non
2554 2025 2818 2096 cognovit
2865 2026 3071 2095 Deum,
3103 2042 3238 2080 cum
3270 2027 3471 2081 videns
3502 2042 3638 2081 eum
3672 2026 3785 2081 ho-

2125 2114 2343 2168 minem
2376 2114 2530 2169 inter
2558 2114 2828 2169 homines
2874 2122 3307 2181 conversatum,
3334 2131 3548 2187 purum
3586 2114 3785 2171 homi-

2126 2218 2257 2257 nem
2290 2203 2554 2257 credidit.
2581 2204 2704 2259 Non
2729 2203 3015 2275 cognovit,
3039 2205 3169 2276 quia
3200 2205 3301 2259 lux
3329 2204 3391 2259 in
3421 2205 3657 2261 tenebris
3685 2205 3787 2260 lu-

2123 2299 2220 2362 cet,
2254 2300 2303 2346 et
2332 2293 2571 2348 tenebrae
2597 2308 2716 2346 eam
2765 2308 2875 2347 non
2903 2292 3447 2364 comprehenderunt.
3480 2295 3543 2348 In
3570 2294 3782 2351 mundo

2089 2370 2260 2449 lerat,
2293 2388 2345 2435 et
2380 2380 2617 2435 mundus
2660 2398 2761 2451 per
2812 2383 2995 2451 ipsum
3039 2382 3222 2452 factus
3270 2385 3373 2453 est,
3432 2391 3490 2437 et
3538 2383 3785 2439 mundus

2126 2486 2251 2525 eum
2278 2486 2387 2525 non
2420 2471 2680 2539 cognovit.
2713 2471 2775 2524 In
2822 2471 3049 2541 prapria
3079 2472 3250 2537 venit,
3281 2474 3333 2526 et
3361 2471 3452 2527 sui
3493 2487 3618 2526 eum
3666 2488 3783 2528 non

2128 2567 2465 2630 receperunt.
2499 2560 2683 2627 (Joan.
2716 2575 2754 2623 1,
2785 2560 2842 2625 5,
2878 2560 2963 2627 10,
2999 2559 3107 2629 11).

2200 2649 2420 2703 Placuit
2450 2649 2552 2702 Deo
2580 2664 2679 2718 per
2704 2646 3010 2703 stultitiam
3044 2648 3459 2719 praedicationis
3485 2650 3663 2706 salvos
3687 2652 3781 2721 fa.-

2130 2754 2251 2792 cere
2281 2737 2570 2803 credentes,
2600 2737 2656 2791 id
2690 2741 2796 2802 est,
2828 2737 3045 2809 placuit
3076 2741 3140 2792 ut
3170 2738 3423 2793 Verbum
3450 2756 3582 2795 caro
3615 2740 3783 2795 fieret

2133 2832 2190 2881 e‘t
2219 2826 2511 2881 habitaret
2539 2826 2597 2879 in
2631 2824 2826 2893 nobis;
2859 2824 3081 2897 placuit
3110 2824 3381 2883 ordinare
3410 2827 3782 2899 pradicatio-

2133 2931 2287 2985 nem,
2312 2931 2438 2985 quae
2469 2912 2586 2968 illis
2631 2912 2813 2969 stulta
2860 2913 3173 2986 videretur,
3207 2919 3272 2970 ut
3320 2915 3658 2989 quicunque
3688 2934 3779 2986 ea,

2134 3019 2260 3075 quas
2321 3003 2428 3075 ipsi
2488 3002 2850 3070 diffidebant,
2896 3004 3214 3075 crederent,
3275 3003 3666 3077 salvarentur,
3725 3010 3783 3062 et

2133 3092 2335 3149 eorum
2366 3090 2850 3147 condemnatione
2878 3091 3162 3147 increduli
3192 3093 3634 3151 damnarentur.

2202 3183 2349 3252 Quia
2378 3189 2428 3236 et
2454 3180 2824 3251 Judaeijsigna
2860 3185 3076 3252 petunt.
3106 3182 3231 3238 Non
3260 3182 3418 3238 enim
3449 3182 3575 3239 ﬁeri
3606 3200 3784 3256 posse

366 3252 676 3331 manifesto
706 3265 1143 3325 demonstravit.
1174 3265 1321 3320 Nam
1352 3263 1563 3319 Filium
1597 3281 1769 3320 suum
1801 3267 1873 3321 de
1901 3283 2012 3321 coe-
2043 3252 2086 3319 C
2124 3270 2425 3338 difﬁdunt,
2459 3269 2559 3324 sed
2595 3274 2791 3325 utrum
2825 3269 3046 3325 factum
3079 3271 3176 3339 sit,
3212 3288 3413 3338 necne,
3446 3252 3781 3344 requirunt.

366 3363 444 3419 lis
473 3360 544 3417 ad
575 3364 762 3416 terras
792 3356 973 3427 misit,
999 3356 1100 3427 qui
1130 3370 1365 3426 passus,
1388 3354 1722 3422 crucifixus,
1748 3360 2017 3410 mortuus

373 3456 431 3509 et
460 3448 747 3523 sepultus,
780 3462 964 3519 genus
994 3444 1320 3499 humanum
1356 3442 1622 3498 redemit.

444 3540 519 3596 Ut
545 3542 742 3594 autem
762 3534 1094 3591 ostenderet
1112 3549 1364 3604 quorum
1397 3531 1751 3603 sapientium
1785 3534 2017 3605 sapien-

374 3630 544 3696 tiam,
557 3631 660 3682 aut
674 3640 925 3697 quorum
948 3621 1325 3694 prudentium
1344 3621 1715 3693 prudentiam
1735 3637 1797 3677 se
1813 3622 2022 3677 dixerit

378 3715 664 3774 Dominus
714 3712 1045 3783 reprobare,
1076 3708 1300 3782 prolato
1354 3709 1644 3781 prophetat
1686 3710 2020 3765 testimonio

382 3802 687 3877 adjunxit:
720 3802 819 3859 Ubi
846 3801 1105 3871 sapiens?
1153 3798 1250 3855 Ubi
1292 3798 1511 3853 scriba?
1560 3800 1662 3855 Ubi
1691 3802 2024 3869 conquisitor

384 3895 549 3961 huius
573 3891 807 3950 saeculi?
835 3890 964 3961 (Isa.
993 3905 1192 3956 xxxnl,
1228 3888 1338 3958 18.)
1370 3887 1591 3953 Quibus
1619 3887 1811 3943 verbis
1839 3889 2019 3959 Apos-

381 3984 540 4042 tolus
568 3986 691 4038 tam
714 3979 949 4036 Judaeos
977 3976 1484 4049 redarguit,quam
1516 3975 1784 4048 gentiles.
1809 3975 2035 4031 Scribat

382 4088 659 4145 namque,
692 4070 749 4126 id
780 4073 887 4138 est,
919 4067 1067 4141 legis
1096 4067 1360 4122 doctores
1384 4065 1724 4122 Judaeorum
1747 4063 2024 4120 nolebant

378 4164 614 4222 credere
641 4165 823 4217 Deum
869 4155 1080 4214 Filium
1118 4154 1354 4221 habere,
1385 4155 1670 4226 virginem
1702 4153 2017 4225 peperisse,

376 4257 479 4310 aut
510 4254 688 4308 Deum
721 4249 862 4322 pati,
895 4245 983 4302 vel
1018 4246 1164 4303 mori
1202 4244 1461 4317 potuisse
1494 4261 1508 4297 ε
1543 4259 1679 4298 nam
1726 4242 1865 4313 quia
1910 4241 2019 4297 hoc

374 4339 854 4399 manifestissime
875 4353 992 4393 non
1013 4338 1103 4391 est
1127 4335 1581 4408 przsfiguratum,
1606 4330 1845 4386 omnino
1871 4331 2019 4385 difﬁ-

373 4412 620 4498 debant;
651 4426 923 4485 similiter
963 4430 1020 4481 et
1065 4423 1360 4496 sapientes
1391 4421 1587 4476 saeculi
1644 4420 1766 4474 hmo
1813 4421 2015 4475 eadem

372 4519 734 4584 deridebant,
766 4516 905 4587 quia
957 4514 1218 4570 humana
1274 4509 1562 4581 sapientia
1618 4525 1731 4563 non
1790 4508 2014 4580 recipit,

2128 3358 2337 3413 Omnia
2367 3358 2581 3430 quippe
2625 3358 2741 3413 Deo
2781 3357 3087 3429 possibilia
3134 3359 3419 3431 iudicant,
3457 3360 3554 3416 sed
3608 3361 3784 3434 signa

2129 3451 2416 3520 quaerunt,
2440 3447 2657 3519 quibus
2684 3464 2886 3503 verum
2914 3464 3043 3503 esse
3074 3448 3371 3520 probetur,
3397 3449 3552 3521 quod
3577 3451 3785 3521 praedi-

2129 3538 2295 3590 catur
2328 3551 2342 3590 :
2374 3533 2514 3589 talia
2561 3532 2798 3599 scilicet,
2842 3533 3040 3605 qualia
3089 3534 3238 3590 facta
3288 3540 3427 3590 sunt
3472 3535 3533 3591 in
3581 3536 3781 3594 Veteri

2128 3625 2518 3688 Testamento,
2555 3639 2691 3678 cum
2737 3622 2900 3694 virga
2945 3627 3137 3678 Aaron
3188 3623 3384 3679 ﬂoruit
3411 3628 3604 3693 (Num.
3636 3644 3777 3697 xvn,

2127 3714 2181 3781 5,
2214 3713 2292 3781 8),
2316 3716 2371 3767 et
2391 3712 2563 3767 ﬂores
2589 3711 2644 3764 in
2680 3712 3017 3784 amygdalae
3047 3712 3398 3769 deformavit
3420 3714 3605 3785 (Num.
3629 3716 3776 3788 vm),

2132 3806 2190 3855 et
2216 3802 2391 3856 Jonas
2421 3800 2609 3855 tribus
2640 3799 2847 3855 diebus
2876 3805 2933 3855 et
2963 3800 3155 3855 tribus
3186 3801 3454 3857 noctibus
3486 3803 3547 3858 in
3576 3809 3780 3862 ventre

2133 3889 2242 3944 ceti
2269 3888 2479 3960 jacuit,
2512 3891 2712 3959 pastea
2741 3888 2905 3943 vivus
2934 3889 2994 3943 in
3024 3886 3193 3945 littus
3239 3890 3460 3961 ejectus
3513 3896 3604 3948 est
3634 3895 3777 3963 (Ion.

2132 3994 2194 4045 ιι,
2225 3978 2249 4030 1
2289 3993 2302 4031 :
2335 3976 2527 4031 Matth.
2560 3993 2660 4045 x11,
2695 3977 2804 4044 40).
2828 3975 3077 4033 Maxime
3128 3981 3323 4034 autem
3371 3978 3485 4034 tale
3536 3979 3781 4053 signum

2131 4068 2419 4139 quaerunt,
2451 4065 2624 4136 quale
2671 4069 2972 4121 ostensum
3004 4070 3093 4122 est
3121 4064 3304 4139 Moysi
3349 4066 3410 4122 in
3459 4067 3595 4141 igne
3645 4071 3779 4127 rubi

2130 4154 2319 4227 (Exod.
2355 4171 2438 4221 ιιι,
2469 4156 2525 4223 2,
2559 4154 2633 4225 3)-

2201 4242 2399 4311 Grczeci,
2430 4243 2486 4298 id
2536 4241 2640 4313 esi,
2673 4241 2939 4315 gentiles,
2981 4245 3312 4315 sapientiam
3353 4251 3639 4319 quaerunt,
3674 4248 3781 4321 qui

2128 4350 2194 4388 ea
2224 4331 2592 4387 solummodo
2624 4332 2747 4387 fieri
2778 4348 2949 4403 posse
2979 4332 3292 4399 aestimant,
3322 4350 3450 4405 qua:
3499 4334 3777 4392 humanas

2127 4420 2429 4493 sapientiae
2457 4420 2762 4476 convenire
2789 4419 3097 4477 videntur:
3131 4420 3378 4494 ideoque
3409 4439 3512 4495 per
3541 4424 3780 4496 sapien-

2124 4510 2263 4565 tiam
2298 4509 2555 4565 invenire
2587 4512 2874 4580 quaerunt,
2901 4509 3215 4579 quomodo,
3245 4516 3347 4565 aut
3376 4512 3542 4583 virgo
3573 4528 3781 4584 parere

371 4625 499 4680 quae
530 4606 778 4663 stultum
811 4604 1041 4675 judicat
1091 4601 1325 4658 credere
1355 4596 1651 4652 hominem
1700 4597 1862 4652 nasci
1917 4614 2015 4668 po-
2046 4612 2092 4675 D
2126 4599 2399 4672 potuerit,
2423 4603 2526 4653 aut
2554 4601 2822 4652 mortuus
2847 4612 3186 4670 resurgere:
3213 4599 3368 4670 quod
3390 4603 3590 4657 tamen
3623 4618 3783 4659 com-

368 4696 554 4752 tuisse
582 4696 707 4751 sine
737 4692 1146 4764 conjunctione
1177 4686 1359 4743 maris
1388 4703 1453 4740 ac
1484 4685 1733 4740 feminae.
1760 4685 2011 4757 Conqui-

366 4785 607 4843 sitorem
663 4799 797 4839 vero
862 4779 1060 4837 saeculi
1132 4774 1462 4849 specialiter
1530 4773 2010 4831 mathematicum

366 4873 524 4943 dicit,
559 4872 659 4946 qui
693 4870 983 4927 mundum
1024 4868 1139 4922 fato
1188 4863 1328 4935 regi,
1362 4866 1418 4916 et
1465 4862 1663 4917 omnia
1709 4862 2009 4921 stellarum

364 4960 909 5021 constellationibus
940 4960 1118 5026 atque
1148 4951 1405 5008 motibus
1434 4950 1555 5005 fieri
1589 4951 1866 5007 decernit.

434 5053 543 5109 Sed
575 5068 645 5107 ex
674 5064 793 5120 quo
825 5045 1079 5100 maxime
1107 5039 1538 5111 comprobatur,
1573 5044 1633 5094 ut
1666 5058 1779 5096 non
1812 5042 1888 5096 sit
1917 5059 2007 5098 sa-

361 5140 550 5215 piens,
576 5155 693 5194 non
716 5134 931 5199 scriba,
954 5148 1071 5187 non
1098 5127 1458 5200 conquisitor
1478 5128 1694 5196 saeculi,
1718 5130 2004 5201 subjecit:

359 5231 550 5287 Nonne
577 5225 811 5282 stultam
856 5222 986 5291 fecit
1035 5220 1178 5274 Deus
1206 5218 1536 5291 sapientium
1582 5219 1743 5291 hujus
1771 5220 2009 5276 mundi?

361 5317 527 5383 Quod
550 5317 749 5370 autem
770 5308 1011 5363 dicitur:
1034 5307 1286 5364 Stultam
1310 5307 1443 5363 fecit
1463 5307 1616 5363 Deus
1639 5307 2004 5379 sapientiam,

360 5422 478 5463 non
511 5397 956 5470 intelligendum
992 5400 1100 5469 est,
1125 5398 1279 5470 quod
1313 5397 1468 5453 Deus
1498 5397 1732 5469 sapiens
1763 5396 2005 5454 stultam

2124 4688 2480 4761 prehendere
2513 4702 2625 4741 non
2667 4689 2940 4757 possunt;
2976 4687 3113 4758 quia
3160 4704 3395 4744 omnem
3448 4688 3773 4748 humanam

2122 4776 2472 4849 sapientiam
2520 4773 2899 4829 transcendit.
2954 4775 3116 4830 Unde
3173 4777 3584 4834 convenienter
3631 4781 3774 4836 sub-

2114 4865 2309 4936 junxit
2334 4880 2345 4919 :
2371 4866 2481 4918 Nos
2503 4871 2686 4919 autem
2710 4864 3073 4934 praedicamus
3097 4864 3371 4920 Christum
3399 4866 3774 4939 cruciﬁxum;

2116 4953 2319 5010 Judwis
2338 4952 2558 5025 quidem
2586 4951 2932 5019 scandalum,
2954 4953 3208 5021 gentibus
3237 4959 3427 5009 autem
3450 4956 3775 5012 stultitiam.

2119 5043 2385 5098 Christus
2416 5041 2728 5097 cruciﬁxus
2771 5040 2991 5097 Judaais
3039 5042 3384 5098 scandalum
3443 5048 3601 5114 erat;
3641 5044 3780 5117 quia

2118 5130 2694 5198 scandalizabantur,
2746 5131 3052 5186 audientes
3083 5130 3382 5187 Christum
3431 5131 3777 5190 violatorem

2115 5220 2373 5285 Sabbati,
2404 5220 2499 5275 Dei
2530 5219 2739 5274 Filium
2770 5219 3093 5291 praedicari,
3120 5224 3221 5275 aut
3250 5220 3350 5276 Dei
3385 5220 3599 5276 Filium
3635 5222 3778 5294 pati.

2114 5310 2203 5366 vel
2239 5310 2386 5365 mori
2436 5307 2719 5379 potuisse.
2754 5308 3040 5364 Gentibus
3073 5314 3267 5365 autem
3309 5314 3434 5365 erat
3483 5309 3775 5380 stultitia;

2070 5396 2077 5401 ’
2117 5398 2419 5471 quoniam,
2435 5398 2578 5452 dum
2598 5413 2666 5452 ea
2681 5396 2981 5469 praedicari
3003 5397 3478 5470 audiebant,qua
3502 5398 3775 5456 humana

431 5576 600 5658 (5_02)_
615 5570 877 5649 Epicurei
909 5593 1137 5652 nempe,
1168 5577 1269 5651 qui
1300 5577 1478 5634 deum
1508 5590 1649 5632 sane
1679 5574 2017 5646 admittunt,
2044 5576 2145 5634 sed
2177 5590 2313 5634 eum
2346 5574 2707 5647 contemptui
2738 5574 2936 5647 potius
2963 5591 3141 5650 quam
3176 5575 3515 5635 reverentia:
3545 5593 3781 5658 secem:

362 5648 627 5717 madent.
