3996 6232
211 377 316 436 301

795 376 1217 440 EXPOSITIO
1266 379 1342 438 IN
1393 377 1820 440 EPISTOLAS
1869 376 2119 437 PAULI.
2157 409 2229 419 --
2264 377 2339 435 IN
2389 379 2636 440 EPIST.
2687 382 2706 438 Ι
2757 383 2857 441 AD
2903 383 3078 444 COR.

3525 389 3640 448 302

211 506 518 578 sapientiae
567 509 886 562 convenire
911 525 1025 563 non
1045 508 1878 580 videntur,insensatajudica-
1914 510 1958 574 Α
1998 525 2104 561 non.
2135 509 2297 562 mulli
2326 510 2528 562 noln'les
2568 529 2584 563 :
2615 529 2678 565 ac
2711 513 2756 565 si
2791 513 3004 567 diceret
3041 532 3052 567 :
3091 516 3149 568 ln
3198 516 3634 588 vobismetipsis

213 599 372 668 bant,
408 595 793 668 maximeque
823 598 1070 670 virginis
1124 603 1358 669 partum
1406 606 1461 653 et
1510 606 1874 654 mortuorum

210 685 552 757 generalem
586 686 1108 741 resurrectionem.

282 776 416 846 Ipsis
447 783 636 829 autem
665 777 868 829 vocatis
893 791 911 835 ;
947 792 1059 830 non
1098 773 1194 830 illa
1219 777 1659 847 vocatione,qua
1689 776 1875 831 vocati

215 869 355 920 sunt
383 863 445 918 hi
480 864 606 934 qui,
641 863 872 918 invitati
907 865 976 918 ad
1029 881 1253 919 comam
1286 865 1442 936 agni,
1476 883 1589 919 non
1646 866 1877 919 fuerunt.

217 952 379 1025 digni
410 953 613 1007 venire
643 952 827 1023 (Apoc.
889 970 1008 1020 xxx,
1039 955 1072 1005 9
1099 971 1111 1018 ;
1146 953 1329 1009 Matth.
1382 971 1520 1016 xxn,
1552 957 1629 1022 2),
1673 953 1773 1008 sed
1811 968 1877 1005 ea

219 1042 288 1097 de
321 1058 441 1112 qua
471 1040 784 1112 Apostolus
811 1058 822 1096 :
859 1042 996 1109 Quos
1027 1046 1208 1097 autem
1234 1043 1680 1112 praedestinavit,
1713 1042 1806 1096 hos
1828 1045 1877 1095 et

219 1132 466 1186 vocavit.
506 1132 721 1184 Vacalis
758 1147 896 1200 ergo
925 1130 1146 1195 Iudicis,
1203 1141 1363 1202 atque
1413 1131 1606 1185 Grauis
1635 1132 1877 1185 Christus

226 1221 324 1273 Dei
356 1221 534 1272 virtus
562 1223 656 1284 est,
689 1228 738 1273 et
768 1220 867 1273 Dei
898 1221 1167 1290 sapientia
1197 1222 1368 1290 (Rom.
1404 1238 1526 1275 vm.
1563 1221 1649 1287 40)
1692 1237 1702 1273 :
1739 1221 1878 1290 quia

227 1308 438 1372 Judzei,
491 1309 586 1378 qui
621 1307 780 1378 prius
830 1309 1001 1379 signa
1032 1310 1390 1378 quzerebant,
1445 1314 1500 1363 et
1527 1308 1875 1363 scandaliza-

227 1398 460 1467 bantur,
495 1412 596 1467 per
625 1397 874 1467 gratiam
909 1398 1005 1451 Uei
1037 1397 1222 1452 vocati
1253 1398 1322 1451 ad
1358 1398 1552 1462 fidem,
1587 1397 1878 1452 intellexe-

226 1491 362 1541 runt
393 1502 526 1541 eum
560 1485 662 1540 Dei
694 1484 966 1540 virtutem
1004 1505 1016 1552 ;
1053 1487 1326 1557 quoniam
1368 1504 1469 1557 per
1496 1487 1690 1557 ipsum
1730 1488 1876 1541 Deus

225 1575 393 1629 Pater
424 1572 626 1628 omnia
656 1573 936 1638 condidit,
971 1575 1136 1644 regit,
1171 1579 1227 1630 et
1254 1575 1558 1645 gubernat.
1596 1573 1879 1628 Similiter

224 1662 602 1735 gentiles,qui
622 1662 786 1733 prius
801 1664 1076 1734 mysteria
1089 1663 1301 1718 Christi
1322 1663 1579 1718 humana
1593 1662 1878 1734 sapientia

223 1751 719 1822 comprehendere
750 1751 1168 1818 nitebantur,et
1198 1753 1414 1824 quibus
1437 1751 1684 1806 stultitia
1715 1751 1876 1805 vide-

224 1840 460 1908 bantur,
493 1839 595 1894 Dei
626 1840 818 1910 gratia
849 1840 981 1895 facti
1015 1842 1337 1907 credentes,
1363 1843 1721 1913 agnoverunt
1741 1856 1875 1895 eum

223 1929 324 1984 Dei
357 1928 707 2000 sapientiam
746 1947 758 1995 ;
812 1930 1086 2000 quoniam
1121 1947 1222 2001 per
1253 1947 1387 1986 eum
1419 1930 1570 1986 Deus
1604 1935 1765 2002 pater
1790 1933 1878 1985 est

223 2017 483 2088 agnitus.
527 2017 597 2070 Et
628 2033 826 2072 revera
857 2035 968 2073 non
1003 2018 1171 2074 aliter
1226 2019 1436 2074 melius
1468 2023 1690 2090 poterat
1723 2019 1877 2074 Deus

222 2106 394 2161 Pater
422 2106 683 2176 agnosci,
717 2122 892 2175 quam
929 2123 1030 2178 per
1059 2124 1214 2175 cum,
1267 2107 1366 2178 qui
1418 2107 1652 2178 genitus
1683 2112 1773 2162 est
1803 2108 1875 2161 ab

219 2195 345 2258 illo,
378 2194 544 2249 Unde
575 2195 632 2248 in
667 2193 962 2266 evangelio
1022 2212 1034 2249 :
1091 2197 1256 2251 Nemo
1284 2197 1433 2251 novit
1473 2198 1711 2261 Patrem,
1763 2197 1878 2250 nisi

223 2283 439 2348 Filius,
489 2289 540 2336 et
570 2284 660 2336 cui
680 2284 912 2337 voluerit
972 2285 1154 2340 Filius
1177 2286 1417 2339 revelare
1455 2285 1877 2355 (Matth.x1,27).

226 2374 503 2426 Attamen
510 2372 677 2441 juxta
688 2371 834 2427 hanc
847 2372 1228 2443 apostolicam
1247 2374 1596 2428 sententiam
1614 2373 1876 2444 utrisque

226 2459 480 2524 vocatis,
513 2463 631 2512 tam
661 2459 1078 2532 Judaeis,quam
1110 2462 1322 2516 Graecis
1353 2463 1638 2517 debemus
1668 2461 1875 2515 intelli-

224 2567 363 2622 gere
399 2547 697 2603 Christum
758 2549 850 2604 Dei
882 2550 1181 2617 virtutem,
1232 2558 1287 2605 et
1343 2551 1442 2605 Dei
1477 2551 1824 2621 sapientiam
1860 2567 1872 2604 :

221 2639 412 2694 virtus
436 2637 651 2708 quippe
672 2638 742 2692 ad
775 2639 1490 2711 operationem,sapientia
1513 2640 1583 2694 ad
1607 2640 1879 2711 prazdica-

222 2728 446 2783 tionem
479 2727 746 2781 refertur.
790 2727 990 2782 Virtus
1018 2744 1122 2799 ego
1158 2727 1256 2782 Dei
1289 2727 1552 2782 Christus
1583 2727 1700 2782 illis
1732 2734 1819 2782 est
1859 2745 1872 2795 ;

224 2817 360 2888 quia
388 2814 827 2880 intellexerunt,
859 2817 1026 2888 iquod
1060 2817 1172 2870 nisi
1207 2817 1360 2872 Deus
1389 2822 1564 2885 esset,
1596 2816 1878 2871 miracula

221 2922 348 2976 quae
375 2905 518 2960 fecit
540 2904 727 2959 facere
759 2921 875 2959 non
909 2909 1106 2975 posset
1139 2923 1150 2960 :
1182 2910 1270 2960 est
1290 2910 1348 2960 et
1378 2905 1700 2978 sapientia;
1735 2922 1876 2976 quo-

221 2995 378 3050 niam
411 2999 780 3066 agnoverunt
828 2991 1079 3060 nullum,
1130 2994 1241 3049 nisi
1276 2993 1430 3048 Deus
1471 2999 1643 3059 esset,
1677 2994 1880 3048 docere

220 3101 392 3155 posse
427 3100 558 3154 quae
605 3082 827 3137 docuit.
882 3081 1044 3136 Unde
1097 3082 1278 3136 Judaei
1328 3083 1398 3136 de
1441 3098 1506 3136 eo
1556 3082 1874 3136 dixerunt:

223 3172 372 3228 Unde
402 3172 538 3226 huic
567 3173 744 3225 virtus
773 3172 909 3236 hazc,
944 3176 996 3225 et
1026 3170 1343 3242 sapientia?
1369 3172 1584 3236 (Matth.
1619 3171 1876 3240 1011,51).

291 3263 441 3334 Quia
477 3260 620 3331 quod
650 3261 886 3314 stultum
917 3263 996 3314 est
1045 3261 1162 3329 Dei,
1193 3262 1503 3331 sapientius
1535 3268 1610 3315 est
1639 3261 1876 3316 homini-
1908 3247 1950 3313 C
1991 3261 2104 3315 culi
2165 3262 2522 3332 putabantur

216 3351 329 3418 bus,
362 3359 413 3406 et
443 3350 590 3421 quod
622 3349 914 3418 inﬁrmum
945 3355 1023 3404 est
1059 3351 1174 3416 Dei,
1202 3351 1401 3418 fortius
1422 3355 1500 3405 est
1531 3349 1868 3404 hominibus.

213 3440 475 3495 Stultum
508 3438 635 3507 Dei,
667 3455 782 3492 non
832 3452 964 3492 vere
1014 3438 1173 3502 dicit,
1209 3439 1305 3492 sed
1333 3439 1503 3507 juxta
1563 3438 1872 3492 hominum

215 3528 559 3598 opinionem
592 3543 606 3579 :
640 3526 805 3596 Nam,
837 3528 978 3598 quia
1007 3526 1266 3582 humana
1295 3528 1584 3598 sapientia
1615 3542 1874 3597 compro-

215 3616 477 3671 hendere
512 3631 626 3669 non
676 3620 960 3686 poterant,
1014 3617 1307 3687 quomodo
1355 3617 1442 3671 vel
1474 3617 1632 3687 virgo
1676 3631 1876 3687 parere

219 3710 439 3777 posset,
474 3705 562 3759 vel
597 3709 746 3759 Deus
778 3704 1010 3776 pati,vel
1045 3711 1314 3760 mortuus
1345 3721 1666 3777 resurgere,
1694 3703 1877 3759 stulta

218 3812 344 3851 esse
376 3794 778 3860 aestimabant,
805 3811 937 3849 cum
973 3800 1131 3850 esset
1163 3795 1220 3849 in
1255 3795 1343 3849 his
1393 3795 1542 3849 ratio
1571 3793 1873 3865 spiritalis.

219 3883 332 3939 Hoc
366 3883 645 3952 stultum,
682 3883 1023 3939 hominibus
1059 3884 1384 3954 sapientius
1413 3888 1502 3938 est
1536 3902 1548 3950 ;
1614 3883 1753 3953 quia
1783 3899 1874 3936 sa-

218 3972 436 4044 pientia
467 3973 736 4028 humana
767 3972 1185 4044 comprehendi
1218 3989 1332 4026 non
1363 3977 1577 4044 potest.
1601 3971 1879 4027 Similiter

213 4062 381 4131 juxta
411 4062 726 4118 hominum
758 4061 1202 4116 aestimationem
1233 4061 1532 4115 infirmum
1555 4061 1766 4117 Christi
1789 4076 1881 4114 vo-

218 4155 308 4205 cat
327 4150 936 4220 exinanitionem,qua
959 4151 1347 4220 semetipsum
1389 4149 1724 4217 exinanivit,
1763 4150 1877 4203 fac-

218 4243 322 4294 tus
342 4239 627 4295 obediens
653 4253 842 4308 usque
864 4239 934 4292 ad
964 4238 1636 4308 mortem(Philipp.n,7);
1658 4237 1756 4292 sed
1773 4237 1880 4291 hoc

215 4326 767 4396 infirmum,fortius
787 4330 875 4381 est
896 4325 1401 4403 hominibus,quia
1419 4326 1545 4395 ejus
1566 4325 1881 4380 infirmitas

215 4421 415 4472 nostra
445 4422 537 4472 est
567 4414 815 4470 victoria
845 4419 900 4469 et
931 4415 1208 4469 fortitudo
1236 4431 1358 4484 ;per
1389 4429 1516 4468 eam
1549 4413 1763 4484 quippe
1777 4429 1882 4468 nos

217 4504 394 4561 fortes
457 4504 598 4560 facti
657 4519 888 4558 sumus.
953 4503 1178 4558 Fortius
1210 4506 1298 4557 est
1336 4501 1710 4571 hominibus;
1747 4502 1884 4571 quia

1991 598 2323 666 cognoscite
2350 601 2502 667 quod
2529 599 2812 655 dicozccce
2834 603 2990 656 enim
3012 621 3110 657 vos
3135 604 3435 675 multijam
3465 610 3627 661 estis.

1987 687 2084 756 qui
2110 687 2488 751 creditis,non
2516 694 2711 744 autem
2737 691 2904 745 multi
2929 696 3066 746 sunt
3091 693 3382 762 sapientes
3422 712 3632 750 secun-

1987 774 2127 827 dum
2162 792 2417 841 carnem,
2453 777 2505 829 id
2531 782 2641 836 est,
2666 777 2765 848 qui
2800 780 3096 833 mundana
3123 781 3409 850 sapientia
3436 782 3631 853 potius

1989 863 2173 916 inflati
2207 881 2381 934 quam
2433 865 2606 929 docti,
2659 867 2867 920 divinae
2918 868 3216 938 sapientiai
3266 886 3326 924 se
3374 870 3628 925 subdere

1989 951 2302 1006 noluerunt
2334 970 2346 1006 :
2381 954 2595 1023 quibus
2627 956 3159 1026 verbisspecialiter
3178 958 3623 1013 mathematicos

1987 1041 2376 1110 reprehendit.
2431 1043 2496 1096 Et
2529 1049 2683 1110 nota,
2745 1045 2901 1114 quia,
2957 1062 3106 1115 quos
3160 1046 3453 1117 sapientes
3485 1048 3630 1101 dicit

1988 1131 2310 1185 secundum
2349 1148 2602 1200 carnem,
2627 1135 2858 1188 eosdem
2893 1141 3055 1189 vocat
3085 1141 3348 1206 potentes
3380 1141 3436 1190 et
3467 1137 3632 1191 nobi-

1987 1217 2069 1272 les
2105 1235 2116 1271 :
2155 1225 2433 1289 potentes,
2469 1221 2603 1290 quia
2637 1223 2838 1276 mundi
2872 1223 3126 1293 potentia
3152 1223 3631 1289 elati,infirmita-

1986 1311 2102 1360 tem
2137 1310 2328 1363 crucis
2350 1309 2559 1364 Christi
2589 1312 2874 1365 credendo
2894 1312 3188 1383 suscipere
3219 1314 3628 1382 despexerunt:

1986 1396 2210 1450 nobiles
2241 1415 2393 1456 vero.
2420 1400 2558 1469 quia
2589 1400 2954 1470 antiquitatis
2985 1402 3270 1471 originem
3291 1419 3407 1456 suae
3430 1420 3632 1474 super-

1989 1485 2879 1554 stitioniascribebant,dicentes
2903 1508 2961 1544 se
2986 1491 3225 1561 antiqua
3249 1491 3469 1562 origine
3491 1509 3633 1563 prae-

1990 1574 2162 1638 ditos,
2188 1575 2550 1632 Christianos
2574 1583 2768 1631 autem
2795 1585 3064 1633 vocantes
3086 1580 3359 1650 novellos,
3386 1581 3632 1652 ideoque

1990 1662 2321 1732 ignominia:
2341 1665 2611 1729 crucis,id
2633 1667 2955 1733 est,divinze
2985 1669 3273 1739 religioni,
3297 1687 3358 1724 se
3381 1670 3633 1725 subdere

1988 1751 2680 1821 despiciebant.Ostendit
2698 1772 2831 1823 ergo
2846 1755 3634 1828 hisverbisApostolus,quia

1987 1839 2186 1893 fideles
2210 1844 2500 1909 Deus,non
2533 1844 2857 1896 secundum
2882 1859 3008 1897 eam
3035 1845 3358 1900 doctrinam
3381 1846 3626 1909 vocavit,

1986 1944 2111 1998 qua:
2136 1927 2190 1980 in
2225 1929 2424 1998 paucis
2452 1935 2592 1998 erat,
2615 1929 2713 1982 sed
2740 1932 2885 1999 (504)
2911 1933 3231 1986 secundum
3254 1950 3536 2003 eam,quze
3567 1935 3628 1987 in

1988 2015 2483 2082 multis,videlicet
2503 2018 3106 2087 evangelicam.Aliter
3135 2037 3146 2074 :
3185 2021 3358 2074 Videte
3391 2024 3634 2076 vocatio-

1986 2121 2108 2158 nem
2142 2109 2615 2175 vestrarm/intres,
2636 2109 2903 2177 quoniam
2935 2124 3042 2162 non
3073 2109 3235 2162 multi
3258 2112 3524 2180 sapientes
3547 2127 3628 2164 se-

1987 2194 2225 2248 cundum
2256 2210 2502 2259 carnem,
2556 2211 2662 2249 non
2711 2197 2872 2249 multi
2897 2201 3165 2266 potentes,
3199 2214 3311 2251 non
3340 2199 3503 2253 multi
3532 2215 3631 2253 no-

1989 2284 2140 2350 biles,
2175 2283 2231 2336 id
2263 2289 2370 2348 est,
2398 2283 2752 2354 perpendite,
2787 2285 3169 2347 considerate,
3196 2287 3475 2357 quoniam
3517 2304 3632 2341 non

1988 2371 2155 2426 multi
2189 2373 2505 2443 sapientes,
2541 2376 2825 2442 potentes,
2877 2378 2977 2428 aut
3018 2374 3238 2429 nobiles
3271 2375 3436 2430 electi
3471 2380 3630 2440 sunt,

1989 2477 2088 2531 per
2139 2478 2285 2531 quos
2334 2461 2706 2526 vocaremini,
2758 2463 2858 2516 sed
2911 2463 3247 2533 paucissimi
3285 2465 3629 2536 piscatores,

1986 2550 2174 2603 idiota:
2223 2555 2277 2603 et
2327 2567 2630 2621 pauperes.
2692 2551 2851 2604 Unde
2890 2554 3297 2607 convenienter
3327 2554 3624 2622 subjecit:

1985 2639 2091 2693 Sed
2121 2655 2245 2708 quae
2288 2640 2460 2693 stulta
2503 2639 2697 2693 mumli
2746 2644 2894 2706 sunt,
2948 2642 3114 2708 elegit
3159 2643 3296 2696 Deus
3345 2643 3518 2712 (505),
3576 2647 3637 2697 ut

1986 2728 2286 2800 confundat
2308 2731 2475 2799 fortia
2499 2748 2515 2791 ;
2539 2737 2587 2783 et
2616 2728 2916 2801 ignobilia,
2941 2734 2992 2784 et
3012 2731 3446 2802 eontemptibilia
3473 2733 3639 2799 elegit

1989 2819 2148 2871 Deus.
2198 2817 2330 2880 Quae
2376 2818 2666 2872 sententia
2717 2822 2834 2873 tam
2885 2819 2957 2873 ad
3013 2836 3131 2873 rem
3173 2837 3349 2890 quam
3401 2820 3471 2874 ad
3507 2837 3634 2892 per-

1988 2923 2162 2960 sonas
2196 2906 2392 2960 inferri
2445 2913 2652 2978 potest.
2686 2907 2740 2960 Si
2774 2912 2968 2962 autem
3002 2909 3072 2963 ad
3106 2925 3228 2963 rem
3292 2927 3303 2962 :
3376 2909 3632 2974 inﬁrma,

1991 2995 2185 3061 stulta,
2247 2995 2544 3065 ignobilia,
2596 3002 2651 3049 et
2707 2997 3174 3068 contemptibilis.
3227 2998 3365 3052 dicit
3396 3002 3630 3068 partum

1988 3082 2250 3153 virginis,
2287 3088 2342 3138 et
2373 3084 2600 3137 Domini
2657 3087 3012 3154 passionem,
3069 3085 3152 3139 vel
3195 3091 3481 3152 mortem;
3518 3103 3632 3140 non

1991 3173 2145 3242 quod
2182 3188 2375 3226 revera
2419 3174 2561 3237 sint,
2622 3173 2719 3226 sed
2783 3174 2920 3244 quia
2951 3173 3033 3226 sic
3065 3192 3098 3227 a
3131 3175 3497 3245 sapientibus
3529 3192 3633 3228 sas-

2583 3277 2594 3315 :
2660 3279 2784 3331 quae
2817 3261 2969 3315 Deus
3021 3261 3212 3331 elegit,
3248 3268 3309 3314 ut
3341 3262 3634 3332 sapientes

1981 3355 2036 3405 et
2069 3350 2242 3404 fortes
2301 3350 2703 3413 confunderet,
2754 3351 2894 3402 dum
2954 3349 3171 3403 multos
3217 3350 3478 3403 viderent
3507 3365 3632 3404 cre-

1984 3439 2136 3503 dere,
2185 3439 2340 3508 quod
2391 3438 2560 3507 pauci
2592 3438 2917 3507 negabant;
2951 3437 3000 3492 si
3045 3454 3178 3492 vero
3229 3439 3298 3492 ad
3356 3454 3634 3508 personas

1984 3527 2269 3580 referatur
2321 3543 2332 3578 :
2389 3526 2569 3580 stulta
2629 3526 2854 3592 mundi,
2903 3526 3157 3593 infirma,
3219 3525 3524 3598 ignobilia,
3581 3531 3640 3581 et

1985 3614 2468 3686 contemptibilia,
2491 3614 2704 3669 Christi
2733 3623 2896 3670 vocat
2927 3616 3348 3688 apostolos,qui
3384 3616 3441 3670 in
3473 3632 3638 3671 com-

1986 3703 2286 3775 paratione
2318 3704 2696 3775 sapientium,
2727 3705 2987 3770 fortium,
3012 3704 3318 3775 nobilium,
3352 3705 3425 3758 ab
3458 3703 3640 3777 hujus

1987 3791 2189 3847 mundi
2265 3793 2625 3847 amatoribus
2687 3793 2872 3860 stulti,
2926 3795 3165 3862 infirmi,
3240 3793 3527 3866 ignobiles
3582 3797 3642 3848 et

1987 3880 2452 3952 contemptibiles
2485 3882 2946 3938 aestimabantur.
2978 3883 3123 3937 Mira
3141 3883 3358 3955 quippe
3391 3887 3510 3938 arte
3533 3882 3641 3937 Do-

1989 3969 2184 4024 minus
2218 3969 2354 4040 egit.
2392 3970 2587 4026 Noluit
2644 3970 2798 4024 enim
2860 3972 2928 4024 ad
2986 3972 3422 4041 praedicandum
3457 3971 3644 4025 Evan-

1990 4056 2209 4128 gelium
2263 4056 2558 4128 sapientes
2615 4055 2845 4127 eligere,
2898 4062 3183 4128 potentes,
3247 4058 3475 4120 divites,
3540 4062 3642 4112 aut

1992 4144 2235 4212 nobiles,
2294 4160 2363 4197 ne
2416 4144 2539 4197 suis
2572 4160 2632 4198 se
2683 4143 2908 4198 meritis
2956 4145 3168 4198 electos
3217 4145 3538 4210 crederent,
3587 4150 3645 4198 et

1991 4250 2062 4288 ne
2094 4233 2321 4287 dicendi
2371 4232 2594 4286 occasio
2653 4232 2910 4300 daretur,
2957 4234 3111 4302 quod
3165 4232 3363 4286 fideles
3403 4230 3640 4301 Christi,

1992 4327 2048 4378 et
2081 4322 2235 4376 fama
2270 4321 2525 4376 nominis
2555 4321 2702 4390 ejus,
2738 4335 2850 4374 non
2904 4320 3118 4374 virtute
3173 4320 3358 4376 sancti
3390 4318 3646 4390 Spiritus

1994 4428 2096 4484 per
2145 4410 2342 4465 orbem
2395 4413 2681 4463 terrarum
2738 4409 3040 4474 creverint,
3101 4409 3204 4464 sed
3250 4408 3520 4462 humans:
3552 4425 3644 4463 sa-

1993 4500 2228 4572 plent-ia:
2288 4498 2563 4566 versutia,
2623 4502 2723 4553 aut
2773 4498 3046 4569 potentia,
3103 4498 3222 4553 sive
3269 4496 3508 4563 divitiis,
3542 4503 3648 4553 aut

217 4598 466 4649 mortem
504 4607 692 4664 quam
746 4608 930 4663 reges,
963 4592 1230 4664 gigantes
1271 4597 1328 4646 et
1367 4589 1656 4662 principes
1706 4591 1884 4660 hujus
1917 4611 1961 4674 D
1994 4587 2316 4644 nobilitate.
2352 4587 2550 4642 Noluit
2582 4587 2797 4660 quippe
2854 4603 2955 4658 per
2984 4592 3269 4643 oratorem
3316 4592 3648 4644 convertere

218 4682 408 4737 saeculi
444 4697 738 4754 superare
768 4697 879 4734 non
917 4685 1210 4751 poterant,
1239 4680 1362 4752 ipse
1384 4681 1686 4735 moriendo
1725 4679 1883 4746 vicit,

217 4786 429 4841 eosque
460 4772 519 4824 in
561 4770 791 4838 impetu
824 4769 1199 4838 destruxit,et
1228 4772 1489 4824 antorem
1525 4767 1729 4822 mortis
1761 4766 1890 4820 reli-

218 4859 389 4929 gavit,
426 4859 732 4926 nobisque
763 4856 890 4910 vita:
919 4857 1405 4926 mternzejanuam
1430 4855 1890 4927 patefecit.Unde

218 4948 461 5018 pulchre
483 4947 610 5001 illic
635 4945 945 5016 subjunxit
963 4946 1276 5017 Apostolus
1299 4965 1310 5002 :
1336 4953 1568 5018 Propter
1589 4946 1728 5017 quod
1751 4950 1893 5000 Deus

218 5037 382 5091 illum
413 5037 698 5092 exultavit
730 5035 911 5105 (lbitl.,
939 5035 1016 5105 8),
1048 5040 1157 5090 etc.

289 5127 561 5198 Coeperat
595 5121 911 5194 Apostolus
938 5125 1294 5179 mundanam
1319 5123 1665 5195 sapientiam
1699 5138 1893 5192 repro-

219 5215 446 5276 bare,et
478 5217 678 5284 coepta
703 5211 1022 5266 intentione
1053 5229 1447 5283 perseverans,
1469 5211 1716 5281 adjecit:
1750 5210 1895 5281 (305)

223 5302 410 5358 Videte
440 5304 601 5358 enim
635 5301 979 5354 vocationem
1020 5305 1272 5370 vestram,
1312 5302 1539 5369 fratres,
1600 5300 1732 5369 quia
1783 5316 1898 5353 non

220 5391 384 5445 multi
411 5391 700 5461 sapientes
729 5387 1028 5442 secundum
1055 5405 1412 5459 carnem,non
1436 5388 1598 5443 multi
1629 5390 1894 5459 potentes,

290 5516 455 5583 (305)
498 5514 566 5569 In
601 5515 802 5581 autog.
845 5526 1029 5636 mar-fg.
1063 5513 1156 5568 hic
1186 5511 1399 5585 legitur
1429 5529 1553 5584 cap.
1585 5511 1680 5565 Vl.

291 5587 453 5636 (304)
489 5582 859 5636 Particulam
896 5599 953 5636 se
993 5623 1007 5636 .
1042 5601 1167 5636 aute
1197 5585 1255 5636 in
1283 5589 1475 5636 autne.
1511 5583 1674 5636 desid

291 5582 453 5657 (304)
488 5582 859 5662 Particulam
896 5582 1007 5648 sed,
1042 5601 1167 5656 quae
1197 5582 1268 5664 inf
1283 5589 1475 5664 autog.
1499 5582 1896 5664 desideratur,

227 5673 366 5718 cum
404 5670 628 5716 sensus
664 5657 906 5712 omnino
933 5661 1281 5727 exposceret,
1315 5657 1642 5715 addendam
1674 5657 1895 5713 censui.

1995 4678 2372 4749 piscatorem,
2424 4677 2525 4731 sed
2585 4694 2686 4747 per
2727 4677 3072 4748 piscatorem
3107 4676 3366 4732 lucratus
3397 4683 3485 4732 est
3517 4694 3646 4732 ora-

1999 4771 2205 4822 torem.
2269 4770 2511 4838 Magnus
2557 4767 2880 4838 Cyprianus
2913 4771 3139 4834 orator;
3174 4768 3274 4822 sed
3329 4768 3516 4838 major
3549 4767 3649 4823 illo

2002 4855 2204 4910 Petrus
2236 4856 2508 4925 piscator,
2527 4872 2627 4926 per
2657 4873 2829 4926 quem
2862 4857 3108 4911 credidit
3139 4874 3255 4911 non
3298 4857 3486 4912 solum
3519 4875 3650 4912 ora-

2002 4949 2112 5013 tor,
2149 4944 2246 4997 sed
2281 4944 2454 4998 etiam
2487 4944 2820 5016 imperator.
2855 4946 2998 5000 Hinc
3043 4951 3131 5000 est
3169 4947 3318 5017 quod
3367 4947 3653 5002 Dominus

2003 5031 2420 5086 Nathanaelem
2473 5033 2746 5087 laudibus
2799 5034 3052 5104 praetulit
3098 5035 3274 5104 (Joa-n.
3333 5053 3364 5103 ί,
3410 5035 3518 5105 45),
3553 5033 3654 5088 sed

2005 5121 2073 5174 ad
2117 5120 2462 5190 dignitatem
2496 5121 2855 5190 apostolatus
2882 5139 2993 5175 non
3026 5122 3368 5192 assumpsit.

2077 5211 2139 5262 Et
2188 5224 2308 5277 quae
2357 5223 2466 5259 non
2511 5214 2638 5262 sunt
2705 5209 3032 5278 (subaudiri
3091 5211 3329 5280 quidem
3397 5214 3586 5282 potest
3641 5224 3654 5263 :

2007 5313 2204 5351 revera
2234 5295 2513 5365 ignobilia
2550 5301 2604 5349 et
2636 5297 3118 5368 contemptibilis)
3167 5305 3227 5352 ut
3257 5315 3339 5364 ea,
3374 5316 3490 5368 quae
3530 5302 3661 5354 sunt

2006 5383 2322 5457 (similiter,
2385 5398 2584 5437 revera
2641 5384 2923 5455 ignobilia
2952 5391 3008 5440 et
3034 5388 3521 5458 contemptibilia)
3561 5386 3658 5440 tte-

2077 5509 2225 5576 (305)
2260 5505 2441 5582 Vulg._
2462 5508 2637 5582 Elegit
2669 5509 2806 5582 Deus
2838 5514 2897 5564 ut
2936 5511 3238 5580 confundat
3285 5514 3574 5582 sapientes,
3608 5510 3658 5564 et

2010 5582 2240 5652 inﬁrma
2270 5579 2467 5635 mundi
2498 5581 2661 5651 elegit
2690 5581 2845 5649 Deus,
2879 5590 2936 5638 ut
2966 5579 3266 5651 confundat
3293 5579 3477 5654 tortia.
