3996 6232
361 418 482 481 303

1379 415 1716 476 ATTONlS
1764 414 2345 474 VERCELLENSIS
2394 414 2746 474 EPISCOPI

3651 416 3781 476 204

356 556 616 609 strueret.
649 550 778 606 Sive
807 565 941 604 cum
972 548 1113 603 dicit
1149 564 1161 602 :
1198 549 1331 615 Quae
1374 564 1485 601 non
1543 556 1689 611 sinit,
1726 548 1995 616 despecta
2028 549 2077 613 Α
2116 549 2221 614 est,
2258 547 2311 598 in
2345 564 2461 615 qua
2490 546 2688 600 omnia
2734 546 2871 599 fecit
2898 562 3033 599 cum
3067 548 3257 605 Patre.
3291 549 3348 600 et
3380 546 3504 617 ipse
3535 562 3570 601 a
3599 546 3775 603 nullo

357 640 535 711 hujus
566 638 773 694 mundi
804 637 1127 710 intelligere
1165 636 1448 691 debemus
1484 655 1496 703 ;
1533 636 1744 691 Christi
1777 636 2003 690 scilicet

360 728 675 799 apostolos,
736 726 859 799 qui,
909 725 1182 798 quoniam
1233 726 1436 779 mundi
1468 726 1713 796 gloriam
1749 742 1863 779 non
1896 724 2001 778 ha-

360 816 777 888 bebant,quasi
807 831 922 871 non
954 814 1533 884 essejudieabantur.
1560 814 1843 869 Similiter
1864 829 1999 867 cum

362 903 563 961 subdit
594 920 607 958 :
644 905 708 961 Ut
735 920 802 959 ea
841 919 961 975 qua;
1006 906 1136 958 sunt
1180 902 1498 966 destrueret,
1559 902 2002 973 intelligendum

361 998 470 1064 est,
501 992 771 1066 gloriosa,
824 996 882 1047 et
927 990 1226 1058 sublimia,
1281 1008 1412 1062 quae
1462 1007 1589 1045 esse
1623 992 2002 1060 putabantur,

361 1082 499 1151 quia
528 1082 588 1135 in
618 1078 822 1135 mundi
866 1078 1052 1151 gloria
1099 1079 1517 1134 consistebant.
1572 1079 1790 1133 Dicitur
1818 1095 1955 1149 ergo
1990 1095 2003 1132 :

356 1170 455 1234 Ea,
507 1185 634 1240 quae
681 1185 797 1224 non
844 1173 1004 1235 sunt,
1070 1168 1128 1222 id
1197 1172 1305 1232 est,
1373 1168 1645 1238 despecta
1692 1167 1890 1237 elegit,
1943 1171 2007 1221 ut

354 1273 423 1313 ea
467 1273 592 1329 qua:
642 1263 782 1313 sunt
840 1256 897 1310 id
968 1260 1059 1311 est
1105 1254 1359 1327 gloriosa
1407 1256 1734 1310 destrueret
1777 1273 1790 1321 ;
1852 1255 2005 1325 quod

353 1351 410 1401 et
425 1345 645 1402 factum
662 1361 793 1401 esse
812 1344 1326 1415 cognoscimusmrl
1356 1344 1825 1414 praedicationem
1849 1360 2009 1396 nam-

351 1450 465 1505 que
493 1432 893 1505 apostolorum
925 1432 1094 1487 multi
1120 1449 1284 1503 reges
1317 1437 1375 1487 et
1406 1432 1586 1501 hujus
1618 1430 1817 1486 smeuli
1850 1431 2006 1501 prin-

353 1522 514 1591 cipes
542 1522 793 1589 confusi,
822 1521 1105 1577 destructi
1128 1527 1267 1576 sunt
1296 1526 1352 1575 et
1386 1521 1594 1575 humili
1626 1521 1839 1577 Christi
1864 1522 2009 1592 jugo

359 1626 423 1666 se
452 1610 867 1667 subdiderunt.

437 1742 551 1798 Sed
601 1759 706 1798 cur
753 1742 873 1798 hinc
917 1742 1202 1798 Dominus
1249 1742 1505 1814 elegerit,
1539 1743 1850 1815 Apostolus
1881 1760 2009 1799 ma-

363 1830 622 1897 nifestat,
671 1832 1035 1903 subjungens
1085 1832 1187 1901 ε,οι
1217 1848 1325 1886 non
1355 1831 1625 1900 glorietur
1666 1835 1844 1887 omnis
1884 1849 2009 1887 caro

363 1922 428 1976 in
450 1928 729 1992 conspectu
757 1921 892 1991 ejus.
928 1918 1114 1975 Omnis
1143 1936 1290 1986 caro,
1323 1920 1514 1976 omnis
1546 1920 1795 1975 carnalis
1828 1922 2012 1977 scien-
2040 1911 2086 1975 B

359 2008 444 2077 tia
484 2007 729 2081 intelligi
773 2013 984 2080 potest,
1038 2013 1102 2062 ut
1149 2008 1226 2063 sit
1269 2026 1479 2064 sensus
1534 2026 1546 2064 :
1604 2010 1717 2064 Non
1749 2012 2016 2079 glorietur

356 2098 535 2152 omnis
562 2113 689 2153 caro
717 2099 778 2151 in
806 2105 1089 2168 conspectu
1118 2101 1262 2168 ejus,
1304 2096 1361 2151 id
1394 2102 1500 2163 est,
1565 2102 1628 2152 ut
1663 2098 1855 2152 omnis
1888 2115 2014 2152 car-

355 2186 505 2242 nalis
535 2186 781 2242 scientia
837 2186 1148 2242 erubescat
1179 2190 1239 2241 et
1297 2188 1697 2241 confundatur
1754 2187 1810 2240 in
1871 2204 2014 2241 con-

356 2279 557 2347 spectu
592 2274 715 2346 Dei,
744 2274 946 2345 judice
977 2275 1129 2346 ipso.
1160 2274 1423 2330 Carnalis
1460 2280 1650 2329 autem
1685 2274 2018 2330 intellectus

360 2363 740 2431 est,difﬂdere
772 2363 873 2418 Dei
895 2364 1157 2435 potentia
1177 2364 1461 2435 virginem
1499 2381 1697 2435 parere
1731 2365 2016 2435 potuisse,

367 2456 469 2507 aut
486 2450 787 2507 hominem
810 2458 1109 2506 mortuum
1137 2452 1863 2525 vivificari.Congrucntius
1886 2470 2017 2508 vero

371 2540 567 2595 omnis
598 2557 731 2596 caro
760 2538 1126 2612 intelligitur.
1162 2542 1353 2597 omnis
1386 2542 1582 2611 homo,
1633 2560 1666 2597 a
1713 2549 1874 2614 parte
1933 2547 2018 2596 to-

372 2633 503 2684 tum
537 2646 551 2698 ;
599 2633 664 2684 ut
715 2628 792 2684 sit
843 2646 1055 2685 sensus
1086 2646 1099 2685 :
1136 2630 1351 2685 Idcirco
1384 2635 1533 2685 Deus
1585 2631 1763 2685 nullis
1794 2631 2018 2687 meritis

373 2717 836 2790 praacedentibus
868 2718 1104 2774 inﬁrma
1148 2719 1353 2773 mundi
1386 2718 1581 2791 elegit,
1639 2725 1694 2774 et
1726 2721 2015 2791 despecta,

373 2811 443 2862 ut
491 2822 604 2863 non
660 2805 872 2863 habeat
919 2807 1119 2863 omnis.
1156 2807 1351 2873 homo,
1399 2809 1469 2862 de
1516 2825 1576 2863 se
1609 2810 1763 2863 unde
1812 2809 2016 2865 merito

371 2895 609 2967 gloriari
642 2895 830 2967 possit
877 2897 938 2951 in
988 2902 1302 2967 conspectu
1335 2896 1471 2965 Dei,
1507 2913 1572 2952 ac
1618 2897 1663 2951 si
1700 2902 1897 2967 aperte
1928 2899 2014 2952 di-

369 2988 560 3040 ceret:
595 2982 669 3039 Ut
697 3002 813 3040 non
844 2984 1126 3057 glorietur
1154 2985 1346 3040 omnis
1380 2985 1554 3041 homo
1607 2985 1664 3040 in
1697 2991 2011 3059 conspectu

369 3073 497 3144 ejus
518 3072 587 3128 de
617 3072 871 3146 propriis
902 3073 1143 3129 meritis.
1175 3073 1303 3128 Haec
1323 3090 1457 3146 ergo
1490 3075 1778 3130 sententia
1806 3093 2011 3131 omnes

367 3160 826 3234 comprehendit,
857 3166 977 3217 tam
1002 3162 1220 3232 justos,
1254 3180 1423 3235 quem
1470 3162 1723 3234 injustos
1758 3181 1770 3219 :
1805 3164 2010 3236 injusti

364 3250 542 3351 enim,
576 3251 715 3323 quia
745 3250 889 3351 nihil
921 3250 1157 3351 habent,
1189 3269 1303 3351 non
1339 3257 1428 3351 est
1458 3254 1611 3351 unde
1641 3253 2003 3351 glorientur;
2037 3276 2079 3341 ρ
2119 3296 2165 3351 ri

354 3338 503 3409 justi
533 3343 750 3410 autem,
782 3340 892 3395 etsi
922 3340 1140 3396 habent
1166 3342 1319 3396 unde
1339 3341 1576 3414 gloriari
1608 3344 1854 3413 possint,
1889 3360 2005 3398 non

358 3431 555 3485 tamen
578 3446 611 3485 a
641 3430 830 3495 se,sed
856 3446 890 3485 a
914 3434 1026 3484 Deo
1052 3431 1123 3499 (11
1152 3430 1333 3501 Cor.x,
1374 3431 1636 3499 l7).Quid
1661 3449 1795 3503 ergo
1828 3438 2008 3488 restat

362 3515 701 3574 salvandis?
729 3517 886 3573 Nihil
917 3517 1097 3591 aliud,
1130 3518 1243 3573 nisi
1282 3521 1470 3591 gratia
1501 3520 1856 3575 miserantis.
1892 3520 2001 3576 Sed

359 3622 433 3661 ne
470 3607 616 3662 forte
660 3607 848 3662 sancti
887 3623 949 3663 se
1003 3608 1226 3680 absque
1272 3608 1452 3679 gloria
1495 3611 1849 3665 remansisse
1895 3628 2004 3682 pu-

358 3696 571 3760 tarent,
602 3695 855 3766 subjecit
883 3712 896 3749 :
927 3698 1009 3750 Ea:
1036 3698 1154 3767 ipso
1183 3703 1366 3751 autem
1396 3715 1484 3753 vos
1511 3701 1636 3753 estis
1688 3701 1747 3753 in
1782 3700 2004 3757 Christo

358 3782 488 3837 Jesu
511 3799 534 3843 ;
564 3787 847 3854 tanquam
880 3784 1097 3839 diceret
1156 3802 1168 3840 :
1235 3786 1359 3839 Non
1396 3804 1498 3841 vos
1529 3789 1747 3858 putetis
1779 3788 2003 3859 absque

358 3869 547 3943 gloria
578 3871 967 3928 remansisse:
999 3873 1368 3945 gloriandum
1392 3876 1606 3947 quippe
1637 3877 1801 3931 vobis
1832 3876 1998 3931 estin

358 3963 473 4015 Deo
494 3976 598 4034 per
615 3960 817 4018 Jesum
839 3962 1135 4018 Christum
1164 3981 1176 4032 ;
1202 3965 1338 4035 quia
1370 3965 1459 4020 Dei
1483 3966 1670 4036 gratia
1688 3967 1758 4019 ad
1785 3965 1997 4021 Christi

352 4047 529 4125 ﬁdem
561 4049 702 4107 estis
733 4051 936 4121 vocati,
970 4058 1025 4108 et
1052 4052 1111 4107 in
1168 4054 1295 4125 ejus
1327 4056 1592 4109 membra
1620 4055 1804 4110 effecti
1866 4072 1878 4109 :
1931 4072 1998 4110 ex

348 4135 477 4210 ipso
538 4156 812 4212 namque,
871 4142 928 4196 id
987 4147 1074 4199 est
1131 4158 1200 4198 ex
1242 4143 1379 4211 Deo,
1439 4144 1538 4216 qui
1593 4148 1683 4198 est
1731 4143 1994 4215 omnipo-

347 4230 498 4295 tens,
540 4246 642 4285 vos
673 4229 814 4287 estis
846 4230 904 4286 in
931 4231 1155 4288 Christo
1185 4232 1409 4295 Jesu,id
1432 4238 1543 4298 est,
1568 4232 1627 4286 in
1652 4234 1764 4287 fide
1783 4233 1994 4287 Christi

344 4315 502 4374 Jesu.
536 4319 635 4374 Dei
667 4320 824 4375 enim
856 4321 1219 4394 propositum
1257 4321 1383 4389 fuit,
1419 4328 1484 4375 ut
1531 4323 1832 4375 credentes
1865 4338 1990 4393 per-

342 4405 637 4462 Christum
669 4416 1052 4482 agnoscerent
1082 4411 1181 4465 Dei
1213 4410 1538 4475 veritatem,
1573 4416 1631 4463 et
1672 4409 1991 4464 misericor-

341 4494 532 4553 diam:
559 4497 767 4554 veritas
796 4503 989 4555 autem
1023 4506 1112 4555 est
1140 4498 1447 4553 Trinitatis
1482 4497 1823 4569 mysterium
1850 4522 1864 4562 ς
1890 4498 1995 4552 mi-

340 4586 660 4641 sericordia
687 4604 965 4659 vero,qua
989 4587 1278 4658 redempti
1301 4603 1529 4653 sumus,
1556 4601 1690 4639 cum
1724 4601 1990 4643 essemus

338 4672 573 4744 captivi.
598 4722 605 4731 .

408 4778 610 4850 Igitur,
660 4785 725 4836 ut
780 4784 1111 4838 ostenderet
1158 4779 1293 4851 quis
1350 4778 1523 4833 fuerit
1570 4777 1680 4833 iste
1721 4780 1983 4839 Christus

334 4869 523 4937 Jesus,
585 4871 892 4941 subjunxit
923 4889 935 4926 :
973 4872 1077 4939 Qui
1134 4871 1313 4939 [actus
1353 4873 1431 4921 est
1465 4867 1618 4922 nobis
1647 4870 1921 4939 sapientia
1951 4891 1985 4930 a

331 4956 455 5022 Deo,
513 4968 565 5015 et
600 4961 848 5033 justitia,
899 4964 951 5015 et
980 4956 1364 5024 sanctiﬁcatio,
1418 4959 1469 5010 et
1524 4955 1842 5027 redemptio.
1898 4963 1977 5017 Ad

302 5048 834 5104 °contirmationem
867 5047 1083 5117 quippe
1114 5043 1378 5097 ﬁdelium
1402 5046 1656 5100 ostendit
1684 5046 1977 5106 Christum

325 5136 624 5193 voluntate
648 5135 858 5205 Patris,
894 5133 1093 5189 omnia
1123 5132 1331 5203 egisse,
1366 5149 1491 5204 quae
1526 5134 1675 5202 fecit,
1711 5142 1774 5190 ut
1805 5155 1978 5209 agno-

323 5231 507 5295 scant,
561 5229 619 5281 et
667 5222 857 5278 sciant
914 5238 975 5277 se
1020 5237 1216 5276 veram
1276 5222 1644 5293 sapientiam,
1704 5230 1760 5278 et
1791 5227 1973 5295 justi-

319 5312 485 5384 tiam,
535 5318 594 5368 et
644 5309 1187 5375 sanctificationem,
1241 5314 1297 5365 et
1353 5313 1811 5384 redemptionem
1842 5331 1970 5385 per-

318 5401 546 5473 cepisse
577 5414 681 5470 per
711 5394 1010 5453 Christum
1046 5416 1059 5454 :
1096 5415 1264 5454 nemo
1298 5416 1551 5473 namque
1581 5402 1973 5469 redemit,nisi

318 5489 474 5560 quod
508 5500 685 5541 suum
718 5488 825 5538 est.
884 5488 989 5542 Sed
1052 5489 1204 5559 quod
1275 5488 1412 5544 dicit
1471 5507 1482 5545 :
1546 5492 1654 5558 Qui
1676 5493 1864 5561 factus
1893 5496 1971 5546 est

314 5575 477 5632 nobis
503 5573 925 5644 sapientia,non
947 5576 1017 5631 ad
1050 5577 1413 5645 divinitatem
1445 5580 1574 5650 ejus
1597 5580 1966 5639 referendum

390 5679 539 5757 (506)
572 5680 638 5736 In
669 5682 864 5755 autog.
900 5699 1084 5759 marg.
1117 5683 1209 5742 hic
1239 5683 1454 5757 legitur
1482 5702 1609 5759 cap.
1643 5685 1767 5745 VII.

2114 635 2323 698 factus,
2388 639 2521 688 ante
2570 634 2768 689 omnia
2814 633 3026 689 saecula
3056 634 3293 705 genitus
3347 644 3437 690 est
3475 635 3548 690 ab
3583 652 3673 690 eo.
3706 637 3775 691 In

2115 726 2298 776 l'orma
2330 740 2465 795 ergo
2499 722 2880 777 humanitatis
2914 724 3079 778 nobis
3112 724 3306 779 factus
3336 729 3425 778 est
3457 742 3491 779 a
3520 725 3639 780 Deo
3677 742 3774 781 sa-

2116 810 2367 880 pientia;
2403 812 2541 881 quia
2572 810 2825 881 Spiritus
2856 818 3039 865 sancti
3065 812 3249 882 gratia
3269 813 3339 866 de
3361 812 3585 883 virgine
3617 830 3774 869 con-

2115 905 2318 969 ceptus
2373 904 2545 954 estet
2581 906 2772 954 natus.
2834 900 2939 965 Qui
2995 901 3151 955 enim
3206 902 3262 955 in
3295 901 3632 957 substantia
3680 903 3779 958 di-

2118 988 2373 1041 vinitatis
2408 1005 2544 1043 vera
2582 994 2703 1043 erat
2746 989 2926 1044 Patris
2965 990 3290 1059 sapientia;
3343 1007 3445 1061 per
3492 990 3779 1047 humani-

2116 1079 2296 1130 tatem
2330 1076 2497 1131 nobis
2517 1078 2703 1131 factus
2736 1082 2823 1131 est
2848 1077 3173 1146 sapientia;
3209 1079 3489 1148 quoniam
3509 1096 3613 1150 per
3632 1097 3782 1135 eum

2116 1180 2308 1218 verum
2354 1164 2668 1220 didicimus
2719 1166 3087 1241 sapieptiam,
3121 1166 3177 1219 id
3211 1171 3300 1221 est
3327 1167 3638 1222 Trinitatis
3671 1186 3786 1224 co-

2118 1252 2458 1322 gnitionem.
2518 1253 2795 1308 Similiter
2842 1254 2941 1323 qui
2973 1254 3032 1307 in
3066 1254 3284 1308 deitate
3309 1256 3548 1325 justitia
3581 1257 3783 1315 Patris

2118 1346 2263 1408 erat,
2296 1345 2354 1395 et
2384 1358 2484 1411 per
2513 1342 2936 1397 humanitatem
2966 1343 3129 1397 nobis
3171 1343 3361 1398 factus
3394 1346 3782 1415 estjustitia;

2121 1429 2260 1498 quia
2290 1432 2577 1485 credendo
2636 1431 2693 1484 in
2750 1448 2905 1497 eum,
2939 1436 2996 1485 et
3029 1432 3127 1485 Dei
3168 1431 3377 1487 Filium
3409 1435 3783 1507 conﬁtendo,

2119 1517 2230 1586 ipsi
2264 1535 2470 1572 sumus
2502 1519 2851 1591 incorporati
2883 1536 2948 1574 ac
2980 1537 3081 1591 per
3109 1520 3218 1575 hoc
3241 1520 3580 1591 justiﬁcati.
3643 1526 3778 1589 Quo

2119 1606 2275 1661 enim
2323 1607 2572 1679 quisque
2616 1609 2803 1680 magis
2854 1608 2935 1663 illi
2982 1608 3243 1678 inhaeret,
3294 1614 3459 1666 tanto
3513 1613 3786 1684 amplius

2112 1694 2472 1764 justiﬁcatur
2504 1697 2774 1767 :justum
2834 1714 3042 1769 nempe
3071 1702 3181 1765 est,
3213 1703 3298 1766 ut,
3331 1699 3546 1771 spretis
3583 1702 3786 1758 omni-

2122 1785 2250 1853 bus,
2286 1783 2446 1838 solus
2478 1786 2713 1841 Greater
2742 1793 3049 1842 veneretur
3104 1792 3159 1842 et
3215 1789 3509 1844 adoretur.
3555 1790 3783 1850 Factus

2120 1877 2208 1927 est
2238 1877 2293 1926 et
2324 1874 2704 1929 sanctiﬁcatio
2732 1900 2745 1944 ;
2779 1875 3059 1946 quoniam
3119 1893 3221 1948 per
3252 1893 3387 1933 eum
3431 1895 3546 1934 non
3580 1882 3783 1937 solum

2125 1962 2195 2015 ab
2230 1961 2565 2016 idololatria:
2622 1968 2679 2018 et
2711 1964 2961 2034 propriis
3010 1964 3244 2036 ﬂagitiis
3297 1966 3511 2037 expiati
3540 1985 3781 2038 sumus,

2125 2051 2226 2104 sed
2258 2052 2434 2105 etiam
2468 2052 2541 2106 ab
2580 2052 2738 2106 omni
2784 2053 3228 2123 inquinamento
3276 2056 3491 2110 mentis
3543 2062 3601 2112 et
3648 2074 3782 2113 cei--

2127 2139 2303 2210 poris.

2199 2228 2477 2298 Denique,
2510 2228 2649 2298 quia
2708 2230 2827 2283 haec
2888 2230 3271 2286 sanctificatio
3302 2248 3404 2302 per
3435 2234 3776 2304 passionem

2127 2317 2253 2385 ejus
2312 2318 2462 2371 facta
2520 2322 2626 2387 est,
2685 2318 3097 2374 convenienter
3139 2320 3391 2390 subjecit
3425 2338 3437 2376 :
3469 2324 3535 2377 Et
3560 2323 3777 2379 redem-

2126 2406 2283 2473 ptio:
2314 2405 2531 2461 oblatio
2563 2424 2815 2477 namque
2844 2408 3102 2480 corporis
3160 2409 3374 2465 Christi
3435 2418 3636 2468 nostra
3666 2413 3780 2469 fuit

2129 2494 2468 2565 redemptio.
2502 2495 2619 2549 Iloc
2658 2497 2814 2550 enim
2864 2498 3114 2567 pretium
3174 2516 3275 2569 pro
3320 2499 3489 2556 nobis
3539 2501 3777 2558 diabolo

2128 2583 2289 2637 dedit
2321 2600 2333 2637 :
2369 2584 2508 2638 dum
2541 2585 2696 2639 enim
2738 2602 2799 2640 se
2833 2587 2943 2640 Deo
2977 2587 3123 2641 Patri
3158 2587 3215 2641 in
3249 2605 3349 2643 ara
3377 2590 3568 2645 crucis
3599 2594 3773 2646 obtu-

2128 2671 2216 2741 lit,
2260 2689 2491 2727 omnem
2540 2674 2756 2743 peccati
2806 2676 3321 2732 contradictionem
3366 2678 3427 2733 in
3476 2694 3537 2734 se
3574 2678 3706 2750 ipso
3737 2697 3775 2736 ο.

2128 2761 2294 2815 nobis
2324 2762 2568 2816 abstulit
2598 2780 2610 2817 :
2647 2779 2782 2817 nam
2815 2764 2943 2818 ideo
2973 2764 3202 2820 diabolo
3233 2782 3295 2821 se
3324 2767 3582 2837 cupienti
3617 2769 3774 2824 occi-

2125 2851 2281 2920 dere,
2317 2856 2379 2905 ut
2425 2851 2713 2922 impleret,
2747 2853 3044 2921 permisit;
3080 2860 3161 2920 ut,
3198 2854 3339 2909 dum
3400 2854 3568 2912 illum
3600 2857 3772 2915 inno-

2125 2945 2348 2995 centem
2383 2940 2650 2995 indebita:
2683 2943 2853 2996 morti
2893 2942 3165 3010 traderet,
3202 2960 3328 3010 nos,
3364 2961 3514 3015 quos
3571 2948 3770 3004 debito

2122 3029 2377 3097 tenebat,
2409 3030 2926 3102 amitteret,sicque
2941 3048 3048 3087 nos
3078 3032 3333 3103 captivos
3356 3050 3392 3089 a
3424 3033 3640 3091 diaboli
3662 3053 3771 3109 po-

2121 3123 2328 3173 testate
2358 3124 2602 3174 erueret.

2192 3209 2413 3278 Itaque,
2446 3208 2586 3279 quia
2628 3210 2883 3264 ostendit
2912 3210 2970 3265 in
3002 3227 3119 3281 quo
3166 3213 3385 3268 sanctis
3433 3220 3589 3270 esset
3637 3215 3768 3287 glo-

2172 3298 2412 3367 andum,
2467 3302 2532 3351 ut
2580 3298 2903 3354 evidentius
2949 3299 3057 3355 hoc
3115 3301 3565 3373 demonstraret,
3628 3322 3764 3377 pro-

2118 3385 2414 3455 pheticum
2445 3386 2708 3441 subdidit
2742 3389 3164 3459 testimonium,
3197 3390 3396 3446 dicens
3431 3410 3444 3448 :
3481 3394 3544 3449 Ut
3574 3410 3765 3465 quem-

2116 3474 2415 3529 admodum
2443 3476 2707 3545 scriptum
2758 3483 2858 3546 est,
2892 3476 3157 3532 videlicet
3208 3479 3267 3532 in
3322 3480 3577 3537 Jeremia
3609 3500 3621 3536 :
3658 3485 3767 3551 Qui

2114 3564 2405 3633 gloriatur,
2440 3566 2498 3619 in
2527 3566 2756 3620 Domino
2783 3566 3067 3635 glorietur,
3087 3569 3217 3634 (Jer.
3249 3585 3327 3634 Ix,
3357 3570 3468 3639 23).
3503 3570 3763 3643 Dignum

2114 3658 2204 3707 est
2231 3654 2464 3719 etenim,
2496 3658 2552 3709 et
2583 3652 2747 3709 valde
2778 3656 3195 3723 necessarium,
3227 3662 3293 3711 ut
3324 3659 3423 3729 qui
3451 3658 3761 3732 gloriatur,

2113 3740 2169 3794 in
2210 3742 2448 3796 Domino
2481 3741 3064 3813 glorietur,quoniam
3091 3745 3148 3799 in
3179 3750 3461 3802 aeternum
3485 3766 3602 3804 non
3626 3766 3763 3806 con-

2110 3830 2408 3884 fundetur.
2461 3831 2552 3884 Sic
2591 3848 2726 3901 ergo
2776 3830 2877 3901 qui
2907 3830 3209 3903 gloriatur,
3237 3833 3295 3888 in
3345 3834 3601 3893 Domino
3632 3839 3759 3911 glo-

2111 3918 2313 3986 riatur,
2345 3918 2394 3973 si
2426 3935 2598 3973 omne
2633 3919 2875 3989 bonum,
2916 3920 3068 3988 quod
3103 3920 3160 3974 id
3192 3938 3253 3976 se
3286 3926 3608 3995 cognoscit,
3641 3945 3758 3987 non

2110 4023 2283 4061 suum
2315 4023 2443 4061 esse
2472 4007 2630 4074 dicit,
2664 4013 2767 4062 aut
2822 4008 3025 4076 credit,
3081 4011 3181 4065 sed
3230 4012 3350 4079 Dei,
3379 4030 3415 4068 a
3444 4031 3560 4085 quo
3591 4033 3757 4074 acce-

2107 4096 2211 4165 pit,
2245 4094 2300 4148 id
2334 4100 2442 4161 est,
2476 4095 2523 4149 si
2558 4113 2671 4149 non
2705 4095 2896 4150 solum
2928 4097 3082 4167 quod
3115 4103 3222 4165 est,
3257 4100 3357 4156 sed
3386 4102 3563 4158 etiam
3596 4107 3754 4177 quod

2107 4183 2249 4237 bene
2279 4188 2388 4251 est,
2421 4183 2493 4238 ab
2526 4182 2623 4239 illo
2655 4201 2716 4240 se
2745 4185 3038 4257 accepisse
3068 4185 3360 4260 intelligit,
3393 4206 3428 4245 a
3456 4209 3573 4262 quo
3603 4211 3765 4252 acce~

2105 4271 2206 4342 pit,
2258 4275 2321 4325 ut
2367 4276 2538 4342 esset,
2588 4274 2759 4343 juxta
2812 4273 2957 4330 illud
3024 4275 3228 4331 Jacobi
3279 4295 3291 4331 :
3345 4277 3514 4337 Omne
3567 4281 3760 4341 datum

2100 4362 2367 4431 Optimum
2404 4366 2453 4416 et
2515 4377 2673 4417 omne
2724 4362 2928 4418 donum
2971 4368 3276 4435 perfectum
3321 4367 3613 4426 desursum
3657 4382 3753 4442 est,

2098 4448 2417 4503 descendens
2471 4467 2506 4505 α
2554 4452 2721 4506 Patre
2778 4451 3051 4507 luminum
3105 4455 3246 4524 (Jac.
3281 4472 3319 4522 ι,
3356 4457 3464 4528 17).
3501 4461 3754 4532 Con/“un-

2097 4538 2300 4593 duntur
2325 4556 2458 4608 ergo
2485 4554 2687 4606 omnes,
2719 4542 2816 4609 qui
2843 4540 3078 4596 adorant
3100 4543 3272 4608 idola,
3303 4546 3400 4615 qui
3425 4547 3752 4617 gloriantur

2017 4645 2063 4710 Ι)
2097 4629 2157 4682 in
2187 4630 2500 4683 simulacris
2528 4630 2642 4683 suis
2689 4630 2868 4699 (Psal.
2926 4647 3077 4698 cxvr,
3140 4633 3217 4699 7).
3250 4632 3560 4703 Quoniam,
3594 4639 3749 4695 sicut

2096 4716 2245 4772 alius
2279 4717 2561 4787 propheta
2585 4717 2725 4771 dicit
2757 4734 2769 4772 :
2806 4719 2894 4773 Dii
2922 4722 3175 4788 gentium
3206 4738 3315 4777 non
3342 4723 3748 4801 pluunt,neque

2091 4808 2333 4871 fecerant
2361 4806 2561 4859 omium
2589 4808 2639 4860 et
2667 4814 2871 4864 terram
2900 4811 3027 4878 (Jer.
3062 4827 3176 4879 xxx,
3213 4812 3329 4877 2'3).
3363 4812 3527 4869 Unde
3559 4818 3673 4871 scri

2090 4898 2216 4949 tum
2270 4899 2356 4947 est
2388 4911 2401 4947 :
2434 4894 2545 4959 Dii,
2576 4898 2674 4967 qui
2702 4913 2813 4952 non
2840 4900 3089 4967 fecerunt
3140 4902 3356 4969 cretum,
3389 4908 3483 4958 aut
3513 4907 3744 4975 terram,

2087 4991 2315 5051 pereant
2344 4982 2407 5037 de
2437 4990 2581 5037 terra
2615 4986 2747 5054 (Jer.
2800 5003 2855 5056 x,
2907 4988 3015 5054 11),
3066 4989 3514 5046 Conl'undantur
3542 4995 3739 5063 etiam,

2089 5072 2189 5144 qui
2222 5070 2550 5142 gloriantur
2580 5073 2637 5127 in
2670 5074 3031 5141 hominibus,
3085 5093 3235 5147 quos
3289 5079 3514 5136 nullius
3549 5084 3746 5139 sciunt

2086 5177 2214 5215 esse
2244 5161 2493 5216 virtutis.
2533 5161 2692 5217 Unde
2720 5180 2924 5218 rursus
2975 5165 3259 5236 scriptum
3292 5173 3413 5223 est:
3448 5172 3597 5226 Vana
3625 5188 3739 5244 spes

2083 5250 2323 5304 hominis
2354 5250 2495 5318 (Tob.
2530 5267 2591 5318 ιι,
2644 5252 2755 5321 22).
2815 5252 2954 5305 Item
2988 5269 3000 5305 ε
3036 5254 3354 5311 Maledictus
3407 5256 3588 5326 homo,
3648 5262 3742 5330 qui

2081 5337 2302 5405 conﬁdit
2332 5338 2391 5390 in
2419 5338 2655 5405 homine,
2689 5347 2739 5394 et
2790 5341 2944 5410 ponit
2996 5357 3217 5397 carnem
3261 5344 3549 5402 brachium
3576 5364 3739 5404 suum

2082 5427 2214 5498 (Jer.
2244 5440 2384 5493 xvu,
2414 5425 2493 5494 5).

2152 5512 2299 5581 (506)
2334 5514 2483 5581 (CAP.
2517 5513 2611 5583 II.)
2642 5517 2704 5569 Et
2750 5532 2845 5584 ego
2874 5534 2997 5573 cum
3051 5521 3319 5575 venissem
3360 5522 3431 5577 ad
3461 5539 3580 5591 vos,
3613 5527 3729 5598 fra-

2077 5608 2205 5667 tres,
2238 5601 2367 5655 veni
2394 5616 2503 5656 non
2532 5603 2593 5657 in
2622 5604 2967 5663 sublimitate
3019 5611 3288 5666 sermonis
3338 5616 3395 5667 et
3442 5616 3727 5687 sapientia
