3996 6232
208 347 335 412 309

798 345 1216 410 EXPOSITIO
1259 348 1337 410 IN
1385 347 1807 410 EPISTOLAS
1854 347 2108 410 PAULI.
2140 379 2217 392 --
2256 348 2334 408 ΙΝ
2379 347 2630 411 EPIST.
2677 348 2701 410 Ῑ
2748 351 2849 410 AD
2895 348 3068 412 COR.

3515 350 3635 415 310

205 483 385 542 etiam
419 480 562 555 quia
595 484 834 538 sanctos
866 497 1028 547 suos,
1063 481 1443 552 gloriﬁcando
1473 499 1570 536 eos
1618 481 1869 537 miracu-
1901 484 1950 549 Α
1988 481 2135 536 ritus
2166 482 2498 537 sancti.Per
2529 483 2701 538 ﬁdem
2722 498 2976 554 namque
2999 482 3322 555 accipimus
3345 484 3630 557 Spiritum

204 575 287 631 lis
317 580 374 629 et
414 572 741 628 virtutibus
773 587 1078 626 coruscare
1113 571 1269 625 facit.

285 663 431 733 (509)
465 661 754 716 Praeterea
815 664 876 715 ut
931 661 1264 714 ostenderet
1320 660 1534 730 quibus
1591 659 1877 731 sapientia

207 753 312 809 Dei
349 750 602 807 revelata
641 750 740 814 sit,
777 749 988 819 adjecit
1041 749 1217 802 etiam
1269 749 1562 820 pr0pheta:
1611 749 1872 803 testimo-

209 842 401 898 nium.
433 840 544 895 Sed
581 839 954 903 subauditur,
989 839 1289 892 credentes
1322 842 1704 908 agnoverunt,
1731 839 1874 891 sicut

207 932 484 1000 scriptum
515 937 597 983 est
632 947 650 981 :
701 927 922 982 scilicet
971 926 1028 980 in
1083 926 1276 981 Isaia:
1337 927 1484 993 Quod
1535 930 1720 981 oculus
1764 942 1874 980 non

208 1019 376 1084 vidit,
409 1035 507 1072 nec
537 1019 692 1072 auris
724 1016 964 1082 audivit,
998 1032 1099 1069 nec
1130 1018 1189 1068 in.
1220 1032 1311 1070 cor
1343 1017 1580 1069 hominis
1609 1017 1870 1077 asccmlit,

211 1123 340 1180 qua?
385 1108 729 1180 praeparavit
780 1106 921 1160 Deus
973 1105 1055 1158 his
1103 1107 1199 1174 qui
1253 1105 1489 1174 diligunt
1540 1107 1700 1158 illum
1743 1108 1865 1172 (lsa.

211 1215 363 1266 wa,
398 1198 476 1266 4).
511 1200 630 1250 Hoc
659 1195 806 1250 dicto
839 1194 1120 1258 ostendit,
1153 1193 1292 1264 quia
1327 1195 1478 1248 Deus
1521 1211 1637 1247 rem
1685 1193 1868 1263 inopi-

213 1290 444 1350 natam,
481 1289 537 1338 et
569 1283 907 1348 inauditam,
944 1289 999 1336 et
1030 1282 1433 1336 absconditam
1469 1300 1499 1337 a
1531 1282 1778 1347 saeculis,
1814 1286 1870 1336 et

213 1372 693 1447 generationibus
717 1376 951 1443 repente
975 1376 1250 1443 operatus
1272 1377 1381 1438 est,
1401 1371 1636 1425 mittens
1661 1371 1865 1424 Filium

215 1479 395 1518 suum
427 1462 497 1516 de
527 1461 687 1516 cmlis
731 1461 801 1514 ad
844 1466 1049 1526 terras,
1087 1461 1186 1531 qui
1219 1460 1557 1514 incarnatus
1590 1465 1645 1512 et
1696 1459 1867 1513 homo

210 1553 423 1617 tactus,
449 1551 521 1606 de
552 1549 776 1621 virgine
807 1555 979 1604 natus
1012 1554 1100 1604 est
1127 1566 1138 1603 :
1174 1566 1352 1620 quam
1386 1566 1505 1603 rem
1530 1567 1640 1604 non
1677 1550 1866 1603 solum

209 1642 510 1697 humanus
534 1655 749 1694 sensus
767 1638 1261 1709 comprehendere
1286 1655 1398 1693 non
1425 1638 1634 1709 potuit,
1651 1639 1750 1692 sed
1775 1654 1868 1692 ne-

211 1745 325 1802 que
348 1730 478 1801 ipsa
499 1733 714 1783 natura
742 1726 1022 1798 angelica.
1049 1728 1209 1790 Quod
1232 1727 1387 1781 enim
1411 1727 1680 1797 superius
1702 1727 1864 1791 dixit,

209 1819 321 1875 hoc
350 1834 506 1872 nunc
525 1816 865 1889 prophetico
889 1816 1224 1871 testimonio
1243 1817 1582 1882 conﬁrmat;
1605 1816 1869 1870 videlicet
1897 1849 1945 1915 Β

211 1925 329 1964 non
357 1923 484 1962 esse
507 1906 871 1968 mirandum,
897 1905 943 1959 si
978 1905 1242 1960 homines
1267 1904 1574 1960 Dominicze
1601 1907 1865 1959 lncarna-

209 1996 392 2051 tionis
425 1995 776 2066 mysterium
809 2011 922 2048 non
957 1997 1336 2064 agnoverunt,
1373 1993 1647 2063 quoniam
1696 1992 1868 2048 latuit

207 2085 382 2140 etiam
417 2084 719 2155 principes
752 2081 970 2136 saeculi.
1006 2082 1211 2137 Merito
1241 2086 1436 2135 tamen
1471 2083 1866 2137 condemnan-

206 2178 344 2238 tur;
380 2173 539 2243 quia,
565 2172 675 2226 etsi
707 2171 882 2225 verba
913 2169 1343 2240 praedicationis
1376 2169 1719 2224 scandalum
1752 2169 1867 2224 illis

205 2261 540 2326 faciebant,
608 2258 906 2314 miraculis
939 2263 1132 2314 tamen
1175 2259 1350 2313 ﬁdem
1384 2277 1417 2314 a
1447 2275 1610 2313 ccom
1632 2259 1869 2312 modarc

209 2350 563 2404 debuerant.
599 2351 874 2402 Humana:
905 2348 1121 2418 quippe
1152 2347 1493 2418 ignorantia:
1525 2352 1582 2401 et
1615 2347 1864 2400 infirmi-

204 2437 320 2492 tati
343 2435 530 2489 virtus
553 2436 847 2506 signorum
873 2436 1262 2507 przeponenda
1282 2442 1440 2502 erat;
1465 2441 1521 2490 et
1545 2436 1601 2489 id
1629 2435 1867 2490 omnino

206 2529 341 2581 erat
365 2523 744 2588 credendum,
771 2525 921 2594 quod
955 2524 1226 2579 humanm
1259 2525 1469 2580 rationi
1505 2524 1869 2594 impossibile

204 2613 546 2668 videbatur.
587 2614 696 2667 Hoc
730 2613 910 2682 igitur
938 2618 1057 2668 tam
1092 2613 1384 2669 ineffabile
1414 2614 1632 2668 donum
1665 2613 1868 2667 oculus

208 2719 328 2758 non
359 2702 525 2768 vidit,
559 2701 698 2772 quia
731 2718 842 2756 non
876 2705 964 2757 est
1006 2701 1163 2756 color
1191 2726 1205 2767 ;
1257 2702 1416 2756 auris
1462 2719 1575 2756 non
1626 2700 1866 2768 audivit,

211 2793 351 2863 quia
383 2807 500 2846 non
550 2794 638 2846 est
671 2807 890 2857 sonus;
926 2790 984 2844 in
1017 2807 1114 2844 cor
1143 2790 1402 2845 hominis
1436 2807 1549 2844 non
1582 2791 1866 2856 ascendit,

211 2879 351 2952 quia
368 2897 482 2935 non
502 2883 593 2935 est
619 2884 852 2934 terrena
869 2879 1249 2950 cogitatio.De
1267 2879 1638 2934 inferioribus
1657 2878 1870 2949 quippe

209 2974 456 3024 terrena:
485 2967 872 3040 cogitationes
903 2969 1230 3024 ascendunt
1259 2968 1317 3022 in
1350 2985 1448 3022 cor
1477 2968 1767 3032 hominis;
1801 2969 1872 3020 de

214 3057 622 3130 superioribus
655 3061 854 3112 autem
887 3073 1058 3112 omne
1088 3058 1512 3126 bonum,juxta
1541 3056 1740 3111 Jacobi
1771 3071 1872 3109 vo-

214 3163 367 3215 cem,
421 3145 724 3202 descendit
787 3147 921 3216 (Jac.
973 3163 1012 3210 ι,
1069 3147 1176 3216 17).
1233 3145 1432 3216 Aliter,
1487 3151 1550 3200 ut
1607 3145 1870 3216 quaedam

1985 577 2275 634 sanctum,
2309 571 2406 642 qui
2459 573 2626 626 nobis
2672 572 2887 626 revelat
2928 572 3283 628 voluntatem
3333 580 3391 629 et
3421 592 3632 632 arcana

1987 660 2081 714 Dei
2120 678 2132 713 :
2171 676 2261 713 res
2294 660 2511 730 quippe
2544 660 2642 714 Dei
2706 661 2838 716 sciri
2887 677 3002 715 non
3037 667 3246 732 potest,
3280 665 3389 718 nisi
3415 664 3634 735 Spiritu

1984 749 2190 803 Dei.Et
2223 751 2566 812 notandum,
2589 750 2727 819 quia
2750 750 3008 804 ostendit
3038 768 3097 805 se
3127 750 3255 805 ideo
3278 754 3634 822 missum,ut

1983 843 2208 891 tantum
2245 844 2673 892 sacramentum
2703 857 2816 892 non
2841 838 3032 893 solum
3059 839 3398 895 hominibus
3429 843 3634 912 praedi-

1983 933 2158 992 caret,
2195 928 2292 980 sed
2328 928 2501 981 etiam
2552 929 2918 999 principibus
2972 928 3164 982 saeculi
3195 947 3207 995 ;
3242 936 3534 1001 quatenus
3563 950 3629 988 eo

1982 1016 2409 1086 evangelizante
2463 1018 2747 1071 discerent
2781 1019 2878 1087 qui
2924 1017 2982 1072 in
3015 1019 3176 1073 caelis
3226 1020 3626 1091 corporalibus

1982 1110 2141 1168 sunt,
2167 1110 2220 1158 et
2241 1106 2336 1175 qui
2361 1107 2578 1174 degunt
2602 1107 2712 1159 sub
2735 1106 3041 1161 elementis
3066 1108 3629 1180 ﬁrmamenti,quan-

1980 1199 2106 1247 tum
2138 1194 2353 1247 bonum
2389 1196 2946 1264 perdiderunt,'cum
2981 1213 3082 1267 per
3113 1197 3446 1267 superbiam
3480 1198 3625 1253 ceci-

1979 1281 2210 1346 derunt,
2238 1288 2290 1334 et
2313 1282 2612 1352 proprium
2641 1283 3002 1353 reliquerunt
3025 1284 3625 1356 domicilium.Singu-

1979 1369 2117 1423 laris
2148 1376 2234 1423 est
2265 1388 2398 1439 ergo
2432 1372 2537 1425 iste
2571 1373 2930 1441 praedicator,
2965 1374 3064 1444 qui
3093 1378 3315 1428 tantam
3348 1391 3623 1429 consecu-

1978 1462 2072 1512 tus
2103 1465 2189 1513 est
2219 1460 2503 1528 gratiam;
2539 1465 2639 1514 aut
2669 1461 2823 1515 enim
2857 1479 2889 1515 a
2930 1461 3110 1527 nullo,
3143 1467 3245 1516 aut
3273 1463 3364 1516 vix
3394 1464 3465 1518 ab
3501 1463 3620 1518 ullo

1976 1546 2057 1600 ita
2086 1548 2358 1618 explicari
2378 1549 2886 1618 potuit'l‘rinitatis
2908 1551 3251 1621 mysterium
3279 1569 3292 1617 ;
3328 1553 3480 1606 unde
3505 1568 3623 1606 me-

1978 1636 2086 1689 rito
2117 1654 2218 1690 vas
2249 1636 2545 1691 electionis
2578 1637 2773 1692 divino
2797 1639 3022 1708 judicio
3052 1644 3142 1694 est
3171 1639 3518 1710 appellatus.

2049 1725 2250 1794 Igitur,
2283 1742 2352 1779 ne
2386 1731 2725 1796 putaremus
2746 1744 2879 1782 eum
2912 1728 3266 1799 angelicum,
3295 1734 3397 1784 aut
3428 1729 3611 1784 levem

1976 1813 2192 1868 dixisse
2215 1814 2764 1885 spiritum,subjecit
2788 1833 2800 1871 :
2828 1818 3067 1886 Spiritus
3087 1820 3236 1871 enim
3267 1820 3453 1872 omnia
3472 1835 3622 1872 scru-

1975 1907 2139 1971 tatur,
2175 1902 2437 1957 videlicet
2467 1909 2690 1958 sanctus
2711 1922 2728 1962 .·
2756 1909 2813 1958 et
2842 1910 2932 1959 est
2952 1921 3161 1959 sensus
3194 1923 3206 1960 :
3241 1907 3458 1961 Idcirco
3490 1923 3620 1976 nos,

1976 2008 2103 2060 quae
2137 1990 2426 2061 principes
2458 1991 2652 2045 saeculi
2684 2009 2798 2046 non
2831 1996 3615 2064 agnoverunt,agnoscimus,

1976 2079 2253 2149 quoniam
2287 2079 2382 2132 ille
2408 2078 2658 2150 Spiritus
2682 2096 2787 2133 nos
2814 2081 3000 2146 docet,
3025 2081 3123 2151 qui
3151 2083 3618 2136 scrutatur.Nam

1977 2167 2118 2236 quia
2147 2167 2400 2237 Spiritus
2432 2173 2672 2222 sanctus
2697 2172 2753 2222 et
2778 2185 2844 2222 ex
2871 2173 2981 2222 Deo
2999 2172 3168 2235 est,et
3189 2169 3312 2240 ipse
3334 2169 3487 2224 Deus
3511 2175 3622 2225 est.

1975 2255 2106 2309 ideo
2134 2256 2329 2310 omnia
2351 2257 2527 2325 novit,
2553 2274 2677 2327 qua)
2703 2257 2796 2311 Dei
2822 2262 2979 2312 sunt.
3009 2257 3291 2326 Profunda
3311 2262 3503 2313 autem
3527 2260 3626 2314 Dei

1978 2345 2223 2410 addidit,
2262 2351 2325 2398 ut
2349 2346 2835 2416 ostenderetquia
2856 2361 3088 2400 omnem
3112 2347 3382 2402 virtutem
3409 2352 3466 2402 et
3487 2363 3626 2418 pra:-

1978 2433 2281 2488 scientiam
2317 2435 2412 2487 Dei
2447 2434 2570 2506 ipse
2615 2433 2959 2489 naturaliter
2988 2435 3165 2498 novit,
3203 2435 3357 2506 quod
3385 2435 3625 2489 omnino

1979 2527 2253 2576 creatura:
2277 2523 2638 2593 impossibile
2659 2529 2854 2579 est.Ac
2869 2540 2968 2594 per
2980 2523 3089 2578 hoc
3111 2522 3362 2594 Spiritus
3383 2527 3623 2578 sanctus

1976 2627 2148 2665 verus
2179 2627 2305 2665 esse
2357 2612 2511 2666 Deus
2549 2611 2898 2676 ostenditur,
2928 2616 2986 2666 et
3037 2629 3151 2666 non
3200 2616 3489 2678 creatura,
3523 2612 3626 2666 sed

1978 2700 2232 2754 Creator.
2260 2701 2568 2755 Scrutatur
2587 2706 2780 2755 autem
2806 2701 3020 2767 omnia,
3045 2717 3160 2756 non
3181 2700 3320 2772 quia
3335 2701 3542 2768 nescit,
3561 2705 3628 2756 ut

1978 2789 2255 2858 inveniat,
2277 2790 2375 2844 sed
2403 2791 2540 2859 quia
2562 2789 2707 2844 nihil
2727 2789 3004 2861 relinquit
3021 2791 3174 2860 quod
3198 2789 3438 2846 nesciat.
3454 2790 3628 2846 Seru-

1979 2881 2158 2942 tatur,
2192 2895 2306 2932 non
2343 2884 2404 2933 ut
2435 2878 2714 2945 inveniat,
2749 2878 2889 2950 quia
2920 2879 3118 2934 omnia
3149 2879 3345 2946 novit;
3379 2879 3502 2944 sed,
3526 2878 3628 2950 qui

1981 2965 2087 3020 tibi
2121 2968 2294 3022 datus
2344 2972 2454 3036 est,
2505 2968 2781 3039 Spiritus,
2815 2973 2871 3022 te
2922 2968 3170 3023 scrutari
3220 2969 3437 3023 faciat:
3473 2968 3624 3039 quod

1983 3055 2138 3110 enim
2173 3059 2231 3109 tu
2281 3057 2407 3125 ejus
2453 3056 2733 3111 beneﬁcio
2783 3055 2945 3126 facis,
2994 3056 3119 3127 ipse
3165 3057 3351 3112 facere
3387 3055 3624 3125 dicitur,

1982 3145 2108 3199 sine
2141 3161 2256 3215 quo
2284 3150 2346 3198 tu
2380 3146 2563 3200 facere
2595 3163 2707 3199 non
2740 3149 2922 3215 potes.

213 3235 574 3308 exemplaria
609 3215 848 3303 habent,
883 3235 940 3289 in
982 3251 1081 3290 cor
1109 3234 1366 3289 hominis
1401 3215 1514 3290 non
1547 3215 1867 3301 descendit,
1901 3215 1943 3281 (ἶ
2053 3237 2127 3288 Ut
2158 3238 2349 3286 autem
2374 3238 2568 3303 aperte
2591 3233 2926 3288 ostenderet
2950 3232 3091 3303 quia
3110 3233 3364 3304 Spiritus
3386 3237 3628 3289 sanctus

214 3325 355 3398 quia
403 3324 544 3380 illuc
597 3341 694 3380 cor
743 3323 1001 3379 hominis
1047 3323 1329 3390 ascendit,
1357 3325 1526 3393 juxta
1557 3323 1699 3378 illud
1732 3327 1866 3376 Pro-

211 3415 402 3488 phetas
429 3431 443 3469 :
479 3415 771 3468 Ascensum
803 3415 862 3468 in
893 3412 1048 3468 corde
1078 3415 1193 3484 ejus
1221 3413 1489 3484 disposuit
1519 3415 1578 3466 in
1619 3409 1870 3467 convalle

211 3505 370 3573 ﬂetus
426 3504 804 3572 lacrymarum
852 3503 1027 3572 (Psat.
1079 3519 1309 3571 Lxxxm,
1339 3503 1415 3571 7).
1460 3501 1636 3564 Quo?
1681 3503 1740 3555 In
1790 3501 1867 3553 lo-

211 3609 363 3660 cum,
397 3605 560 3661 quem
588 3592 782 3660 posuit,
813 3590 1079 3645 videlicet
1113 3591 1210 3645 ubi
1243 3590 1496 3645 cmlestis
1528 3590 1720 3660 gloriae
1770 3590 1866 3642 de-

217 3682 494 3750 gustaret
514 3677 871 3734 suavitatem.
900 3680 1040 3734 Cum
1071 3695 1206 3750 ergo
1228 3679 1447 3733 donum
1478 3679 1584 3733 hoc
1612 3677 1669 3731 in
1697 3677 1867 3731 corde

218 3772 347 3823 erat
374 3767 641 3834 Joannis,
666 3769 791 3837 jam
845 3785 1024 3839 supra
1074 3768 1370 3823 hominem
1412 3775 1534 3822 erat
1573 3768 1866 3829 Joannes;

215 3856 356 3928 quia
387 3873 489 3911 cor
530 3857 658 3925 ejus
710 3856 767 3910 in
818 3856 1009 3911 locum
1045 3856 1298 3928 positum
1332 3857 1688 3911 ascenderat.
1725 3857 1866 3908 ltem

214 3945 424 4002 oculus
456 3962 572 4001 non
620 3945 764 3999 vidit
807 3944 1089 4017 virginem
1122 3961 1323 4016 parere
1351 3963 1362 4011 ;
1397 3944 1557 3999 auris
1589 3948 1720 3997 ante
1752 3960 1866 3997 non

215 4035 456 4089 audivit.
493 4035 801 4105 Fulgebunt
838 4034 998 4106 justi,
1030 4035 1172 4089 sicut
1219 4035 1320 4100 sol,
1365 4037 1419 4088 in
1469 4049 1632 4104 regno
1683 4035 1867 4087 Patris

211 4126 324 4179 mei
366 4123 573 4195 (Matth.
611 4141 732 4190 xm,
767 4125 881 4194 43).
914 4125 977 4178 In
1027 4140 1126 4179 cor
1167 4123 1422 4178 hominis
1464 4140 1576 4178 non
1609 4123 1870 4179 ascendit

213 4218 280 4267 ut
311 4216 468 4267 esset
496 4211 682 4267 haeres
709 4212 834 4277 Dei,
859 4212 1110 4267 cohaeres
1139 4211 1278 4267 Jesu
1308 4211 1521 4267 Christi
1545 4213 1717 4280 (ltom.
1743 4229 1864 4276 vm,

214 4302 324 4371 17).
361 4301 488 4356 Haec
520 4318 658 4373 ergo
687 4305 807 4356 tam
841 4300 1119 4372 praeclara
1153 4305 1205 4354 et
1240 4299 1557 4354 ineffabilia
1587 4301 1760 4362 dona,
1797 4301 1867 4354 de

211 4390 430 4464 quibus
461 4389 599 4445 alibi
631 4389 774 4444 dicit
807 4407 818 4444 :
857 4391 1055 4445 Omnia
1083 4390 1225 4444 mihi
1253 4390 1455 4443 tradita
1486 4393 1612 4442 sunt
1642 4407 1673 4442 (ι
1702 4394 1868 4442 Patre

210 4497 330 4535 meo
359 4480 569 4547 (Matth.
595 4496 672 4544 x1,
703 4480 818 4550 27),
845 4479 1188 4550 praeparavit
1217 4479 1391 4546 Deus,
1427 4477 1482 4530 id
1515 4482 1620 4542 est,
1657 4494 1864 4546 praeor-

1979 3320 2176 3375 omnia
2234 3326 2549 3389 scrutatur,
2611 3320 2861 3391 subjecit
2909 3321 3086 3375 etiam
3155 3320 3626 3389 similitudinem,

1980 3410 2180 3464 dicens
2213 3428 2225 3464 :
2261 3411 2392 3476 Quis
2423 3413 2571 3464 enim
2600 3412 2698 3464 scit
2743 3410 3027 3464 hominum
3056 3423 3182 3478 quae
3208 3417 3336 3464 sunt
3365 3409 3628 3480 hominis,

1978 3501 2089 3552 nisi
2115 3501 2344 3568 spiritus
2363 3498 2618 3568 hominis,
2640 3501 2737 3570 qui
2764 3501 2823 3552 in
2846 3500 2959 3568 ipso
2979 3502 3100 3552 est?
3123 3497 3390 3552 Humana
3415 3501 3630 3554 natura

1979 3604 2047 3642 ex
2094 3602 2332 3657 corpore
2379 3592 2627 3653 constat,
2659 3593 2716 3641 et
2759 3587 2990 3658 spiritu,
3025 3603 3198 3658 quem
3249 3591 3309 3641 et
3365 3586 3626 3642 animam

1979 3676 2199 3730 dicunt.
2237 3680 2332 3730 Est
2366 3681 2563 3731 autem
2616 3677 2859 3747 spiritus
2912 3676 3171 3732 hominis
3202 3676 3389 3748 ipsius
3417 3674 3627 3731 animai

1979 3764 2278 3820 rationalis
2312 3766 2591 3836 potentia,
2626 3783 2743 3836 qua
2792 3765 3116 3820 secernitur
3143 3782 3177 3820 a
3205 3765 3535 3836 pecoribus,
3568 3771 3629 3822 et

1977 3853 2195 3907 eisdem
2223 3854 2472 3908 naturali
2494 3855 2616 3925 lege
2639 3855 3080 3910 dominatur.De
3099 3855 3210 3909 hoc
3231 3854 3438 3926 spiritu
3462 3854 3626 3911 dicit:

1979 3944 2108 4010 Quis
2139 3945 2287 3997 enim
2316 3946 2415 3998 scit
2445 3944 2731 3998 hominum
2761 3959 2885 4014 qua?
2932 3949 3058 3998 sunt
3089 3945 3344 4010 hominis,
3376 3945 3489 3998 nisi
3516 3945 3629 4015 spi-

1979 4035 2122 4087 ritus
2149 4031 2406 4101 hominis,
2434 4035 2530 4102 qui
2552 4035 2608 4086 in
2633 4035 2747 4102 ipso
2768 4036 2881 4087 est?
2904 4037 2986 4086 Ac
3010 4031 3057 4086 si
3079 4037 3342 4102 patenter
3361 4032 3583 4087 diceret
3609 4049 3622 4087 :

1976 4125 2101 4174 Non
2134 4121 2232 4190 qui
2267 4119 2627 4174 extrinsecus
2659 4124 2766 4187 est,
2792 4120 2892 4173 sed
2924 4119 3024 4189 qui
3057 4120 3216 4173 intus
3247 4123 3354 4187 est,
3385 4119 3627 4175 animus

1977 4214 2134 4274 tuus,
2171 4209 2328 4262 novit
2359 4224 2593 4262 omnem
2637 4206 3050 4277 cogitationem
3099 4211 3155 4261 et
3183 4206 3628 4276 dispositionem

1980 4303 2144 4352 tuam
2182 4316 2193 4352 :
2229 4297 2346 4351 lucc
2380 4297 2533 4350 enim
2585 4301 2726 4351 sunt
2757 4295 3034 4348 interiora
3080 4298 3297 4348 nostra.
3330 4297 3398 4346 Et
3435 4308 3636 4351 revera

1981 4404 2150 4442 nemo
2184 4387 2301 4440 haec
2325 4384 2815 4457 comprehendere
2847 4387 3054 4453 potest,
3079 4382 3189 4435 nisi
3223 4381 3458 4435 animus
3490 4397 3629 4436 nos-

1977 4481 2085 4542 ter,
2120 4494 2293 4546 quem
2325 4474 2642 4546 Apostolus
2673 4471 2942 4544 spiritum
2973 4475 3156 4526 vocat.

213 4568 460 4634 dinavit,
495 4584 611 4623 non
645 4567 921 4622 omnibus
952 4567 1209 4640 quidem,
1235 4567 1335 4622 sed
1369 4565 1461 4620 his
1491 4565 1591 4635 qui
1623 4566 1868 4620 credunt
1895 4587 1942 4651 D
2047 4570 2133 4620 Ita
2163 4572 2212 4619 ct
2247 4580 2373 4636 quae
2405 4567 2503 4619 Dei
2528 4569 2656 4618 sunt
2688 4579 2850 4618 nemo
2892 4563 3040 4616 novit
3068 4561 3182 4615 nisi
3211 4558 3448 4651 Spiritus
3477 4559 3579 4651 Dei
3606 4578 3626 4615 :

212 4661 269 4713 et
300 4657 562 4729 diligunt
592 4656 780 4711 illum.

285 4748 607 4818 Apostolus
630 4763 787 4817 ergo,
820 4749 883 4800 ut
914 4747 1246 4800 ostenderet
1277 4762 1358 4812 se,
1387 4761 1662 4816 suosque,
1690 4760 1756 4797 ex
1779 4743 1870 4798 his

212 4850 344 4891 esse
374 4835 474 4906 qui
507 4834 697 4891 Deum
731 4833 1003 4904 diligunt,
1040 4834 1307 4904 adjunxit
1339 4852 1350 4888 :
1386 4833 1532 4903 (510)
1573 4832 1733 4887 Nobis
1763 4849 1869 4885 au-

211 4935 319 4982 tem
350 4925 618 4980 revetuvit
647 4925 787 4978 Deus
814 4939 918 4994 per
949 4924 1219 4994 Spiritum
1246 4940 1404 4977 suum
1427 4939 1444 4982 ;
1477 4928 1755 4992 tanquam
1791 4922 1871 4974 di-

212 5018 369 5068 ceret
407 5031 420 5068 :
480 5013 617 5066 Ideo
648 5029 755 5067 nos
802 5012 958 5081 quod
999 5011 1203 5066 oculus
1236 5028 1351 5066 non
1384 5011 1544 5074 vidit,
1580 5028 1681 5064 nec
1711 5010 1870 5064 auris

213 5103 458 5169 audivit,
496 5118 604 5157 nec
659 5102 716 5156 in
770 5117 870 5157 cor
915 5100 1170 5156 hominis
1213 5101 1473 5157 ascendit
1503 5100 1868 5172 agnovimus,

213 5191 494 5264 quoniam
527 5195 682 5246 Deus
715 5189 1007 5258 revelavit,
1031 5191 1089 5246 id
1119 5197 1228 5258 est,
1254 5189 1665 5246 manifestavit.
1695 5193 1869 5244 Reve-

212 5280 354 5336 lavit
379 5279 555 5353 plane
578 5296 694 5335 non
722 5279 939 5334 nostris
963 5279 1326 5352 exigentibus
1350 5278 1594 5344 meritis,
1619 5279 1717 5333 sed
1740 5295 1870 5349 gra-

216 5370 297 5425 tia
330 5387 453 5426 suae
485 5367 889 5424 miserationis
923 5385 985 5423 ac
1013 5370 1271 5441 pietatis.
1309 5370 1375 5424 Et
1422 5367 1530 5422 hoc
1576 5372 1683 5434 est,
1715 5368 1868 5438 quod

215 5460 364 5515 dicit
399 5478 411 5516 :
459 5462 572 5515 Per
603 5458 865 5528 spiritum
893 5474 1070 5530 suum,
1104 5460 1160 5513 id
1192 5463 1302 5525 est,
1334 5473 1436 5529 per
1463 5457 1710 5527 gratiam
1743 5457 1868 5526 Spi-

283 5637 434 5712 (509)
467 5641 538 5695 In
569 5638 771 5706 autog.
806 5650 988 5708 marg.
1020 5637 1114 5694 hic
1145 5635 1359 5708 legitur
1387 5651 1511 5707 cap.
1544 5635 1689 5691 Vlll.

1975 4658 2256 4724 tanquam.
2282 4655 2529 4708 diceret:
2563 4653 2706 4716 Quia
2724 4651 2976 4724 Spiritus
3006 4655 3245 4705 sanctus
3277 4648 3456 4705 unius
3479 4649 3628 4704 sub-

1981 4744 2207 4798 stantiae
2243 4760 2373 4797 cum
2411 4748 2522 4797 Deo
2577 4747 2688 4806 est,
2719 4741 2868 4808 ideo,
2903 4739 3120 4807 omnia,
3156 4755 3282 4811 qua;
3332 4737 3432 4792 Dei
3464 4743 3626 4807 sunt,

1983 4833 2324 4888 naturaliter
2355 4839 2410 4887 et
2442 4832 2564 4903 ipse
2597 4831 2775 4895 novit,
2809 4833 2864 4884 et
2895 4847 3000 4885 nos
3029 4830 3195 4884 docet
3224 4847 3235 4883 :
3263 4828 3429 4884 docet
3449 4827 3626 4884 etiam

1982 4923 2325 4993 mysterium
2359 4923 2571 4976 Christi
2601 4941 2613 4986 ;
2648 4921 2786 4990 quia
2808 4939 2920 4976 non
2952 4919 3138 4974 solum
3174 4918 3361 4973 Patris
3393 4921 3482 4973 est
3503 4919 3631 4990 Spi-

1982 5013 2150 5078 ritus,
2186 5014 2282 5065 sed
2318 5019 2372 5065 et
2426 5012 2567 5064 Filii.
2602 5012 2775 5065 Nemo
2821 5027 2956 5079 ergo
2990 5009 3145 5063 novit
3175 5025 3302 5079 quae
3336 5007 3434 5062 Dei
3464 5012 3627 5075 sunt,

1980 5101 2092 5155 nisi
2129 5101 2384 5171 Spiritus
2435 5100 2533 5154 Dei
2563 5118 2576 5166 ;
2610 5099 2749 5170 quia
2796 5099 3130 5169 quicunque
3178 5095 3493 5167 cognoscit,
3528 5110 3631 5165 per

1978 5190 2258 5260 Spiritum
2283 5186 2382 5242 Dei
2411 5188 2731 5258 cognoscit.
2751 5186 2843 5241 Sic
2862 5187 3017 5240 enim
3040 5185 3261 5240 dictum
3292 5187 3400 5248 est,
3420 5198 3623 5253 quem-

1981 5279 2299 5333 admodum
2346 5273 2489 5329 illud
2540 5277 2597 5328 in
2647 5275 2955 5347 Evangelio
3012 5290 3023 5328 :
3079 5274 3196 5328 Nan
3240 5289 3332 5329 vos
3378 5272 3504 5326 estis
3531 5285 3627 5340 qui
3687 5348 3691 5351 ξ

1981 5365 2292 5437 loqui-mini,
2325 5363 2414 5417 scd
2464 5364 2706 5433 Spiritus
2756 5365 2940 5418 Patris
2967 5363 3098 5428 mei,
3133 5363 3232 5430 qui
3279 5361 3522 5432 loquitur
3564 5357 3625 5412 in

1978 5457 2129 5511 vobis
2161 5452 2369 5524 (illeilli.
2403 5469 2456 5517 Χ,
2487 5453 2598 5519 20).

2051 5630 2196 5703 (510)
2230 5630 2294 5689 In
2326 5634 2520 5703 autog.
2556 5644 2741 5701 marg.
2774 5628 2869 5685 hic
2896 5628 3112 5699 legitur
3141 5643 3268 5701 cap.
3299 5625 3390 5684 IX.
