3996 6232
343 355 456 418 8H

1362 348 1700 411 ATTONIS
1741 346 2328 410 VERCELLENSIS
2373 346 2725 410 EPISGOPI

3633 345 3760 408 3H

422 486 624 560 Igitur,
658 483 796 558 quia
824 485 1070 550 dixerat,
1101 484 1254 538 nobis
1283 483 1542 538 reuelauit
1582 485 1719 538 Deus
1745 496 1845 554 per
1873 481 1992 552 Spi-
2019 483 2074 548 Α
2103 481 2204 535 tali
2228 481 2450 537 ratione
2471 480 2814 552 concipitur,
2835 479 3000 550 juxta
3018 477 3164 533 illud
3187 495 3200 533 :
3226 478 3348 534 Nisi
3376 476 3763 537 credideritis’

352 581 520 633 ritum
547 593 726 641 suum,
760 591 832 629 ne
862 575 1006 628 forte
1035 573 1289 627 crederet
1309 572 1540 643 aliquis,
1565 571 1716 641 quod
1749 572 1998 642 Aposto-

353 666 447 722 lus
467 667 709 736 ejusque
728 662 950 718 similes
970 661 1242 733 spiritum
1275 661 1477 714 mundi
1501 661 1884 730 accepissent,
1900 674 2002 729 per

355 772 526 826 quem
558 754 754 807 futura
785 755 1234 822 cognoscerent;
1268 749 1502 818 idcirco,
1537 766 1668 803 cum
1704 763 2000 802 commen-

355 844 514 898 daret
547 843 790 913 gratiam
831 841 925 896 Dei
961 842 1016 893 in
1049 839 1266 908 Spiritu
1302 844 1523 906 sancto,
1558 839 1770 907 adjecit
1804 836 1950 907 (511)
1988 849 2000 890 2

355 934 459 988 Nos
490 935 672 986 autem
701 947 804 984 non
852 931 1114 999 spiritum
1159 927 1354 981 mundi
1391 928 1712 997 accepimus,
1753 924 1844 979 sed
1876 924 2000 992 Spi-

358 1023 529 1075 ritum
558 1023 654 1092 qui
680 1036 748 1073 ac
797 1020 897 1072 Deo
947 1021 1044 1071 est.
1079 1022 1156 1070 Ae
1191 1018 1236 1070 si
1292 1017 1507 1069 diceret
1542 1032 1552 1068 :
1590 1017 1650 1068 In
1684 1031 1748 1068 eo
1803 1012 2006 1083 proba-

359 1116 472 1174 tur,
506 1109 644 1178 quia
675 1124 784 1160 non
819 1106 1092 1175 spiritum
1128 1105 1330 1158 mundi
1364 1103 1716 1172 accepimus,
1752 1101 1892 1171 quia
1914 1117 2004 1153 ar-

358 1213 567 1251 arcana
584 1195 674 1249 Dei
691 1193 1253 1266 cognoscimus,quaa
1270 1192 1511 1262 spiritus
1527 1191 1728 1245 mundi
1745 1207 1868 1244 com
1881 1204 2007 1259 pre-

356 1284 612 1339 hendere
643 1301 757 1338 non
783 1283 1286 1355 potest.Spiritum
1315 1281 1540 1350 mundi,
1560 1280 1830 1350 spiritum
1865 1277 2010 1330 dicit

357 1373 629 1428 elationis
661 1379 717 1427 et
765 1373 1096 1442 superbiai:
1143 1371 1479 1442 quicunque
1529 1371 1681 1424 enim
1733 1366 2008 1438 spiritum

361 1463 567 1518 mundi
602 1462 916 1532 accipiunt,
952 1461 1186 1531 superbi
1217 1466 1274 1513 et
1323 1459 1534 1527 ingrati
1571 1463 1683 1512 Deo
1714 1457 2008 1512 existunt;

362 1550 609 1620 ideoque
641 1551 963 1603 redduntur
993 1549 1255 1603 infelices
1285 1567 1297 1602 :
1342 1548 1597 1618 Spiritus
1629 1563 1784 1614 vero,
1819 1541 1914 1611 qui
1945 1556 2015 1595 ex

367 1644 478 1693 Deo
509 1644 618 1707 est,
653 1637 908 1708 Spiritus
939 1642 1028 1691 est
1051 1637 1352 1692 eharitatis
1377 1640 1433 1690 et
1463 1633 1810 1689 dilectionis.
1834 1629 2016 1684 Aliter

367 1727 639 1799 spiritum
703 1727 926 1794 mundi,
984 1725 1255 1796 spiritum
1305 1725 1446 1779 dicit
1499 1723 1771 1794 pythonis
1829 1720 2011 1789 (Deut.

367 1833 523 1885 xvm,
605 1821 656 1869 ll
720 1834 731 1883 ;
809 1818 832 1870 ι
883 1817 1007 1884 Reg.
1086 1831 1281 1880 xxvm,
1355 1817 1390 1866 7
1441 1831 1453 1880 ;
1532 1814 1638 1868 Isa.
1698 1829 1818 1876 vm,
1881 1811 1946 1863 19
1998 1821 2015 1869 ',

367 1907 484 1961 Act.
504 1871 617 1970 irvr,
640 1871 746 1972 16),
769 1905 864 1974 qui
890 1871 978 1958 est
1000 1904 1188 1974 major
1210 1871 1358 1957 inter
1379 1871 1709 1955 mundanos
1741 1871 2006 1970 spiritus.
2039 1871 2088 1935 B

367 1999 487 2050 Hoc
530 1993 889 2064 arripiuntur
911 2007 1112 2046 omnes
1149 1991 1408 2055 fanatici,
1444 1987 1700 2060 sortilegi
1735 1992 1792 2042 et
1825 2002 2010 2056 augu-

368 2099 480 2149 res,
514 2083 612 2153 qui
647 2087 785 2138 sunt
816 2081 940 2136 sine
963 2081 1096 2136 Deo.
1141 2080 1256 2134 Hoc
1293 2079 1501 2150 spiritu
1544 2081 1774 2147 arrepta
1805 2075 2012 2146 Pytho-

366 2172 526 2228 nissa
545 2170 872 2226 Samuelem
912 2169 1215 2224 suscitavit
1254 2168 1414 2223 Sauli
1446 2169 1493 2238 (I
1515 2170 1638 2234 Reg.
1665 2183 1862 2227 xxvm,
1898 2164 2006 2230 14).

438 2261 536 2315 Hic
565 2261 740 2316 etiam
773 2276 873 2330 per
902 2259 1179 2327 Sibyllam
1202 2258 1455 2322 locutus,
1483 2256 1670 2310 multa
1693 2256 1763 2310 de
1783 2251 2010 2308 Christo

365 2349 646 2422 praedixit.
681 2349 745 2402 In
777 2348 1128 2417 quibusdam
1163 2346 1361 2409 etiam,
1393 2351 1731 2399 sanctorum
1764 2341 2006 2413 prophe-

360 2443 554 2493 tarum
589 2441 826 2492 secutus
875 2441 964 2489 est
1013 2452 1243 2500 sensus,
1291 2433 1497 2488 callide
1545 2432 1744 2486 volens
1796 2430 2008 2484 habere

365 2525 560 2581 locum
582 2524 732 2579 inter
754 2524 1012 2578 cmlestes
1033 2523 1298 2593 spiritus.
1320 2523 1385 2577 Et
1400 2521 1671 2593 quamvis
1692 2518 2008 2589 aliquando

366 2630 501 2670 vera
531 2613 824 2684 pradieat,
856 2613 1149 2667 interdum
1199 2616 1392 2665 tamen
1437 2628 1538 2682 per
1587 2606 1927 2663 verisimilia
1954 2608 2012 2659 et

369 2703 492 2773 ipse
515 2701 753 2766 fallitur,
778 2707 833 2756 et
855 2700 997 2756 alios
1022 2700 1186 2755 fallit.
1211 2701 1316 2754 Sed
1345 2700 1510 2770 quasi
1535 2700 1749 2753 diceret
1769 2694 2005 2765 aliquis:

369 2791 530 2847 Unde
562 2791 797 2861 probas,
830 2789 1122 2860 Apostole,
1173 2789 1448 2859 quoniam
1483 2788 1775 2859 spiritum,
1810 2785 1908 2856 qui
1942 2798 2011 2837 ex

369 2885 482 2936 Deo
513 2885 622 2948 est,
656 2879 963 2950 accepistis
989 2879 1016 2934 ‘2
1048 2879 1293 2947 adjecit:
1331 2879 1392 2934 Ut
1421 2881 1660 2932 sciamus
1689 2892 1812 2948 quae
1840 2893 1871 2930 a
1902 2877 2007 2929 Deo

367 2969 512 3024 dona
540 2977 667 3024 sunt
714 2969 909 3028 nobis;
940 2971 1218 3039 tanquam
1268 2967 1486 3022 diceret
1518 2983 1528 3020 :
1564 2968 1773 3021 Servus
1824 2965 2007 3020 nescit

362 3057 502 3130 quid
527 3058 696 3112 faciat
718 3057 1000 3112 Dominus
1022 3057 1148 3126 ejus
1174 3075 1186 3110 :
1213 3071 1318 3111 nos
1336 3060 1552 3121 autem,
1583 3055 2008 3120 charissimi,ut

362 3147 532 3202 amici
566 3145 665 3200 Dei
693 3163 821 3200 esse
849 3145 1164 3216 possimus,
1189 3145 1316 3199 ideo
1340 3144 1642 3215 Spiritum,
1667 3143 1767 3214 qui
1800 3159 1866 3198 ex
1887 3143 2002 3197 Deo

2105 589 2214 628 non
2269 572 2587 638 intelligetis
2635 570 2758 640 (lsa.
2809 586 2886 639 vr,
2927 571 2999 635 9;
3049 568 3236 623 Matth.
3281 585 3407 637 xm,
3444 569 3545 636 14;
3587 569 3754 625 Marc.

2109 679 2184 730 ιν,
2221 663 2321 726 12;
2376 662 2504 714 Luc.
2553 677 2676 724 VIII,
2709 661 2811 726 10;
2861 660 2972 713 Act.
3014 675 3208 726 XXVIII,
3241 659 3346 723 ‘26;
3383 659 3531 712 Rom.
3565 675 3644 725 ιιι,
3679 661 3758 728 8;

2113 751 2267 805 Hebr.
2303 767 2379 818 χι,
2427 752 2503 818 3).

2183 839 2284 894 Sed
2313 841 2367 892 in
2400 838 2646 892 doctrina
2677 838 2935 908 Spiritus,
2968 836 3024 890 id
3065 840 3174 902 est,
3209 851 3276 890 ea
3307 835 3591 902 doctrina,
3627 853 3763 908 quin

2111 927 2328 999 Spiritu
2363 933 2564 981 sancto
2595 932 2684 981 est
2714 927 2886 993 edita,
2912 924 3134 979 scilicet
3163 924 3508 995 evangelica.
3533 925 3718 980 Aliter
3747 945 3762 983 :

2112 1017 2174 1071 In
2208 1017 2468 1070 doctrina
2491 1015 2739 1086 Spiritus
2776 1016 3157 1086 loquebatur;
3191 1015 3329 1086 quia
3360 1031 3460 1085 per
3483 1015 3765 1070 virtutem

2115 1107 2299 1160 sancti
2349 1106 2619 1175 Spiritus,
2654 1120 3014 1175 quaecunque
3063 1103 3435 1174 praedicabat,
3471 1103 3656 1175 signis
3706 1109 3770 1160 et

2117 1194 2419 1248 miraculis
2445 1194 2846 1248 conﬁrmabat.
2871 1193 3223 1262 Spiritalibus
3248 1193 3523 1262 spiritalia
3545 1209 3760 1264 compa-

2118 1293 2324 1337 rantes.
2349 1282 2650 1354 Spiritales
2676 1299 2774 1337 eos
2805 1283 2966 1345 dicit,
2988 1282 3082 1350 qui
3117 1281 3408 1353 negabant
3437 1280 3766 1337 humanam

2121 1372 2468 1442 sapientiam
2491 1387 2660 1442 posse
2680 1372 2909 1425 tradere
2930 1370 3174 1440 gratiam
3208 1371 3301 1424 Dei
3327 1386 3340 1422 :
3373 1370 3562 1440 gratia
3592 1387 3774 1426 nam-

2122 1476 2235 1530 que
2261 1459 2358 1513 Dei
2394 1459 2523 1513 l‘idei
2558 1459 2832 1530 mysterio
2863 1458 3210 1523 continetur,
3235 1458 3305 1512 ad
3339 1456 3776 1514 illuminandos

2122 1547 2531 1602 benevelorum
2564 1547 2867 1602 hominum
2900 1563 3129 1602 sensus.
3153 1545 3499 1617 Quicunque
3529 1563 3668 1619 ergo
3700 1564 3775 1603 ea

2123 1637 2387 1701 credunt,
2411 1653 2537 1707 qua:
2561 1636 2762 1690 mundi
2787 1635 3083 1706 sapientes
3102 1633 3589 1705 stultajudicant,
3615 1642 3780 1691 recte

2124 1724 2416 1796 spiritales
2436 1729 2736 1779 vocantur.
2755 1723 2914 1779 Unde
2928 1723 3246 1794 Apostolus
3265 1721 3633 1794 spiritalibus
3654 1725 3781 1795 spi-

2125 1811 2316 1867 ritalia
2343 1814 2753 1884 comparabat;
2789 1812 2928 1884 quia
2957 1811 3090 1866 illos
3112 1811 3419 1881 judicabat
3449 1812 3772 1884 spiritales,

2120 1901 2219 1972 qui
2241 1918 2309 1956 ea
2325 1900 2449 1956 ﬁeri
2469 1917 2638 1971 posse
2656 1901 2988 1971 credebant,
3004 1917 3134 1972 quae
3155 1898 3461 1972 possibilia
3477 1901 3780 1972 sapientia

2119 1989 2327 2044 mundi
2356 1990 2701 2061 denegabat.

2189 2081 2459 2135 Animatis
2496 2084 2679 2134 autem
2718 2081 2872 2135 homo
2918 2095 3030 2134 non
3076 2079 3308 2150 percipit
3357 2094 3423 2135 ea
3470 2094 3595 2149 quae
3646 2095 3759 2133 sun

2115 2170 2362 2240 Spiritus
2415 2171 2535 2223 Dei.
2589 2168 2932 2240 Quicunque
2980 2185 3048 2223 ex
3101 2183 3341 2238 corpore
3393 2167 3556 2234 vivit,
3610 2173 3774 2223 recte

2119 2257 2372 2312 carnalis
2403 2264 2661 2325 vocatur,
2687 2263 2744 2313 et
2776 2256 3067 2312 animalis.
3093 2257 3357 2311 Carnalis
3387 2274 3421 2311 a
3452 2273 3642 2327 carne,
3671 2256 3778 2328 qui

2118 2345 2375 2401 carnalia
2403 2352 2700 2412 sectatur;
2735 2345 3029 2410 animalis,
3065 2347 3206 2417 quia
3253 2345 3437 2400 fertur
3487 2345 3783 2401 dissoluta

2117 2435 2352 2490 lascivia
2385 2437 2614 2505 animae,
2643 2452 2819 2506 quam
2852 2435 3097 2507 spiritus
3129 2451 3244 2488 non
3275 2434 3462 2505 regit;
3497 2435 3636 2506 quia
3667 2451 3779 2490 nec

2117 2525 2240 2596 ipse
2272 2541 2332 2579 se
2355 2525 2469 2579 Deo
2493 2525 2810 2596 regendum
2839 2524 3076 2594 subjicit
3097 2521 3381 2577 Animalia
3402 2538 3538 2594 ergo
3561 2523 3763 2590 homo,

2116 2614 2254 2692 quia
2271 2615 2592 2668 secundum
2614 2629 2673 2667 se
2693 2613 2850 2677 vivit,
2867 2613 2922 2666 id
2947 2616 3054 2678 est,
3069 2628 3308 2666 sensum
3328 2627 3503 2665 suum
3528 2611 3584 2665 in
3610 2617 3770 2666 terra

2117 2702 2416 2773 deprimit,
2438 2707 2667 2757 terrena
2686 2706 2915 2756 tantum
2941 2701 3248 2772 cogitando
3271 2704 3328 2756 et
3353 2700 3766 2755 desiderando.

2115 2791 2335 2846 Idcirco
2383 2808 2450 2845 ea
2498 2808 2622 2862 qum
2671 2790 2917 2861 Spiritus
2972 2790 3062 2843 Dei
3125 2793 3264 2844 sunt
3313 2805 3426 2844 non
3479 2789 3768 2860 percipit;

2116 2879 2254 2950 quia
2284 2879 2422 2949 quid
2455 2880 2651 2950 gratim
2683 2896 2825 2933 crux
2855 2878 3067 2933 Christi
3117 2878 3400 2943 conferat,
3433 2893 3548 2932 non
3594 2877 3770 2932 intel-

2116 2967 2263 3038 ligit.
2289 2968 2454 3036 Nam,
2481 2968 2620 3039 quia
2643 2967 2787 3021 nihil
2819 2968 3000 3022 credit
3032 2968 3293 3021 futurum
3331 2971 3463 3038 post
3493 2969 3766 3033 mortem,

2116 3055 2329 3112 idcirco
2353 3074 2466 3112 non
2491 3058 2652 3112 freno
2681 3056 3075 3120 continentia,
3103 3071 3217 3110 non
3251 3053 3522 3110 rationali
3550 3055 3774 3111 mentis

2104 3146 2326 3216 judicio
2357 3147 2598 3217 regitur,
2624 3146 2721 3200 sed
2756 3147 2828 3201 ad
2858 3150 3121 3200 terrenas
3152 3144 3503 3215 voluptates,
3530 3149 3588 3198 et
3617 3145 3775 3200 desi-

356 3235 894 3307 est,acccpimus,ut
917 3235 1175 3289 sciamus
1197 3233 1338 3304 quid
1364 3232 1534 3288 faciat
1555 3233 1836 3288 Dominus
1851 3233 2003 3288 Deus
2035 3234 2076 3300 C
2116 3235 2297 3300 deria,
2320 3234 2478 3289 velut
2506 3235 2565 3289 in
2596 3251 2848 3306 praeceps
2870 3233 3108 3303 animal,
3133 3233 3407 3288 trahitur.
3433 3233 3577 3288 Cum
3606 3233 3768 3289 enim

354 3330 572 3382 noster.
599 3325 731 3380 Ideo
763 3339 1018 3394 namque
1037 3322 1459 3394 Spiritum,qui
1491 3327 1580 3377 est
1609 3339 1676 3378 ex
1697 3323 1997 3388 Deo,acce-

351 3415 568 3486 pimus,
603 3419 666 3468 ut
694 3415 764 3468 de
817 3413 988 3468 donis
1018 3412 1119 3468 Dei
1171 3430 1284 3466 non
1333 3411 1675 3483 gloriemur,
1711 3416 1995 3482 tanquam

351 3503 564 3559 nostris
592 3501 816 3557 meritis
847 3499 1386 3570 acceperimus,sed
1422 3499 1504 3552 illi
1530 3499 1748 3571 gratias
1781 3500 1994 3554 refera-

351 3609 506 3660 mus,
529 3607 694 3661 aquo
718 3589 1071 3660 accepimus.
1096 3589 1256 3644 Multi
1282 3589 1496 3660 quippe
1520 3589 1705 3644 multa
1720 3590 1873 3644 dona
1896 3589 1994 3644 Dei

353 3680 608 3743 habent;
643 3679 741 3733 sed
772 3695 805 3733 a
833 3695 948 3748 quo
995 3677 1342 3748 acceperint,
1394 3679 1698 3745 nesciunt;
1751 3678 1999 3748 ideoque

355 3767 611 3838 superba
637 3766 1226 3835 vanitatejactantur.
1245 3766 1302 3822 Si
1334 3783 1468 3839 ergo
1491 3767 1764 3838 spiritum
1791 3766 1996 3821 mundi

357 3856 811 3928 accepissemus,
846 3855 1018 3921 dona,
1042 3872 1168 3925 qua:
1201 3872 1234 3910 a
1265 3861 1376 3909 Deo
1408 3857 1582 3912 nobis
1604 3855 1814 3912 collata
1837 3862 1996 3925 sunt,

2107 3339 2222 3378 non
2253 3324 2452 3378 credat
2483 3323 2780 3378 hominem
2813 3323 2941 3380 sine
2991 3323 3169 3378 maris
3217 3339 3284 3377 ac
3337 3321 3567 3378 feminis
3597 3339 3769 3378 com-

2108 3412 2382 3467 mistione
2415 3413 2597 3479 nasci,
2623 3413 2868 3468 audiens
2892 3413 3076 3468 Deum
3102 3411 3314 3466 Filium
3340 3410 3638 3483 genuisse,
3662 3416 3770 3466 aut

2105 3502 2390 3573 virginem
2415 3503 2727 3574 peperisse,
2743 3501 3171 3567 ridet.Rursus,
3189 3502 3324 3572 quia
3343 3499 3490 3555 nihil
3508 3500 3770 3556 estimat

2108 3591 2304 3644 futuru
2317 3609 2368 3645 m
2393 3597 2524 3662 post
2541 3595 2808 3656 mortem,
2823 3590 3071 3645 audiens
3091 3589 3345 3645 resoluta
3363 3604 3607 3660 corpora
3623 3589 3767 3643 vivi~

2109 3681 2266 3736 ficari
2300 3697 2469 3752 posse
2493 3681 2563 3735 ad
2595 3681 2794 3750 vitam,
2821 3679 2930 3735 hoc
2961 3679 3183 3751 gannit.
3211 3678 3376 3734 Unde
3400 3694 3532 3733 mox
3555 3679 3765 3734 subdi-

2107 3775 2233 3826 tur:
2260 3771 2518 3826 Stultitia
2531 3778 2604 3825 θ.ςί
2625 3772 2771 3825 enim
2793 3770 2904 3839 illi,
2927 3774 2978 3824 et
3007 3785 3118 3824 non
3139 3777 3311 3838 potest
3335 3768 3678 3840 intelligere.
3696 3769 3768 3823 Et

2107 3863 2194 3914 est
2215 3876 2458 3914 sensus:
2487 3859 2616 3913 Ideo
2638 3858 2960 3929 intelligere
2982 3874 3095 3912 non
3121 3862 3329 3929 potest,
3349 3855 3487 3929 quia
3509 3855 3766 3912 stultum

357 3960 708 4016 cognoscere
729 3960 1098 4014 nequaquam
1133 3946 1761 4015 possemuszinferiora
1783 3946 1998 4016 quippe
2101 3948 2346 4019 judicat,
2379 3949 2533 4018 quod
2566 3965 2674 4004 sua
2705 3947 2927 4002 ratione
2959 3947 3306 4002 contendere
3337 3945 3556 4017 nequit.
3597 3945 3764 4000 Stul-

356 4033 726 4106 superiorum
750 4033 1061 4088 consilium
1080 4034 1571 4106 comprehendere
1593 4053 1706 4090 non
1727 4038 1994 4106 possunt.

353 4125 553 4195 Neque
579 4130 904 4178 creaturam
935 4122 1026 4178 sui
1056 4123 1341 4179 Creatoris
1372 4124 1753 4194 voluntatem,
1787 4123 1900 4178 nisi
1933 4139 1998 4178 eo

353 4213 664 4275 revelante,
689 4228 1036 4284 cognoscere
1061 4217 1266 4283 potest.
1283 4213 1495 4284 Magna
1521 4215 1734 4285 quippe
1759 4212 2001 4267 scientia

351 4308 458 4371 est,
492 4303 688 4374 ipsum
719 4302 962 4372 donum,
995 4303 1148 4374 quod
1200 4301 1415 4373 aliquis
1448 4303 1640 4371 habet,
1677 4320 1711 4358 a
1755 4319 1868 4373 quo
1900 4303 1998 4357 ha-

350 4393 485 4447 beat
513 4392 681 4446 scire.

424 4481 559 4547 Quae
585 4487 637 4535 et
656 4480 1186 4551 loquimur.Sensus
1209 4480 1302 4534 hic
1327 4485 1417 4534 est
1441 4496 1452 4532 :
1482 4479 1542 4534 In
1571 4479 1677 4534 hoc
1697 4479 1998 4534 verissime

352 4569 942 4641 comprobatur,quod
969 4567 1380 4638 sciamus,quas
1405 4567 1574 4622 nobis
1596 4586 1629 4622 a
1654 4573 1764 4622 Deo
1786 4568 1999 4624 donata

353 4663 509 4724 sunt,
544 4657 680 4728 quia
708 4657 828 4713 haec
848 4659 1052 4714 eadem
1084 4656 1403 4727 loquimur,
1429 4660 1493 4710 ut
1522 4655 1619 4710 alii
1643 4656 2000 4729 discant,per

353 4745 677 4816 spiritalem
731 4747 1078 4802 doctrinam.
1128 4746 1428 4808 Quomodo
1458 4760 1590 4798 vero
1640 4744 1994 4815 loqueretur,

353 4835 710 4898 manifestat,
743 4837 874 4906 subj
886 4850 1114 4905 ungens
1145 4850 1157 4886 :
1194 4833 1311 4888 Non
1341 4835 1402 4886 in
1430 4833 1598 4887 doctis
1623 4835 1883 4891 human-se
1910 4853 1997 4892 sa-

344 4925 578 4994 pientia?
602 4924 799 4989 verbis,
820 4923 874 4978 id
909 4927 1018 4991 est,
1053 4919 1398 4991 eloquentiae
1423 4920 1608 4977 nitore
1639 4923 1906 4995 comptis.
1929 4926 1997 4980 Et

347 5019 436 5069 est
466 5030 678 5070 sensus
713 5030 724 5068 :
758 5013 905 5076 Quia
948 5025 1035 5075 ea,
1070 5027 1196 5078 qua;
1245 5009 1564 5080 loquimur,
1598 5029 1711 5066 non
1740 5030 1773 5069 a
1803 5014 1992 5070 rheto-

345 5101 532 5168 ribus,
565 5118 680 5156 non
713 5117 746 5153 a
777 5096 1126 5162 dialecticis,
1162 5113 1276 5151 non
1309 5114 1342 5153 a
1373 5097 1736 5172 philosophis
1768 5105 1991 5174 accepi-

347 5208 478 5245 mus
506 5208 518 5256 ;
545 5191 672 5244 ideo
694 5204 806 5240 non
833 5201 900 5239 ea
921 5183 1219 5254 loquimur
1239 5187 1425 5242 verbis
1448 5187 1714 5246 humanae
1741 5193 1994 5247 scientia:

342 5278 537 5350 lepore
572 5274 800 5331 fucatis.
838 5273 1126 5336 Quoniam
1175 5273 1442 5332 humanae
1491 5281 1790 5352 sapientiae
1822 5282 1996 5336 verba

344 5353 501 5420 hunc
536 5378 777 5420 snnsurn
813 5361 1301 5430 comprehendere
1353 5384 1466 5422 non
1502 5375 1768 5440 possunt,
1806 5386 1993 5440 neque

347 5459 440 5508 stu
470 5454 544 5506 lio
580 5449 715 5504 rrtis
746 5449 996 5517 alicujus
1028 5451 1288 5520 discitur,
1321 5457 1420 5510 sed
1473 5474 1573 5528 per
1603 5460 1777 5515 ﬁdem
1810 5458 1984 5531 spiri-

420 5630 566 5704 (511)
599 5628 704 5686 Hie
736 5628 794 5684 in
826 5631 1022 5702 autog.
1054 5647 1236 5705 marg.
1269 5633 1484 5708 legitur
1513 5652 1639 5708 cap.
1673 5639 1740 5693 Χ.

2107 4041 2233 4092 tum
2265 4037 2482 4108 quippe
2506 4037 2731 4107 judicat
2771 4034 3055 4108 quidquid
3091 4036 3268 4105 videt,
3302 4035 3453 4105 quod
3488 4034 3614 4105 ipse
3645 4050 3765 4090 non

2109 4125 2285 4180 novit.
2304 4126 2445 4193 Quia
2469 4124 2800 4196 spiritaliter
2823 4126 3203 4190 examinatur,
3225 4124 3279 4178 id
3305 4128 3412 4191 est,
3429 4123 3761 4194 judicatur,

2109 4215 2551 4270 condemnatur.
2611 4212 2967 4286 Spiritaliter
3021 4212 3409 4280 examinatur,
3471 4213 3636 4284 quia,
3689 4228 3762 4269 ne

2108 4303 2431 4375 intelligere
2478 4304 2684 4376 possit,
2717 4303 2843 4359 suis
2891 4301 3256 4374 exigentibus
3299 4300 3544 4372 meritis,
3578 4301 3760 4373 spiri-

2108 4393 2303 4448 taliter
2345 4394 2690 4449 obcecatur.

2175 4484 2460 4553 Spiritalis
2480 4491 2662 4538 autem
2677 4482 2895 4552 judicat
2911 4482 3116 4537 omnia.
3141 4478 3434 4551 Spiritalis
3458 4478 3637 4534 homo
3668 4479 3760 4535 di-

2031 4596 2080 4660 D
2108 4571 2278 4638 citur,
2311 4572 2409 4644 qui
2445 4571 2664 4644 Spiritu
2697 4574 2911 4660 sancto
2932 4570 3174 4660 regitur,
3201 4574 3266 4660 et
3291 4568 3764 4660 idcircejudicat

2108 4661 2304 4716 omnia
2334 4661 2448 4716 Deo
2481 4677 2607 4716 esse
2655 4658 2973 4731 possibilia.
3009 4657 3304 4730 Spiritalis
3333 4674 3470 4730 ergo
3499 4657 3760 4714 hominis

2108 4768 2238 4805 vera
2258 4755 2348 4805 est
2371 4749 2538 4814 ratio,
2563 4754 2618 4804 et
2637 4765 2834 4804 verum
2855 4749 3169 4819 judicium,
3190 4748 3469 4819 quoniam
3493 4748 3624 4817 eius
3646 4748 3761 4804 ﬁde

2107 4847 2163 4894 et
2193 4840 2478 4893 bonorum
2501 4855 2740 4910 operum
2765 4837 3050 4910 exemplo,
3077 4852 3382 4906 pravorum
3413 4835 3758 4905 infidelitas,

2107 4931 2163 4983 et
2184 4933 2347 4983 actus
2372 4928 2854 4993 condemnantur,
2883 4927 3208 4983 secundum
3234 4925 3373 4981 illud
3402 4941 3414 4980 :
3447 4927 3555 4994 Qui
3573 4935 3762 4982 autem

2104 5034 2212 5073 non
2245 5017 2435 5083 credit,
2459 5019 2579 5088 jam
2607 5017 2889 5089 judicatus
2916 5021 2994 5073 est
3026 5017 3203 5087 (Joan.
3238 5032 3322 5085 ιιι,
3358 5015 3466 5086 18).

2176 5106 2321 5170 Quia
2347 5124 2482 5179 ergo
2505 5106 2779 5162 animalis
2800 5106 3079 5171 hominis,
3105 5105 3164 5159 id
3188 5109 3297 5169 est,
3320 5102 3574 5159 inﬁdelis
3606 5104 3763 5175 judi-

2106 5198 2260 5252 cium
2295 5195 2507 5252 falsum
2539 5201 2646 5265 est,
2681 5195 2964 5268 spiritalis
2993 5211 3149 5264 vero,
3184 5193 3240 5247 id
3293 5196 3400 5260 est,
3438 5191 3631 5248 fidelis
3666 5209 3758 5248 ve-

2108 5302 2259 5351 rum,
2286 5291 2417 5356 apte
2446 5285 2827 5356 subjungitur
2853 5301 2865 5338 :
2900 5285 2963 5339 Et
2989 5285 3099 5353 ipse
3128 5300 3158 5337 a
3189 5284 3407 5338 nemine
3424 5282 3757 5352 judicatur:

2106 5373 2213 5427 hoc
2234 5379 2344 5440 est,
2371 5375 2813 5442 condemnatur,
2837 5373 2976 5442 quia
3007 5389 3109 5444 per
3129 5372 3304 5425 fidem
3332 5369 3614 5426 salvatur.
3637 5369 3760 5426 Ali-

2102 5466 2221 5517 ter:
2243 5461 2532 5534 Spiritalis
2554 5463 2749 5518 omnia
2769 5461 3030 5532 judicat;
3061 5459 3199 5530 quia
3219 5475 3398 5530 supra
3419 5459 3624 5514 omnia
3646 5463 3758 5528 est,
