3996 6232
112 317 238 379 317
704 314 1122 379 EXPOSITIO
1167 315 1246 377 IN
1291 317 1718 381 EPISTOLAS
1762 315 2022 380 PAULI.
2056 351 2132 364 —
2169 320 2247 380 IN
2291 321 2541 384 EPIST.
2591 321 2615 382 Ῑ
2661 322 2764 383 AD
2810 319 2987 383 COR.
3435 321 3553 383 318

113 449 504 516 laboraverit,
543 450 834 520 majorem
867 450 1145 522 suscipiet
1168 453 1794 508 remunerationem.Et
1822 453 1875 517 Α
1907 452 2141 520 fuerint,
2177 456 2555 510 fundamento
2591 460 2863 510 manente
2897 453 3206 519 immobili,
3240 452 3388 526 ipsa,
3413 469 3551 508 cum

116 544 213 596 est
239 557 495 596 sensus:
534 531 695 594 Licet
727 539 898 603 servi,
929 539 1063 594 licet
1092 541 1366 603 ministri,
1405 541 1535 596 licet
1594 559 1797 596 omnes
1909 541 2219 596 ceciderint
2244 560 2513 614 magnam
2542 544 2752 598 facient
2773 545 3021 597 ruinam.
3050 544 3396 614 Quicunque
3421 559 3557 614 ergo

119 628 506 697 mercenarii,
533 634 757 692 tamen,
783 627 921 699 quia
944 629 1172 684 diversa
1194 635 1333 684 sunt
1354 631 1799 699 ofﬁcia,diversa
1909 630 2056 682 male
2091 632 2379 701 przedicet,
2416 634 2885 697 fundamentum,
2911 632 2967 685 id
3000 637 3107 696 est,
3147 648 3378 698 nomen,
3406 637 3462 686 et
3485 633 3556 686 li-

122 722 309 773 erunt
359 724 416 773 et
470 718 733 790 praemia.
779 718 948 786 Nam,
1002 718 1140 788 quia
1176 719 1361 789 magis
1419 726 1506 775 est
1539 720 1798 791 plantare

128 824 314 878 quam
351 808 564 878 rigare,
598 807 728 862 ideo
761 807 965 879 dispar
995 808 1102 863 erit
1136 809 1466 878 praemium.

200 897 322 951 Sed
368 903 435 950 ut
493 897 847 964 ostenderet,
909 914 1010 951 cur
1068 897 1227 968 digni
1287 903 1483 952 essent
1543 898 1800 969 accipere

129 986 498 1051 mercedem,
534 986 786 1055 subjecit
819 988 1003 1056 (51.5):
1038 988 1135 1041 Dei
1165 1004 1311 1041 enim
1351 1005 1540 1041 sumus
1584 988 1797 1056 adjuto-

125 1091 248 1132 res.
297 1075 419 1130 Hoc
453 1075 713 1146 apertius
745 1075 994 1130 habetur
1026 1075 1084 1129 in
1119 1077 1335 1140 διείρεο,
1380 1078 1474 1131 ubi
1539 1077 1751 1146 legitur
1784 1094 1794 1130 :

131 1166 243 1218 Dei
257 1167 621 1219 enimsumus
643 1166 820 1235 operis
833 1168 1146 1234 participes.
1166 1168 1224 1219 In
1249 1167 1600 1235 quibusdam
1624 1166 1796 1218 etiam

127 1252 589 1324 exemplaribus
627 1252 954 1308 invenitur:
1017 1256 1114 1308 Dei
1167 1271 1352 1308 sumus
1408 1258 1794 1323 cooperatores.

128 1341 260 1395 Sed
300 1341 582 1411 quidquid
618 1340 763 1395 illud
797 1345 906 1406 est,
941 1359 1124 1396 unum
1159 1342 1429 1413 idemque
1481 1343 1792 1411 signiﬁcat.

134 1430 350 1484 Sancti
384 1445 518 1500 ergo
552 1429 645 1483 Dei
674 1435 813 1485 sunt
843 1432 1181 1501 adjutores;
1219 1432 1356 1502 quia
1403 1431 1794 1493 admonendo,

134 1517 544 1588 pradicando,
576 1519 951 1589 baptizando,
985 1519 1340 1590 illosjuvant
1364 1521 1614 1575 exterius
1650 1536 1796 1590 quos

138 1607 323 1673 Deus,
349 1612 586 1677 peccata
615 1608 1059 1675 dimittendo,et
1075 1611 1263 1664 sancti
1281 1610 1531 1681 Spiritus
1550 1609 1794 1680 gratiam

140 1697 521 1764 conferendo,
553 1696 816 1752 illustrat
837 1698 1319 1754 intrinsecus.Dei
1342 1704 1480 1754 sunt
1501 1699 1798 1767 adjutores

143 1785 362 1850 ofﬁcio,
394 1802 510 1840 non
544 1790 853 1857 potestate,
878 1787 1047 1856 juxta
1092 1787 1273 1842 illud:
1309 1790 1465 1842 Secut
1507 1789 1659 1840 misit
1713 1802 1801 1839 me
1830 1823 1876 1887 B

141 1877 336 1936 Pater,
369 1877 422 1926 et
442 1888 536 1943 ego
557 1875 713 1928 mitto
738 1889 828 1927 vos
859 1874 1040 1945 (Joan.
1076 1892 1169 1942 xx,
1202 1876 1310 1944 2|).
1347 1880 1474 1930 Haec
1502 1892 1637 1946 ergo
1662 1891 1798 1929 sen-

142 1961 329 2015 tentia
359 1962 696 2032 specialiter
725 1963 796 2016 ad
828 1963 1124 2034 apostolos
1164 1965 1450 2035 pertinet;
1498 1966 1580 2019 illi
1641 1966 1796 2020 enim

141 2050 386 2105 fuerunt
416 2050 636 2106 Christi
666 2051 888 2106 vicarii.

214 2141 314 2194 Dei
343 2141 702 2210 agricultura
733 2142 988 2208 estis,Dei
1017 2142 1307 2210 aediﬁcatio
1340 2145 1485 2196 estis.
1525 2143 1618 2198 Dei
1651 2144 1798 2214 agri-

141 2228 375 2283 cultura
403 2234 610 2295 erant;
656 2230 793 2300 quia
842 2246 944 2300 per
1000 2230 1264 2300 Apostoli
1325 2232 1795 2302 praedicationem

141 2317 297 2373 Deus
330 2319 611 2372 cordibus
639 2318 873 2373 illorum
901 2320 1225 2391 inspiravit,
1260 2325 1315 2375 et
1337 2322 1404 2374 ad
1448 2321 1621 2375 ﬁdem
1655 2338 1798 2375 con-

137 2406 323 2461 vertit
353 2425 367 2472 ;
405 2411 484 2475 et,
518 2413 645 2476 post
677 2408 1077 2463 remissionem
1110 2415 1478 2479 peccatorum
1513 2427 1612 2480 per
1643 2411 1796 2464 lava-

142 2510 315 2550 erum
351 2495 636 2565 baptismi
671 2499 725 2550 et
752 2497 962 2552 donum
995 2498 1248 2569 Spiritus
1281 2499 1488 2564 sancti,
1509 2515 1698 2554 mores
1729 2499 1796 2553 il-

145 2583 338 2638 lorum
364 2583 644 2647 excoluit,
677 2586 746 2638 ad
780 2587 1158 2656 proferendos
1215 2587 1500 2642 bonorum
1552 2605 1796 2659 operum

148 2675 394 2738 tructus,
425 2672 523 2727 Dei
549 2672 722 2728 etiam
754 2675 1058 2729 aediﬁcatio
1081 2679 1274 2742 erant;
1309 2677 1585 2747 quoniam
1613 2679 1708 2748 qui
1738 2678 1800 2731 ﬁ-

151 2762 278 2816 dem
311 2762 430 2817 illis
463 2762 731 2827 contulit,
767 2763 1148 2819 inhabitando
1177 2766 1351 2820 etiam
1385 2765 1528 2821 alias
1555 2767 1799 2822 virtutes

153 2850 326 2904 auxit.

222 2941 537 3010 Sequitur:
571 2939 884 2996 Secundum
912 2944 1148 3012 gratiam
1186 2945 1302 3012 Dei,
1365 2959 1488 3014 qua:
1540 2945 1666 3000 data
1723 2954 1800 3000 est

153 3029 308 3096 mihi,
342 3038 401 3084 ut
452 3032 671 3100 sapiens
727 3031 1081 3100 architectus,
1141 3035 1563 3102 fundamentum
1615 3037 1795 3104 posui.

154 3117 292 3183 Quia
322 3119 589 3174 dicturus
619 3123 782 3173 erat:
821 3121 881 3175 Ut
920 3122 1136 3186 sapiens
1193 3121 1542 3185 architectus,
1595 3123 1795 3192 [unda-

151 3212 389 3262 mentum
451 3210 638 3279 posui,
701 3225 771 3262 ne
830 3207 938 3263 sibi
979 3183 1338 3280 arroganter
1409 3183 1629 3282 aliquid
1690 3213 1790 3266 tri-
1827 3183 1868 3248 (ἶ

152 3295 323 3352 buere
353 3297 689 3364 videretur;
720 3298 889 3368 quasi
921 3297 1178 3365 haberet,
1213 3301 1365 3370 quod
1401 3317 1517 3354 non
1562 3318 1792 3371 accepe-

151 3383 222 3438 rit
249 3402 282 3440 a
310 3385 455 3440 Deo:
489 3386 618 3439 ideo
649 3385 892 3456 pulchre
924 3387 1238 3456 praemisit:
1303 3389 1612 3442 Secundum
1665 3408 1796 3458 gra-

151 3474 282 3527 tiam
309 3476 426 3540 Dei,
459 3490 581 3544 quae
611 3474 739 3528 data
767 3479 846 3529 est
876 3476 1032 3530 mihi.
1082 3475 1189 3530 Ubi
1246 3477 1595 3544 notandum,
1660 3479 1799 3548 quia

153 3578 268 3616 non
302 3562 403 3628 ait,
435 3563 761 3616 secundum
779 3563 1136 3618 voluntatem
1168 3569 1269 3618 aut
1301 3564 1558 3631 libitum,
1586 3568 1795 3631 sed,sc-

152 3649 392 3702 cundum
421 3652 699 3720 gratiam;
735 3652 869 3722 quia
899 3657 1110 3707 cuncta
1159 3653 1272 3708 Deo
1329 3653 1592 3708 ascribit.
1654 3656 1795 3710 Gra-

155 3736 297 3791 tiam
330 3755 460 3792 vero
483 3739 596 3793 sibi
625 3740 818 3794 datam
843 3758 876 3794 a
917 3745 1030 3795 Deo
1074 3741 1233 3809 dicit,
1269 3741 1402 3812 quia
1434 3744 1653 3797 electus
1713 3749 1798 3798 est

156 3826 496 3898 specialiter,
565 3832 628 3883 ut
686 3829 1015 3884 mitteretur
1068 3830 1139 3884 ad
1197 3831 1461 3901 gentium
1519 3832 1793 3902 praedica-

156 3916 399 3970 tionem:
462 3917 622 3972 unde
685 3917 892 3972 merito
950 3935 1049 3972 vas
1108 3918 1408 3974 electionis
1459 3926 1547 3976 est
1603 3922 1798 3993 appel-

156 4001 322 4058 latus.
354 4006 692 4060 Secundum
725 4006 872 4061 hanc
903 4007 1173 4078 gratiam,
1209 4015 1272 4062 ut
1307 4009 1544 4081 sapiens
1603 4011 1796 4066 archi-

158 4093 354 4160 tectus,
415 4094 618 4166 posuit
649 4095 1096 4151 fundamentum
1130 4123 1142 4162 ;
1177 4097 1418 4166 scilicet,
1473 4099 1611 4170 quia
1661 4103 1796 4171 jux-

157 4181 216 4234 ta
267 4180 471 4239 Christi
551 4183 927 4255 disciplinam
988 4185 1304 4241 Corinthiis
1365 4187 1496 4241 ﬁdei
1553 4189 1794 4244 verbum

158 4270 579 4341 evangelizavit.
608 4273 855 4344 Sapiens
887 4273 1104 4345 quippe
1126 4274 1478 4330 architectus
1502 4276 1667 4345 juxta
1698 4295 1794 4333 vo-

159 4354 431 4415 luntatem
473 4362 737 4432 auctoris
786 4363 1168 4417 fundamenta
1224 4363 1511 4418 collocat:
1570 4382 1794 4434 verum,

161 4446 288 4515 quia
307 4449 476 4504 multi
509 4456 649 4523 post
680 4450 847 4506 illum
880 4452 1192 4507 Corinthiis
1215 4453 1797 4524 praedicaverunt,ad-

1908 717 2009 771 des
2042 719 2255 773 Christi
2276 720 2619 774 inconvulsa
2647 722 2937 785 manebit;
2975 737 3245 791 perversa
3271 738 3403 775 vero
3427 723 3554 791 ejus

1908 807 2170 862 doctrina
2202 809 2459 863 interibit
2490 817 2545 863 et
2575 811 2928 876 destruetur,
2963 826 3131 863 secus
3153 807 3296 862 illud
3323 827 3334 863 :
3363 809 3551 864 Omnis

1903 897 2194 966 plantalio,
2229 916 2390 968 quam
2416 917 2527 954 non.
2556 902 2825 969 plantavit
2869 905 3042 953 Pater
3091 915 3244 952 meus
3302 899 3550 963 caelestis,

1907 985 2541 1053 eradicabilm'(Matth.
2593 989 2826 1053 xv,13l.
2893 989 3016 1041 llaec
3067 1004 3203 1057 ergo
3262 985 3552 1042 sententia

1908 1075 2238 1144 Specialiter
2275 1077 2792 1149 pseudoapostolos
2819 1079 3087 1149 percutit,
3111 1076 3211 1147 qui
3244 1082 3373 1148 post
3401 1079 3549 1146 Apo-

1909 1163 2038 1216 stoli
2066 1166 2534 1233 przrdicationem
2559 1168 2985 1230 venientes,nec
3003 1166 3382 1220 intentionem
3407 1181 3548 1218 con-

1909 1251 2185 1320 siderare,
2224 1271 2322 1307 nec
2357 1256 2680 1310 doctrinam
2715 1256 2930 1309 imitari
2959 1255 3284 1318 voluerunt,
3311 1255 3409 1308 sed
3445 1270 3552 1308 sua

1909 1341 2053 1394 falsa
2110 1343 2420 1398 traditione
2494 1345 2709 1399 multos
2787 1344 3218 1398 Corinthiorum
3306 1344 3550 1413 decepe-

1909 1435 2063 1484 runt.
2131 1465 2134 1468 -

1977 1518 2372 1576 Fudamentum
2403 1523 2584 1589 aliud,
2609 1527 2715 1577 etc.
2757 1523 2884 1576 Ideo
2918 1521 3339 1591 fundamentum
3396 1519 3551 1573 aliud

1906 1624 2062 1661 nemo
2081 1615 2254 1678 potest
2284 1628 2502 1681 ponere,
2536 1617 2738 1682 praeter
2768 1611 2823 1664 id
2854 1612 2994 1681 quod
3021 1612 3261 1680 positum
3281 1617 3376 1672 est,
3410 1608 3552 1679 quod

1906 1701 1986 1750 est
2017 1698 2266 1752 Christus
2293 1705 2456 1755 Jesus
2481 1719 2492 1764 ;
2524 1701 2661 1771 quia
2683 1701 2814 1754 licet
2831 1700 3097 1754 hazretica
3117 1699 3236 1753 sint
3259 1715 3385 1769 quae
3405 1715 3555 1768 pra:-

1909 1785 2123 1848 dicant,
2153 1804 2266 1841 non
2286 1791 2478 1842 tamen
2505 1790 2740 1853 audent,
2775 1789 2887 1842 nisi
2929 1788 3269 1858 interposito
3317 1787 3553 1841 nomine

1907 1872 2150 1940 Christi;
2171 1875 2446 1946 quoniam
2470 1877 2559 1930 sui
2577 1878 2788 1931 erroris
2801 1881 3130 1930 commenta
3145 1875 3555 1930 commendem

1910 1979 2022 2016 non
2048 1970 2314 2034 possunt,
2342 1965 2452 2019 nisi
2480 1983 2567 2020 res
2595 1966 2978 2030 absurdas,et
2999 1962 3554 2033 turpes,acceptabi-

1907 2051 2074 2118 les,et
2088 2069 2375 2123 congruas
2391 2054 2716 2108 faciattanti
2735 2050 3374 2120 nominisdignitasAit
3387 2064 3545 2118 ergo:

1908 2142 2338 2197 Fundamentum
2371 2143 2548 2212 aliud,
2572 2148 2679 2197 etc.
2708 2160 2720 2208 ;
2747 2159 2811 2196 ac
2845 2141 2890 2196 si
2919 2141 3135 2195 diceret
3161 2156 3172 2194 :
3209 2139 3327 2193 Etsi
3379 2137 3549 2192 multi

1909 2235 2047 2283 sunt
2067 2248 2193 2301 quze
2217 2231 2551 2301 prcedicant,
2581 2248 2694 2285 non
2721 2235 2916 2285 tamen
2941 2230 3158 2283 audent
3176 2227 3355 2281 alium
3382 2225 3549 2280 Chri-

1907 2323 2062 2371 stum
2091 2320 2420 2389 prazdicare,
2438 2337 2611 2390 quam
2648 2336 2818 2390 quem
2843 2335 2946 2387 ego
2971 2315 3270 2388 prmdicavi
3295 2332 3308 2382 ;
3334 2314 3550 2385 quia,si

1908 2408 2164 2472 fecerint,
2198 2411 2470 2463 continuo
2504 2425 2705 2464 eorum
2747 2406 3252 2478 deprehendentur
3299 2419 3544 2457 errores.

1907 2496 2099 2550 Sonus
2129 2513 2264 2567 ergo
2295 2498 2441 2551 tanti
2487 2496 2737 2552 nominis
2769 2496 2924 2559 fecit,
2985 2500 3048 2549 ut
3105 2495 3438 2548 commenta
3495 2494 3552 2544 et

1906 2589 2070 2638 sectze
2093 2585 2498 2641 haereticorum
2532 2586 2992 2656 susciperentur.
3016 2581 3324 2653 Sequitur:
3348 2581 3410 2634 Si
3429 2580 3552 2650 quis

1907 2682 2088 2728 autem
2115 2675 2352 2742 (edi/imi
2373 2693 2538 2746 supra
2560 2675 2984 2744 fundamentum
3010 2674 3128 2742 hoc,
3176 2687 3397 2736 aurum,
3455 2685 3557 2721 ar-

1906 2767 2152 2830 gentum,
2179 2764 2383 2833 lapides
2403 2767 2688 2833 pretiosos,
2716 2765 2889 2833 ligna,
2905 2766 3120 2832 fenum,
3151 2760 3550 2832 stipulam,etc.

1912 2852 2035 2904 llaec
2070 2853 2388 2922 apostolica
2419 2853 2710 2908 sententia
2740 2853 2795 2905 in
2832 2851 2924 2906 his
2983 2848 3378 2922 computanda
3436 2851 3545 2912 est,

1908 2957 2037 3010 qua:
2068 2942 2272 2996 beatus
2292 2942 2494 2997 Petrus
2521 2941 2820 3014 apostolus
2854 2941 2923 3011 (Il
2953 2947 3104 2996 Petr.
3131 2957 3215 3008 ιιι,
3241 2938 3326 3007 16)
3352 2936 3545 2990 :difﬁ-

1908 3028 2041 3083 cilia
2061 3029 2202 3083 dicit
2221 3031 2512 3086 intellectu
2533 3033 2591 3085 in
2625 3030 2888 3102 epistolis
2919 3029 3080 3085 Pauli
3108 3048 3120 3095 ;
3158 3028 3312 3082 unde
3338 3025 3494 3079 varie
3515 3041 3550 3079 a

1908 3117 2242 3172 doctoribus
2273 3126 2360 3173 est
2392 3120 2669 3190 exposita.
2734 3118 2980 3189 Lapides
3048 3117 3333 3188 pretiosos
3388 3112 3553 3181 dicit,

1909 3208 2227 3279 quosignis
2247 3225 2358 3262 non
2391 3209 2733 3279 corrumpit.
2771 3207 2841 3262 Ut
2874 3224 3010 3277 ergo
3039 3204 3396 3277 quibusdam
3431 3199 3564 3270 pla-

1909 3301 2017 3360 cet,
2052 3313 2152 3367 per
2183 3313 2414 3362 aurum,
2451 3303 2782 3368 argentum,
2817 3295 3041 3366 lapides
3073 3293 3380 3364 pretiosos,
3440 3304 3557 3341 non

1907 3400 2103 3454 opera,
2132 3385 2232 3438 sed
2253 3385 2524 3439 homines
2547 3384 2954 3454 designantur,
2979 3381 3034 3435 id
3064 3386 3172 3449 est,
3191 3396 3292 3451 per
3318 3391 3553 3444 aurum,

1909 3476 2239 3542 argentum,
2267 3477 2323 3526 et
2354 3472 2578 3542 lapides
2612 3470 2919 3540 pretiosos,
2954 3469 3090 3524 boni
3113 3468 3557 3534 auditores;per

1908 3560 2089 3631 ligna,
2124 3562 2344 3627 fenum,
2379 3567 2434 3614 et
2465 3559 2771 3632 stipulam,
2805 3557 2964 3612 mali.
3000 3557 3097 3612 Ille
3118 3557 3314 3626 itaque
3371 3567 3549 3622 supra

1908 3649 2041 3704 ﬁdei
2075 3650 2544 3715 fundamentum,
2574 3666 2807 3712 aurum,
2839 3653 3145 3719 argentum
3184 3644 3408 3717 lapides
3432 3664 3560 3716 pre-

1910 3738 2091 3792 tiosos
2122 3739 2387 3804 redilicat,
2423 3739 2521 3808 qui
2555 3755 2692 3792 suos
2726 3737 3020 3792 auditores
3053 3737 3196 3790 bene
3256 3734 3548 3801 instituit;

1907 3827 2231 3882 econtrario
2262 3826 2357 3882 ille
2391 3828 2611 3894 fenum,
2646 3826 2807 3898 ligna
2836 3829 2891 3881 et
2924 3823 3342 3897 stipulam,qui
3375 3824 3550 3880 male.

1981 3917 2413 3987 Uniuscujusque
2451 3922 2636 3970 autem
2665 3933 2796 3986 opus
2827 3915 3190 3989 manifestum
3219 3915 3358 3968 erit:
3415 3913 3555 3983 quia

1906 4005 1965 4059 in
1987 4006 2501 4075 futurojudicio,et
2523 4005 2657 4060 boni
2678 4005 2974 4059 auditores
2998 4003 3550 4068 manifestabuntur,

1906 4098 1962 4149 et
1993 4093 2152 4148 mali.
2180 4095 2422 4148 Unde-et
2445 4093 2708 4162 sequitur
2733 4110 2745 4146 :
2773 4094 2893 4146 Dies
2925 4095 3074 4146 enim
3120 4092 3340 4145 Domini
3365 4091 3548 4144 decla-

1907 4183 2212 4254 rabit,quia
2231 4184 2287 4236 in
2303 4185 2427 4250 igne
2447 4181 2795 4236 revelabitur.
2811 4180 2946 4234 Dies
2969 4178 3282 4242 Domini,id
3307 4177 3550 4244 est,dies

1899 4271 2110 4342 judicii
2130 4270 2467 4334 declarabit,
2494 4269 2632 4340 quia
2663 4269 2954 4321 discernet
2983 4269 3166 4320 bonos
3199 4264 3494 4320 auditores
3517 4282 3550 4320 a

1909 4359 2101 4415 malis.
2136 4360 2242 4421 Qui
2278 4361 2336 4412 in.
2369 4360 2492 4428 igne
2535 4357 2906 4420 revelabitur;
2964 4354 3102 4425 quia
3149 4353 3428 4407 Dominus
3489 4353 3548 4407 in

1908 4451 2041 4522 igne
2064 4447 2353 4504 revelante
2376 4447 2564 4500 veniet
2586 4446 2654 4500 ad
2673 4443 2986 4515 judicium.
3029 4443 3091 4496 Et
3125 4443 3551 4512 uniuscuiusque

156 4533 372 4602 junxit:
404 4539 560 4595 Alius
597 4545 782 4595 amem
809 4540 1235 4611 superadiﬁcat,
1265 4541 1320 4596 id
1383 4547 1488 4609 est,
1550 4545 1795 4614 quicun-
1834 4545 1874 4608 D
1906 4555 2040 4608 opus
2072 4538 2232 4608 quale
2261 4539 2356 4603 sit,
2393 4537 2541 4606 ignis
2572 4534 2838 4604 probabit.
2868 4531 3340 4602 Uniuscujusque
3382 4546 3553 4601 opus,

165 4638 266 4692 que
287 4632 415 4696 post
439 4645 534 4684 me
564 4629 742 4684 venit.
776 4629 920 4684 Nam
947 4629 1212 4698 dicendo,
1246 4633 1415 4702 alius,
1447 4649 1650 4688 omnes
1683 4633 1805 4688 vult

165 4709 420 4787 intelligi,
440 4722 567 4772 tam
591 4718 798 4786 bonos,
824 4734 1002 4789 quam
1021 4722 1208 4774 malos
1245 4721 1673 4791 praedicatores.
1700 4723 1804 4776 Su-

167 4803 499 4868 perazdiﬁcia
514 4822 656 4877 ergo
676 4805 776 4861 illa
797 4807 1136 4878 accipienda
1166 4814 1324 4878 sunt,
1349 4827 1476 4880 quae
1498 4810 1570 4865 ab
1588 4810 1800 4881 hujus-

165 4890 308 4944 modi
330 4893 676 4951 doctoribus
701 4896 915 4951 tradita
937 4901 1078 4950 sunt
1101 4896 1416 4953 Corinthiis
1442 4917 1455 4963 ;
1492 4900 1645 4953 unde
1670 4917 1801 4954 mox

166 4977 491 5049 admonens,
528 4985 764 5040 subdit:
803 4986 1180 5056 Unusquisque
1211 4995 1390 5041 autem
1427 4987 1609 5041 videat
1666 5005 1801 5057 quo-

164 5067 304 5123 modo
323 5074 750 5144 supersedi/ieci,
782 5074 837 5128 id
864 5078 974 5142 est,
1010 5076 1332 5146 perpendat
1361 5079 1419 5130 et
1474 5074 1802 5131 consideret

166 5160 441 5222 quomodo
471 5162 903 5234 supersediﬁcia
935 5168 1265 5233 congruant
1298 5164 1700 5233 fundamento,
1743 5165 1799 5219 id

167 5247 267 5312 est,
295 5251 587 5316 quomodo
620 5267 707 5316 ea,
741 5238 867 5322 qua)
912 5251 1207 5322 praedicat,
1267 5269 1405 5306 meae
1460 5252 1806 5308 conveniant

62 5380 67 5386 .
173 5329 453 5390 doctrinae.
489 5338 640 5395 Nam
674 5337 723 5393 si
755 5337 1180 5412 superzediﬁcia
1209 5339 1479 5409 distorta,
1510 5344 1566 5394 et
1600 5338 1803 5396 frivola

240 5507 380 5589 (§l§)
408 5511 474 5589 l_n
505 5517 702 5589 autog.
735 5530 920 5589 marg.
957 5515 1055 5570 hic
1084 5514 1299 5589 legitur
1327 5531 1454 5589 cap.
1486 5516 1604 5573 XII.

240 5579 380 5650 (516)
409 5583 494 5640 En
527 5579 724 5657 igne'm
755 5579 1216 5662 purgantemje
1241 5603 1354 5659 quo
1396 5579 1609 5647 Elarius
1630 5588 1805 5658 paulo

1915 4629 1971 4681 id
2006 4632 2112 4692 est,
2145 4631 2200 4682 et
2229 4627 2414 4682 bonos
2437 4625 2754 4693 auditores,
2789 4628 2847 4678 et
2876 4621 3062 4677 malos
3084 4620 3238 4692 ignis
3261 4619 3553 4691 probabit,

1914 4715 2051 4787 quia
2082 4716 2267 4771 bonos
2301 4714 2574 4787 purgabit
2603 4715 2774 4784 (516),
2803 4711 2988 4768 malos
3019 4727 3148 4766 vero
3198 4714 3411 4763 aeterno
3459 4707 3557 4763 in-

1911 4806 2112 4860 cendio
2145 4805 2557 4860 concremabit.

1981 4897 2044 4951 Si
2067 4897 2221 4967 cujus
2243 4911 2378 4967 Opus
2397 4893 2835 4965 manserit,qu0d
2881 4890 3352 4962 supersediﬁcavit,
3409 4905 3552 4944 mer-

1911 4985 2092 5040 cedem
2122 4987 2374 5056 accipiet.
2398 4985 2466 5039 Et
2489 4988 2577 5039 est
2608 4998 2850 5037 sensus:
2884 4981 2942 5036 Si
2983 4982 3184 5036 doctor
3232 4978 3553 5034 misericor-

1913 5075 2008 5129 dia
2033 5073 2154 5140 Dei,
2187 5073 2267 5127 ita
2297 5090 2436 5128 suos
2469 5073 2729 5127 lucratus
2774 5069 2948 5125 fuerit
2977 5069 3296 5134 auditores,
3349 5072 3411 5121 ut
3442 5066 3556 5136 ipsi

1913 5179 2143 5234 poenam
2165 5166 2389 5216 {Dtean
2414 5157 2810 5215 damnationis
2832 5158 3098 5226 evadant,
3122 5163 3180 5212 et
3199 5157 3378 5210 vitam
3397 5158 3558 5208 reter-

1914 5269 2049 5306 nam
2084 5248 2426 5321 percipiant,
2452 5248 2598 5318 ipse,
2624 5265 2724 5317 pro
2756 5263 2957 5301 eorum
2993 5245 3200 5310 salute,
3225 5258 3556 5298 remunera-

1914 5341 2128 5394 tionem
2154 5335 2644 5405 suscipiet,juxta
2670 5335 2821 5405 quod
2838 5333 3122 5387 Dominus
3146 5331 3360 5386 dicitin
3375 5333 3556 5386 Evan-

1913 5517 2008 5572 hic
2037 5511 2302 5568 inferius.
