3996 6232
429 352 493 412 31
508 354 547 413 9

1451 347 1787 410 ATTONIS
1831 342 2415 407 VERCELLENSIS
2460 344 2815 409 EPISCOPI

3720 349 3854 414 320

437 488 589 560 gelio
621 489 946 545 secundum
980 486 1195 546 Lucam
1221 508 1234 558 ;
1261 491 1384 546 Esto
1412 496 1476 545 tu
1502 506 1666 562 super
1684 492 1923 561 quinque
1942 491 2075 545 civi-
2103 477 2159 542 Α
2190 480 2301 536 nisi
2332 484 2499 534 caute
2525 496 2591 534 ac
2623 479 2815 536 sobrie
2844 480 3189 553 accipiatur,
3212 479 3391 537 errori
3441 480 3674 541 vicinus
3706 488 3803 541 est
3829 503 3846 543 :

434 582 607 640 tates:
637 590 688 635 et
714 588 773 636 tu
830 586 940 637 esto
996 597 1162 652 super
1211 581 1392 635 decem
1452 582 1602 652 (Luc.
1632 598 1748 645 xxx,
1786 581 1893 650 17).
1931 581 2076 635 Nam

432 675 651 741 quanto
684 671 882 743 plures
913 671 1127 743 aliquis
1163 670 1424 726 lucratus
1456 672 1649 738 fuerit,
1682 676 1844 725 tanto
1895 670 2076 735 majo-

432 774 553 815 rem
586 762 914 816 mercedem
947 760 1220 816 inveniet.

501 848 564 905 Si
588 852 745 922 cujus
793 866 925 922 opus
967 854 1185 916 arserit,
1246 852 1645 905 detrimentum
1688 853 1955 919 patietur.
2016 849 2075 903 Id

436 942 546 1007 est,
580 939 629 993 si
665 938 803 993 mali
837 940 1153 1005 auditores,
1178 938 1431 1011 propriis
1461 939 1826 1008 exigentibus
1855 937 2077 992 meritis

439 1028 912 1083 damnabuntur:
946 1029 1167 1094 doctor,
1201 1027 1339 1099 quia
1376 1028 1574 1082 minus
1626 1026 1910 1081 sollicitus
1970 1027 2079 1079 fuit

436 1132 573 1186 erga
604 1133 803 1170 eorum
829 1116 1100 1181 salutem,
1135 1118 1416 1171 damnum
1442 1117 1717 1187 patietur.
1742 1117 1799 1171 id
1833 1120 1940 1171 est.
1966 1133 2079 1185 pm-

435 1219 540 1257 nas
574 1203 819 1267 luet,sed
848 1206 1213 1276 purgatorias
1238 1207 1406 1276 (517).
1442 1206 1602 1260 Unde
1621 1222 1753 1259 mox
1776 1205 2073 1258 subditur:

430 1293 545 1363 Ipse
572 1297 757 1348 autem
785 1296 968 1349 salvus
999 1296 1142 1359 erit;
1173 1298 1255 1349 sic
1283 1298 1467 1348 tamen
1504 1296 1661 1362 quasi
1705 1311 1804 1363 per
1854 1296 2037 1359 ignem
2064 1309 2076 1357 ;

432 1381 571 1452 quia
598 1382 832 1452 propria
855 1382 1095 1451 justitia
1125 1387 1182 1437 et
1222 1383 1333 1436 ﬁde
1393 1382 1736 1443 salvabitur,
1798 1385 2079 1452 purgatus

430 1485 533 1539 per
558 1469 773 1539 ignem.
806 1470 1024 1525 Aliter:
1061 1472 1197 1526 Tria
1228 1472 1285 1527 in
1318 1472 1427 1525 hoc
1456 1471 1580 1525 loco
1614 1469 1925 1539 Apostolus
1958 1485 2076 1523 me-

436 1562 644 1621 morat,
679 1575 807 1625 quae
841 1560 1095 1629 pretiosa
1125 1564 1182 1615 et
1212 1560 1487 1631 praeclara
1518 1563 1657 1614 sunt
1687 1561 1742 1613 in
1766 1558 2077 1621 mundo,id

437 1651 547 1711 est,
579 1661 810 1713 aurum,
844 1652 1174 1718 argentum,
1206 1652 1264 1703 et
1304 1648 1529 1720 lapides
1586 1647 1910 1718 pretiosos:
1968 1646 2081 1701 tria

437 1739 632 1789 autem
662 1751 812 1790 vana
868 1740 926 1790 et
956 1736 1178 1803 frivola,
1239 1737 1296 1791 id
1357 1741 1464 1806 est,
1518 1736 1695 1807 ligna,
1745 1736 1967 1800 fenum,
2022 1738 2080 1788 et

2189 588 2300 626 non
2332 571 2486 625 enim
2522 577 2761 643 apparet
2781 572 3072 641 quomodo
3100 570 3194 626 hic
3224 572 3576 644 quandoque
3598 591 3633 628 a
3666 592 3848 647 pmna

2189 659 2486 725 liberetur,
2519 677 2652 715 cum
2687 660 2972 716 Dominus
3004 660 3193 715 dicat:
3220 662 3286 717 Et
3318 661 3474 717 ibunt
3498 663 3556 717 hi
3588 666 3647 718 in
3706 682 3846 737 sup-

2184 750 2417 820 plicium
2438 757 2705 804 aeternum
2734 750 2944 819 (Matth.
2975 767 3104 816 xxv,
3160 751 3271 821 46).
3336 751 3653 808 Sciendum
3703 770 3848 809 vero

2189 838 2347 908 quia,
2382 843 2445 892 ut
2473 838 2613 893 dicit
2633 839 2840 893 beatus
2864 838 3247 907 Augustinus,
3277 839 3374 894 ille
3398 840 3504 895 hoc
3524 840 3652 897 loco
3683 841 3849 914 ignis

2188 925 2606 997 intelligendus
2630 932 2738 991 est,
2774 944 2875 997 per
2894 944 3068 997 quem
3098 928 3271 982 ambo
3293 933 3616 994 transeant,
3643 932 3700 985 id
3728 937 3846 999 est,

2187 1016 2287 1085 qui
2323 1016 2569 1070 aedificat
2601 1032 2833 1083 aurum,
2859 1021 3189 1086 argentum,
3222 1017 3444 1087 lapides
3465 1019 3849 1089 pretiosos,et

2189 1105 2287 1175 qui
2312 1105 2489 1175 ligna,
2517 1105 2713 1159 fenum
2741 1111 2798 1159 et
2821 1106 3119 1175 stipulam.
3145 1105 3237 1161 Sic
3260 1105 3416 1160 enim
3437 1107 3607 1163 dicit:
3631 1111 3699 1163 Si
3719 1112 3851 1179 quis

2186 1195 2554 1263 aediﬁcaverit
2580 1211 2753 1264 supra
2777 1195 3197 1249 fundamentum
3244 1196 3360 1264 hoc,
3385 1212 3607 1270 aurum,
3645 1215 3848 1269 argen-

2190 1287 2327 1347 tum,
2358 1285 2570 1352 lapides
2597 1286 2877 1353 pretiosos,
2910 1288 3121 1354 fenum,
3154 1286 3440 1355 stipulam.
3492 1285 3650 1356 Ignis
3697 1292 3842 1359 ergo

2189 1370 2247 1425 in
2272 1372 2379 1425 hoc
2406 1372 2550 1435 loco,
2572 1374 2811 1427 tentatio
2836 1373 3232 1428 tribulationis
3252 1373 3696 1445 intelligitur,de
3722 1393 3844 1447 quo

2189 1458 2326 1514 alibi
2362 1461 2609 1515 dicitur:
2638 1463 2770 1516 Vasa
2792 1463 2951 1531 ﬁguli
2972 1462 3174 1533 probat
3191 1465 3418 1532 famam,
3479 1467 3530 1518 et
3584 1466 3846 1520 homines

2179 1550 2356 1619 justas
2390 1553 2619 1605 lentatio
2668 1552 3044 1605 tribulationis
3104 1552 3291 1621 (Eccli.
3351 1568 3526 1615 xxvn,
3584 1554 3661 1622 6).
3721 1554 3844 1609 Iste

2189 1638 2418 1708 ignisin
2450 1639 2559 1694 bac
2582 1638 2815 1694 interim
2846 1640 2966 1695 vita
2997 1640 3153 1709 facit,
3188 1640 3342 1711 quod
3375 1640 3471 1696 hic
3492 1641 3635 1696 dicit
3682 1645 3840 1714 Apo-

2187 1726 2372 1781 stolus
2399 1744 2411 1782 :
2445 1744 2560 1782 non
2596 1732 2793 1783 tamen
2825 1735 2915 1783 est
2947 1728 3306 1798 incredibile,
3340 1730 3495 1801 quod
3519 1735 3652 1801 post
3682 1731 3839 1788 banc

437 1822 737 1894 stipulam.
771 1822 953 1891 Unde,
988 1829 1051 1879 ut
1080 1825 1316 1896 quidam
1348 1825 1568 1894 volunt,
1594 1841 1695 1896 per
1724 1840 1954 1889 aurum,
1990 1839 2076 1876 ar-
2104 1845 2151 1909 Β
2184 1815 2359 1909 vitam
2392 1816 2667 1909 id‘ipsum
2701 1817 2891 1871 faciat.

434 1916 699 1984 gentum,
722 1913 945 1983 lapides
970 1914 1274 1984 pretiosos,
1301 1914 1645 1984 designatur
1663 1914 2071 1976 bona,sana,et

430 2000 715 2055 catholica
744 2002 1044 2066 doctrina;
1082 2018 1183 2074 per
1215 2001 1393 2073 ligna,
1426 2002 1651 2067 fenum,
1675 2006 1732 2056 et
1761 2000 2067 2072 stipulam,

428 2088 602 2158 mala,
637 2104 929 2160 perversa,
962 2096 1018 2143 et
1043 2090 1326 2146 adultera.
1360 2093 1510 2162 Ergo
1531 2107 1711 2161 supra
1767 2090 1900 2144 fidei
1938 2090 2067 2143 fun-

428 2172 793 2243 damentum,
818 2194 1053 2242 aurum,
1082 2184 1413 2249 argentum,
1446 2184 1503 2234 et
1530 2179 1755 2251 lapides
1785 2177 2069 2249 pretiosos

426 2265 691 2325 adificat.
715 2267 815 2338 qui
848 2268 994 2323 bene
1025 2269 1191 2323 docet
1217 2286 1230 2335 ;
1262 2268 1425 2339 ligna
1456 2268 1682 2333 fenum,
1707 2272 1766 2321 et
1789 2264 2068 2337 stipulam

425 2354 527 2426 qui
558 2371 842 2426 perverse.

503 2445 940 2515 Uniuscujusque
968 2459 1099 2515 opus
1127 2448 1480 2516 manifestum
1536 2446 1646 2499 erit
1666 2462 1684 2505 ,·
1716 2445 1856 2515 quia
1885 2445 1942 2498 in
1976 2442 2069 2496 die

419 2529 631 2603 judicii
661 2535 717 2586 et
738 2532 909 2596 bona,
935 2538 991 2588 et
1017 2533 1281 2589 adultera
1302 2534 1568 2589 doctrina
1590 2535 1864 2589 omnibus
1888 2531 2069 2586 mani-

425 2618 757 2674 festabitur.
790 2620 953 2676 Unde
975 2625 1033 2676 et
1053 2622 1354 2693 sequitur:
1390 2625 1510 2678 Dies
1530 2626 1681 2678 enim
1707 2624 1927 2677 Domini
1982 2624 2071 2675 de-

424 2708 685 2774 clarabit,
718 2711 851 2779 quia
878 2713 939 2764 in
967 2714 1095 2780 igne
1120 2712 1489 2767 revelabitur:
1548 2712 1606 2766 in
1662 2714 1796 2783 igne
1854 2710 2069 2781 quippe

427 2799 568 2852 tunc
589 2798 865 2853 omnibus
895 2798 1247 2854 revelabitur
1269 2816 1444 2871 prava
1467 2800 1747 2868 doctrina,
1764 2817 1890 2871 quas
1914 2815 2069 2853 nunc

431 2886 717 2956 quosdam
740 2886 972 2959 decipit.
999 2890 1062 2943 Et
1111 2892 1538 2961 uniuscujusque
1592 2906 1723 2960 opus
1772 2890 1932 2961 quale
1976 2891 2067 2957 sit,

434 2976 582 3041 ignis
607 2975 863 3046 probabit
887 2994 899 3043 ;
922 2976 1060 3047 quia
1088 2994 1192 3048 per
1220 2978 1412 3049 ignem
1447 2980 1511 3032 ﬁt
1530 2977 1877 3033 examinatio
1902 2994 1915 3037 ;
1940 2977 2069 3031 ideo

434 3062 588 3135 ignis
611 3064 879 3135 probabit
900 3066 1369 3138 uniuscujusque
1387 3067 1708 3121 doctrinam
1733 3082 1746 3120 :
1768 3066 2066 3135 quoniam,

432 3150 482 3207 si
507 3150 653 3206 nihil
686 3152 991 3219 invenerit,
1015 3154 1169 3225 quod
1192 3160 1415 3223 exurat,
1440 3156 1810 3211 manifestum
1836 3155 1945 3209 erit
1966 3155 2067 3208 bo-

431 3256 572 3296 num
607 3240 789 3296 fuisse
818 3242 1150 3311 doctorem;
1185 3260 1363 3313 prava
1405 3248 1596 3299 autem
1633 3244 1897 3298 doctrina
1938 3258 2067 3298 esca

428 3330 538 3384 erit
562 3328 753 3401 ignis;
782 3331 937 3386 unde
962 3337 1386 3403 consequenter
1404 3332 1769 3405 significatur
1790 3348 1891 3403 per
1910 3332 2071 3404 ligna

428 3417 625 3474 fenum
645 3422 702 3473 et
732 3418 1034 3490 stipulam.

500 3506 560 3562 Si
587 3508 742 3579 cujus
770 3523 902 3579 Opus
921 3509 1361 3580 manserit,quod
1416 3509 1901 3581 supermdiﬁcavit,
1924 3524 2068 3562 mer-

428 3595 608 3651 cedem
637 3597 883 3665 accipiet;
912 3596 968 3650 id
1003 3601 1110 3665 est,
1144 3596 1193 3652 si
1225 3597 1417 3653 nullas
1446 3599 1503 3652 in
1539 3615 1604 3653 eo
1636 3600 1837 3653 sordes
1884 3614 2071 3669 pravae

432 3682 709 3737 doctrinae
736 3682 1219 3753 ignisinvenerit,
1245 3702 1392 3756 quas
1423 3692 1625 3741 exurat
1652 3706 1664 3755 ;
1699 3686 2074 3757 etipse,sicut

433 3774 556 3825 tres
586 3769 749 3842 pueri
772 3772 930 3841 (Dan.
964 3772 1071 3843 III),
1103 3772 1321 3829 illaesus
1343 3775 1413 3828 ab
1440 3775 1591 3847 igne,
1623 3775 1867 3846 accipiet
1924 3791 2073 3829 mer-

433 3859 631 3915 cedem
658 3876 671 3913 :
704 3859 884 3915 vitam
916 3860 1118 3932 utique
1148 3866 1442 3929 aeternam,
1474 3880 1608 3919 cum
1642 3863 1828 3936 gloria
1872 3880 2072 3935 perpe-

432 3951 548 4002 tuae
581 3946 891 4004 felicitatis.

407 4087 411 4091 .
504 4036 572 4089 Si
596 4035 754 4106 cujus
780 4051 913 4106 opus
939 4038 1158 4105 arserit,
1177 4037 1568 4095 detrimentum
1596 4042 1861 4108 patietur.
1919 4039 2075 4110 Opus

441 4122 580 4177 mali
602 4123 856 4180 doctoris
878 4126 1121 4196 ardebit,
1155 4129 1293 4200 quia
1317 4145 1588 4200 perversa
1609 4129 1872 4183 doctrina
1901 4127 2078 4183 inter-

440 4210 549 4267 ibit
567 4230 579 4280 ;
597 4213 873 4285 quoniam
888 4231 1003 4270 non
1022 4220 1111 4271 est
1124 4218 1583 4286 substantia,sed
1597 4217 2076 4272 accidenscausa.

440 4300 652 4357 Omnia
671 4302 885 4376 quippe
906 4308 1046 4361 tunc
1068 4306 1221 4362 mala
1242 4306 1531 4379 peribunt,
1555 4306 1710 4361 sicut
1729 4306 1838 4361 iter
1869 4306 2078 4377 impio-

438 4407 567 4446 rum
599 4393 771 4463 (Psal.
804 4395 953 4465 1,1,6).
992 4397 1416 4450 Detrimentum
1442 4412 1575 4449 vero
1598 4395 1727 4465 pati
1769 4400 1857 4449 est
1879 4410 2079 4465 pcenas

432 4477 613 4535 luere.
646 4481 763 4551 Ipse
789 4491 974 4537 autem
999 4484 1182 4538 salvus
1211 4486 1318 4539 erit
1349 4502 1369 4547 ;
1398 4484 1478 4537 sic
1535 4490 1716 4537 tamen
1767 4488 1922 4553 quasi
1980 4497 2081 4552 per

2252 1908 2438 1975 Supra
2449 1905 2896 1960 fundamentum
2912 1906 3091 1976 igitur
3103 1906 3235 1960 ﬁdei
3251 1905 3346 1962 ille
3359 1906 3835 1963 sedilicataurum

2180 1998 2511 2062 argentum,
2537 1992 2761 2063 lapides
2811 1993 3115 2065 pretiosos,
3141 1994 3238 2064 qui
3272 1994 3429 2066 cogit
3457 2012 3524 2050 ea
3545 2012 3673 2066 quae
3696 2002 3841 2051 sunt

2180 2081 2414 2151 Christi,
2447 2083 2717 2151 quomodo
2744 2084 2963 2152 placeat
2994 2088 3109 2138 Deo
3140 2086 3191 2153 (Ι
3220 2084 3341 2139 Cor.
3375 2101 3471 2151 vn,
3495 2085 3606 2154 32),
3640 2086 3698 2139 id
3721 2090 3836 2153 est,

2180 2171 2280 2240 qui
2311 2187 2379 2225 ea
2409 2175 2702 2241 operatur,
2727 2172 2785 2226 in
2811 2171 3027 2241 quibus
3049 2172 3376 2228 delectatur
3425 2173 3599 2230 Deus.
3658 2175 3830 2243 Nam,

2180 2259 2281 2329 qui
2313 2276 2456 2330 pure
2492 2259 2785 2331 intelligit,
2845 2266 3266 2332 consequenter
3320 2263 3448 2333 eius
3494 2262 3830 2319 intellectus

2179 2365 2281 2418 per
2309 2364 2519 2403 aurum
2553 2350 2913 2421 designatur,
2949 2351 3274 2405 secundum
3306 2350 3486 2407 illud:
3524 2353 3830 2407 Thesaurus

2180 2437 2562 2493 desiderabilis
2592 2438 2902 2508 requiescit
2928 2438 2985 2492 in
3009 2455 3108 2493 ore
3133 2439 3414 2510 sapientis
3462 2440 3631 2511 (519).
3693 2439 3825 2496 Elo-

2180 2525 2418 2596 quentia
2445 2543 2578 2581 vero
2604 2526 2792 2596 ipsius
2814 2543 2917 2597 per
2936 2531 3239 2597 argentum
3268 2528 3651 2600 exprimitur;
3682 2529 3822 2599 quia

2178 2615 2511 2686 eloquentia
2533 2615 2785 2685 Domini,
2810 2615 3141 2687 eloquentia
3162 2623 3340 2683 casta,
3356 2622 3664 2688 argentum
3688 2618 3824 2689 igne

2178 2705 2573 2759 examinatum
2605 2706 2774 2774 (Psal.
2809 2722 2887 2773 x1,
2918 2707 3013 2773 9):
3046 2706 3311 2777 virtutes,
3345 2711 3402 2761 et
3431 2707 3584 2762 bona
3624 2722 3824 2780 opera,

2179 2810 2282 2863 per
2310 2793 2534 2864 lapides
2569 2794 2855 2864 pretiosos
2882 2812 2895 2861 ;
2925 2795 3225 2865 quoniam,
3260 2794 3412 2849 sicut
3438 2794 3662 2866 lapides
3694 2811 3823 2867 pre-

2177 2882 2359 2936 tiosos
2394 2882 2546 2952 ignis
2578 2899 2690 2936 non
2726 2882 3066 2953 corrumpit,
3121 2882 3203 2937 ita
3257 2883 3499 2939 virtutes
3558 2889 3616 2939 et
3672 2887 3827 2941 bona

2179 2987 2353 3041 opera
2384 2970 2539 3041 ignis
2559 2970 2959 3026 tribulationis
2985 2988 3098 3027 non
3132 2972 3444 3027 consumit.
3478 2973 3670 3043 Hujus
3690 2989 3828 3046 ergo

2178 3075 2327 3130 opus
2357 3059 2511 3130 ignis
2543 3060 2833 3131 probabit,
2859 3060 3138 3132 quoniam
3163 3077 3278 3115 non
3295 3066 3514 3132 exuret,
3543 3062 3685 3134 quia
3711 3079 3830 3118 non

2179 3164 2248 3203 ea
2278 3148 2478 3202 dilexit
2508 3148 2567 3202 in
2602 3150 2842 3215 mundo,
2879 3166 3127 3220 quorum
3162 3149 3477 3206 amissione
3512 3151 3830 3208 crucietur.

2184 3238 2311 3293 Dies
2331 3237 2547 3309 quippe
2565 3237 2816 3305 Domini,
2834 3238 2889 3293 id
2904 3243 3013 3308 est,
3028 3239 3150 3294 dies
3163 3238 3560 3296 tribulationis
3573 3240 3836 3297 declara-

2180 3327 2267 3381 bit
2295 3326 2667 3396 splendidum
2694 3329 2821 3397 ejus
2851 3344 3018 3399 opus,
3047 3332 3110 3383 ut
3129 3332 3217 3384 est
3247 3345 3480 3395 aurum,
3513 3331 3668 3401 quod
3728 3346 3834 3401 per

2181 3416 2377 3487 ignem
2398 3415 2706 3471 transit.Et
2731 3419 2869 3487 quia
2892 3416 3265 3487 splendidum
3289 3419 3714 3489 ostendetur,et
3737 3420 3831 3474 in-

2179 3503 2451 3558 violabile
2483 3505 2867 3574 permanebit,
2895 3505 3111 3560 idcirco
3134 3507 3288 3577 quod
3318 3507 3828 3577 supermdificavit,

2183 3594 2509 3648 mercedem
2537 3592 2779 3663 accipiet
2793 3599 3018 3648 (sternte
3042 3594 3353 3651 felicitatis.
3372 3595 3516 3651 Illud
3543 3597 3829 3653 nimirum

2182 3682 2557 3753 sumet,quod
2585 3682 2876 3753 cogitavit.
2896 3684 3232 3739 Econtrario
3259 3684 3357 3739 ille
3378 3684 3628 3740 aediﬁcat
3647 3686 3828 3757 ligna,

2185 3772 2404 3836 fenum,
2439 3771 2737 3842 stipulam,
2771 3771 2871 3843 qui
2902 3773 3117 3843 cogitat
3145 3789 3212 3828 ea
3241 3790 3367 3844 quas
3404 3778 3545 3828 sunt
3599 3777 3831 3843 mundi,

2184 3860 2479 3930 quomodo
2515 3859 2735 3929 placeat
2764 3860 2926 3915 uxori
2959 3861 3007 3931 (1
3035 3860 3157 3916 Cor.
3190 3879 3292 3926 vn,
3322 3863 3436 3927 34),
3468 3863 3526 3916 id
3558 3867 3668 3929 est,
3728 3865 3831 3934 qui

2185 3965 2252 4003 ea
2283 3954 2582 4018 operatur,
2614 3966 2741 4018 quas
2775 3950 3146 4004 abominetur
3177 3955 3347 4006 Deus.
3410 3951 3836 4008 Convenienter

2187 4053 2323 4108 ergo
2346 4054 2448 4107 per
2468 4036 2849 4107 ligna,fenum
2874 4043 2931 4093 et
2962 4038 3240 4111 stipulam
3267 4039 3652 4111 designantur
3668 4058 3840 4097 mun-

2188 4126 2349 4179 dante
2377 4126 2778 4195 cogitationes,
2808 4130 2865 4181 et
2891 4126 3034 4181 tales
3053 4143 3251 4183 rerum
3272 4127 3640 4184 secularium
3673 4129 3839 4200 cupi-

2188 4214 2400 4270 ditates
2424 4213 2712 4285 quze,1icet
2733 4214 2851 4269 sint
2872 4215 3063 4284 licitas,
3088 4217 3279 4271 amitti
3300 4221 3495 4273 tamen
3520 4217 3651 4273 sine
3670 4234 3838 4274 men-

2188 4304 2265 4358 tis
2295 4303 2491 4358 dolore
2523 4319 2636 4358 non
2668 4308 2938 4375 possunt.
2974 4306 3042 4359 Et
3082 4302 3261 4377 hujus
3290 4322 3433 4377 ergo
3486 4322 3637 4378 opus
3680 4306 3841 4380 ignis

2188 4392 2477 4464 probabit,
2510 4392 2651 4462 quia
2674 4398 2874 4447 exuret
2894 4409 3028 4448 eum
3058 4394 3223 4450 dolor
3245 4410 3441 4450 rerum
3464 4395 3839 4452 smcularium

2188 4498 2336 4552 quas
2367 4480 2588 4549 dilexit,
2615 4482 2659 4535 si
2697 4482 3005 4553 contigerit
3028 4487 3093 4537 ut
3112 4499 3211 4539 eas
3230 4487 3490 4555 tempore
3510 4484 3844 4540 tribulatio-

432 4569 638 4637 ignem.
671 4568 906 4626 Salvum
937 4571 1105 4626 illum
1137 4572 1281 4627 dicit
1312 4571 1573 4625 futurum
1600 4589 1613 4638 ;
1652 4571 1791 4641 quia
1819 4587 1935 4625 non
1986 4570 2076 4624 in-
2106 4574 2154 4640 Ι)
2188 4569 2278 4625 nis
2303 4571 2552 4625 amittat.
2578 4570 2801 4641 Quippe
2824 4587 2938 4625 non
2968 4576 3217 4642 possunt
3239 4571 3366 4627 sine
3387 4588 3598 4643 magno
3643 4574 3841 4630 amitti

433 4656 633 4712 teribit
676 4660 1029 4729 substantia,
1092 4677 1207 4731 qua
1252 4658 1542 4725 consistit,
1603 4660 1705 4713 sed
1759 4662 1888 4730 ejus
1944 4660 2078 4714 doc-

433 4746 607 4801 trina.
669 4747 779 4802 Sed
856 4748 1207 4819 notandum,
1274 4747 1413 4818 quia
1494 4764 1609 4801 non
1695 4748 1819 4803 ait:
1874 4748 2079 4806 Salvus

436 4835 548 4889 erit
577 4851 680 4907 per
711 4836 927 4909 ignem,
961 4838 1131 4907 quasi
1174 4835 1543 4891 fundamenti
1601 4837 1808 4892 merito
1856 4837 2079 4894 incom-

438 4923 649 4980 bustus
680 4927 752 4981 ab
783 4926 920 4997 igne
949 4925 1249 4994 liberetur,
1299 4924 1669 4981 examinatus
1727 4944 1827 4997 per
1882 4928 2075 5000 ignem

435 5012 635 5069 volens
676 5014 1002 5081 ostendere,
1065 5012 1205 5083 quia
1256 5029 1458 5083 pcenas
1511 5012 1649 5079 luet,
1709 5032 1823 5072 non
1882 5021 2077 5072 tamen

438 5106 720 5158 aeternum
752 5100 1141 5172 torquebitur,
1176 5101 1328 5155 sicut
1364 5102 1566 5172 perﬁdi
1624 5109 1680 5159 et
1735 5105 1919 5177 impii,
1977 5108 2077 5162 sed

434 5191 791 5262 quandoque
814 5188 1159 5243 liberabitur
1187 5190 1259 5244 ab
1281 5189 1414 5261 igne
1445 5192 1611 5261 (518),
1635 5198 1699 5248 ut
1719 5195 1794 5250 sit
1815 5194 1865 5249 ei
1891 5211 2077 5266 operm

435 5280 714 5351 pretium,
732 5276 890 5350 quod
905 5276 1153 5332 credidit
1172 5278 1488 5335 Christum.
1504 5282 1607 5338 Hic
1627 5288 1819 5338 tamen
1844 5300 2077 5349 sensus,

511 5403 658 5477 (517)
694 5407 771 5479 En
804 5400 940 5479 luce
963 5400 1174 5479 clarius
1205 5404 1418 5479 dogma
1448 5405 1598 5479 ignis
1641 5407 1947 5479 purgantis
2006 5408 2078 5462 ad

440 5470 680 5548 tempus
711 5473 783 5548 ab
815 5470 1070 5529 Ecclesia
1099 5470 1372 5532 contin'ue
1402 5470 1799 5548 praedicatum.
1833 5479 2082 5534 Videant

444 5547 570 5618 haec
596 5546 921 5618 novatores,
953 5549 1009 5618 et
1041 5552 1250 5618 negent
1293 5546 1502 5618 adhuc,
1562 5550 1612 5605 si
1667 5551 1909 5618 audent,
1939 5551 2084 5605 anti-

443 5614 793 5692 quissimam
822 5630 951 5673 esse
980 5617 1051 5674 de
1080 5614 1189 5676 hoc
1217 5614 1497 5692 dogmate
1516 5620 1782 5678 Ecclesiae
1820 5614 2083 5678 traditio-

444 5702 580 5746 nem
610 5689 667 5745 et
693 5686 890 5745 fidem.

2188 4658 2406 4724 dolore,
2434 4675 2561 4729 quae
2584 4675 2717 4713 cum
2742 4675 2952 4731 magno
2978 4660 3430 4731 possidebantur
3443 4663 3842 4719 amore.Unde

2188 4748 2361 4821 paulo
2396 4752 2529 4819 post
2550 4748 2801 4803 dicitur:
2836 4749 2896 4803 Si
2923 4751 3085 4820 cujus
3114 4766 3246 4821 opus
3275 4752 3495 4821 arserit,
3536 4750 3838 4807 detrimen-

2188 4847 2304 4893 tum
2330 4838 2594 4908 patietur.
2621 4837 2780 4908 Opus
2808 4839 3054 4905 ardebit,
3084 4839 3220 4909 quia
3250 4840 3587 4895 substantia
3630 4841 3843 4897 mundi

2189 4926 2428 4999 peribit:
2453 4927 2501 4981 si
2525 4942 2660 4998 ergo
2679 4928 2958 4997 perierint
2973 4944 3067 4983 res
3078 4929 3844 4996 saeculares,detrimentum

2191 5014 2463 5087 patietur,
2498 5015 2555 5069 id
2589 5020 2700 5083 est,
2730 5016 3010 5071 damnum
3054 5017 3410 5089 temporale;
3446 5018 3586 5090 quia
3640 5019 3850 5075 amisit

2190 5105 2345 5176 quod
2380 5104 2671 5175 cogitavit.
2720 5104 3136 5161 Verumtamen
3194 5106 3568 5162 fundamenti
3627 5107 3844 5165 merito

2189 5193 2553 5264 liberabitur,
2571 5194 2620 5250 si
2644 5194 2834 5266 magis
2859 5194 3097 5267 elegerit
3116 5194 3233 5250 illis
3254 5210 3660 5267 carere,quam
3685 5196 3851 5254 Chri-

2192 5288 2301 5349 sto,
2334 5283 2392 5337 id
2426 5287 2535 5351 est,
2568 5283 2617 5338 si
2650 5283 2860 5337 timore
2900 5284 3205 5340 amittendi
3264 5299 3384 5349 eas,
3444 5300 3560 5339 non
3622 5285 3848 5342 deserit

2264 5407 2409 5478 (518)
2440 5407 2715 5489 Sequitur
2734 5407 3175 5463 evidentissima
3194 5406 3488 5480 dogmatis
3510 5410 3844 5482 purgatorii

2191 5479 2631 5533 demonstratio.
3286 5479 3291 5480 ί
3515 5479 3527 5480 ί
3632 5479 3656 5482 “

2264 5548 2413 5620 (519)
2441 5549 2616 5606 Juxta
2644 5548 2788 5605 illud
2821 5550 3089 5606 Proverb.
3123 5566 3248 5620 cap.
3282 5566 3398 5618 xxx,
3441 5551 3534 5618 20,
3597 5550 3845 5610 Thesau-

2191 5636 2289 5677 rus
2317 5620 2713 5693 desiderabitis,
2745 5624 2796 5680 et
2823 5622 3005 5678 oleum
3034 5624 3096 5679 in
3125 5620 3436 5679 habitacula
3462 5622 3623 5692 iusti.
