3996 6232
166 358 281 417 329
747 352 1162 413 EXPOSITIO
1209 353 1284 412 IN
1333 354 1758 415 EPIS'I‘OLAS
1801 355 2060 416 PAULI.
2104 391 2174 397 —
2213 358 2289 416 ΙΝ
2338 359 2584 418 EPIST.
2634 359 2654 417 Ι
2701 359 2806 418 AD
2851 358 3026 419 COR.
3471 366 3589 422 330

163 503 296 543 simo
324 485 467 557 quod
499 501 614 540 non
643 489 774 538 sunt
801 483 1084 554 condignw
1127 487 1416 555 passiones
1465 487 1622 557 hujus
1663 501 1828 539 mun-
1860 490 1910 552 Α
1945 488 2052 542 Sed
2089 489 2390 542 sciendum
2427 489 2563 560 quia
2585 507 2715 558 quae
2749 490 2993 560 probare
3022 489 3247 544 videtur
3275 491 3589 561 Apostolus

165 576 240 631 ait
268 577 448 645 (Rom.
481 591 610 638 vni,
648 575 754 640 l8).
789 577 987 627 Potest
1017 572 1192 628 etiam
1225 573 1471 644 intelligi
1504 578 1568 629 ut
1596 573 1839 629 novissie
1946 582 2148 643 negat;
2185 583 2242 630 et
2272 594 2397 648 quae
2433 594 2641 648 negare
2682 577 2910 631 videtur
2942 578 3166 648 probat.
3219 579 3408 634 Verba
3437 581 3594 636 enim

170 681 292 720 mos
355 663 592 732 dixerit,
652 662 723 716 ad
782 661 1278 730 comparationem
1326 663 1635 732 priorum;
1698 679 1834 718 nam

171 770 316 826 quos
350 753 582 824 primos
604 749 800 822 elegit,
825 750 1036 804 direxit
1053 750 1122 804 ad
1153 751 1423 816 Judaeos;
1461 768 1608 821 quos
1639 758 1834 806 autem

171 841 543 907 novissimos,
595 839 914 894 destinavit
963 839 1034 892 ad
1085 843 1336 909 gentes;
1397 839 1644 911 ideoque
1704 840 1832 895 ait:

173 938 487 1002 Tamquam
517 930 688 984 morti
710 928 1034 993 destinatos,
1071 928 1126 981 id
1178 933 1289 989 est,
1339 928 1410 982 ad
1445 932 1719 992 mortem,
1764 930 1835 983 ad

173 1021 480 1093 supplicia,
513 1020 585 1075 ad
619 1018 1056 1090 persecutiones
1086 1018 1368 1072 diversas.

244 1111 383 1177 Quia
436 1109 801 1179 spectaculum
854 1109 994 1178 [acti
1049 1123 1240 1161 sumus
1300 1107 1524 1162 mundo.
1582 1107 1733 1162 Elias
1783 1111 1838 1161 et

180 1197 420 1255 Henoch
480 1199 618 1252 adeo
673 1195 1076 1266 spectaculum
1109 1195 1364 1249 eruntin
1398 1197 1646 1261 mundo,
1681 1201 1744 1250 ut
1776 1196 1834 1249 in

179 1291 492 1358 conspectu
527 1285 699 1340 totius
733 1284 928 1356 populi
954 1283 1209 1338 inﬁdelis
1242 1285 1604 1352 occidantur,
1632 1289 1687 1340 et
1716 1301 1837 1337 cor-

182 1393 321 1448 pora
350 1390 547 1430 eorum
579 1372 960 1444 projiciantur
991 1373 1048 1426 in
1081 1371 1269 1442 platea
1300 1373 1370 1426 ad
1421 1373 1833 1428 confusionem

178 1464 456 1519 ﬁdelium.
508 1462 601 1517 Sic
656 1462 938 1516 nimirum
971 1460 1219 1531 apostoli
1265 1461 1664 1531 spectaculum
1699 1463 1836 1518 facti

176 1557 311 1608 sunt
331 1551 723 1618 mundo,dum
750 1551 809 1604 in
836 1555 1154 1621 conspectu
1178 1549 1592 1604 insultantium
1627 1554 1835 1604 contu-

180 1641 362 1697 meliis
392 1645 452 1697 et
481 1639 845 1695 cruciatibus
876 1643 1015 1694 sunt
1044 1638 1254 1693 aﬁ‘ecti.
1313 1638 1516 1693 Mundo
1546 1637 1689 1693 dicit
1721 1655 1836 1692 non

179 1730 315 1786 ccelo
347 1735 405 1785 et
437 1734 628 1793 terrae,
663 1728 764 1782 sed
807 1726 1209 1782 habitantibus
1243 1727 1568 1792 mundum;
1604 1731 1840 1798 propter

1943 670 2082 718 sunt
2159 665 2535 736 increpantis,
2612 665 2710 736 qui
2791 666 3099 720 conﬁtetur
3179 668 3465 737 negando,
3540 672 3598 724 et

1945 755 2275 808 conﬁtendo
2343 759 2534 824 negat,
2635 754 2852 825 quippe
2939 770 3036 824 per
3109 755 3356 811 ironiam
3441 758 3598 813 dicta

1946 847 2105 896 sunt.

2021 950 2195 1018 Usque
2219 949 2274 1002 in
2309 948 2448 1003 hanc
2474 949 2662 1002 horam
2687 965 2700 1014 ;
2727 965 2913 1018 usque
2944 949 3014 1003 ad
3039 949 3146 1004 hoc
3169 949 3485 1021 tempus,id
3508 954 3598 1006 est

1945 1037 2119 1091 etiam
2154 1038 2307 1107 apud
2339 1055 2460 1106 vos,
2493 1043 2544 1090 et
2575 1039 2869 1101 esurimus,
2900 1041 2950 1091 et
2993 1040 3228 1108 sitimus,
3260 1046 3312 1094 et
3337 1038 3476 1093 nudi
3503 1056 3597 1094 su-

1946 1142 2083 1189 mus,
2117 1132 2167 1179 et
2200 1127 2446 1197 colaphis
2495 1127 2795 1190 caedimur,
2841 1129 2890 1179 et
2948 1127 3229 1181 instabiles
3285 1144 3490 1198 sumus,
3545 1131 3599 1182 et

1946 1215 2258 1269 laboramus
2289 1224 2568 1285 cperantcs
2601 1216 2862 1268 manibus
2893 1215 3108 1270 noslris.
3144 1215 3425 1286 Apostoli,
3459 1216 3600 1287 quia

1946 1303 2072 1357 sine
2133 1303 2470 1358 adulatione
2527 1309 2581 1358 et
2629 1304 2951 1358 secundum
3015 1303 3187 1357 ﬁdem
3248 1303 3596 1358 catholicam

1945 1391 2236 1446 Christum
2278 1393 2691 1464 praedicabant,
2716 1393 2952 1463 gratiosi
2990 1409 3104 1446 non
3136 1398 3322 1459 erant,
3355 1393 3600 1464 ideoque

1947 1481 2092 1534 nihil
2128 1483 2198 1536 ab
2234 1482 2601 1536 auditoribus
2620 1482 2984 1552 accipiebant
3020 1483 3170 1536 unde
3197 1485 3597 1537 sustentaren-

1947 1574 2081 1634 tur;
2116 1587 2178 1623 ac
2213 1587 2312 1640 per
2344 1570 2450 1624 hoc
2481 1570 3205 1637 esuriebant,sitiebant,et
3233 1571 3373 1626 nudi
3395 1574 3598 1638 erant;

1947 1657 2208 1729 colaphis
2223 1660 2396 1712 etiam
2411 1659 2747 1714 caadebantu
2760 1660 2950 1729 r,quia
2965 1659 3194 1731 publice
3208 1659 3603 1714 irridebantur

1948 1750 2004 1800 et
2023 1747 2544 1816 exprobrabuntur.
2566 1747 2874 1802 Instabiles
2896 1747 3229 1819 erant,quia
3246 1748 3605 1819 fugabantur

181 1819 326 1890 quod
357 1834 676 1889 exponens,
712 1815 965 1886 subjecit
999 1833 1010 1868 :
1059 1819 1122 1870 Et
1150 1815 1384 1882 angelis,
1417 1820 1466 1869 et
1499 1814 1832 1869 hominibus.

1956 1835 2018 1888 ab
2051 1814 2387 1888 inﬁdelibus
2419 1835 2489 1888 de
2522 1834 2645 1888 loco
2677 1836 2733 1888 in
2767 1834 2984 1899 locum,
3020 1852 3089 1891 ne
3110 1814 3264 1890 torte
3295 1814 3344 1890 si
3377 1836 3602 1891 diutius

181 1906 422 1979 Angelos
454 1911 653 1960 autem
688 1922 803 1959 non
836 1905 1020 1958 bonos
1049 1903 1259 1969 ait,sed
1297 1902 1583 1971 malos,de
1615 1903 1831 1974 quibus

193 1996 324 2050 dicit
378 1996 716 2066 Propheta:
781 1995 1151 2047 Immissiones
1220 2009 1317 2062 per
1372 1991 1596 2061 angelos
1662 1993 1833 2046 malos

182 2085 349 2153 (Psal.
377 2101 580 2150 xxxm,
636 2084 712 2150 8).
746 2080 1030 2136 Similiter
1059 2080 1346 2151 homines,
1383 2098 1493 2134 non
1543 2081 1830 2148 credulos,

182 2174 324 2243 (581)
377 2173 480 2227 sed
531 2169 821 2225 inﬁdeles.
884 2169 982 2223 His
1036 2170 1190 2223 enim
1248 2169 1648 2239 spectaculum
1697 2168 1833 2222 facti

178 2260 477 2332 sunt,quia
507 2259 879 2315 exsultabant
908 2263 964 2312 et
992 2257 1340 2312 laetabantur
1368 2258 1438 2311 de
1470 2274 1671 2311 eorum
1706 2275 1833 2328 pas-

177 2349 441 2404 sionibus
471 2353 530 2403 et
560 2347 866 2402 mortibus.
894 2347 1105 2401 Beatus
1125 2362 1258 2400 vero
1293 2345 1658 2416 Augustinus
1691 2344 1834 2399 dicit

179 2436 421 2508 angelos
473 2442 531 2491 et
563 2435 825 2490 homines
856 2440 975 2490 tam
1009 2435 1194 2490 bonos
1233 2451 1411 2504 quam
1444 2432 1630 2488 malos
1661 2450 1833 2505 posse

185 2524 456 2598 intelligi,
513 2531 575 2579 ut
624 2524 697 2579 sit
745 2541 952 2580 sensus
1000 2542 1012 2578 :
1064 2522 1426 2595 spetaculum
1460 2524 1591 2577 facti
1628 2540 1836 2578 sumus

179 2615 421 2679 mundo,
458 2613 682 2686 angelis
717 2619 773 2668 et
798 2613 1178 2678 hominibus;
1215 2629 1330 2667 non
1360 2613 1832 2683 vituperantibus

181 2702 496 2771 solum,sed
523 2704 695 2758 etiam
717 2701 1261 2772 laudantibus,quia
1279 2701 1568 2756 habemus
1586 2701 1645 2754 in
1667 2701 1835 2755 nobis

177 2793 323 2863 quod
356 2793 526 2848 bonis
558 2791 784 2863 angelis
839 2789 1087 2862 placeat,
1117 2791 1406 2844 habemus
1458 2790 1616 2862 quod
1664 2789 1835 2844 malis

179 2880 499 2953 displiceat.
534 2881 629 2936 Sic
660 2884 716 2934 et
745 2880 864 2934 vita
887 2885 1088 2934 nostra
1111 2878 1381 2933 ﬁdelibus
1415 2879 1621 2950 placet,
1658 2882 1714 2932 et
1745 2878 1832 2932 in-

179 2969 440 3025 ﬁdelibus
470 2968 766 3040 displicet.

243 3062 349 3114 Nos
377 3059 544 3114 stulti
570 3062 792 3130 propter
841 3059 1145 3124 Christum,
1199 3073 1287 3112 vos
1317 3061 1502 3111 autem
1547 3056 1835 3127 prudentes

177 3150 233 3202 in
247 3150 478 3204 Christo.
519 3146 809 3218 Apostoli,
833 3148 970 3217 quia
987 3146 1282 3200 Christum
1309 3146 1832 3216 diligentes,eaque

177 3217 722 3309 prmdicabantiquze
746 3235 1110 3307 sapientibus
1134 3235 1337 3289 mundi
1359 3234 1540 3290 stulta
1561 3235 1831 3288 videban-
1863 3217 1905 3282 C

173 3329 599 3397 tur,propterea
631 3324 797 3378 stulti
826 3325 1185 3379 vocabantur
1210 3328 1447 3394 propter
1477 3323 1775 3377 Christum
1815 3347 1828 3386 ;

103 3445 108 3450 -
175 3414 376 3480 Ebion,
424 3420 482 3470 et
541 3412 880 3478 Cerinthus,
932 3413 1069 3483 quia
1124 3412 1307 3466 Deum
1373 3411 1583 3466 Filium
1619 3412 1831 3465 habere

179 3505 487 3574 negabant,
524 3507 628 3557 aut
686 3501 867 3557 Deum
905 3501 1199 3554 hominem
1235 3501 1378 3567 ﬁeri,
1420 3500 1507 3555 vel
1547 3500 1832 3570 virginem

183 3606 386 3659 parere
415 3590 715 3660 potuisse;
747 3589 954 3660 reliqui
1005 3605 1236 3660 quoque
1288 3589 1389 3658 qui
1439 3593 1642 3642 contra
1674 3589 1836 3642 Chri-

185 3684 344 3733 stum
379 3677 1072 3749 predicabant,sapientes
1103 3677 1161 3732 in
1195 3677 1423 3732 Christo
1455 3679 1833 3731 vocabantur.

193 3767 316 3820 Haac
337 3782 472 3839 ergo
503 3767 794 3822 sententia
823 3766 1345 3838 pseudoapostolos
1372 3765 1690 3837 redarguit,
1715 3765 1836 3836 qui,

187 3853 529 3927 eloquentiae
564 3856 832 3911 humanae
875 3857 1121 3910 nitorem
1155 3858 1481 3925 quaarentes
1535 3871 1598 3908 ea
1631 3853 1837 3925 praedi-

189 3945 391 3998 cabant
429 3961 558 4015 qua
601 3943 810 3998 mundi
850 3943 1216 4014 sapientibus
1265 3959 1377 3998 non
1419 3941 1835 4013 displicerent;

188 4032 426 4105 ideoque
457 4033 778 4105 prudentes
811 4033 869 4087 in
903 4032 1134 4087 Christo
1165 4036 1331 4086 vocat
1362 4048 1482 4086 eos.

255 4122 355 4176 Nos
407 4124 651 4192 inﬁrmi,
708 4137 800 4177 vos
859 4129 1043 4176 autem
1110 4128 1295 4191 fortes.
1366 4119 1644 4191 Apostoli,
1704 4121 1842 4191 quia

188 4207 358 4266 libere
379 4216 436 4266 et
453 4215 797 4267 constanter
812 4209 1107 4266 Christum
1133 4209 1682 4282 prmdicabanhideo
1706 4227 1842 4280 pro-

189 4297 307 4364 bra,
366 4299 694 4365 molestias,
755 4298 988 4370 vimque
1050 4299 1446 4370 patiebantur,
1508 4314 1571 4351 ac
1605 4315 1704 4368 per
1734 4299 1843 4352 hoc

187 4387 608 4457 judicabantur
629 4387 848 4442 inﬁrmi
876 4405 888 4452 ;
922 4395 1160 4443 econtra
1181 4385 1676 4458 pseudoapostoli,
1709 4387 1845 4457 quia

189 4475 266 4530 ita
323 4477 627 4534 Christum
688 4475 1104 4546 praedicabant,
1158 4481 1223 4530 ut
1279 4475 1546 4529 homines
1602 4491 1717 4528 non
1755 4475 1843 4528 nf-

191 4563 505 4636 fenderent,
569 4564 759 4620 securi
823 4564 1137 4619 manebant
1183 4589 1196 4631 ;
1243 4564 1489 4633 ideoque
1559 4563 1698 4617 dicit
1751 4575 1924 4638 eosD

190 4654 362 4720 fortes.

262 4743 352 4798 Vos
402 4754 592 4798 autem
651 4743 884 4808 nobiles,
969 4759 1065 4797 nos
1113 4751 1299 4797 autem
1386 4741 1679 4812 ignobiles.
1740 4741 1844 4803 Qui

191 4829 366 4884 Deum
397 4831 650 4886 Abrahae
679 4831 863 4886 fuisse
897 4830 1253 4902 promissum
1287 4835 1389 4884 aut
1416 4830 1716 4901 prephetis
1748 4847 1848 4883 an-

192 4920 522 4973 nuntiatum
580 4919 897 4990 negabant,
948 4917 1172 4973 nobiles
1215 4919 1678 4982 aestimabantur,
1713 4918 1852 4988 quia

194 5022 418 5062 omnem
452 5007 873 5078 antiquitatem
906 5006 1121 5062 Christi
1153 5007 1429 5077 promissi
1462 5024 1575 5061 non
1628 5007 1852 5061 Christo

192 5096 564 5152 ascribebant
596 5114 609 5159 ;
658 5096 987 5151 econtrario
1020 5095 1120 5166 qui
1169 5095 1493 5160 Christum,
1527 5095 1850 5150 secundum

192 5185 748 5253 promissionem,ex
775 5184 1018 5238 Abrahae
1050 5183 1273 5238 semine
1305 5195 1507 5238 natum
1541 5188 1598 5236 et
1629 5200 1854 5237 annun-

193 5270 396 5328 tiatum
416 5291 450 5329 a
472 5270 781 5345 prophetis
799 5271 1456 5344 asserebant,ignobiles
1479 5270 1854 5327 vocabantur.

259 5451 407 5520 (531)
439 5451 507 5506 In
543 5453 745 5520 autog.
807 5451 928 5506 loco
971 5449 1225 5505 credulos
1277 5447 1583 5520 legebatur
1612 5449 1860 5504 crudeles

195 5518 348 5592 quod
380 5518 829 5592 emendandum
861 5523 1064 5578 censui
1122 5523 1313 5592 favore
1349 5518 1700 5584 "antithesis,
1752 5536 1862 5574 non

187 5590 456 5659 credulos,
485 5592 594 5648 sed
620 5591 894 5664 inﬁdeles,
957 5595 1029 5649 ad
1094 5590 1486 5646 imitationem
1518 5592 1860 5664 superioris,

191 5681 296 5722 non
331 5667 499 5722 bonos
531 5661 633 5718 sed
662 5661 849 5721 malos.

490 5790 758 5850 ΡΑτιιοι.
811 5791 1129 5854 CXXXIV.

1945 1923 2001 1976 in
2035 1924 2237 1977 eodem
2273 1921 2397 1976 loco
2433 1927 2751 1987 manerent,
2795 1923 2992 1993 plures
3041 1925 3110 1977 ad
3163 1924 3334 1978 ﬁdem
3386 1924 3601 1979 Christi

1943 2017 2358 2066 converterent.
2399 2012 2765 2065 Laborabant
2796 2017 3101 2082 operantes
3135 2012 3407 2066 manibus
3453 2012 3602 2077 suis,

1946 2102 2098 2155 unde
2130 2102 2345 2154 victum
2380 2101 2750 2170 acquirerent
2781 2117 2895 2170 quo
2928 2105 3402 2154 sustentarentur
3435 2117 3446 2153 :
3484 2116 3602 2154 non

1946 2190 2135 2244 solum
2169 2189 2309 2260 quia
2355 2205 2486 2243 cum
2521 2188 2760 2260 gratiosi
2796 2205 2909 2242 non
2944 2187 3315 2254 essent,nihil
3348 2188 3603 2259 accipie-

1946 2279 2106 2344 bant,
2141 2279 2240 2332 sed
2278 2279 2413 2348 quia
2447 2277 3127 2348 indignumjudicabant
3156 2275 3379 2348 aliquid
3411 2277 3482 2330 ab
3509 2276 3603 2331 his

1945 2367 2202 2437 accipere
2252 2383 2399 2436 quos
2462 2366 2519 2418 in
2571 2365 2750 2420 tantis
2829 2365 3068 2436 flagitiis
3119 2381 3246 2420 esse
3303 2365 3598 2433 videbant,

1946 2461 2182 2528 propter
2213 2454 2356 2508 illud
2383 2471 2396 2510 :
2421 2456 2611 2510 Oleum
2639 2458 2936 2525 peccatoris
2968 2470 3078 2509 non
3110 2456 3412 2525 impinguet
3441 2462 3603 2524 caput

1942 2561 2124 2599 meum
2157 2545 2326 2608 (Psal.
2361 2560 2486 2609 exn,
2545 2544 2622 2613 5).
2686 2544 2974 2598 Noverunt
3002 2543 3158 2598 enim
3187 2543 3325 2614 quia
3354 2543 3606 2614 graviter

1945 2638 2165 2704 peccat,
2199 2639 2255 2687 et
2286 2632 2610 2686 libertatem
2673 2632 2956 2702 arguendi
3008 2630 3246 2697 amittit,
3281 2631 3380 2702 qui
3413 2631 3484 2684 ab
3535 2645 3602 2685 eo

1945 2721 2167 2792 aliquid
2221 2722 2450 2793 accipit,
2512 2721 2613 2791 qui
2672 2726 2977 2792 propterea
3034 2721 3262 2788 tribuit,
3303 2736 3374 2774 ne
3406 2719 3602 2774 redar-

1945 2815 2087 2881 guat
2134 2810 2304 2880 (53:2).

2015 2915 2290 2986 Sequitur
2325 2933 2338 2972 :
2369 2917 2783 2982 maledicimur,
2817 2919 2866 2970 et
2900 2915 3266 2970 benedici-mus
3290 2931 3310 2976 ,°
3342 2930 3606 2987 persecu-

1946 3007 2141 3060 tionem
2162 3006 2487 3075 patimur,et
2507 3001 2842 3059 sustinemus
2863 3023 2884 3068 ;
2907 3004 3430 3074 blasphemamur,et
3455 3004 3606 3060 obse-

1944 3111 2178 3148 cramus.
2213 3093 2728 3152 Maledicebantur.
2763 3097 2818 3145 et
2851 3092 3292 3156 benedicebant,
3326 3091 3464 3162 quia
3501 3109 3606 3162 pro

1948 3184 2116 3238 malis
2150 3183 2328 3237 vicem
2382 3198 2496 3236 non
2557 3181 2897 3245 reddebant,
2953 3185 3017 3233 ut
3058 3198 3156 3235 eos
3207 3180 3400 3250 quise
3453 3180 3605 3235 male

1949 3273 2274 3326 tractabant
2307 3288 2415 3324 sua
2449 3270 2728 3340 patientia
2758 3269 2828 3322 ad
2864 3269 3034 3322 ﬁdem
3069 3269 3279 3322 Christi
3314 3272 3606 3322 converte.

1949 3366 2094 3415 rent.
2133 3360 2596 3414 Persesutionem
2642 3357 3034 3428 patiebantur,
3096 3362 3151 3410 et
3209 3355 3602 3424 sustinebant,

1947 3450 2085 3520 quia
2117 3446 2602 3520 persequentibus
2636 3462 2751 3498 non
2785 3445 3154 3498 resistebant.
3216 3443 3604 3516 Blasphema-

1948 3539 2182 3602 bantur,
2212 3541 2267 3590 et
2300 3533 3122 3604 obsecrabant,quia,injuriis
3144 3539 3200 3587 et
3229 3532 3604 3590 contumeliis

1948 3627 2158 3693 affecti,
2191 3622 2532 3695 suppliciter
2562 3623 2966 3689 obsecrabant,
3003 3627 3066 3676 ut
3096 3639 3156 3677 se
3189 3621 3606 3694 permitterent

1951 3715 2189 3770 reddere
2221 3712 2529 3777 rationem,
2563 3711 2812 3766 scientes
2845 3711 2982 3783 quia
3013 3711 3060 3766 si
3095 3711 3148 3765 id
3185 3711 3606 3777 ﬁeret,facilius

1949 3821 2047 3859 eos
2069 3803 2141 3857 ad
2175 3802 2347 3856 ﬁdem
2381 3800 2592 3854 Christi
2620 3805 3042 3855 converterent.

2021 3918 2294 3989 Sequitur
2323 3934 2334 3970 :
2368 3927 2634 3987 tanquam
2660 3927 3026 3988 purgamenta
3056 3918 3216 3988 hujus
3247 3918 3445 3974 mundi
3471 3919 3608 3987 facti

1948 4008 2232 4063 su-mus.Et
2261 4010 2347 4060 est
2375 4023 2584 4060 sensus
2622 4022 2633 4058 :
2660 4005 2805 4066 Quia
2835 4005 3227 4077 nosmetipsos
3257 4007 3606 4077 dejecimus,

1952 4097 2090 4169 quia
2147 4113 2262 4151 non
2319 4093 2804 4157 contradiximus,
2865 4094 3080 4149 idcirco
3131 4093 3608 4164 contemptibiles

1953 4184 2135 4240 habiti
2160 4187 2447 4249 sumus,et
2470 4179 2743 4233 vilissimi
2768 4181 3227 4235 omnium.Unde
3256 4197 3389 4235 mox
3411 4181 3609 4235 subdi-

1954 4281 2097 4329 tur:
2136 4272 2395 4325 Omnium
2449 4269 2751 4339 peripsima
2810 4268 2956 4337 (533)
3016 4284 3184 4338 usque
3233 4270 3436 4323 adhuc.
3469 4269 3610 4323 Per-

1952 4363 2167 4434 ipsima
2195 4360 2350 4414 enim
2386 4363 2523 4413 sunt
2544 4355 2819 4427 quaelibet
2844 4355 3162 4420 vilia,velut
3190 4356 3615 4426 depilaturaa,et

1955 4468 2190 4514 rasurae,
2223 4454 2279 4504 et
2311 4462 2672 4519 quzecunque
2703 4445 2820 4500 alia
2849 4444 3195 4518 projectitia.
3234 4446 3404 4516 Usque
3427 4444 3614 4502 adhuc

1959 4541 2117 4606 dicit,
2151 4539 2205 4592 id
2240 4541 2347 4604 est,
2383 4552 2569 4607 usque
2610 4536 2680 4590 ad
2716 4534 2824 4590 hoc
2856 4543 3111 4607 tempus.

2027 4655 2303 4725 Sequitur
2336 4671 2347 4708 :
2382 4655 2520 4709 Nam
2550 4655 2600 4707 si
2629 4653 2808 4708 decem
2838 4654 3001 4708 milia
3028 4652 3476 4724 paedagogorum,
3500 4656 3613 4708 etc.

1958 4744 2289 4799 Notandum
2325 4743 2461 4815 quia
2484 4742 2579 4797 ille
2608 4742 2704 4814 qui
2729 4743 2985 4814 primum
3009 4742 3458 4797 fundamentum
3481 4740 3615 4798 ﬁdei

1954 4834 2116 4904 jacit,
2152 4832 2247 4887 ille
2289 4839 2451 4904 pater
2481 4832 2732 4898 dicitur;
2768 4832 2865 4903 qui
2898 4849 3030 4886 vero
3065 4831 3227 4886 illum
3263 4835 3618 4903 sequuntur,

1963 4923 2284 4995 paedagogi.
2316 4923 2668 4992 l‘tedagogus
2699 4922 2933 4976 Graecus
2965 4939 3157 4976 sermo
3190 4926 3301 4986 est,
3333 4925 3388 4975 et
3423 4921 3620 4976 Latine

1963 5012 2178 5068 dicitur
2224 5013 2596 5082 petlz'ssequus,
2648 5016 2703 5064 et
2746 5012 3007 5065 eruditor
3060 5027 3412 5082 puerorum;
3448 5015 3622 5080 atque

1967 5099 2238 5154 lascivam
2272 5106 2499 5154 aetatem
2533 5099 2852 5152 refrenans.
2881 5098 2991 5152 Iste
3024 5115 3298 5171 namque,
3333 5098 3471 5168 quia
3494 5097 3623 5151 fun-

1966 5189 2307 5242 damentum
2343 5188 2474 5242 ﬁdei
2514 5187 2810 5257 injecerat,
2845 5190 3010 5257 pater
3039 5193 3182 5242 erat.
3215 5187 3284 5241 Et
3313 5187 3442 5241 ideo
3473 5184 3625 5240 dice-

1967 5277 2069 5330 bat
2100 5293 2111 5329 :
2145 5275 2262 5329 Non
2292 5277 2470 5330 tamen
2503 5290 2688 5330 omnes
2717 5275 2865 5345 (534)
2894 5279 3099 5344 patres.

2043 5450 2188 5521 (53-2)

1972 5538 2128 5578 nem.

2049 5591 2191 5666 ($53.3)
2224 5588 2396 5666 ἴυζε.
2430 5592 2757 5666 peripscma,
2791 5593 2978 5648 Crmcc
3025 5595 3338 5666 Πεοιψημα.

2048 5660 2197 5734 (534)
2228 5659 2399 5735 Vulg.
2430 5659 2650 5724 inultos.

2270 5449 2354 5504 En
2424 5449 2588 5505 valde
2654 5455 2856 5506 notata
2942 5450 3180 5522 dignam
3265 5451 3624 5509 observatio-

3271 5791 3339 5856 11
