3996 6232
388 370 495 430 331

1406 367 1744 427 ATTONIS
1794 365 2376 426 VERCELLENSIS
2423 363 2774 424 EPISCOPI

3683 364 3800 425 332

458 500 526 554 Et
556 514 736 570 quare
765 497 875 552 hoc
907 497 1130 552 dixerat
1182 497 1457 552 subditur
1489 516 1500 552 :
1538 505 1643 554 Per
1670 499 2029 568 Evangetium
2064 510 2118 572 Α
2147 497 2270 550 Non
2301 496 2457 551 enim
2488 495 2632 550 satis
2665 495 2774 549 fuit
2806 495 3112 565 epistolam
3173 493 3443 566 dirigere,
3475 509 3582 550 nec
3623 494 3803 551 etiam

387 603 489 660 ego
518 604 607 642 vos
634 588 808 656 genui
855 586 1022 656 (535).
1056 587 1117 640 In
1149 601 1214 640 eo
1253 587 1407 654 quod
1454 587 1595 641 dicit
1623 590 1810 657 genui,
1841 593 2035 641 osten-

389 676 547 732 ditur
575 691 702 730 esse
734 679 914 746 pater.
949 675 1016 728 Et
1046 673 1174 728 ideo
1205 673 1365 739 dicit,
1401 680 1465 728 ut
1486 676 1627 730 dum
1658 676 1742 730 illi
1772 692 1907 730 eum
1941 692 2039 729 au-

389 764 580 818 dirent
612 769 854 836 patrem,
888 780 948 818 se
978 779 1104 817 esse
1148 767 1470 833 agnoscant
1515 764 1688 833 ﬁlios,
1720 771 1776 819 et
1819 763 2036 819 intelli-

393 858 586 924 ganta
615 852 848 908 nemine
877 853 957 905 ita
985 850 1672 922 diligi,quemadmodum
1703 854 1774 906 ab
1806 853 1904 907 illo
1936 853 2036 922 qui

393 946 555 1016 pater
584 947 691 1008 est,
750 946 805 996 et
861 939 1138 995 libentius
1177 957 1311 994 eum
1368 941 1656 995 audirent.
1689 941 1896 995 Nullus
1927 941 2036 995 ita-

394 1047 508 1101 que
560 1036 962 1086 extraneorum
1015 1028 1270 1084 ﬁliorum
1302 1045 1562 1084 amorem
1597 1030 1725 1085 suis
1759 1029 2041 1100 praeponit

397 1115 553 1172 ﬁliis.

462 1207 603 1274 Rogo
631 1213 817 1264 autem
861 1220 972 1267 vos,
1003 1207 1340 1274 fratres,etc.
1384 1203 1713 1258 Videndum
1746 1209 1834 1259 est
1863 1221 2042 1276 quare

389 1293 702 1366 Apostolus
732 1292 944 1347 dixerit
968 1292 1092 1347 suis
1123 1292 1509 1358 auditoribus,
1557 1292 1642 1347 vel
1675 1294 1828 1347 unde
1864 1311 1874 1347 :
1907 1295 2044 1347 Imi-

393 1391 587 1438 tatores
615 1383 727 1436 mei
754 1384 938 1436 estote.
963 1381 1296 1436 Notandum
1329 1382 1466 1451 quia
1497 1380 1755 1436 diversas
1783 1382 2044 1437 adversi-

393 1476 566 1541 tates,
598 1474 656 1524 et
685 1468 1215 1535 incommoditates,
1249 1473 1305 1522 et
1337 1468 1572 1534 famem,
1595 1474 1651 1523 et
1679 1470 1838 1524 sitim
1869 1486 2047 1524 causa

396 1558 609 1615 salutis
628 1557 860 1613 illorum
885 1556 1198 1622 sustinuit;
1223 1561 1281 1610 et
1302 1557 1430 1610 ideo
1452 1557 1681 1612 dicebat
1704 1575 1715 1612 :
1741 1559 2045 1612 lmitatores

396 1649 510 1703 mei
558 1649 744 1711 estote,
787 1644 954 1716 quasi
1005 1645 1254 1700 diceret:
1287 1645 1447 1698 Sicut
1502 1662 1606 1716 ego
1639 1663 1813 1701 causa
1844 1651 2044 1700 vestrae

401 1734 610 1791 salutis
643 1733 859 1789 multas
889 1733 1396 1788 incommoditates
1428 1733 1706 1797 sustinui,
1728 1736 1807 1789 ita
1837 1740 1893 1788 et
1921 1750 2043 1798 vos,

402 1823 616 1895 spretis
637 1820 1399 1894 pseudoapostolis,illorum
1419 1822 1837 1876 detractionem
1863 1824 2046 1894 parvi-

402 1911 669 1983 pendatis
701 1929 713 1966 :
749 1927 882 1964 nam
917 1925 1118 1964 corum
1151 1909 1572 1964 detractionem
1605 1910 1715 1981 ipsi
1763 1911 2047 1965 formida-

401 2001 579 2067 bant;
612 1998 778 2071 quasi
811 1998 1028 2054 diceret
1069 2015 1082 2052 :
1133 1998 1186 2052 Si
1234 1996 1337 2051 ﬁlii
1369 1999 1531 2068 estis,
1575 1999 1836 2054 debitum
1871 2000 2050 2054 hono-

399 2105 522 2144 rem
555 2086 778 2144 debetis
799 2086 1136 2158 impendere
1159 2088 1332 2158 patri,
1354 2093 1411 2142 et
1433 2088 1758 2142 imitatores
1781 2089 2048 2143 existere.

398 2177 588 2233 Variis
619 2177 776 2231 enim
808 2175 951 2231 locis
981 2175 1140 2230 varia
1168 2181 1257 2230 est
1285 2176 1528 2231 intentio
1566 2175 1826 2248 Apostoli
1856 2177 2050 2232 dicen-

397 2266 475 2321 tis
510 2283 522 2320 :
556 2267 858 2321 Imitatores
887 2266 997 2320 mei
1024 2264 1317 2330 es!ote,sed
1353 2268 1545 2319 tamen
1585 2266 1640 2319 in
1673 2266 1782 2319 hoc
1812 2264 1936 2320 loco
1970 2271 2052 2319 ta-

396 2354 473 2409 lis
504 2359 595 2409 est
622 2353 890 2408 intentio.

471 2442 598 2497 Ideo
655 2441 840 2496 direxi
894 2441 1040 2511 (536)
1114 2441 1470 2505 Timotheum,
1536 2445 1645 2495 etc.
1705 2441 1846 2506 Quis
1897 2440 2052 2495 enim

403 2535 600 2586 mente
631 2528 1120 2600 comprehendere
1151 2535 1253 2584 aut
1298 2530 1488 2583 verbis
1526 2529 1812 2600 explicare
1845 2529 2057 2600 poterit

405 2620 675 2676 affectum
707 2617 866 2672 illius
896 2617 923 2670 ?
953 2617 1077 2672 Non
1107 2617 1264 2672 enim
1296 2618 1441 2671 satis
1472 2617 1581 2671 fuit
1612 2617 1695 2672 eis
1745 2617 2051 2688 epistolam

404 2707 780 2779 dirigere,sed
807 2705 983 2761 etiam
1000 2721 1175 2761 suum
1203 2705 1392 2759 ﬁlium
1420 2707 1795 2761 Timotheum
1824 2707 2054 2760 studuit

405 2797 695 2868 dirigere;
727 2799 785 2849 et
815 2811 930 2849 non
980 2810 1364 2866 quaecunque,
1423 2795 1521 2849 sed
1567 2795 1740 2849 etiam
1797 2797 2053 2849 charissi-

404 2903 578 2941 mum.
611 2884 754 2938 Nam
778 2882 994 2938 multos
1025 2882 1230 2936 habuit
1261 2881 1431 2937 ﬁlios.
1466 2881 1610 2937 alios
1641 2882 1869 2950 charos,
1911 2883 2054 2939 alios

408 2974 722 3044 chariores,
754 2971 898 3027 alios
926 2970 1305 3025 charissimos
1338 2987 1350 3026 :
1387 2970 1496 3025 iste
1515 2987 1648 3026 vero
1671 2971 2054 3028 charissimus

407 3067 552 3129 erat,
586 3061 723 3132 quia
780 3077 883 3132 pro
941 3058 1185 3125 ﬁdelior,
1240 3075 1304 3113 eo
1354 3058 1599 3114 charior.
1642 3060 1712 3113 Et
1742 3059 1834 3114 his
1866 3061 2055 3116 verbis

405 3149 538 3206 illos
569 3149 776 3222 tangit,
812 3148 913 3220 qui
943 3149 1014 3203 ab
1050 3148 1178 3218 ejus
1209 3147 1616 3219 praedicatione
1647 3154 2005 3204 recesserant
2037 3166 2049 3203 :

2147 585 2331 638 ﬁlium
2365 601 2539 639 suum
2561 583 2976 638 charissimum
3003 601 3016 648 ;
3051 585 3120 638 ad
3143 588 3472 638 extremum
3495 599 3628 638 vero
3652 601 3800 654 prie-

2147 673 2395 726 sentiam
2426 673 2518 727 sui
2551 673 2858 741 promittit,
2881 673 3126 727 dicendo
3162 691 3174 727 :
3212 675 3441 728 Veniam
3462 673 3532 727 ad
3556 689 3647 728 vos
3669 676 3800 728 cito.

2148 762 2258 815 Sed
2307 760 2434 814 vide
2464 778 2640 830 quam
2673 762 2920 816 discrete
2965 765 3021 814 et
3054 778 3232 832 quam
3282 767 3448 816 caute
3492 762 3805 832 loquatur;

2149 850 2302 903 dicet
2333 849 2486 903 enim
2522 867 2534 903 :
2568 849 2628 902 Si
2661 853 2929 903 Dominus
2983 851 3238 905 voluerit.
3299 851 3488 915 Quare
3518 850 3650 914 hoc,
3685 850 3808 904 nisi

2147 937 2288 1007 quia
2318 942 2668 1008 cognoverat
2722 939 2903 992 Deum
2936 939 3120 1008 magis
3182 937 3331 992 scire
3361 939 3517 1009 quod
3553 943 3713 994 esset
3743 937 3809 992 in

2150 1025 2386 1101 homine
2443 1041 2621 1096 quam
2655 1025 2952 1080 hominem
2984 1029 3006 1080 Ρ
3044 1027 3178 1081 Ideo
3209 1025 3318 1081 hoc
3350 1027 3600 1093 dicebat,
3659 1031 3727 1082 ut
3755 1026 3811 1082 si

2149 1114 2300 1168 Deus
2331 1114 2722 1184 disposuisset
2747 1113 2914 1168 illum
2946 1114 3285 1179 venire,non
3319 1114 3517 1185 Paulo,
3550 1115 3654 1170 sed
3687 1115 3810 1170 Deo

2150 1203 2635 1273 ascriberent,qui
2660 1220 2793 1257 cum
2824 1205 3018 1258 venire
3040 1204 3352 1274 disposuit,
3378 1209 3434 1259 et
3454 1220 3644 1274 opera:
3669 1219 3803 1275 pre-

2152 1292 2298 1344 tium
2321 1297 2476 1345 esset
2506 1291 2692 1361 gratia
2724 1291 2820 1345 Dei
2851 1291 3135 1346 adventus
3161 1310 3173 1358 ;
3217 1293 3264 1346 si
3295 1308 3430 1346 vero
3461 1309 3578 1347 non
3609 1293 3815 1347 venis-

2153 1383 2260 1443 set,
2297 1397 2410 1432 non
2450 1379 2585 1443 Deo,
2619 1379 2703 1433 vel
2725 1379 2924 1449 Paulo,
2958 1381 3060 1434 sed
3091 1379 3218 1436 suis
3249 1380 3472 1436 meritis
3502 1381 3813 1452 disputas-

2155 1473 2304 1533 sent,
2366 1468 2666 1538 quoniam,
2727 1468 3098 1539 exigentibus
3155 1469 3401 1535 meritis,
3444 1485 3578 1524 eum
3610 1471 3820 1525 veniae

2157 1555 2403 1609 distulit.
2436 1555 2496 1610 Id
2528 1572 2642 1626 quo
2674 1557 2822 1610 facto
2846 1573 3155 1612 monemur
3177 1562 3241 1612 ut
3261 1574 3393 1612 cum
3417 1558 3642 1629 aliquid
3678 1571 3820 1629 pro-

2163 1644 2453 1698 mittimus
2483 1645 2659 1698 etiam
2685 1645 3240 1715 spiritale,dicamus
3275 1665 3287 1701 :
3319 1647 3370 1702 si
3394 1647 3681 1702 Dominus
3713 1664 3819 1702 vo-

2156 1731 2348 1798 luerit,
2383 1731 2437 1786 id
2469 1737 2560 1786 est
2590 1733 2941 1803 permiserit.

2081 1873 2124 1935 B
2227 1865 2500 1935 Sequitur
2524 1881 2536 1917 :
2557 1865 2618 1918 Et
2637 1881 2952 1936 cognoscam
2982 1883 3089 1922 non.
3122 1885 3432 1923 sermonem
3453 1885 3668 1934 eorum,
3702 1878 3817 1925 etc.

2163 1952 2493 2008 Notandum
2528 1954 2663 2025 quia
2691 1955 2891 2009 tandiu
2924 1956 3332 2012 manifestatur
3353 1957 3501 2014 falsa
3526 1960 3821 2024 doctrina,

2164 2057 2470 2112 quousque
2495 2059 2628 2096 vera
2649 2051 2960 2115 appareat;
2995 2061 3127 2100 cum
3150 2061 3282 2101 vero
3303 2062 3435 2102 vera
3456 2049 3822 2119 apparuerit,

2165 2129 2532 2185 obscuratur.
2561 2131 2646 2186 Ita
2677 2138 2734 2186 et
2764 2132 2876 2187 hic.
2904 2139 2964 2186 In
2998 2135 3249 2189 adventu
3273 2152 3528 2207 namque
3551 2137 3825 2207 Apostoli

2166 2217 2310 2272 falsa
2329 2219 2591 2274 doctrina
2608 2220 2922 2292 disparuit;
2949 2227 3006 2276 et
3028 2221 3156 2276 ideo
3181 2223 3321 2278 dicit
3338 2241 3349 2279 :
3367 2227 3442 2279 Et
3469 2241 3816 2294 cognoscam,

2163 2311 2270 2360 etc.
2302 2308 2614 2362 Sermonem
2637 2309 2889 2380 appellat
2916 2309 3306 2381 eloquentiam
3333 2329 3344 2380 ;
3370 2314 3634 2368 virtutem
3659 2331 3816 2370 vero.

2165 2393 2465 2466 signorum
2497 2401 2556 2451 et
2583 2414 2844 2469 operum.
2880 2399 2945 2452 Et
2973 2416 3154 2471 quare
3195 2399 3402 2456 dixerit
3434 2417 3447 2454 :
3481 2400 3821 2473 Cognoscam

2162 2499 2247 2537 eos
2278 2487 2371 2554 qui
2403 2487 2740 2555 inﬂammati
2782 2487 2930 2559 (539)
2962 2497 3110 2559 sunt,
3146 2505 3256 2544 non
3276 2506 3555 2555 sermone,
3577 2491 3670 2546 sed
3699 2494 3818 2547 vir-

2162 2576 2296 2640 tute,
2323 2574 2674 2641 manifestat,
2703 2592 2837 2631 cum
2859 2577 3060 2631 subdit
3090 2594 3102 2633 :
3137 2579 3377 2649 Regnum
3401 2580 3501 2636 Dei
3519 2595 3629 2635 non
3647 2585 3725 2635 est
3756 2581 3820 2637 in

2163 2677 2424 2732 sermone,
2483 2663 2570 2717 sed
2600 2664 2656 2716 in
2689 2666 2926 2725 virtute;
2979 2665 3036 2719 id
3068 2670 3176 2736 est,
3208 2666 3266 2720 in
3306 2667 3514 2722 virtute
3546 2685 3818 2740 operum,

2165 2750 2300 2820 quia
2322 2751 2472 2804 sicut
2494 2753 2758 2806 doctrina
2771 2753 3102 2826 evangelica
3121 2773 3233 2810 non
3253 2760 3341 2811 est
3358 2757 3416 2812 in
3440 2759 3821 2830 monte(540),

2165 2839 2264 2893 sed
2294 2837 2349 2892 in
2383 2838 2617 2904 virtute,
2651 2840 2732 2895 ita
2758 2847 2814 2896 et
2845 2858 3088 2913 regnum
3124 2845 3241 2899 Dei.

2236 2970 2511 3040 Sequitur
2544 2989 2557 3025 :
2590 2973 2728 3039 Quid
2758 2975 2920 3028 vultis
2942 2979 2966 3026 ?
2998 2977 3052 3029 In
3087 2977 3376 3046 virga,etc.
3411 2976 3635 3048 Duplex
3659 2978 3819 3032 enim

2165 3063 2289 3112 erat
2319 3059 2559 3114 affectus
2616 3061 2944 3131 apostolicae
3002 3064 3235 3128 mentis,
3283 3065 3341 3118 id
3371 3069 3460 3120 est
3499 3065 3734 3136 pietatis
3764 3072 3826 3122 et

2164 3147 2508 3202 severitatis.
2545 3148 2824 3219 Superius
2856 3151 3119 3219 dixerat;
3156 3154 3221 3208 Ut
3246 3153 3390 3222 ﬁlios
3421 3169 3571 3209 meos
3599 3155 3823 3209 charis-

407 3239 528 3313 qui,
563 3239 612 3294 si
643 3237 1021 3308 mansissent,
1056 3237 1200 3292 forte
1254 3240 1311 3291 et
1358 3236 1468 3307 ipsi
1503 3237 1833 3292 charissimi
1865 3238 2052 3293 cfﬁce-
2087 3228 2129 3294 C
2165 3236 2338 3290 simas
2363 3251 2557 3291 moneo
2585 3239 2632 3307 (I
2661 3237 2779 3292 Cor.
2809 3256 2886 3304 IV,
2919 3240 3042 3310 lli):
3083 3257 3239 3295 nunc
3269 3257 3404 3296 vero
3433 3243 3606 3314 virga
3636 3243 3825 3298 mina-

407 3333 630 3384 rentur.

475 3418 582 3473 Sed
616 3433 794 3489 quare
852 3417 1033 3472 istum
1093 3414 1359 3470 direxit?
1390 3416 1558 3471 Forte
1611 3416 1759 3484 ideo,
1803 3415 1941 3487 quia
1971 3416 2056 3470 illi

407 3506 682 3562 oblivioni
715 3505 1084 3560 tradiderunt
1127 3521 1252 3575 qua:
1284 3505 1369 3559 eis
1412 3503 1658 3575 apostoli
1706 3505 2054 3576 praadicave-

407 3599 562 3650 rant.
597 3594 662 3648 Et
689 3594 817 3648 ideo
849 3593 1028 3646 istum
1061 3592 1394 3662 direxit,qui
1424 3597 1562 3647 nota
1593 3599 1715 3647 erat
1743 3593 1872 3663 ejus
1905 3610 2054 3664 prai-

411 3681 643 3752 dicatio,
677 3687 734 3736 et
755 3683 884 3752 ejus
913 3679 1189 3752 epistolae,
1225 3685 1288 3734 ut
1317 3697 1384 3735 ea
1415 3697 1541 3751 quae
1574 3681 1848 3736 oblivioni
1874 3682 2054 3736 tradi-

408 3772 618 3826 derant
648 3770 718 3824 ad
753 3769 1093 3823 memoriam
1126 3774 1436 3823 revocaret.
1489 3770 1546 3823 ln
1581 3787 1693 3840 quo
1726 3770 1876 3825 facto
1934 3787 2054 3825 mo-

411 3865 625 3914 nentur
656 3857 1058 3929 praadicatores
1093 3862 1154 3912 ut
1184 3857 1451 3912 affectum
1494 3859 1724 3929 pietatis
1756 3862 1827 3912 ab
1868 3859 1983 3914 illis
2024 3877 2058 3913 a

407 3947 630 4018 quibus
660 3951 1091 4018 persequuntur
1120 3962 1234 4000 non
1266 3947 1828 4014 subtrahunt,sed,si
1857 3964 2056 4003 neces-

408 4037 553 4093 sitas
586 4035 778 4107 t'uerit,
811 4051 914 4107 pro
945 4034 1061 4089 illis
1083 4034 1229 4090 mori
1261 4036 1553 4090 studeant.

480 4123 548 4179 Et
575 4139 754 4195 quare
795 4124 975 4178 istum
1005 4123 1278 4178 direxerit
1308 4125 1664 4189 manifestat,
1702 4124 2007 4179 subdendo
2041 4142 2054 4179 :

407 4215 517 4282 Qui
544 4229 636 4269 vos
663 4213 1118 4287 commonefaciat
1145 4214 1261 4267 vias
1292 4230 1440 4267 meas
1461 4229 1480 4273 ;
1513 4212 1569 4266 id
1603 4217 1693 4267 est
1731 4212 2058 4267 commoni-

402 4311 496 4359 tos
529 4319 632 4359 vos
665 4303 886 4357 reddat.
923 4303 1075 4357 Viam
1102 4319 1269 4358 suam
1301 4300 1554 4372 appellat
1585 4301 2054 4372 praedicationem

405 4399 464 4450 et
493 4393 888 4464 operationem
921 4409 1112 4448 suam.
1163 4393 1299 4458 Quae
1345 4399 1473 4444 sunt
1530 4392 1591 4443 in
1649 4389 1864 4443 Christo
1910 4391 2053 4444 Jesu.

401 4482 549 4538 Cum
579 4482 735 4537 enim
767 4481 928 4549 dicit,
953 4483 1011 4536 in
1041 4481 1260 4534 Christo
1290 4479 1438 4546 Iesu,
1465 4481 1519 4530 ct
1547 4478 1688 4529 sicut
1720 4479 1779 4530 in
1811 4477 2058 4532 omnibus

2168 3328 2281 3377 tur.
2314 3325 2461 3389 Quid
2495 3327 2882 3395 mansuetius,
2919 3329 3057 3398 quid
3082 3329 3730 3402 misericordius,quam
3753 3337 3822 3387 ut

2166 3411 2316 3468 ﬁlios
2349 3431 2508 3469 meos
2540 3414 2921 3471 charissimos
2949 3418 3222 3473 monere?
3246 3419 3315 3473 Et
3345 3420 3486 3488 quid
3518 3420 3823 3476 crudelius

2166 3517 2341 3571 quam
2369 3502 2532 3574 virga
2562 3505 2821 3558 minari?
2854 3510 2916 3559 In
2947 3522 3062 3576 quo
3094 3507 3245 3562 facto
3270 3513 3585 3563 monentur
3614 3509 3826 3580 praedi-

2164 3595 2384 3646 catores
2419 3598 2481 3646 ut
2540 3596 2856 3664 utrumque
2887 3595 3155 3650 affectum
3187 3610 3325 3667 erga
3354 3613 3494 3652 suos
3533 3597 3818 3664 habeant,

2165 3678 2220 3731 id
2254 3685 2344 3733 est
2375 3680 2700 3735 severitatis
2759 3688 2815 3736 et
2848 3682 3079 3752 pietatis
3138 3700 3151 3738 :
3213 3685 3314 3739 sed
3347 3685 3446 3752 ita,
3482 3690 3546 3740 ut
3593 3703 3710 3741 non
3746 3687 3826 3742 sit

2164 3767 2418 3822 crudelis
2439 3785 2640 3823 eorum
2670 3771 3251 3842 severitas,quoniam
3274 3775 3323 3827 si
3354 3774 3592 3841 talis,ad
3614 3775 3824 3846 despe-

2167 3857 2447 3910 rationem
2476 3857 2656 3912 trahit
2679 3876 2692 3925 ;
2726 3859 2773 3912 si
2797 3875 2928 3914 vero
2956 3861 3205 3915 remissa
3227 3861 3431 3931 pietas,
3454 3862 3826 3934 negligentes

2168 3944 2323 3997 facit.
2382 3944 2452 3998 Et
2503 3945 2633 3999 ideo
2692 3947 2875 4017 pietas
2908 3963 3043 4002 cum
3077 3949 3405 4020 severitate,
3454 3955 3514 4005 et
3542 3951 3828 4007 severitas

2165 4048 2300 4086 cum
2343 4032 2555 4102 pietate
2587 4035 2757 4090 debet
2805 4053 2954 4091 esse.
2992 4036 3136 4091 Hinc
3193 4041 3282 4092 est
3313 4039 3467 4109 quod
3521 4040 3631 4094 sub
3671 4041 3830 4095 mari

2167 4137 2323 4174 aeneo
2355 4138 2469 4175 non
2529 4122 2718 4178 solum
2773 4124 2968 4190 boves,
3024 4126 3125 4180 sed
3177 4125 3352 4181 etiam
3411 4126 3606 4182 leones
3635 4128 3830 4185 fuisse

2167 4207 2442 4279 leguntur
2497 4211 2598 4281 (III
2655 4217 2782 4282 Reg.
2836 4230 2938 4278 vn,
2996 4213 3107 4284 29).
3167 4215 3316 4278 Quid
3368 4231 3471 4286 per
3500 4216 3676 4271 boves
3705 4217 3831 4272 nisi

2169 4295 2352 4366 pietas
2385 4299 2866 4368 praedicatorum;
2907 4301 3043 4372 quid
3076 4318 3179 4373 per
3210 4303 3428 4372 leones,
3472 4304 3586 4359 nisi
3637 4309 3833 4362 terror

2168 4385 2490 4440 severitatis
2522 4388 2790 4459 signatur
2819 4388 2846 4442 ?
2878 4390 3169 4445 Discimus
3201 4390 3356 4446 enim
3389 4391 3448 4445 in
3483 4393 3831 4462 praefatione

2166 4473 2419 4528 similem
2477 4492 2606 4531 esse
2659 4477 2904 4532 Paulum
2960 4479 3178 4550 Moysi:
3213 4481 3368 4551 quod
3403 4483 3580 4536 etiam
3612 4482 3671 4536 in
3712 4481 3834 4538 hoc

405 4573 660 4627 Ecclesiis
688 4569 1133 4640 doceo,ostendit
1163 4585 1227 4658 se
1256 4566 1338 4620 nil
1363 4564 1660 4658 contrarii,
1686 4563 1767 4617 nil
1806 4566 2056 4658 perversi
2088 4594 2134 4658 D
2169 4561 2292 4658 loco
2313 4564 2684 4658 manifestat;
2705 4583 2840 4658 nam
2865 4567 3018 4658 sicut
3037 4568 3252 4658 duplex
3277 4568 3523 4624 affectus
3545 4571 3834 4658 possede-

405 4676 507 4715 eos
537 4659 805 4714 docuisse
837 4676 850 4725 ;
907 4664 963 4712 et
992 4657 1132 4711 dum
1194 4653 1278 4708 illi
1308 4653 1578 4706 audirent
1620 4652 2056 4722 generalitatem

403 4748 730 4818 observare,
769 4748 1013 4819 puderet
1039 4761 1139 4800 eos
1169 4758 1284 4796 non
1317 4757 1444 4795 esse
1475 4741 1890 4807 observatores,
1925 4743 2060 4812 quia

408 4853 522 4908 quo
542 4838 731 4909 magis
755 4834 1091 4907 specialitas
1115 4831 1270 4884 videt
1293 4827 1730 4899 generalitatem
1755 4829 2056 4887 observare

406 4925 649 4998 aliquid,
687 4924 875 4996 magis
919 4924 1266 4992 provocatur
1289 4917 1714 4971 observandum
1748 4917 1914 4988 (537).

478 5015 758 5086 Sequitur
795 5029 807 5066 :
845 5011 1066 5065 Veniam
1098 5006 1167 5060 ad
1199 5021 1287 5060 vos
1319 5004 1489 5074 (53~),
1511 5009 1619 5059 etc.
1649 5007 2058 5064 Animadverte

402 5107 636 5176 quantae
658 5095 1078 5156 sollicitudinis
1100 5092 1391 5149 fueritiste
1409 5092 1678 5164 egregius
1694 5095 2054 5166 praedicator.

477 5313 624 5384 (535)
657 5309 827 5382 Vulg.
862 5325 990 5364 nam
1021 5309 1081 5362 in
1142 5307 1351 5363 Christo
1399 5310 1522 5364 Jesu
1551 5326 1648 5380 per
1696 5311 2058 5382 Evangetium

404 5399 502 5452 ego
531 5399 622 5436 vos
649 5384 836 5452 genui.

474 5454 620 5526 (526)
655 5451 822 5526 Yulg.
855 5452 982 5508 ideo
1009 5453 1140 5506 misi
1158 5451 1235 5526 ad,
1255 5465 1361 5526 vos.

474 5524 716 5598 (537)7‘In
766 5520 962 5598 autog.
1006 5539 1190 5595 marg.
1226 5524 1319 5578 hic
1351 5520 1565 5593 legitur
1594 5540 1719 5595 cap.
1757 5523 1850 5578 XX
1881 5543 1893 5593 ;
1927 5543 2052 5598 cap.

401 5608 537 5654 vero
568 5595 687 5650 XIX
713 5595 942 5652 nullibi.

471 5666 618 5754 (538)
657 5667 915 5746 Vulgata:
973 5669 1170 5723 autem
1242 5661 1564 5722 versiculus
1612 5666 1699 5734 18,
1763 5666 1987 5726 scilicet
2039 5685 2052 5727 :

2170 4656 2257 4704 rat
2286 4652 2545 4707 animam
2580 4653 2860 4720 istius,ita
2890 4662 2947 4710 et
2976 4657 3182 4726 ipsius.
3213 4657 3453 4728 Legitur
3481 4657 3638 4712 enlm
3665 4660 3833 4730 quia,

2170 4756 2305 4794 cum
2337 4742 2697 4797 ascendisset
2753 4744 2812 4798 in
2843 4750 3100 4800 montem
3133 4746 3306 4812 (Exod
3335 4748 3536 4816 xxxu),
3579 4752 3646 4802 ut
3675 4749 3831 4802 acci-

2169 4833 2329 4899 peret
2369 4828 2577 4899 legem,
2619 4831 2763 4885 dixit
2802 4833 2853 4887 ei
2895 4833 3049 4888 Deus
3085 4852 3096 4888 :
3131 4834 3427 4891 Descende
3475 4837 3545 4890 de
3603 4841 3828 4908 monte,

2169 4915 2305 4986 quia
2347 4919 2600 4986 peccavit
2630 4920 2879 4990 populus
2909 4927 3135 4992 tuus,et
3160 4930 3433 4993 precante
3464 4924 3564 4979 illo
3595 4925 3835 4982 dimisit

2166 5005 2320 5059 Deus
2353 5021 2559 5060 noxam
2618 5008 2851 5079 populo,
2904 5015 2959 5064 et
2989 5011 3377 5068 descendente
3431 5012 3553 5078 illo,
3581 5014 3835 5086 triginta

2167 5092 2355 5148 millia
2384 5095 2531 5165 (541)
2562 5095 2885 5152 interﬁcere
2910 5099 3266 5167 jussit.Vide
3299 5103 3438 5172 quia
3468 5100 3568 5158 ille
3593 5103 3699 5174 qui
3721 5105 3835 5159 mi-

2167 5322 2567 5386 tanquamnon
2597 5315 2865 5367 venturus
2917 5316 3024 5368 sim
3080 5314 3150 5368 ad
3207 5331 3320 5381 vos,
3367 5317 3446 5370 sic
3476 5317 3673 5386 inﬂati
3701 5323 3832 5374 sunt

2165 5382 2646 5456 quidam,_i_n_hoc
2673 5388 2871 5456 nostro
2903 5391 3102 5456 autog.
3136 5386 3524 5442 desideratur.

2260 5454 2388 5520 539)
2416 5452 2590 5523 Vulg.
2625 5453 2824 5524 inﬂati.
2945 5522 2950 5524 _

2259 5525 2386 5594 540)
2415 5527 2621 5596 Autog.
2657 5527 2713 5578 in
2745 5534 2942 5580 monte.
2977 5526 3222 5583 fortasse
3253 5529 3310 5582 in
3341 5544 3615 5585 ser-nume.

2239 5595 2386 5675 (5111)
2419 5596 2596 5675 Εαξοά.
2628 5598 2922 5675 vum-3’18,
2983 5597 3198 5675 legitur
3243 5599 3414 5675 quasi
3465 5601 3684 5675 viginti
3713 5602 3831 5661 tria

2167 5666 2330 5724 milia
2359 5665 2666 5723 hominum
2697 5667 2976 5727 cecidisse
3005 5665 3070 5726 id
3095 5669 3197 5729 illa
3232 5665 3345 5730 die.
