3996 6232
124 347 266 409 345

751 346 1163 409 EXPOSITIO
1207 346 1284 409 IN
1330 348 1757 410 EPISTDIAS
1801 348 1838 409 P

1948 351 2055 412 [ιι.
2094 340 2177 396 --’
2208 353 2285 412 ΙΝ
2328 351 2575 414 EPIST.
2623 352 2646 413 Ι
2691 351 2795 413 AD
2840 351 3014 413 COR.

3460 353 3578 414 346

128 498 545 547 concessum,
572 485 631 537 et
656 499 769 536 non
798 481 1128 537 considerat
1156 482 1364 553 qualis,
1389 490 1441 538 et
1474 488 1731 554 quantus
1753 484 1829 539 sit
1859 488 1909 551 Α
1943 487 2116 540 modo
2137 491 2190 539 te
2208 494 2398 556 putas,
2417 487 2644 556 impure
2659 484 3137 549 vivendo,coelum
3158 484 3354 541 subire
3372 487 3582 556 posse?

132 572 288 642 iste,
319 572 429 643 qui
464 587 669 626 servos
700 588 813 625 non
840 572 1031 626 solum
1058 574 1277 641 fratres,
1304 574 1403 626 sed
1437 577 1609 627 etiam
1642 590 1823 627 mem-

130 663 256 717 bra
292 662 557 715 vocavit.
595 660 714 715 Hoc
745 661 955 715 elenim
991 662 1231 727 donum,
1262 662 1309 715 si
1344 678 1457 715 non
1495 662 1825 727 haberetur,

136 750 615 805 desideraretur
636 792 648 815 ,
680 750 779 803 sed
814 749 951 820 quia
978 749 1241 815 habetur,
1268 750 1346 804 ita
1378 750 1689 805 vivendum
1718 756 1824 817 est,

140 845 212 893 ut
247 856 379 893 non
420 837 731 892 amittatur
759 843 815 892 et
841 844 1033 909 grates
1068 839 1117 893 ei
1161 840 1504 893 referantur.

220 928 351 983 Sed
394 928 637 981 fuerunt
668 926 954 991 nonnulli,
990 929 1087 998 qui
1120 928 1393 983 dixerunt
1435 930 1671 998 majoris
1719 930 1827 983 cri—

144 1018 349 1072 minis
375 1032 508 1071 esse
542 1014 849 1071 mulierem
873 1016 995 1071 viro
1028 1034 1039 1081 ;
1074 1018 1172 1070 sed
1209 1034 1279 1071 ne
1303 1018 1543 1087 majoris
1566 1018 1828 1072 criminis

140 1106 493 1172 videretur,
527 1106 654 1159 ideo
686 1104 825 1158 dicit
856 1105 1169 1176 Apostolus
1203 1124 1214 1160 :
1266 1108 1488 1160 Faciens
1525 1108 1828 1161 membrum

148 1197 504 1251 meretricis.
536 1195 809 1263 Sequitur
842 1210 854 1247 :
912 1197 993 1248 An
1024 1197 1244 1249 nescitis
1276 1198 1407 1266 quia
1437 1198 1532 1267 qui
1577 1196 1827 1251 adhaeret

156 1284 484 1347 meretrici,
517 1288 622 1337 etc.
648 1282 818 1345 Quasi
846 1283 1100 1337 diceret:
1135 1284 1259 1338 Non
1288 1285 1525 1339 nescitis
1552 1304 1564 1351 ;
1600 1286 1695 1339 sed
1724 1286 1831 1339 sci-

161 1374 269 1437 tis,
312 1374 471 1426 Bene
500 1371 639 1425 dicit
672 1389 684 1426 :
738 1373 912 1428 Unum
942 1388 1136 1442 corpus
1158 1390 1177 1433 ;
1221 1374 1376 1445 quia,
1412 1374 1563 1428 sicut
1595 1391 1710 1428 una
1740 1376 1827 1429 est

160 1469 413 1523 natura,
447 1462 527 1514 ita
559 1478 676 1515 una
707 1466 796 1515 est
822 1460 1025 1533 culpa;
1063 1466 1118 1515 et
1149 1463 1301 1517 sicut
1332 1480 1449 1516 una
1477 1469 1563 1518 est
1594 1464 1741 1517 actio
1773 1468 1830 1518 et

162 1550 507 1619 delectatio,
538 1549 620 1603 ita
652 1566 818 1620 aequa
846 1556 933 1604 est
964 1552 1225 1605 offensio.
1276 1552 1552 1622 Sequitur
1584 1569 1595 1605 :
1650 1555 1826 1607 Erunt

161 1641 272 1694 duo
305 1642 366 1693 in
400 1655 575 1693 carne
597 1656 729 1693 una.
756 1639 871 1693 Hoc
902 1640 1113 1693 etenim
1151 1640 1337 1711 primo
1361 1640 1581 1694 homini
1607 1641 1827 1695 dictum

165 1734 257 1785 est
291 1745 303 1783 :
360 1729 601 1797 Propter
632 1728 734 1781 hoc
761 1729 1032 1798 relinquet
1076 1730 1231 1783 homo
1272 1734 1487 1799 patrem
1517 1734 1569 1783 et
1598 1739 1827 1784 matrem

1936 575 1991 627 Si
2011 576 2287 629 enimNoe
2306 576 2783 642 solus,malorum
2805 574 3185 644 relinquendo
3199 575 3579 645 consortium,

1936 671 1992 719 et
2021 681 2214 718 arcam
2247 665 2633 729 ascendendo,
2670 680 2982 718 commune
3018 664 3342 734 periculum
3377 662 3579 718 diluvii

1937 754 2117 809 evasit
2140 756 2287 823 (Gen.
2314 771 2388 819 νι,
2416 756 2469 821 '7,
2495 755 2584 821 8);
2614 754 2905 823 quomodo
2932 758 2985 806 te
3012 758 3183 823 putas
3204 768 3577 808 communem

1937 844 2263 907 interitum,
2319 842 2626 897 consortiis
2686 841 2975 895 malorum
3031 841 3293 903 fruendo,
3327 842 3580 895 transire

1940 934 2156 1002 posse?
2186 932 2243 985 Si
2294 932 2449 985 enim
2504 930 2799 985 Abraham
2834 928 3017 994 solus,
3052 930 3127 985 Ur
3173 928 3577 985 Chaldaeorum

1939 1022 2088 1091 (Gen.
2133 1038 2211 1085 x1,
2262 1022 2373 1086 31),
2406 1022 2461 1073 id
2514 1026 2618 1084 est,
2655 1020 2850 1089 ignem
2882 1018 3281 1089 relinquendo,
3318 1018 3577 1073 benedici

1940 1110 2580 1181 promeruit,quomodo
2599 1114 2658 1162 tu
2680 1108 2735 1161 in
2755 1109 2887 1178 igne
2904 1107 3153 1162 carnalis
3177 1106 3578 1161 delectationis

1939 1200 2332 1267 consistendo,
2350 1198 2612 1253 benedici
2632 1198 2841 1268 putas?
2861 1198 2915 1250 Si
2935 1198 3091 1251 Isaac
3110 1198 3179 1251 de
3201 1197 3373 1251 domo
3390 1212 3580 1267 egres-

1939 1305 2039 1341 sus
2072 1288 2128 1340 in
2153 1304 2355 1357 agrum
2390 1288 2459 1340 ad
2496 1286 2895 1340 meditandum
2927 1286 3082 1339 venit
3104 1290 3256 1351 (Gen.
3285 1302 3436 1351 xxxv,
3459 1285 3573 1352 63),

1939 1377 2227 1446 quomodo
2250 1380 2310 1429 tu
2329 1376 2381 1429 in
2401 1377 2571 1429 domo
2602 1375 2853 1429 carnalis
2882 1374 3283 1429 delectationis
3319 1372 3577 1428 ccelestia

1939 1465 2220 1519 rimaris?
2249 1464 2303 1518 Si
2338 1466 2492 1517 enim
2524 1465 2702 1519 Jacob
2735 1469 2791 1517 et
2834 1463 2934 1517 filii
2981 1464 3106 1533 ejus
3140 1480 3288 1534 aegre
3317 1460 3580 1517 tulerunt

1938 1559 2207 1624 stuprum
2244 1555 2395 1607 Dina:
2428 1555 2578 1623 (Gen.
2612 1571 2800 1619 xxxiv,
2832 1554 2909 1623 7),
2944 1552 3235 1624 quomodo
3266 1556 3327 1605 tu
3359 1550 3417 1605 in
3451 1556 3576 1605 stu-

1938 1645 2198 1713 pratione
2226 1644 2442 1714 proprii
2467 1644 2726 1713 corporis
2750 1642 2960 1697 letaris
2981 1642 3008 1695 ?
3040 1642 3097 1697 Si
3130 1641 3346 1712 Joseph
3375 1640 3575 1694 lauda-

1938 1732 2072 1786 bilis
2093 1731 2242 1785 inter
2265 1734 2468 1785 fratres
2495 1732 2785 1796 inventus,
2809 1736 2865 1784 et
2888 1732 3135 1801 figuram
3159 1729 3370 1785 Christi
3395 1733 3581 1800 gesta-

166 1817 323 1885 (Gen.
350 1832 417 1880 u,
440 1817 559 1886 24),
582 1822 695 1870 etc.
721 1815 867 1879 Quia
893 1816 1044 1870 sicut
1074 1833 1176 1887 per
1206 1816 1427 1871 licitum
1452 1818 1827 1872 concubitum
1862 1853 1908 1915 B
1937 1819 2017 1873 vit
2060 1821 2130 1873 ob
2183 1820 2311 1889 hoc,
2346 1822 2483 1889 quia
2523 1820 2741 1873 crimen
2773 1818 3172 1873 fornicationis
3202 1818 3402 1885 evasit,
3437 1816 3576 1888 quid

170 1907 289 1962 duo
318 1922 513 1960 unum
549 1910 690 1959 sunt
719 1921 953 1976 corpus;
986 1907 1067 1959 ita
1118 1923 1219 1977 per
1271 1906 1535 1961 illicitum
1570 1923 1827 1962 amorem

170 1996 289 2050 duo
320 1996 419 2050 isti
472 2011 661 2049 unum
697 1994 1048 2049 efficiuntur.

238 2084 534 2155 Sequitur
561 2098 573 2136 :
610 2084 715 2149 Qui
743 2082 989 2138 adhaeret
1022 2084 1268 2153 Domino,
1302 2100 1443 2137 unus
1472 2086 1699 2154 spiritus
1732 2088 1827 2139 est.

174 2173 389 2244 Supra,
416 2171 492 2226 de
528 2172 761 2225 duobus
782 2170 1120 2225 hominibus
1144 2171 1408 2243 loquens,
1434 2173 1616 2227 dixit:
1656 2175 1831 2228 Unum

172 2277 414 2332 corpus:
468 2276 629 2314 nunc
658 2275 792 2313 vero
835 2260 905 2314 de
950 2260 1195 2314 diversis
1227 2260 1532 2330 spiritibus
1564 2261 1827 2332 loquens,

175 2349 236 2403 id
291 2352 385 2403 est
432 2348 565 2413 Dei,
596 2352 652 2402 et
696 2348 971 2413 hominis,
1006 2365 1119 2402 non
1171 2350 1336 2415 dixit,
1371 2366 1548 2403 unum
1579 2354 1737 2419 sunt,
1770 2355 1833 2404 ut

178 2453 387 2507 supra.
423 2436 540 2490 Sed
574 2452 781 2507 magna
809 2436 1086 2491 distantia
1116 2443 1205 2491 est
1240 2437 1390 2492 inter
1418 2438 1698 2509 Spiritum
1737 2439 1838 2493 Dei

180 2530 238 2580 et
269 2524 539 2580 hominis
574 2541 587 2578 :
644 2525 888 2595 Spiritus
921 2541 1174 2596 namque
1204 2526 1304 2581 Dei
1340 2527 1566 2593 beatus,
1599 2533 1657 2582 et
1700 2544 1831 2599 per-

177 2615 369 2669 fectus
404 2614 631 2685 absque
662 2614 869 2685 spiritu
904 2614 1161 2669 hominis
1193 2620 1322 2681 est;
1376 2616 1632 2671 hominis
1674 2633 1828 2685 vero,

182 2705 407 2775 absque
426 2703 522 2758 Dei
546 2718 678 2757 esse
700 2720 812 2757 non
838 2704 1221 2774 potest.Quod
1244 2720 1376 2758 vero
1392 2708 1645 2760 Joannes
1669 2706 1829 2773 dicit,

180 2791 428 2862 loquens
469 2792 541 2846 de
588 2790 812 2846 unitate
843 2794 1099 2862 corporis
1130 2794 1278 2863 (570)
1312 2809 1325 2845 :
1386 2795 1527 2857 Volo,
1560 2798 1742 2863 Pater,
1776 2799 1834 2849 ut

185 2883 320 2937 sicut
338 2897 453 2952 ego,
473 2891 527 2935 et
551 2886 618 2933 tu
637 2896 812 2933 unum
832 2896 1041 2949 sumus,
1058 2881 1135 2935 ita
1156 2885 1207 2934 et
1229 2883 1327 2936 isti
1346 2898 1517 2936 unum
1539 2884 1830 2951 sint(57l),

187 2987 299 3025 non
357 2976 445 3024 est
495 2969 860 3025 contrarium
910 2969 1045 3023 huic
1096 2970 1267 3024 loco:
1324 2987 1460 3024 nam
1493 2972 1571 3025 ibi
1604 2978 1837 3043 propter

188 3059 470 3131 imparem
503 3063 788 3113 naturam
823 3058 963 3112 dicit
997 3076 1009 3112 :
1067 3060 1241 3115 Unum
1272 3062 1385 3113 sint
1413 3062 1558 3114 sicut
1603 3069 1653 3115 et
1688 3076 1785 3115 nos
1814 3078 1834 3122 ,'

189 3164 299 3202 non
333 3148 495 3212 dicit,
533 3163 744 3202 omnes
778 3163 959 3202 unum
993 3163 1200 3202 sumus
1232 3164 1243 3201 :
1303 3148 1394 3201 hic
1439 3165 1569 3203 vero
1602 3154 1838 3220 propter

1940 1908 2045 1963 tibi
2067 1908 2396 1963 faciendum
2418 1913 2506 1963 est
2524 1909 2551 1962 ?
2584 1908 2818 1979 Legitur
2838 1907 2993 1961 enim
3017 1908 3157 1977 quia
3181 1907 3364 1961 relicto
3381 1908 3574 1977 pallio,

1938 2000 2087 2067 foras
2116 1998 2261 2066 fugit
2300 1998 2368 2051 ab
2418 2012 2479 2051 ea
2513 1996 2663 2067 (Gen.
2696 2013 2882 2062 xxxix,
2918 1996 3024 2060 12).
3057 1995 3181 2049 Non
3213 1994 3395 2049 aliter.
3431 1995 3577 2049 Nam

1943 2084 1990 2137 si
2016 2083 2121 2137 hoc
2138 2083 2275 2137 vitio
2298 2083 2726 2145 succubuisset,
2742 2081 3311 2136 moreretur.Anima
3333 2097 3580 2136 morere-

1942 2176 2056 2237 tur,
2091 2176 2154 2225 ut
2200 2171 2343 2225 illud
2378 2189 2391 2227 :
2445 2172 2642 2226 Anima
2691 2188 2809 2242 qua:
2857 2171 3160 2241 peccaverit
3196 2170 3386 2239 (Leuit.
3420 2186 3577 2237 xvm,

1939 2264 2051 2328 29),
2084 2266 2190 2316 etc.
2224 2262 2336 2315 Nec
2381 2261 2486 2316 rite
2520 2261 2808 2315 diceretur
2839 2260 2986 2331 patri
3023 2276 3033 2313 :
3086 2259 3262 2313 Filius
3293 2262 3418 2312 tuus
3447 2261 3582 2313 vivit

1942 2350 2091 2423 (Gen.
2142 2367 2269 2417 xcv,
2317 2352 2413 2418 6);
2467 2366 2568 2403 nec
2617 2348 2788 2403 etiam
2840 2347 3129 2402 diceretur
3178 2347 3464 2403 dominari
3518 2347 3579 2403 in

1940 2443 2061 2494 tota
2089 2444 2243 2493 terra
2272 2438 2495 2510 Egypti
2530 2438 2733 2507 (Ibid.),
2766 2438 2865 2492 sed
2900 2437 2957 2490 in
2990 2437 3244 2507 quadam
3274 2440 3457 2507 parte.
3492 2435 3580 2491 Illi

1942 2528 2177 2595 etenim,
2225 2528 2321 2598 qui
2373 2528 2571 2582 omnia
2621 2527 2758 2581 vitia
2817 2526 3219 2597 supplantant,
3267 2524 3347 2578 illi
3399 2524 3581 2579 totius

1940 2616 2165 2689 Egypti
2191 2617 2587 2671 dominantur.
2614 2619 2679 2669 Et
2708 2615 2860 2686 quod
2893 2614 2999 2679 illi,
3025 2614 3123 2685 qui
3156 2614 3263 2669 hoc
3287 2613 3424 2668 vitio
3456 2628 3584 2667 suc-

1941 2708 2247 2772 cumbunt,
2282 2706 2624 2771 moriantur,
2658 2705 2825 2760 testis
2853 2709 2941 2759 est
2970 2704 3258 2767 Susanna,
3292 2719 3417 2774 quae
3449 2718 3577 2773 prs-

1943 2790 2192 2868 sbyteris
2215 2794 2444 2849 dicebat
2468 2811 2479 2846 :
2513 2796 2577 2849 Si
2606 2797 2754 2848 enim
2785 2794 2880 2848 hoc
2907 2808 3059 2863 egero
3081 2794 3246 2863 (573),
3274 2796 3382 2847 etc.
3406 2789 3580 2845 Vide-

1944 2890 2033 2939 rat
2064 2889 2307 2939 mortem
2334 2884 2539 2937 animas
2571 2888 2629 2937 et
2658 2883 2937 2954 corporis,
2963 2882 3061 2937 sed
3095 2880 3268 2953 elegit
3296 2880 3395 2935 illa
3425 2896 3579 2934 mor-

1943 2978 2059 3028 tem
2083 2973 2290 3027 animas
2310 2972 2512 3037 vitare,
2536 2977 2594 3026 et
2615 2975 2787 3027 morti
2806 2971 3065 3042 corporis
3091 2969 3491 3025 succumbere.
3512 2970 3581 3024 Et

1945 3061 2279 3131 quicunque
2292 3062 2362 3115 ad
2382 3060 2713 3131 exemplum
2731 3060 2916 3130 ipsius
2937 3062 3179 3112 mortem
3198 3055 3403 3111 anima:
3419 3056 3583 3120 vitat,

1948 3167 2063 3204 non
2093 3150 2405 3204 immemor
2433 3155 2521 3203 est
2550 3148 2727 3203 David
2762 3146 2997 3202 Saulem
3031 3145 3308 3217 fugientis
3337 3148 3394 3199 et
3424 3160 3585 3199 mor-

191 3235 455 3306 gratiam,
481 3251 664 3307 quam
692 3235 913 3305 accepit
939 3236 1180 3306 spiritus
1203 3235 1478 3302 hominis,
1503 3241 1567 3290 ut
1590 3217 1836 3306 junctus
1866 3217 1907 3283 C
1946 3243 2064 3293 tem
2122 3238 2468 3293 declinantis
2518 3238 2564 3308 (I
2613 3240 2735 3307 Reg.
2786 3237 2968 3305 xxm).
3011 3238 3156 3288 Nam
3208 3249 3309 3303 per
3352 3231 3584 3287 Saulem

191 3326 421 3396 Spiritui
441 3326 543 3380 Dei
571 3324 680 3379 hoc
709 3324 1036 3395 velit,quod
1061 3325 1187 3396 ipse
1209 3325 1380 3380 dicit:
1406 3328 1553 3382 Unus
1573 3335 1649 3381 est
1667 3327 1839 3397 Spiri-

190 3417 305 3475 tus;
328 3415 468 3485 quia
488 3414 739 3485 spiritus
766 3413 1022 3467 hominis
1050 3413 1146 3468 Dei
1170 3414 1413 3485 Spiritui
1439 3417 1837 3486 conjungitur,

194 3518 308 3556 non
340 3507 405 3555 ut
436 3501 600 3555 aliud
631 3500 785 3569 velit,
818 3517 995 3572 quam
1027 3502 1171 3573 ipse.

269 3589 414 3659 (572)
443 3588 753 3658 Sequitur:
782 3591 969 3661 Fugite
992 3591 1428 3660 fornicationem,
1450 3593 1641 3648 Monet
1665 3594 1837 3649 etiam

199 3676 513 3748 Apostolus
539 3675 874 3748 fugiendam
905 3694 1033 3732 esse
1058 3679 1495 3735 fornicationem
1524 3699 1536 3748 ;
1573 3682 1702 3752 quia
1734 3682 1841 3738 hoc

198 3765 395 3821 vitium
431 3766 542 3822 tale
597 3771 703 3835 est,
739 3770 802 3820 ut
854 3765 1005 3821 filios
1050 3768 1149 3822 Dei
1183 3769 1397 3823 diaboli
1432 3770 1621 3824 faciat.
1658 3771 1722 3825 Et
1754 3772 1842 3827 bis

199 3854 330 3908 dicit
360 3853 675 3928 Apostolus
701 3871 713 3908 :
746 3857 985 3923 Fugite;
1014 3856 1153 3926 quia
1184 3857 1253 3911 ad
1287 3863 1491 3912 caetera
1521 3859 1662 3914 vitia
1692 3860 1842 3916 bella

199 3949 331 3997 sunt
352 3943 691 3999 adhibenda
717 3961 730 4009 ;
765 3943 921 3998 istud
946 3961 1077 3999 vero
1105 3945 1349 4015 pedibus
1371 3947 1715 4017 fugiendum
1745 3966 1757 4002 :
1789 3954 1845 4005 et

203 4037 391 4087 contra
420 4032 533 4087 alia
554 4031 803 4102 quidem
836 4032 1093 4087 brachiis
1115 4035 1495 4105 pugnandum
1523 4054 1535 4103 ;
1570 4036 1679 4091 hoc
1711 4055 1843 4094 vero

203 4119 437 4189 pedibus
484 4121 817 4177 vitandum.
852 4121 1000 4176 Dicit
1053 4122 1440 4194 Hieronymus
1475 4141 1485 4179 :
1537 4128 1710 4194 Mors,
1745 4131 1845 4182 aut

205 4213 380 4275 scuto,
407 4215 508 4265 aut
537 4209 794 4281 pedibus
824 4210 1057 4264 vitatur.
1083 4210 1295 4265 Contra
1322 4216 1529 4266 caetera
1547 4213 1687 4268 vitia
1718 4232 1844 4269 scu-

202 4296 320 4349 tum
351 4301 434 4352 est
461 4297 812 4371 erigendum
844 4313 855 4351 :
891 4297 999 4351 hoc
1030 4314 1163 4352 vero
1195 4299 1442 4369 pedibus
1475 4301 1843 4372 fugiendum.

203 4383 504 4441 Sciendum
529 4386 677 4459 quia
697 4386 1098 4458 exaggerando
1120 4386 1264 4441 dicit
1282 4388 1594 4459 Apostolus
1616 4406 1628 4444 :
1652 4394 1845 4461 Fugite

200 4472 616 4540 fornicationem
630 4492 650 4528 :
664 4478 719 4529 et
732 4473 839 4528 hoc
851 4475 1129 4529 adversus
1142 4474 1273 4530 illos
1288 4475 1386 4545 qui
1401 4477 1499 4530 diu
1517 4477 1575 4531 in
1590 4477 1697 4533 hoc
1710 4479 1844 4535 vitio

1949 3328 2238 3391 diabolus,
2272 3332 2328 3382 et
2376 3327 2555 3389 vitia;
2603 3342 2704 3397 per
2752 3324 2952 3390 David,
2986 3322 3183 3377 anima
3226 3321 3426 3387 electa,
3459 3336 3587 3390 quas

1947 3417 2240 3485 certando,
2274 3414 2580 3469 suasiones
2619 3412 2936 3467 diabolicae
2987 3410 3262 3482 fugiendo
3313 3406 3585 3463 declinat.

2020 3503 2346 3575 Sequitur:
2409 3503 2577 3557 Omne
2626 3504 2933 3572 peccatum,
2989 3498 3342 3570 quodcunque
3396 3498 3590 3567 fecerit

1950 3593 2126 3656 homo,
2158 3595 2317 3646 extra
2362 3606 2553 3661 corpus
2604 3593 2719 3651 est;
2772 3590 2866 3659 qui
2917 3596 3095 3643 autem
3143 3586 3475 3660 fornicatur,
3529 3587 3592 3639 in

1948 3696 2142 3751 corpus
2190 3696 2353 3734 suum
2397 3686 2596 3750 peccat.
2632 3678 2734 3733 Hic
2774 3676 2935 3732 locus
2966 3676 3122 3732 varie
3173 3673 3519 3747 intelligitur
3561 3691 3596 3729 a

1950 3769 2284 3825 doctoribus
2299 3770 2465 3839 (574).
2482 3768 2736 3822 Novatus
2755 3782 2986 3838 quoque
3010 3766 3119 3821 sub
3142 3763 3597 3836 interrogatione

1951 3860 2208 3931 proferre
2226 3857 2427 3913 voluit.
2450 3856 2723 3912 Nonnulli
2758 3856 2867 3911 hoc
2900 3856 3072 3911 modo
3096 3854 3471 3925 intelligunt:
3505 3852 3594 3905 di-

1952 3952 2092 4003 cunt
2113 3948 2266 4002 enim
2292 3947 2444 4017 quod
2472 3946 2775 4002 fornicatio
2800 3963 2913 4000 non
2937 3944 3049 3999 nisi
3082 3961 3115 3998 a
3144 3944 3377 3999 duobus
3397 3942 3594 4013 peragi

1953 4036 2177 4108 possit;
2229 4040 2435 4089 caetera
2462 4051 2595 4089 vero
2627 4039 2862 4104 peccata
2892 4033 3067 4087 etiam
3101 4032 3171 4085 ab
3206 4047 3342 4085 uno.
3377 4030 3593 4095 Unum,

1954 4124 2064 4179 dici
2089 4140 2301 4194 corpus
2324 4140 2438 4176 non
2464 4127 2679 4193 potest;
2704 4122 2819 4175 duo
2840 4120 3230 4191 quoque,jam
3254 4133 3463 4188 corpus
3482 4116 3595 4169 dici

1953 4216 2221 4284 possunt,
2246 4214 2301 4264 et
2332 4210 2461 4264 ideo
2493 4209 2593 4279 qui
2626 4208 2966 4271 fornicatur,
3001 4206 3058 4259 in
3091 4222 3303 4273 corpus
3326 4202 3595 4257 Ecclesia:

1953 4304 2175 4372 peccat.
2207 4297 2314 4353 Alii
2346 4297 2580 4368 quidem
2632 4296 2740 4351 hoc
2783 4293 3119 4365 intelligunt
3166 4294 3223 4347 in
3278 4291 3508 4357 marito,
3541 4295 3599 4344 et

1953 4404 2150 4457 uxore,
2184 4388 2285 4458 qui
2318 4403 2499 4441 unum
2532 4402 2741 4457 corpus
2773 4388 2949 4450 sunt;
2984 4382 3136 4436 unde
3168 4397 3347 4451 supra
3375 4395 3387 4432 :
3420 4381 3600 4434 Erunt

1953 4478 2059 4532 duo
2106 4479 2165 4531 in
2213 4492 2379 4531 carne
2424 4493 2555 4530 una.
2593 4475 2739 4545 Ergo
2785 4471 2885 4543 qui
2919 4471 3259 4538 fornicatur,
3292 4470 3351 4523 in
3384 4482 3597 4537 corpus

205 4568 497 4617 morantur
521 4582 534 4631 ;
556 4568 615 4619 et
649 4562 785 4633 quia
817 4562 1043 4618 diutius
1077 4580 1320 4635 parvum
1354 4569 1582 4635 putant,
1616 4567 1845 4623 etiamsi
1878 4584 1922 4647 Ι)
1957 4582 2129 4621 suum
2154 4570 2370 4637 peccat,
2396 4565 2451 4617 id
2486 4568 2593 4630 est,
2622 4567 2723 4617 aut
2750 4562 2839 4615 vir
2868 4561 2927 4615 in
2953 4576 3211 4623 uxorem,
3235 4563 3336 4613 aut
3366 4572 3509 4611 uxor
3538 4554 3598 4610 in

206 4647 271 4702 ab
290 4648 479 4722 aliquo
503 4652 745 4707 doctore
766 4651 1289 4723 reprehendantur,
1311 4669 1425 4707 non
1449 4654 1843 4725 corriguntur.

270 4736 327 4790 Ei
350 4740 486 4809 quia
509 4740 625 4795 hoc
652 4739 857 4793 vitium
886 4741 1209 4794 cavendum
1234 4741 1329 4808 sit,
1359 4741 1639 4813 exemplis
1662 4747 1847 4797 osten-

208 4821 370 4880 ditur.
402 4828 461 4882 Si
508 4830 669 4884 enim
703 4828 864 4894 Cain,
901 4829 1153 4883 fraterno
1185 4830 1468 4901 sanguine
1498 4836 1712 4886 terram
1746 4832 1844 4886 fm-

208 4909 385 4969 dando
407 4916 560 4986 (Gen.
588 4934 668 4985 1v,
691 4917 767 4985 8),
795 4933 827 4971 a
851 4917 1098 4972 Domino
1123 4919 1487 4989 reprobatus,
1514 4925 1571 4974 et
1606 4921 1661 4974 in
1685 4921 1844 4976 omni

207 5014 359 5057 sacra
372 5006 675 5076 Scriptura
693 5004 990 5060 fratricida
1010 5010 1099 5060 est
1120 5012 1513 5079 nuncupatus,
1532 5025 1648 5079 qua
1670 5013 1845 5063 teme-

208 5087 383 5161 ritate,
408 5095 745 5149 memlirum
770 5094 980 5149 Christi
1011 5095 1301 5163 fcedando,
1328 5102 1498 5168 putas
1525 5102 1579 5152 te
1612 5097 1847 5152 societa-

209 5177 315 5232 tem
340 5179 497 5236 illius
518 5184 764 5237 evadere
792 5199 961 5253 posse
976 5184 1003 5236 ?
1027 5184 1085 5238 Si
1108 5185 1261 5238 enim
1282 5186 1539 5250 Henoch,
1558 5186 1774 5240 munde
1793 5191 1848 5241 et

210 5276 343 5331 pure
371 5271 795 5338 conversando,
820 5272 1139 5328 translatus
1168 5278 1256 5329 est
1286 5274 1442 5345 (Gen.
1476 5291 1530 5339 ν,
1563 5275 1675 5345 24),
1710 5291 1844 5345 quo-

277 5442 759 5526 (579)'Jocin_sVIi,
792 5450 878 5516 11,
904 5451 968 5504 21
1001 5454 1057 5506 et
1084 5453 1173 5523 24,
1206 5453 1275 5507 de
1308 5451 1532 5506 unitate
1563 5453 1842 5525 corporis,

216 5519 431 5583 mystici
468 5519 753 5573 videlicet.

282 5585 617 5668 (531)‘Fidei
640 5590 880 5657 scilicet,
896 5595 953 5646 et
972 5593 1273 5668 charitatis
1294 5593 1526 5668 vinculo
1549 5594 1842 5665 conjuncti

219 5652 285 5706 ad
313 5652 644 5715 divinarum
676 5652 1054 5732 personarum
1087 5667 1557 5726 similitudinem.

1952 4655 2165 4709 virum.
2203 4655 2415 4710 Beatus
2460 4670 2592 4708 vero
2642 4650 3013 4723 Augustinus
3053 4648 3401 4720 profundius
3448 4644 3601 4700 hanc

1956 4744 2333 4814 quaestionem
2366 4736 2638 4814 inspexit,
2673 4741 2814 4796 adeo
2848 4746 2914 4795 ut
2943 4740 3180 4804 diceret,
3213 4735 3406 4792 nescio
3440 4734 3488 4789 si
3526 4736 3600 4789 ad

1956 4831 2270 4903 liquidum,
2322 4850 2449 4904 qua:
2496 4831 2579 4887 ait
2621 4848 2632 4885 :
2687 4834 3109 4894 verumtamen,
3163 4828 3415 4883 donante
3462 4824 3598 4895 Deo,

1956 4921 2143 4977 multa
2172 4923 2242 4975 de
2290 4938 2356 4976 ea
2386 4919 2770 4993 probabiliter
2801 4922 3049 4991 possunt
3078 4918 3213 4972 dici.
3246 4914 3599 4983 Videndum,

1954 5010 2167 5081 inquit,
2216 5012 2366 5065 unde
2415 5010 2659 5065 intentio
2709 5008 2969 5081 Apostoli
3021 5005 3404 5063 descenderit.
3458 5002 3606 5057 Dicit

1954 5098 2126 5169 paulo
2177 5100 2493 5168 superius:
2550 5098 2782 5152 Nescitis
2834 5099 3096 5167 quoniam
3143 5110 3371 5166 corpora
3426 5095 3604 5146 vestra

1952 5188 2197 5243 membra
2232 5187 2445 5241 Christi
2470 5191 2649 5241 sunt?
2679 5192 2813 5249 etc.,
2851 5201 3039 5257 usque
3082 5185 3153 5239 ad
3187 5183 3353 5238 illum
3386 5181 3601 5243 locum,

1956 5276 2055 5332 ubi
2089 5277 2205 5331 ait:
2240 5274 2546 5340 Gtoriﬁcate
2575 5284 2624 5330 et
2648 5278 2861 5346 portate
2882 5275 3053 5328 Deum
3074 5275 3136 5327 in
3166 5285 3387 5343 corpore
3409 5270 3600 5323 vestro.

2029 5453 2175 5523 (572)
2208 5451 2270 5505 In
2302 5453 2496 5521 autog.
2530 5467 2715 5523 marg.
2752 5451 2845 5505 hic
2876 5450 3093 5523 legitur
3130 5467 3255 5522 cap.
3293 5447 3453 5503 XXX.

2020 5524 2348 5608 (573)_Dan.
2406 5538 2524 5587 xm,
2574 5522 2644 5573 22
2686 5538 2697 5576 :
2761 5524 2813 5576 si
2865 5526 3020 5577 enim
3070 5522 3166 5577 hoc
3223 5536 3399 5591 egero,
3452 5532 3599 5571 mors

1953 5595 2281 5737 ΜιέΊΞῗιῦθ
2315 5679 2430 5736 quo
2458 5662 2586 5720 vide
2616 5661 2732 5719 divi
2764 5663 3031 5737 Cypriani
3063 5681 3154 5735 ep.
3188 5664 3274 5717 49.
