3996 6232
379 352 495 418 347

1403 364 1739 426 ATTONIS
1785 361 2370 426 VERCELLENSIS
2415 360 2761 422 EPISCOPI

3660 364 3791 423 348

386 496 509 560 Quo
542 494 599 550 in
632 495 756 552 loco
784 502 1048 554 versatur
1073 499 1384 572 Apostolus
1415 516 1552 572 erga
1581 502 1837 572 corporis
1865 501 2023 571 puri-
2053 500 2108 565 Α
2138 494 2398 565 corporis
2423 511 2641 557 amore,
2667 493 2883 548 recedit
2911 510 2944 548 a
2968 497 3099 548 Deo.
3119 492 3176 548 Si
3200 496 3394 548 autem
3419 510 3535 548 non
3558 495 3796 551 mundo

387 588 589 651 tatem,
620 590 676 641 et
721 586 845 641 vult
888 588 1156 644 timorem
1188 589 1446 645 incutere
1477 592 1749 646 cordibus
1780 608 2020 645 suorum

389 674 743 744 auditorum,
778 680 841 730 ut
871 677 1115 733 timeant
1160 693 1261 748 per
1293 680 1724 734 immunditiam
1762 681 2024 735 membra

386 760 599 816 Christi
631 764 819 819 facere
849 767 1112 821 membra
1135 768 1475 822 meretricis.
1498 770 1605 823 Sed
1641 770 2017 838 quaerendum

386 853 472 903 est
494 866 676 920 quare
696 852 903 908 dixerit
927 870 940 908 :
974 854 1141 909 Omne
1156 866 1437 925 peccatum
1458 856 1807 928 quodcunque
1828 859 2023 927 fecerit

389 936 569 1007 homo,
619 948 779 995 extra
819 957 1009 1011 corpus
1055 946 1152 996 est.
1201 944 1474 1014 Nunquid
1524 944 1624 997 illa
1671 962 1797 1014 quae
1850 944 2021 1015 paulo

385 1028 657 1097 superius
718 1029 909 1098 posuit
965 1030 1187 1102 absque
1243 1033 1433 1087 officio
1500 1033 1756 1103 corporis
1827 1034 2019 1104 peragi

380 1116 669 1186 possunt?
688 1117 832 1171 Non.
858 1119 927 1172 Et
956 1120 1179 1190 cogitas
1202 1121 1334 1191 quis
1361 1121 1579 1192 aliquid
1614 1121 1846 1177 carnale
1872 1141 1883 1189 ;
1919 1124 2019 1177 sed

378 1204 642 1275 nunquid
674 1205 801 1259 sine
830 1221 1004 1263 carne
1032 1210 1287 1279 cogitare
1318 1210 1558 1280 posset?
1596 1212 1708 1265 Aut
1756 1212 2014 1281 nunquid

377 1296 571 1363 potest
591 1293 717 1363 ipse
739 1311 1010 1366 separare
1032 1297 1330 1368 hoc,quod
1354 1299 1819 1355 dicitPsalmista
1838 1316 1849 1353 :
1870 1302 2022 1355 Dixit

378 1382 642 1452 insipiens
671 1385 730 1436 in
760 1385 919 1439 corde
947 1402 1045 1440 suo
1075 1404 1094 1439 :
1142 1388 1257 1441 Non
1296 1395 1374 1442 est
1416 1388 1553 1441 Deus
1586 1389 1753 1457 (Psal.
1786 1405 1909 1453 xui,
1945 1389 2019 1455 1),

378 1469 454 1524 ab
483 1469 601 1525 illis
622 1471 917 1542 operibus,
941 1474 1012 1528 de
1048 1474 1262 1543 quibus
1292 1476 1418 1546 ipse
1449 1476 1586 1530 dicit
1611 1494 1621 1529 :
1661 1476 1855 1531 Omnes
1876 1482 2020 1532 asta-

381 1558 560 1612 bimus
583 1572 713 1613 ante
732 1560 981 1616 tribunal
1006 1562 1247 1617 Christi?
1268 1565 1444 1630 (Rom.
1468 1580 1583 1629 xxv,
1609 1565 1715 1635 10.)
1738 1569 1847 1620 etc.
1872 1566 2016 1630 Non,

379 1645 645 1715 inquam,
669 1653 860 1717 potest
885 1668 898 1717 ;
933 1651 1091 1721 quia,
1115 1652 1295 1707 donec
1328 1653 1385 1707 in
1406 1669 1644 1723 corpore
1676 1658 1891 1723 manet,
1917 1671 2015 1724 po-

377 1736 496 1790 test
524 1736 712 1792 dicere
746 1754 758 1792 :
792 1738 916 1793 Non
950 1744 1040 1793 est
1069 1740 1241 1796 Deus.
1276 1741 1433 1796 Idem
1464 1742 1639 1796 etiam
1674 1741 1808 1796 alibi
1840 1741 2013 1795 dicit:

378 1826 673 1895 Manifesta
719 1836 847 1882 sunt
900 1844 1063 1898 opera
1119 1832 1324 1897 carnis,
1375 1846 1492 1899 quae
1542 1839 1669 1884 sunt
1723 1832 2018 1899 fornicatio

379 1912 520 1984 (Gal.
554 1932 607 1982 ν,
646 1915 753 1985 19),
785 1920 916 1981 etc.,
951 1918 1101 1972 inter
1129 1934 1256 1988 qua
1289 1933 1464 1989 opera
1496 1918 1708 1987 carnis,
1731 1918 2018 1991 spiritalia

376 2001 517 2057 vitia
545 2009 981 2060 commemorat.
1017 2006 1073 2061 Si
1106 2022 1242 2078 ergo
1273 2007 1399 2079 ipse
1428 2008 1487 2061 in
1531 2008 1663 2075 fide,
1698 2012 1756 2061 et
1784 2008 2018 2063 veritate

379 2091 647 2162 egregius
680 2094 1022 2163 praedicator
1052 2095 1339 2165 spiritalia
1380 2096 1521 2151 vitia
1568 2096 1724 2151 carni
1758 2096 2014 2163 ascribit,

381 2194 561 2250 quare
591 2179 731 2236 dicit
765 2199 777 2237 :
828 2182 995 2238 Omne
1031 2184 1307 2253 reliquum
1335 2188 1613 2254 peceatum
1637 2192 1795 2239 extra
1826 2201 2017 2255 corpus

378 2276 458 2323 est
478 2287 501 2331 ;
545 2270 639 2338 qui
686 2274 875 2326 autem
921 2274 1254 2339 fornicatur,
1289 2273 1347 2326 in
1374 2288 1565 2344 corpus
1593 2290 1755 2328 suum
1792 2278 2020 2343 peccat?

376 2356 539 2420 Quod
589 2361 655 2411 ut
696 2360 1054 2414 contrarium
1088 2377 1202 2415 non
1235 2367 1531 2432 appareat,
1568 2362 1872 2416 sciendum
1904 2366 2013 2427 est,

376 2444 514 2515 quia
537 2445 663 2499 dum
694 2452 834 2501 sunt
858 2447 1292 2519 fornicationes,
1319 2449 1587 2520 specialis
1607 2450 1864 2521 quidem,
1889 2467 2015 2521 quae

376 2532 435 2586 in
467 2548 707 2604 corpore
736 2540 1020 2605 patratur,
1047 2543 1105 2591 et
1135 2542 1223 2592 est
1251 2539 1558 2609 generalis,
1590 2542 1646 2594 et
1675 2543 1868 2594 tamen
1903 2538 2018 2610 spi-

374 2619 586 2676 ritalis.
602 2622 660 2676 Si
687 2639 822 2694 ergo
844 2624 1155 2693 specialem
1179 2627 1621 2683 fornicationem
1642 2627 1824 2683 voluit
1841 2627 2015 2682 intel-

377 2708 502 2780 ligi,
532 2711 603 2765 ad
634 2714 1103 2782 exaggerandum
1126 2713 1329 2784 utique
1351 2715 1491 2771 dixit
1516 2733 1527 2771 :
1562 2718 1623 2770 in
1642 2732 1835 2787 corpus
1854 2732 2017 2771 suum

375 2802 599 2868 peccat;
630 2799 769 2869 quia
799 2801 908 2856 hoc
939 2801 1335 2859 fornicationis
1365 2804 1607 2872 malum,
1642 2804 1756 2859 tale
1786 2820 1851 2859 ac
1882 2809 2013 2858 tan-

385 2888 512 2941 tum
544 2890 651 2956 est,
677 2891 739 2942 ut
769 2903 928 2954 eum,
951 2890 1049 2960 qui
1081 2890 1188 2945 hoc
1219 2890 1372 2946 malo
1404 2891 1713 2959 detinetur,
1738 2892 2014 2962 vinctum,

381 2972 751 3046 ligatumque
800 2980 1015 3047 teneat,
1046 2983 1221 3050 atque
1267 2996 1497 3036 servum
1542 2980 1767 3051 corpori
1824 2980 2014 3047 faciat,

377 3060 521 3119 adeo
553 3066 616 3117 ut
645 3063 771 3135 ipso
793 3068 1054 3136 tempore
1074 3067 1434 3138 expletionis,
1459 3085 1573 3124 non
1599 3069 1757 3124 aliud
1779 3070 1830 3124 ei
1862 3070 2013 3140 cogi-

376 3153 499 3205 tare
528 3148 716 3216 liceat,
754 3160 869 3208 nOn
900 3153 1036 3209 alibi
1084 3155 1403 3225 intendere,
1438 3174 1541 3213 nec
1589 3157 1726 3213 alibi
1774 3175 2012 3214 sensum

2047 1874 2094 1938 B

2135 584 2491 647 inhaerendo,
2517 583 2616 637 sed
2640 582 2775 647 Deo,
2802 582 3125 653 mundique
3146 582 3320 636 etiam
3345 582 3790 651 delectationes,

2132 689 2196 727 ac
2218 673 2720 743 concupiscentiae
2737 672 3182 739 contemnendo,
3199 676 3372 741 atque
3395 672 3784 739 devincendo,

2133 767 2233 815 aut
2263 761 2610 831 ignorantia,
2644 765 2745 815 aut
2793 760 3104 829 oblivione,
3138 764 3239 814 aut
3286 760 3645 830 abreptione,
3681 766 3791 815 aut

2131 850 2231 904 tali
2266 850 2523 919 quolibet
2563 850 2734 905 modo
2785 848 3109 918 delinquat,
3140 849 3309 919 quasi
3358 854 3516 903 extra
3562 866 3784 921 corpus

2132 943 2365 1009 peccat;
2400 939 2509 993 hoc
2538 944 2649 1003 est,
2684 937 2823 1009 quia
2853 954 2965 991 non
3010 954 3110 1008 pro
3144 936 3234 992 sui
3264 938 3524 1005 corporis
3555 954 3780 1005 amore,

2133 1028 2349 1082 recedit
2378 1046 2410 1082 a
2446 1030 2575 1083 Deo.
2607 1030 2721 1081 Aut
2752 1027 2971 1098 aliquid
3006 1028 3215 1081 horum
3248 1026 3432 1081 voluit
3459 1027 3780 1097 Apostolus

2129 1115 2399 1187 intelligi,
2431 1121 2531 1171 aut
2565 1118 2708 1171 forte
2742 1122 3094 1187 utrumque;
3127 1117 3266 1186 quia
3295 1118 3655 1171 consuetudo
3686 1122 3784 1172 est

2131 1210 2468 1259 sanctarum
2511 1205 2965 1276 Scripturarum,
3002 1209 3065 1259 ut
3119 1206 3229 1260 sub
3280 1221 3393 1259 uno
3444 1206 3620 1260 verbo
3674 1211 3785 1261 aut

2131 1295 2438 1358 sententia,
2474 1293 2657 1348 multa
2690 1294 2934 1365 intelligi
2968 1293 3213 1364 possint.

2201 1383 2521 1452 Sequitur:
2577 1386 2658 1437 An
2704 1384 2922 1437 nescitis
2970 1384 3231 1452 quoniam
3290 1384 3537 1437 membra
3593 1386 3781 1437 vestra

2128 1472 2396 1541 templum
2424 1479 2502 1525 est
2529 1472 2675 1541 (576)
2718 1472 2957 1541 Spiritus
2988 1473 3208 1525 sancti?
3236 1474 3299 1524 In
3332 1486 3399 1524 eo
3429 1470 3585 1524 enim
3617 1471 3779 1541 quod

2127 1577 2366 1631 corpora
2398 1566 2595 1614 nostra
2626 1560 2890 1614 membra
2920 1559 3154 1629 Christi,
3188 1564 3245 1613 et
3275 1558 3543 1613 membra
3574 1563 3781 1613 nostra

2126 1648 2412 1719 templum
2457 1664 2585 1703 esse
2613 1648 2863 1719 Spiritus
2894 1648 3081 1703 sancti
3114 1648 3412 1716 dicuntur,
3445 1647 3780 1702 ostenditur

2126 1738 2251 1808 ipse
2280 1754 2408 1792 esse
2430 1738 2682 1803 Creator,
2708 1742 2766 1791 et
2797 1754 2910 1791 non
2937 1742 3221 1806 creatura,
3246 1753 3349 1792 nec
3375 1736 3567 1807 impar
3596 1737 3777 1791 etiam

2124 1826 2279 1881 Patri
2312 1831 2367 1881 et
2397 1825 2557 1881 Filio.
2584 1826 2754 1893 Quem
2783 1825 2996 1881 habetis
3026 1843 3059 1879 a
3080 1827 3187 1881 Deo
3218 1825 3383 1893 dicit,
3405 1830 3471 1879 ut
3498 1825 3778 1881 ostendat

2126 1916 2266 1987 quia
2311 1934 2345 1971 a
2393 1932 2455 1971 se
2487 1932 2603 1971 non
2635 1919 2998 1986 acceperant.
3033 1914 3311 1985 Sequitur
3342 1931 3355 1969 :
3407 1916 3475 1969 Et
3504 1930 3613 1969 non
3643 1918 3805 1986 estis,

2125 2007 2293 2060 vestri
2310 2022 2331 2065 ,'
2364 2022 2430 2059 ac
2460 2004 2510 2059 si
2543 2005 2757 2058 diceret
2786 2020 2798 2056 :
2854 2003 2999 2069 Quia
3046 2003 3104 2056 in
3153 2002 3503 2074 baptismate
3536 2001 3636 2056 ﬁlii
3672 2002 3773 2057 Dei

2127 2092 2313 2148 effecti
2335 2092 2496 2162 estis,
2521 2109 2635 2147 non
2661 2092 2986 2147 secundum
3010 2094 3284 2161 vestram,
3306 2091 3408 2146 sed
3442 2091 3769 2146 secundum

2125 2180 2283 2235 illius
2342 2180 2513 2235 vivite
2567 2179 2951 2235 voluntatem.
3005 2180 3193 2244 Quare
3240 2196 3356 2235 non
3404 2184 3603 2235 essent
3657 2178 3787 2247 sui,

2127 2268 2381 2325 ostendit
2409 2284 2421 2322 :
2452 2270 2634 2339 Empti
2653 2272 2802 2323 enim
2826 2270 2951 2323 estis
2970 2270 3149 2338 pretio
3169 2284 3367 2339 magno
3384 2285 3404 2329 ;
3437 2267 3607 2338 quasi
3630 2267 3784 2323 dice-

2127 2362 2215 2412 ret
2246 2374 2258 2410 :
2287 2357 2343 2410 Si
2376 2357 2552 2412 homo
2575 2373 2749 2429 parvo
2778 2356 2959 2429 pretio
2982 2372 3182 2411 emens
3214 2373 3472 2421 servum,
3494 2354 3676 2427 exigit
3704 2357 3775 2410 ab

2126 2463 2191 2502 eo
2233 2448 2374 2517 juge
2424 2463 2491 2501 ac
2549 2450 2897 2517 perpetuum
2945 2446 3286 2511 servitium;
3337 2449 3559 2516 quanto
3588 2445 3780 2515 magis

2128 2539 2298 2601 Deus,
2334 2534 2433 2602 qui
2462 2551 2564 2589 vos
2595 2539 2715 2589 tam
2747 2550 2959 2605 magno
2989 2534 3173 2605 pretio
3204 2534 3470 2603 redemit,
3503 2533 3619 2589 hoc
3657 2539 3769 2599 est,

2124 2640 2234 2680 non
2255 2623 2603 2694 corruptibili
2622 2639 2777 2691 auro,
2800 2623 2885 2678 vel
2916 2630 3172 2695 argento,
3193 2622 3346 2676 sicut
3374 2622 3575 2677 Petrus
3607 2622 3767 2689 dicit,

2123 2713 2216 2768 sed
2229 2714 2625 2784 pretiosissima
2646 2714 2914 2781 sanguine
2934 2712 3075 2782 Agni
3104 2711 3454 2767 immaculati
3474 2712 3521 2781 (Ι
3547 2712 3694 2767 Petr.
3727 2728 3769 2778 ι,

2128 2803 2237 2871 18),
2262 2800 2318 2855 id
2342 2805 2448 2867 est,
2469 2801 2697 2855 Domini
2723 2800 2907 2856 nostri
2927 2800 3067 2855 Jesu
3088 2798 3326 2869 Christi,
3344 2799 3768 2869 sempiternum

2126 2906 2191 2945 ac
2213 2891 2356 2961 juge
2388 2906 2421 2943 a
2452 2888 2618 2944 nobis
2649 2888 2772 2943 vult
2801 2888 3026 2960 exigere
3058 2887 3379 2944 servitium.
3414 2890 3478 2943 Et
3504 2888 3623 2944 ideo
3654 2890 3773 2957 glo-

2124 2979 2357 3049 riﬁcate,
2386 2982 2441 3032 et
2459 2981 2672 3049 portate
2695 2980 2865 3033 Deum
2888 2978 2947 3031 in
2965 2993 3187 3048 carpare
3211 2987 3413 3032 vestro.
3437 2975 3773 3033 Gloriﬁcare

2126 3067 2307 3123 Deum
2344 3072 2433 3122 est
2465 3067 2787 3122 secundum
2810 3067 2937 3137 ejus
2967 3065 3156 3121 vivere
3186 3069 3560 3137 praeceptum.
3587 3070 3767 3120 Deum

2126 3154 2183 3209 in
2218 3171 2457 3227 corpore
2486 3159 2810 3225 portamus,
2842 3171 2975 3209 cum
3018 3155 3146 3225 ejus
3175 3153 3491 3225 imaginem
3524 3153 3767 3210 illmsam

376 3238 591 3294 mentis
632 3240 918 3313 dirigere;
971 3249 1027 3299 et
1074 3243 1290 3301 ideirco
1339 3246 1418 3301 ait
1450 3262 1461 3301 :
1512 3249 1573 3302 In
1618 3263 1808 3317 corpus
1851 3263 2018 3301 suum
2047 3232 2090 3299 C
2128 3261 2449 3301 servamus.
2481 3244 2711 3299 Dictum
2742 3247 2830 3299 est
2858 3244 2929 3298 de
2960 3243 3150 3314 primo
3184 3267 3198 3301 :
3238 3245 3385 3299 Fecit
3414 3248 3559 3298 Deus
3593 3244 3770 3300 homi-

373 3332 599 3399 peccat;
629 3331 782 3400 quod
831 3332 903 3387 de
948 3331 1080 3387 aliis
1111 3336 1285 3404 atque
1314 3333 1445 3391 aliis
1476 3336 1727 3406 peccatis
1758 3335 1866 3390 dici
1902 3352 2015 3391 non

334 3470 353 3487 ,
380 3416 573 3488 potuit
597 3441 611 3484 ;
642 3419 801 3489 quia,
823 3421 931 3476 etsi
961 3421 1075 3477 alia
1106 3423 1376 3493 quislibet
1402 3429 1635 3495 peccata
1664 3425 1838 3480 homo
1861 3442 2019 3480 com-

381 3505 595 3570 mittat,
628 3512 818 3577 potest
846 3514 903 3563 et
937 3510 1092 3565 aliud
1127 3512 1399 3583 cogitare,
1430 3516 1604 3583 atque
1634 3513 1793 3568 aliud
1826 3530 2015 3585 agere,

380 3609 487 3649 nec
515 3594 596 3649 ibi
626 3610 856 3665 semper
884 3600 1099 3653 versari
1124 3617 1139 3665 ;
1169 3606 1225 3655 et
1260 3600 1389 3656 ideo
1421 3603 1491 3656 ad
1523 3602 2021 3673 comparationem

379 3680 539 3737 illius
570 3686 732 3739 extra
759 3700 971 3756 corpus
1002 3687 1125 3741 fieri
1171 3688 1469 3744 dicuntur.
1503 3694 1702 3745 Potest
1745 3695 1804 3745 et
1853 3690 2022 3745 aliter

377 3767 650 3841 intelligi.
683 3771 781 3827 Est
808 3772 966 3828 enim
998 3776 1289 3845 generalis
1321 3777 1647 3846 fornicatio,
1680 3795 1805 3849 quae
1836 3783 1925 3834 est
1964 3783 2023 3833 et

379 3856 682 3929 spiritalis,
716 3860 787 3915 de
818 3877 933 3932 qua
962 3861 1271 3919 Psalmista
1304 3883 1316 3920 :
1364 3867 1667 3923 Perdidisti
1692 3883 1877 3922 omnes
1906 3870 2021 3938 for-

382 3945 631 4001 nicantes
675 3949 771 4003 abs
819 3955 876 4004 te
925 3951 1097 4019 (Psal.
1132 3969 1302 4024 Lxxu,
1336 3955 1447 4026 26).
1480 3956 1570 4022 Et,
1603 3959 1667 4010 ut
1697 3955 2025 4011 ostenderet

385 4050 512 4106 quae
557 4039 709 4092 esset
755 4037 884 4108 ipsa
934 4039 1258 4111 fornicatio,
1292 4029 1426 4097 mox
1477 4042 1827 4113 subjunxit:
1878 4042 2026 4100 Mihi

383 4126 569 4179 autem
595 4125 884 4184 adhaerere
906 4128 1011 4184 Deo
1037 4129 1238 4185 bonum
1264 4139 1382 4197 est;
1412 4131 1482 4185 de
1511 4148 1629 4201 qua
1657 4135 1713 4185 et
1731 4131 1983 4186 Jacobus
2008 4147 2021 4185 :

382 4212 631 4269 Adultsri
658 4214 826 4287 (375),
858 4218 1109 4285 nescitis,
1142 4218 1355 4290 inquit,
1389 4222 1522 4291 quia
1556 4219 1809 4275 amicitia
1835 4219 2028 4274 seculi

383 4298 547 4371 hujus
576 4303 806 4359 inimica
835 4310 916 4361 est
944 4307 1047 4361 Deo
1067 4310 1094 4359 Ρ
1122 4308 1344 4373 Quibus
1376 4308 1566 4362 verbis
1597 4307 1851 4363 ostendit
1879 4306 2023 4362 ami-

383 4404 517 4446 cum
548 4407 676 4448 esse
704 4393 925 4459 seculi,
948 4395 1219 4450 fornicari
1251 4411 1383 4451 esse
1411 4396 1548 4450 Deo.
1572 4395 1721 4449 Hinc
1751 4402 1806 4450 et
1838 4394 2027 4449 Domi-

384 4495 499 4534 nus
533 4497 544 4536 :
596 4482 784 4549 Nemo,
818 4483 1033 4554 inquit,
1064 4488 1230 4554 potest
1281 4483 1492 4538 duobus
1538 4483 1778 4537 dominis
1815 4484 2029 4537 servire

2124 3349 2252 3388 nem
2279 3333 2350 3389 ad
2380 3335 2688 3403 imaginem
2709 3341 2759 3388 et
2785 3333 3206 3388 similitudinem
3225 3348 3380 3387 suam
3405 3330 3555 3399 (Gen.
3592 3350 3629 3401 ι,
3659 3333 3771 3404 27).

2126 3423 2244 3478 Nos
2260 3424 2564 3495 ergo,dum
2585 3439 2685 3492 per
2703 3421 3143 3477 immunditiam
3163 3419 3498 3489 polluimur,
3518 3421 3617 3476 Dei
3634 3422 3776 3477 ima-

2127 3512 2320 3584 ginem
2354 3510 2663 3576 violamus,
2694 3511 2796 3565 sed
2828 3510 3092 3565 eamdem
3129 3525 3231 3581 per
3260 3509 3685 3580 pmnitudinem
3716 3513 3776 3565 et

2127 3601 2353 3656 fructus
2370 3599 2577 3672 dignos
2595 3598 3028 3671 pasnitentiaaﬁn
3046 3598 3215 3653 nobis
3234 3599 3549 3654 reformare
3569 3614 3770 3669 passu.

2128 3706 2283 3745 mus.
2316 3690 2463 3759 (577)
2495 3688 2653 3760 (CAP.
2686 3687 2830 3759 VII.)
2866 3687 3181 3758 Sequitur:
3231 3688 3306 3741 De
3345 3688 3542 3757 quibus
3588 3693 3776 3742 autem

2127 3779 2423 3848 scripsistis
2470 3776 2635 3843 mihi,
2686 3780 2798 3831 etc.
2840 3775 3036 3831 Altera
3081 3780 3170 3831 est
3214 3774 3473 3847 Apostoli
3504 3776 3775 3831 intentio.

2130 3866 2413 3938 Superius
2444 3865 2673 3921 locutus
2705 3865 2895 3919 fuerat
2924 3864 2995 3919 de
3024 3863 3283 3932 illicitis;
3320 3880 3476 3919 nunc
3505 3881 3639 3920 vero
3688 3864 3777 3919 lo-

2132 3956 2334 4025 quitur
2364 3954 2435 4008 de
2464 3952 2661 4009 licitis.
2694 3952 2961 4025 Congruo
2992 3952 3210 4024 quippe
3240 3953 3443 4008 ordine
3473 3952 3641 4023 prius
3670 3951 3779 4007 illi-

2133 4042 2268 4108 cita,
2303 4042 2361 4096 id
2412 4046 2519 4111 est,
2552 4042 2773 4097 malum
2819 4040 3220 4097 fornicationis
3269 4041 3591 4114 prohibuit,
3622 4058 3778 4096 nunc

2132 4147 2265 4186 vero
2291 4129 2469 4200 licita,
2495 4130 2553 4184 id
2583 4134 2694 4196 est,
2716 4129 2973 4202 conjugii
2996 4130 3216 4185 bonum
3240 4129 3650 4185 commendat:
3679 4130 3779 4202 qui

2134 4217 2311 4273 etiam
2343 4218 2403 4271 in
2435 4216 2638 4272 multis
2660 4217 2790 4273 aliis
2812 4220 3148 4273 sanctarum
3170 4217 3603 4289 Scripturarum
3638 4217 3780 4274 locis

2137 4309 2403 4360 servatus
2434 4309 2817 4360 monstratur.

2208 4394 2369 4458 Quod
2403 4409 2535 4448 vero
2566 4394 2645 4449 ait
2674 4410 2686 4447 :
2720 4395 2795 4449 De
2823 4394 3019 4464 quibus
3048 4394 3372 4465 scripsistis,
3394 4396 3532 4461 etc.,
3552 4393 3785 4449 duobus

2137 4480 2328 4537 modis
2351 4480 2594 4553 intelligi
2627 4485 2818 4553 petest
2842 4506 2857 4547 ;
2888 4482 3030 4552 quia
3059 4485 3118 4537 et
3137 4483 3267 4538 duas
3293 4485 3521 4552 queunt
3540 4498 3672 4538 esse
3702 4482 3785 4537 in-

387 4568 538 4639 (Luc.
562 4586 676 4636 xvn,
711 4571 800 4641 13)
824 4588 837 4627 :
872 4576 929 4627 et
958 4572 1057 4643 qui
1091 4576 1287 4627 essent
1316 4572 1433 4625 duo
1464 4570 1710 4637 domini,
1734 4570 1989 4625 ostendit
2013 4587 2025 4626 :
2058 4593 2105 4658 Ι)
2135 4571 2462 4635 tentiones;
2492 4587 2624 4625 nam
2649 4571 2973 4627 secundum
2998 4571 3307 4641 quosdam,
3329 4569 3647 4642 Apostolus
3670 4587 3787 4626 mo-

386 4659 504 4714 Non
551 4661 791 4730 potestis,
822 4659 1037 4731 inquit,
1069 4661 1173 4715 Deo
1218 4660 1449 4723 servire,
1483 4663 1534 4712 et
1578 4674 1940 4721 mammonae;
1970 4659 2026 4715 id

389 4750 499 4814 est,
523 4746 667 4801 mihi
688 4752 745 4802 et
765 4747 977 4803 seculo
999 4748 1298 4818 conjungi.
1326 4746 1473 4801 Hinc
1499 4743 1674 4801 etiam
1705 4748 2027 4804 etJoannes

391 4833 474 4889 ait
503 4849 518 4889 :
560 4834 729 4891 Omne
757 4837 898 4906 quod
926 4839 987 4891 in
1015 4837 1176 4891 modo
1203 4841 1306 4900 est,
1338 4837 1772 4906 concupiscentia
1800 4845 1878 4892 est
1901 4853 2026 4892 car-

389 4922 479 4976 nis
527 4930 577 4977 et
622 4924 908 4979 oculorum
936 4926 984 4995 (Ι
1008 4926 1165 4980 Joan.
1202 4940 1263 4988 ιι,
1298 4923 1406 4993 16),
1440 4928 1572 4993 etc.,
1610 4940 1796 4995 usque
1825 4926 1895 4980 ad
1946 4926 2026 4992 id,

387 5010 544 5081 quod
576 5010 657 5065 ait
686 5028 699 5065 :
739 5012 843 5079 Qui
871 5020 1052 5067 autem
1081 5013 1218 5079 facit
1245 5012 1578 5067 voluntatem
1607 5013 1721 5080 Dei,
1752 5020 1937 5069 manet
1967 5017 2028 5069 in

384 5104 659 5156 aeternum
680 5099 863 5170 (lbid.,
893 5102 1002 5170 17).
1027 5100 1387 5171 Quapropter
1412 5101 1747 5173 quicunque
1776 5120 1878 5174 pro
1910 5120 2027 5159 suae

388 5187 639 5245 carnalis
656 5187 1058 5244 delectationis
1071 5190 1496 5255 amore,mundi
1516 5190 1693 5262 hujus
1707 5192 2026 5263 sequendo,

387 5293 452 5331 ac
466 5277 843 5349 suscipiendo
860 5294 1040 5333 concu
1049 5278 1383 5349 piscentias,
1400 5296 1431 5333 a
1444 5284 1556 5335 Deo
1575 5280 1808 5350 recedit,
1825 5280 2028 5351 utique

391 5365 727 5437 fornicatur,
760 5371 817 5422 et
866 5367 923 5421 in
974 5383 1184 5439 corpus
1235 5385 1409 5423 suum
1455 5373 1672 5440 peccat,
1704 5369 1763 5424 id
1792 5373 1903 5435 est,
1935 5368 2028 5424 sui

463 5524 613 5595 (575)
642 5527 755 5599 Jac.
783 5544 858 5592 1v,
892 5528 944 5596 4,
972 5531 1166 5599 autog.
1193 5530 1372 5584 avari.
1397 5527 1537 5583 Mihi
1567 5532 1762 5584 autem
1794 5526 2029 5583 lectioni

388 5601 447 5651 et
494 5598 693 5680 sensui
744 5615 964 5680 morem
1012 5598 1210 5680 gerere
1243 5601 1433 5655 visum
1482 5604 1609 5667 est;
1644 5599 1909 5670 ideoque,
1942 5599 2029 5655 uti

390 5666 688 5737 mendam,
720 5666 1042 5727 emendavi:

2138 4664 2302 4715 ratus
2335 4660 2488 4729 apud
2518 4676 2617 4714 eos
2664 4675 2766 4730 per
2809 4676 3030 4714 annum
3069 4664 3126 4715 et
3166 4675 3399 4715 menses
3429 4674 3551 4729 sex,
3586 4658 3784 4714 docuit

2136 4750 2358 4804 bonum
2391 4746 2759 4802 continentiae
2791 4749 3165 4804 servandum.
3190 4748 3324 4817 Sed,
3348 4747 3486 4819 quia
3514 4746 3784 4803 nonnulli

2136 4852 2338 4893 eorum
2352 4851 2455 4906 per
2471 4834 2680 4890 illicita
2692 4836 3125 4900 errabant,illos
3140 4836 3349 4892 litteris
3361 4836 3782 4907 significantes,

2136 4925 2475 4980 direxerunt
2494 4923 2802 4996 epistolam
2825 4942 2931 4981 suo
2948 4925 3169 4982 doctori
3191 4929 3249 4980 et
3271 4925 3573 4998 magistro,
3587 4924 3783 4980 studio

2138 5012 2479 5069 consulendi
2498 5013 2638 5085 quid
2657 5020 2814 5070 esset
2834 5016 3144 5086 agendum.
3160 5014 3375 5070 Etideo
3393 5014 3561 5069 dicit:
3576 5014 3652 5068 De
3666 5015 3786 5083 qui-

2139 5103 2235 5158 bus
2255 5105 2572 5173 scripsistis,
2595 5108 2703 5159 etc.
2722 5121 2737 5171 ;
2766 5104 2934 5175 quasi
2956 5104 3204 5159 diceret:
3229 5104 3456 5159 Bonum
3475 5109 3619 5168 erat,
3633 5101 3787 5158 sicut

2138 5192 2342 5258 docui;
2365 5193 2489 5257 sed,
2505 5191 2645 5263 quia
2665 5191 3041 5263 signiﬁcastis
3062 5190 3379 5249 nonnullos
3400 5195 3661 5247 vestrum
3686 5207 3787 5263 per

2137 5279 2339 5337 illicita
2369 5297 2581 5347 errare,
2610 5282 2926 5337 auctoritas
2956 5281 3075 5337 illis
3104 5282 3413 5338 subveniat
3441 5280 3786 5352 apostolica.

2138 5369 2337 5440 Neque
2352 5370 2507 5424 enim
2525 5369 2606 5424 ita
2618 5369 2746 5425 volo
2764 5369 3071 5441 prohibere
3086 5369 3266 5437 licita,
3281 5375 3346 5425 ut
3360 5386 3463 5442 per
3475 5368 3686 5425 illicita
3700 5385 3789 5425 er-

2232 5528 2359 5600 576)
2389 5528 2559 5600 Yulg.
2594 5529 2856 5600 templum
2884 5539 3035 5585 sunt.

2231 5598 2360 5667 577)
2394 5598 2456 5653 In
2514 5598 2951 5683 autogl.marg.
3000 5600 3215 5730 IIeIgitur
3262 5599 3359 5656 hic
3409 5616 3540 5674 cap.
3594 5601 3785 5661 XXXI.

2235 5667 2314 5730 la.
2346 5672 2540 5728 autem
2569 5675 2777 5730 Incipit
2802 5689 2931 5730 can.
2962 5672 3011 5728 V
3071 5713 3084 5728 .

2141 5667 2314 5740 Vulg.
2346 5672 2540 5728 autem
2569 5667 2777 5744 incipit
2802 5667 2931 5745 cap'.
2962 5667 3084 5730 VII:
