3996 6232
136 345 263 409 349

744 342 1157 406 EXPOSITIO
1200 343 1277 403 IN
1325 339 1748 402 EPISTOLAS
1792 337 2048 401 PAULI.
2081 373 2155 384 --
2197 343 2273 403 ΙΝ
2319 342 2572 407 EPIST.
2621 345 2644 405 Ι
2693 347 2794 406 AD
2840 344 3013 407 COR.

3460 346 3581 409 350

134 487 313 539 rent:
346 483 402 536 et
432 482 556 536 ideo
575 484 814 550 prapter
830 478 1215 548 fornicationes
1269 479 1413 547 (578)
1461 476 1837 545 unusquisque
1864 473 1919 539 Α
1950 474 2140 531 locum
2173 478 2392 533 invenit
2420 482 2685 537 trahendi
2720 481 2789 536 ad
2827 480 3045 536 malum
3081 479 3585 535 fornicationile-

140 589 314 628 suam
336 586 575 626 uxorem
614 570 834 633 habeat,
871 573 975 622 etc.
1016 568 1113 621 Est
1145 572 1197 621 et
1231 566 1412 620 altera
1459 564 1708 619 nobilior
1745 564 1824 616 in-

137 663 356 718 tentio.
402 662 660 715 Fuerant
682 675 891 729 nempe
924 658 1147 727 decepti
1172 676 1204 711 a
1227 656 1387 711 falsis
1415 653 1821 727 apostolis,qui

142 768 246 808 eos
279 752 451 805 inter
482 754 693 803 caetera
724 748 1049 801 docuerunt
1068 751 1437 801 contemnere
1470 745 1740 816 nuptias:
1768 746 1828 796 at

144 857 286 895 vero
326 839 628 910 patienter
658 837 767 907 ipsi
802 842 1007 890 caetera
1031 834 1507 899 suﬁ'erentes,has
1528 832 1717 888 solum
1744 848 1827 887 se-

146 929 273 983 cuti
308 928 475 997 (579)
506 928 760 980 fuerant.
798 924 1101 994 Exagitati,
1125 940 1190 978 ao
1223 923 1522 987 commoti,
1557 939 1661 976 suo
1685 920 1825 975 scri-

148 1023 420 1090 pserunt
454 1015 1132 1085 magistro,consulentes
1164 1029 1319 1075 eum,
1341 1012 1479 1082 quid
1513 1012 1636 1080 ipse
1693 1026 1828 1065 sen-

146 1105 561 1160 tiret.1dcirco
591 1103 831 1156 dicitur:
894 1103 968 1156 De
1025 1102 1221 1171 quibus
1262 1102 1604 1169 scripsistis;
1660 1097 1830 1168 quasi

157 1196 436 1251 diceret:
475 1193 692 1246 Bonum
742 1195 850 1259 est,
906 1192 1060 1260 quod
1113 1190 1222 1258 ipsi
1270 1190 1611 1253 docuerunt,
1646 1204 1830 1257 quan-

157 1298 358 1354 quam
394 1297 514 1335 non
546 1284 697 1334 recta
726 1278 1276 1349 intentione,neque
1307 1278 1500 1332 studio
1532 1277 1687 1343 ﬁdei,
1730 1280 1833 1329 aut

164 1370 505 1442 religionis,
540 1373 639 1422 aut
661 1366 923 1437 placendi
989 1372 1119 1427 Deo,
1180 1367 1280 1421 sed
1339 1364 1529 1436 potius
1583 1369 1646 1417 ut
1701 1380 1830 1418 san-

164 1460 391 1515 ctiores
421 1463 478 1513 et
512 1457 781 1511 meliores
803 1455 1157 1509 viderentur.
1189 1454 1405 1509 Verum
1466 1454 1603 1525 quia
1661 1452 1828 1506 multi

1934 566 2033 620 lud
2072 585 2209 622 sane
2262 569 2588 633 sciendum,
2623 571 2758 641 quia
2790 571 3021 624 munda
3068 573 3123 624 et
3180 573 3390 624 sanctas
3438 573 3581 625 sunt

1934 656 2453 727 nuptize,quoniam
2490 658 2587 713 Dei
2612 662 2783 728 jussu
2817 658 3225 714 celebrantur:
3258 658 3404 715 nihil
3437 675 3581 730 quo-

1935 762 2045 818 que
2060 746 2273 800 habent
2288 748 2742 818 turpc,nihilque
2756 748 3519 820 inhonestum.Quapropter
3532 748 3580 803 si

1936 837 2230 905 conjugati
2260 836 2481 907 aliquid
2516 842 2704 908 turpe,
2759 838 3154 899 inhonestum,
3182 854 3245 892 ac
3304 837 3579 892 indecens

1938 926 2389 991 admittant,non
2424 928 2760 996 nuptiarum
2793 927 3005 991 est,sed
3049 926 3353 981 hominum
3386 924 3582 997 culpa.

1939 1014 2095 1068 Adeo
2128 1015 2339 1068 etenim
2375 1020 2586 1068 sancta)
2619 1019 2756 1069 sunt
2787 1016 3020 1086 nuptiae,
3069 1020 3132 1068 ut
3172 1013 3313 1069 illud
3366 1014 3583 1068 faciant

1941 1104 2151 1157 dimitti
2187 1120 2289 1173 pro
2332 1121 2413 1167 se,
2473 1105 2624 1174 quod
2667 1121 2779 1157 non
2839 1104 3045 1158 attinet
3101 1104 3169 1157 ad
3217 1118 3297 1157 se.
3361 1102 3425 1157 Et
3471 1103 3581 1157 hoc

1941 1193 2377 1261 attendendum,
2430 1194 2568 1263 quia
2625 1194 2683 1247 in
2732 1193 2919 1247 Veteri
2970 1194 3342 1247 Testamento
3398 1191 3583 1246 conti-

1940 1282 2137 1335 nentia
2160 1287 2395 1352 propter
2427 1282 2677 1336 ﬁliorum
2723 1297 2981 1337 amorem
3038 1281 3327 1336 transibat
3369 1281 3438 1335 ad
3474 1297 3580 1335 nu-

1942 1370 2093 1441 ptias
2128 1394 2141 1434 ;
2176 1386 2328 1423 nunc
2358 1386 2489 1424 vero
2521 1370 2941 1425 incontinentis
2969 1369 3254 1425 reveletur
3282 1370 3433 1423 bono
3478 1385 3584 1422 nu-

1942 1459 2281 1529 ptiarum,et
2311 1457 2619 1513 relaxatur.
2660 1460 2725 1513 Et
2746 1459 2872 1513 ideo
2900 1459 3113 1513 dicitur
3161 1457 3432 1528 superius
3449 1472 3583 1527 pro-

162 1553 437 1604 vestrum
468 1563 572 1617 per
592 1545 794 1599 illicita
823 1551 1039 1609 errant,
1072 1549 1135 1598 ut
1155 1561 1269 1599 non
1314 1544 1517 1597 erretis
1577 1541 1833 1611 amplius
1936 1555 2056 1618 pter
2084 1550 2583 1617 fomicationem,et
2612 1564 2725 1602 non
2786 1547 3034 1603 ﬁliorum
3083 1546 3581 1618 prepagationem.

164 1642 410 1709 propter
422 1634 904 1702 fornicationes,u
915 1650 990 1687 nu
1000 1633 1279 1704 equisque
1294 1649 1463 1686 suam
1483 1647 1720 1685 uxorem
1737 1630 1832 1683 ha-

165 1724 613 1792 beat,etc.Nota
640 1723 782 1792 quia
823 1738 934 1776 non
995 1721 1229 1786 dicitur,
1273 1726 1507 1791 propter
1564 1719 1832 1789 propagi-

1943 1638 2305 1707 Quapropter
2352 1637 2773 1707 distinguenda:
2824 1642 2962 1691 sunt
3032 1636 3319 1707 graduum
3360 1648 3583 1689 causae:

1944 1740 2077 1777 nam
2108 1725 2155 1777 si
2188 1724 2537 1795 distinguas,
2572 1724 2811 1795 majoris
2846 1725 3035 1779 meriti
3078 1732 3166 1780 est
3196 1721 3583 1787 continentia;

166 1831 306 1869 nem
334 1811 731 1875 ﬁliorum,sed
766 1814 997 1881 propter
1034 1810 1496 1864 fornicationem.
1520 1807 1829 1878 Sequitur:
1870 1840 1913 1903 Β
1943 1813 2288 1867 concubitus
2316 1814 2664 1883 vero,gratia
2690 1813 2943 1867 ﬁliorum
2976 1830 3089 1869 non
3146 1817 3236 1868 est
3286 1815 3588 1884 peccatum

173 1903 347 1958 Uxori
384 1915 477 1953 vir
508 1898 754 1953 debitum
786 1896 1111 1963 reddai,etc.
1146 1898 1215 1951 Et
1236 1902 1324 1952 est
1355 1912 1564 1951 sensus
1590 1913 1603 1950 :
1640 1896 1830 1951 Unum

167 1989 431 2045 sentiant
462 1988 524 2043 in
562 1988 685 2058 lege
738 1992 977 2052 naturae,
1013 2002 1083 2041 ne
1144 1987 1288 2040 forte
1339 1985 1589 2042 alterum
1641 2001 1834 2040 errore

164 2078 459 2143 trahente,
497 2076 647 2131 alter
703 2074 1077 2147 periclitetur.
1107 2076 1269 2139 Quod
1325 2074 1501 2129 etiam
1579 2074 1833 2146 exponit,

168 2168 309 2222 dum
345 2165 624 2237 protinus
655 2164 957 2235 adjungit:
987 2165 1191 2219 Mulier
1220 2167 1312 2219 sui
1339 2166 1581 2234 corporis
1603 2168 1837 2233 potesta-

168 2260 276 2311 tem
305 2271 422 2310 non
456 2254 654 2319 habet;
678 2253 839 2323 quia,
870 2252 957 2306 vel
988 2256 1340 2323 potestatem
1368 2268 1481 2306 non
1516 2252 1690 2306 habet
1720 2258 1835 2307 tra-

169 2344 350 2399 dendi
383 2358 606 2412 corpus
633 2358 805 2396 suum
838 2340 1027 2405 alteri,
1060 2340 1147 2395 vel
1199 2345 1354 2395 certe
1400 2340 1581 2395 altero
1634 2357 1835 2394 eorum

174 2432 441 2498 nolente,
475 2430 623 2485 alter
666 2434 1005 2499 potestatem
1039 2446 1154 2484 non
1188 2429 1364 2484 habet
1415 2428 1836 2483 continentiam

175 2519 557 2577 servandi.Et
588 2519 712 2573 ideo
736 2519 1009 2590 adiungit
1032 2537 1049 2572 :
1080 2519 1257 2573 Nolite
1285 2519 1552 2589 fraudari
1608 2520 1841 2573 invicem

172 2611 395 2666 Neuter
416 2608 658 2679 quidem
688 2608 1108 2662 continentiam
1148 2608 1321 2662 debet
1351 2607 1584 2670 habere,
1620 2606 1730 2661 nisi
1773 2623 1841 2661 ex

176 2698 478 2756 communi
516 2713 805 2752 consensu
841 2716 853 2763 ;
887 2696 1131 2767 ideoque
1156 2697 1462 2768 adjungit:
1489 2698 1701 2752 Nisiex
1719 2712 1842 2751 con-

172 2805 334 2845 sensu
363 2788 436 2843 ad
470 2792 705 2856 tempus.
741 2786 931 2848 Quare
952 2786 979 2839 ‘I
1013 2787 1077 2841 Ut
1117 2788 1316 2840 vacetis
1367 2786 1628 2840 orationi.
1690 2786 1842 2840 Licet

178 2878 352 2943 enim,
393 2878 571 2947 juxta
615 2880 971 2945 praeceptum
999 2872 1229 2928 Domini
1256 2879 1313 2928 et
1344 2874 1524 2943 hujus
1580 2872 1841 2944 Apostoli

180 2966 254 3022 sit
284 2962 860 3036 semperorandum,
901 2966 1304 3017 verumtamen
1362 2967 1420 3017 et
1475 2962 1597 3017 haec
1654 2963 1840 3017 conti-

184 3054 381 3111 nentia
409 3054 755 3125 frequenter
784 3055 873 3105 est
900 3051 1202 3116 servanda,
1248 3056 1311 3105 ut
1360 3052 1638 3106 mundius
1693 3056 1841 3105 Deus

185 3143 479 3214 deprecari
537 3140 762 3213 possit:
808 3156 942 3194 nam
991 3155 1106 3209 quo
1164 3139 1413 3211 quisque
1464 3157 1526 3194 se
1583 3158 1615 3194 a
1664 3139 1841 3195 licitis

1944 1905 2179 1971 propter
2210 1900 3065 1967 incontinentiam,coucubitus
3108 1900 3282 1972 culpa
3325 1904 3433 1965 est,
3488 1897 3589 1956 sed

1945 1988 2287 2044 veniabilis:
2324 1989 2626 2044 fornicatio
2660 2006 2892 2061 quoque
2930 1994 2985 2044 et
3017 1988 3287 2044 adulterii
3344 1988 3590 2053 malum,

1946 2077 2223 2133 eximium
2248 2077 2542 2148 piaculum
2573 2082 2680 2132 est.
2706 2078 3092 2140 Quamobrem
3115 2077 3235 2131 haec
3267 2075 3591 2147 conjugalis

1947 2166 2187 2222 castitas
2219 2166 2492 2221 solertius
2523 2167 2786 2221 attendat
2831 2181 3066 2221 necesse
3122 2170 3231 2231 est,
3292 2182 3364 2219 ne
3422 2164 3588 2234 forte,

1947 2257 2088 2310 dum
2139 2256 2345 2326 quaerit
2412 2256 2565 2309 unde
2622 2256 2752 2327 ipsa
2806 2258 3007 2309 beetur
3052 2258 3108 2309 et
3165 2258 3588 2320 remuneretur,

1948 2345 2083 2398 inde
2111 2344 2258 2398 alter
2280 2343 2818 2414 periclitetur.lllud
2842 2344 3015 2398 etiam
3049 2342 3395 2405 notandum,
3454 2341 3593 2413 quia

1948 2438 2238 2487 amatores
2263 2432 2523 2487 libidinis
2555 2433 2743 2487 solent
2768 2433 3045 2487 adversus
3066 2431 3217 2486 hanc
3248 2429 3593 2485 sententiam

1948 2522 2174 2576 dicere:
2210 2524 2396 2586 Quare
2427 2521 2580 2576 Deus
2612 2520 2937 2575 masculum
2995 2524 3051 2574 et
3106 2520 3382 2574 feminam
3443 2516 3595 2583 fecit,

1950 2616 2007 2664 et
2036 2609 2335 2664 benedixit
2391 2610 2495 2677 eis,
2546 2608 2773 2665 dicens:
2834 2608 3103 2675 Crescite,
3136 2611 3194 2661 et
3244 2605 3597 2677 multiplica-

1950 2698 2170 2767 mini,si
2230 2698 2496 2752 eamdem
2557 2698 3022 2753 benedictionem
3078 2696 3265 2751 noluit
3318 2697 3597 2766 perpetuo

1950 2802 2185 2841 manere
2206 2787 2233 2839 ?
2264 2786 2486 2850 Quibus
2518 2788 2989 2857 respondendum
3021 2790 3130 2850 est,
3154 2784 3292 2856 quia
3321 2800 3386 2839 eo
3409 2798 3596 2855 usque

1948 2875 2128 2929 voluit
2155 2874 2313 2929 illam
2347 2890 2583 2930 manere
2614 2876 3071 2931 benediciionem
3112 2875 3295 2929 donec
3324 2872 3596 2928 homines

1951 2963 2725 3036 multiplicarentur,quibus
2756 2964 3161 3037 multiplicatis
3189 2962 3374 3020 voluit
3404 2977 3596 3017 cessa-

1952 3070 2030 3118 re,
2071 3054 2240 3123 juxta
2300 3052 2440 3107 illud
2509 3053 2883 3109 Salomonis:
2944 3055 3169 3124 Tempus
3221 3050 3596 3122 amplexandi,

1952 3146 2229 3213 ettempus
2260 3143 2417 3212 longe
2454 3144 2576 3211 ﬁeri
2631 3143 2699 3197 ab
2753 3142 3097 3213 amplexibus
3141 3141 3334 3211 (Eccle.
3401 3156 3487 3202 III,
3519 3139 3595 3208 5).

186 3200 455 3302 abstinet,
488 3200 559 3285 eo
586 3227 868 3283 mundius
910 3200 1095 3282 Deum
1153 3200 1468 3299 deprecari,
1501 3233 1557 3283 et
1612 3228 1841 3283 facilius
1872 3200 1915 3267 α
1956 3231 2065 3285 Sed
2099 3200 2388 3285 solentilli
2421 3200 2477 3285 et
2524 3230 2645 3285 haec
2707 3200 2921 3285 iterum
2973 3200 3353 3300 respondere:
3408 3200 3596 3290 Quare

187 3322 254 3377 ad
279 3318 750 3376 misericordiam
784 3332 1095 3387 provocare
1132 3322 1321 3388 potest
1351 3335 1364 3384 ;
1400 3318 1553 3387 quod
1585 3322 1642 3372 et
1670 3318 1729 3372 in
1760 3317 1847 3371 lit-

185 3409 325 3465 teris
349 3407 578 3463 Veteris
604 3404 971 3461 Testamenti
1004 3407 1544 3460 monstratur.Nam
1576 3423 1710 3460 cum
1749 3407 1846 3459 de-

190 3494 509 3552 scensurus
531 3499 689 3550 esset
716 3494 1006 3549 Dominus
1029 3494 1089 3547 in
1122 3500 1381 3548 montem
1420 3494 1601 3562 Sinai,
1656 3500 1720 3549 ut
1766 3494 1847 3550 le-

191 3601 325 3657 gem
356 3585 544 3649 daret,
581 3586 798 3653 Moyses
841 3583 1028 3652 jussit
1074 3581 1224 3637 ﬁlios
1256 3582 1456 3648 Israel,
1521 3588 1585 3637 ut
1614 3600 1675 3638 se
1723 3584 1850 3639 abs-

193 3672 445 3727 tinerent
468 3676 525 3726 et
554 3670 1059 3726 sanctiﬁcarentur
1100 3670 1294 3740 (Exod.
1356 3687 1469 3739 xxx,
1508 3671 1621 3741 20).
1676 3671 1845 3726 Ahia-

195 3760 493 3832 thar(580)
514 3758 692 3815 etiam
745 3760 1039 3825 sacerdos,
1087 3776 1268 3829 panes
1315 3764 1549 3815 sanctos
1596 3760 1847 3815 daturus

194 3848 391 3918 David,
415 3854 473 3903 et
502 3848 707 3920 pueris
740 3848 889 3917 ejus,
955 3847 1336 3919 interrogavit
1390 3848 1437 3902 si
1495 3847 1697 3902 mundi
1757 3866 1846 3903 es-

192 3943 353 4004 sent;
387 3937 481 3992 cui
513 3952 867 4007 responsum
899 3941 1025 3991 est:
1056 3937 1325 4007 Equidem
1378 3939 1432 3993 si
1477 3936 1540 3991 de
1594 3936 1848 3992 mulieri-

192 4026 283 4080 bus
310 4029 494 4096 agitur
524 4027 577 4097 (1
608 4028 732 4093 Reg.
765 4042 879 4095 χχι,
910 4026 987 4095 5),
1020 4029 1128 4079 etc.
1178 4025 1282 4080 Ubi
1316 4026 1635 4081 notandum
1667 4042 1844 4097 quam

190 4113 546 4187 valcatjugis
595 4119 654 4169 et
695 4113 935 4169 assidua
993 4113 1368 4181 abstinentia,
1429 4116 1665 4185 quando
1716 4120 1842 4170 tan-

191 4206 312 4257 tum
342 4203 530 4260 valuit
570 4201 1035 4269 triduana.Quod
1070 4202 1247 4257 etiam
1269 4220 1303 4257 a
1333 4202 1510 4258 licitis
1554 4204 1844 4260 abstinen-

191 4291 327 4345 dum
357 4292 454 4358 sit,
491 4294 864 4347 monstratur
893 4290 951 4344 in
1014 4289 1321 4356 Nazarteis,
1379 4291 1480 4360 qui
1533 4292 1709 4347 etiam
1772 4294 1842 4348 ab

198 4380 320 4435 uvis
359 4381 556 4452 passis
592 4378 965 4435 abstinebant
996 4380 1178 4449 (Num.
1210 4396 1286 4444 v1,
1310 4379 1401 4449 4):
1437 4396 1572 4435 nam
1630 4398 1743 4451 quo
1784 4398 1844 4436 se

193 4467 426 4525 alicitis
447 4470 709 4541 quisque
732 4467 1003 4535 abstinet,
1046 4484 1114 4523 eo
1149 4484 1264 4538 quo
1320 4469 1527 4523 ardore
1584 4468 1844 4525 obtinere

1958 3322 2109 3373 Deus
2139 3334 2253 3371 non
2276 3333 2478 3373 omnes
2504 3316 2772 3372 homines
2801 3333 2870 3371 ex
2898 3321 3053 3371 terra
3083 3314 3395 3381 fecit,sicut
3409 3313 3595 3367 Adam

1957 3423 2093 3461 cum
2127 3422 2240 3459 non
2264 3406 2339 3460 sit
2368 3404 2615 3459 dubium
2650 3405 2789 3476 quia
2819 3404 3049 3476 potuit?
3079 3402 3301 3466 Quibus
3362 3417 3602 3473 respon-

1957 3494 2239 3559 dendum,
2266 3494 2404 3565 quia
2434 3510 2546 3547 non
2581 3497 2669 3547 est
2719 3492 3138 3549 attendendum
3189 3490 3327 3563 quid
3387 3489 3601 3563 potuit,

1958 3583 2056 3637 sed
2091 3583 2230 3653 quid
2265 3582 2415 3636 fecit.
2442 3583 2499 3637 Si
2539 3582 2762 3638 Veteris
2820 3580 3179 3636 Testamenti
3226 3578 3603 3635 consuetudi-

1958 3688 2092 3726 nem
2123 3687 2350 3726 servare
2378 3671 2823 3741 volunt,ducant
2854 3685 3063 3725 uxores
3094 3668 3265 3736 ﬁlias,
3300 3674 3365 3724 ut
3392 3668 3601 3737 Adam,

1957 3764 2277 3825 etsorores,
2312 3764 2379 3815 ut
2421 3760 2580 3815 Cain.
2642 3759 3019 3831 Accipiebant
3064 3763 3123 3814 et
3181 3757 3487 3831 pluriores,
3540 3762 3609 3813 ut

1955 3848 2297 3920 patriarchae
2329 3848 2535 3913 nostri,
2567 3864 2681 3903 non
2743 3864 2922 3903 causa
2953 3846 3239 3915 libidinis,
3273 3848 3373 3903 sed
3432 3862 3608 3918 gene-

1957 3937 2124 3992 randi
2154 3937 2327 3993 ﬁlios.
2370 3939 2479 3993 Sed
2534 3954 2708 4009 quam
2770 3937 2847 3992 sit
2892 3938 3001 3993 hoc
3063 3938 3407 4003 absurdum,
3459 3951 3605 4007 pene

1956 4026 2230 4081 omnibus
2262 4031 2436 4097 patet.
2486 4028 2557 4080 At
2593 4042 2727 4081 vero
2757 4026 2932 4080 datur
2988 4024 3233 4096 intelligi
3285 4025 3443 4097 quia,
3498 4024 3600 4093 qui

1952 4114 2238 4169 omniain
2287 4130 2551 4179 numero,
2607 4128 2879 4167 mensura
2936 4116 2993 4167 et
3037 4114 3291 4183 pondere
3320 4110 3599 4181 disponit,

1954 4202 2203 4273 singulis
2235 4200 2594 4272 temporibus
2619 4214 2875 4269 congrua
2891 4199 3178 4254 ordinavit
3200 4199 3320 4254 :illo
3340 4202 3604 4268 tempore

1954 4290 2208 4345 ﬁliorum
2240 4290 2903 4366 propagationem,nunc
2928 4288 3228 4359 vero,quia
3258 4286 3389 4358 plus
3449 4285 3601 4339 mul-

1953 4379 2295 4451 tiplicantur
2353 4378 2641 4443 homines,
2677 4391 2853 4447 quam
2897 4379 3180 4447 oporteat,
3234 4373 3601 4430 continentiae

1952 4469 2193 4523 bonum.
2250 4467 2437 4537 Hujus
2496 4465 2607 4520 loci
2662 4481 2895 4531 sensus,
2949 4481 3064 4535 quo
3123 4464 3205 4519 ait
3256 4461 3604 4536 Apostolus:

193 4556 323 4613 velit
350 4559 507 4629 quod
534 4556 729 4630 poscit
777 4557 1051 4612 ostendit.
1106 4560 1343 4611 Peracto
1402 4561 1665 4628 tempore
1720 4575 1849 4613 ora-
1878 4560 1927 4624 Ι)
1962 4560 2172 4613 Bonum
2199 4561 2279 4612 est
2310 4556 2520 4612 homini
2533 4555 2825 4609 mulierem
2858 4571 2970 4610 non
2999 4562 3252 4627 tangere,
3290 4567 3474 4625 usque
3504 4552 3605 4608 ubi

196 4645 598 4716 tionis,monet
630 4645 835 4701 reverti
882 4646 955 4700 ad
1014 4650 1248 4716 tempus
1301 4645 1668 4714 concubitus,
1716 4663 1847 4701 cum

198 4733 378 4789 dicit:
415 4737 627 4791 licium
657 4734 1005 4789 revertimini
1059 4736 1119 4789 in
1168 4734 1433 4801 idipsum.
1492 4735 1725 4798 Quare?
1775 4737 1852 4791 Ne

196 4827 358 4879 tentet
397 4840 510 4891 vos,
547 4822 764 4894 inquit,
818 4822 1077 4889 Satanas,
1139 4826 1247 4878 etc.
1309 4824 1553 4879 Satanas
1611 4823 1847 4895 quippe,

194 4908 247 4964 id
279 4912 693 4978 est,diabolus,
726 4911 987 4982 quotidie
1037 4912 1250 4982 quaerit
1308 4912 1671 4967 occasionem
1721 4917 1846 4967 ten-

194 5001 443 5067 tandi,ut
483 4999 795 5072 apostolus
851 5000 1075 5065 Petrus,
1132 5002 1275 5055 sicut
1323 5002 1404 5055 leo
1456 5004 1700 5069 rugiens,
1754 5001 1849 5055 in-

195 5087 335 5156 quit,
357 5091 564 5145 circuit
622 5090 670 5159 (ι
728 5090 873 5145 Petr.
936 5107 991 5155 v,
1049 5092 1126 5159 8),
1186 5094 1295 5145 etc.
1345 5091 1453 5145 Sed
1508 5094 1648 5144 tunc
1702 5108 1843 5161 pra:-

196 5175 391 5232 sertim
413 5178 645 5234 invenit
670 5177 997 5248 decipiendi
1048 5179 1433 5247 occasionem,
1492 5195 1624 5233 cum
1668 5178 1846 5235 altero

199 5261 606 5333 nolente,aiter
633 5264 758 5322 vult
788 5283 1017 5323 servare
1034 5268 1452 5323 continentiam
1476 5288 1496 5335 ;
1524 5266 1662 5337 quia
1708 5272 1847 5324 tunc

265 5439 412 5513 (57$)
434 5440 612 5513 Vulg.
642 5443 1081 5512 fornicationem.
1117 5446 1337 5502 Textus
1395 5448 1589 5500 autem
1649 5452 1849 5503 noster

199 5511 894 5588 eumﬁraaco'cOnsentit,
929 5531 1027 5585 qui
1058 5521 1114 5573 et
1162 5518 1378 5575 habet:
1425 5519 1842 5588 fornicationes.

270 5581 413 5665 (57,9)
446 5584 515 5638 In
544 5590 741 5665 autog.
802 5586 899 5641 has
946 5581 1126 5646 solum
1172 5599 1352 5647 secuto
1381 5605 1393 5644 :
1425 5581 1597 5661 'quod
1655 5606 1848 5645 emen-

204 5648 459 5709 dandum
478 5648 722 5710 censui.-
1458 5648 1475 5661 ³
1510 5690 1513 5693 ν

1959 4646 2040 4702 ait
2071 4648 2185 4701 :Ne
2212 4649 2378 4701 tentet
2403 4661 2491 4700 vos
2531 4644 2783 4711 Satanas,
2820 4647 2953 4707 etc.,
3009 4642 3066 4697 in
3122 4642 3345 4698 Veteris
3402 4645 3602 4697 Testa-

1959 4736 2138 4791 menti
2170 4734 2378 4790 litteris
2407 4734 2701 4789 invenitur
2734 4751 2747 4801 ;
2778 4731 3046 4788 videlicet
3068 4732 3166 4787 ubi
3197 4732 3429 4805 legitur,
3464 4732 3605 4804 quia

1960 4825 2125 4891 Loth,
2159 4826 2296 4879 dum
2332 4824 2631 4879 ardentem
2662 4823 2973 4878 Sodomam
3003 4823 3230 4894 fugeret
3271 4822 3369 4877 Dei
3423 4822 3600 4892 jussu

1958 4914 2382 4981 admonitus,in
2414 4918 2691 4968 montana
2709 4916 2927 4983 peteret
2964 4912 3114 4979 (Gen.
3165 4928 3279 4979 xxx,
3312 4911 3423 4983 30).
3455 4911 3604 4976 Quid

1957 5007 2048 5081 est
2074 5019 2208 5074 ergo
2242 5003 2387 5057 Loth
2418 5003 2717 5057 ardentem
2750 5002 3063 5057 Sodomam
3095 5001 3312 5074 fugere,
3346 5000 3462 5056 nisi
3494 4998 3603 5054 ali-

1957 5109 2133 5164 quem
2156 5109 2274 5147 suae
2304 5090 2495 5145 carnis
2537 5091 2823 5145 incentiva
2880 5108 2947 5146 ac
3007 5091 3297 5146 desideria
3350 5088 3604 5144 declina-

1958 5180 2059 5236 re?
2084 5179 2341 5235 Altitudo
2372 5194 2628 5248 namque
2663 5178 2951 5234 montium
3010 5180 3282 5234 meritum
3333 5176 3605 5247 designat

1956 5264 2510 5326 continentium.llle
2542 5266 2855 5336 quidemin
2889 5270 3149 5322 montem
3180 5264 3467 5331 consistit,
3501 5264 3603 5336 qui

2027 5445 2174 5515 (580)
2206 5442 2487 5515 Abiathar,
2535 5441 2634 5511 qui
2694 5446 2751 5515 et
2781 5441 3190 5515 _Achimelech.
3216 5442 3374 5499 ﬁlius
3430 5442 3604 5515 Achi-

1954 5511 2355 5644 tqb,et'Achias
2386 5512 2585 5581 frater,
2629 5511 2723 5567 cui
2777 5513 2835 5567 in
2896 5513 3233 5585 pontiﬁcatu
3296 5513 3605 5579 successit,

1956 5607 1986 5644 e
2016 5605 2067 5643 c.

1956 5605 2043 5645 CEC
2055 5630 2067 5642 .
