3996 6232
405 360 526 421 355
1422 355 1758 417 AT'l‘ONlS
1808 355 2395 418 VERCELLENSIS
2445 353 2791 414 EPISCOPI
3698 357 3844 416 356

410 491 709 555 Quomodo
740 492 858 546 fore
890 504 1037 561 queo
1069 505 1271 544 servus
1329 489 1580 555 Domini,
1616 507 1749 544 cum
1799 489 1908 544 sim
1942 489 2050 543 bo-
2079 493 2134 556 Α
2168 487 2336 552 tium,
2369 486 2425 540 id
2453 492 2558 554 est,
2597 502 2831 540 uxorem
2860 504 2871 540 :
2906 487 2964 540 in
3000 486 3277 556 prmputio
3299 486 3512 558 aliquis
3541 492 3836 544 vocatus:

411 579 589 634 minis
617 579 644 634 ?
675 578 805 633 Ideo
835 579 1011 634 verba
1069 576 1483 632 consolationis
1533 595 1599 633 ac
1638 577 2053 633 sublevationis
2166 576 2220 630 id
2254 583 2360 638 est,
2395 591 2532 629 cum
2567 592 2762 639 uxore,
2790 591 2903 629 non
2936 576 3189 630 adducat
3218 575 3840 642 circumcisionem,id

411 665 1071 736 adhibuit,subjungens
1099 681 1110 716 :
1137 665 1400 731 Quienim
1424 667 1482 720 in
1505 667 1964 720 Dominovocatus
1979 673 2054 719 est
2161 671 2272 730 est,
2310 681 2421 718 non
2459 665 2717 718 dimittat
2747 681 2981 718 nxorem
3005 682 3017 720 :
3045 665 3197 718 unde
3219 682 3398 736 supra
3421 681 3433 717 :
3455 666 3515 719 Si
3544 667 3668 736 quis
3697 669 3839 736 fra-

407 771 613 818 servus,
644 759 752 809 etc.
793 753 1048 808 Servitus
1104 753 1320 808 etenim
1381 760 1770 824 peccatorum,
1805 753 2055 808 deterior
2165 757 2270 817 ter,
2302 759 2436 818 etc.,
2461 752 2569 806 hoc
2599 752 2772 806 etiam
2806 752 3053 807 voluerit
3103 753 3347 824 intelligi
3407 755 3516 809 sub
3578 757 3838 811 nomine

407 843 682 900 servitute
715 843 981 898 humans:
1011 841 1543 896 conditionis.Nam
1570 850 1806 913 peccata
1836 843 2054 896 faciunt

409 930 1167 1003 servum,quemadmodum
1189 931 1366 984 Cham
1400 930 1708 1001 iniquitate
1740 932 1926 985 factus
1967 936 2055 984 est

409 1038 612 1076 servus
637 1039 649 1074 :
671 1024 1022 1091 quapropter
1041 1018 1304 1074 dimissis
1321 1020 1862 1090 peccatis,redditur
1879 1019 2052 1074 homo

403 1108 570 1164 liber.
592 1107 807 1162 Aliter:
833 1107 944 1162 iste
965 1107 1140 1162 etiam
1166 1107 1265 1178 qui
1288 1108 1523 1163 domino
1545 1109 1762 1163 carnali
1781 1107 2050 1174 deservit,

401 1197 542 1267 quia
563 1213 683 1252 rem
715 1197 1063 1268 prudentem
1098 1195 1237 1267 agit,
1275 1196 1383 1251 hoc
1416 1196 1903 1263 est,ianristum
1929 1210 2050 1250 ere-

402 1285 662 1351 dit,liber
685 1284 966 1340 redditur.
996 1284 1158 1339 Unde
1190 1285 1464 1354 antiquos
1498 1302 1609 1339 non
1643 1285 1830 1355 piguit
1850 1299 2052 1338 omnes

401 1374 694 1445 sapientes
750 1373 871 1427 fore
900 1371 1116 1428 liberos
1148 1373 1408 1427 definire.
1442 1373 1589 1427 Hinc
1637 1379 1694 1427 et
1738 1372 2008 1427 Salomon
2038 1388 2050 1425 :

2163 840 2310 895 servi
2344 857 2409 894 ac
2439 839 2624 893 liberi.
2660 840 2755 893 Ait
2785 841 2936 894 enim
2969 858 2980 894 :
3018 841 3214 895 Servus
3244 846 3464 896 vocatus
3489 859 3543 897 es
3563 861 3586 907 ,·
3607 843 3662 897 id
3703 849 3837 910 est,

2162 945 2296 983 cum
2321 945 2534 983 uxore:
2570 945 2678 983 non
2707 931 2775 983 sit
2803 931 2906 983 tibi
2935 947 3113 992 cura’:
3152 931 3207 984 id
3242 936 3349 995 est,
3387 948 3501 986 non
3544 932 3832 988 dimittas

2162 1033 2290 1071 eam
2324 1035 2336 1082 ;
2373 1019 2511 1087 quia
2541 1034 2656 1072 non
2687 1024 2742 1072 te
2775 1019 3037 1088 impedit.
3072 1019 3173 1072 Sed
3204 1022 3253 1073 si
3303 1028 3452 1090 potes
3495 1022 3623 1089 fieri
3653 1023 3828 1084 liber.

2159 1109 2337 1174 magis
2368 1116 2536 1161 utere.
2571 1108 2673 1161 llis
2705 1123 2934 1177 quoque
2965 1109 3152 1162 verbis
3183 1109 3437 1162 ostendit
3481 1110 3672 1182 magis
3707 1111 3830 1166 sibi

2163 1194 2392 1265 placere
2421 1197 2802 1262 continentes,
2838 1213 3013 1268 quam
3042 1197 3385 1268 conjugatos
3414 1215 3425 1252 :
3471 1200 3647 1254 etiam
3702 1217 3828 1271 quo

2163 1300 2271 1337 sua
2294 1284 2495 1338 tendat
2525 1284 2787 1349 intentio,
2821 1301 3059 1339 causam
3097 1302 3324 1356 nempe,
3360 1288 3428 1342 de
3487 1305 3604 1359 qua
3654 1288 3822 1344 locu-

2162 1376 2331 1426 turus
2361 1378 2484 1427 erat
2513 1374 2758 1439 diutius,
2789 1374 2956 1428 solito
2991 1391 3147 1428 more
3191 1375 3566 1446 prtelibando,
3600 1378 3826 1450 tetigit.

405 1462 572 1517 Servo
599 1463 842 1533 sapienti
871 1461 1036 1515 liberi
1063 1463 1306 1517 serviant
1339 1461 1522 1530 (Prov.
1555 1479 1694 1525 xvn,
1717 1462 1792 1526 2).
1819 1461 1886 1514 Et
1917 1460 2054 1530 quia

404 1550 476 1605 de
517 1550 748 1605 duabus
777 1549 1042 1620 personis
1072 1549 1438 1620 loquebatur,
1471 1555 1709 1604 secutus
1750 1550 2048 1618 adjunxit;

407 1639 687 1694 Similiter
713 1643 765 1692 et
793 1639 891 1709 qui
913 1638 1052 1691 liber
1079 1641 1294 1693 vocatus
1345 1641 1441 1704 est,
1501 1643 1611 1693 etc.
1659 1638 1838 1692 Noxia
1879 1642 1969 1692 est
1997 1642 2055 1691 et

405 1743 609 1781 amara
637 1725 1412 1796 quidemlibertas,alienum
1444 1743 1571 1782 esse
1597 1743 1629 1780 a
1649 1727 1835 1798 gratia
1861 1751 1874 1786 ξ
1899 1726 2051 1780 unde

405 1815 800 1870 alibi:Liberi
823 1815 1012 1885 fuistis
1056 1815 1294 1885 justiliee
1345 1817 1523 1883 (Rom.
1587 1832 1662 1884 v1,
1721 1817 1831 1884 20).
1865 1818 2050 1868 Homo

405 1858 1009 1885 .,,...,,....νν,,,......-
1056 1858 1288 1885 Jun"...
1347 1858 1523 1883 ww...
1598 1858 1662 1884 ..,
1721 1858 1831 1884 ην).
1865 1858 2048 1868 ..νων

403 1904 725 1974 enim,quia
744 1903 1237 1958 hanclibertatem
1261 1905 1489 1959 noxiam
1519 1910 1573 1959 et
1595 1920 1855 1958 amaram
1878 1902 2046 1957 intel-
2079 1858 2127 1923 Β

403 1991 560 2061 lexit,
585 1993 656 2047 ad
682 1991 1035 2048 laudabilem
1059 1991 1272 2046 Christi
1298 1992 1637 2048 servitutem
1665 1991 2046 2057 transivit,di-

397 2081 615 2136 centis:
639 2079 846 2136 Tollite
865 2082 1065 2151 jugum
1086 2098 1272 2136 meum
1295 2098 1458 2152 super
1479 2083 1727 2151 vos,quia
1756 2096 1921 2135 suave
1948 2089 2046 2144 est,

397 2174 450 2224 et
476 2185 617 2225 onus
643 2185 823 2224 meum
853 2171 966 2226 leve
999 2169 1206 2239 (Matth.
1229 2187 1305 2235 χι,
1332 2171 1443 2238 29).
1469 2170 1906 2225 Atteuicndum
1939 2173 2048 2234 est,

399 2264 595 2314 autem
628 2258 765 2330 quid
798 2259 975 2313 verba
1004 2257 1322 2329 apostolica
1354 2259 1588 2324 faciant,
1622 2275 1820 2330 quasve
1851 2258 1930 2313 sit
1959 2257 2046 2311 in-

398 2348 580 2403 tentio
611 2347 776 2416 ejus:
813 2347 1098 2402 unitatem
1129 2346 1398 2402 videlicet
1427 2347 1611 2402 facere
1643 2353 1818 2417 atque
1851 2363 2047 2400 mons-

397 2441 553 2489 trare
576 2459 591 2499 ς
612 2433 778 2505 quasi
799 2434 956 2488 dicat
978 2451 989 2487 :
1011 2433 1054 2488 Ο
1087 2435 1451 2501 domini,non
1481 2453 1581 2490 vos
1615 2451 1792 2506 super
1837 2452 1938 2490 vos
1961 2453 2050 2489 ex-

398 2521 752 2587 tollatis,nec
783 2526 1023 2589 vosmet,
1057 2539 1089 2576 o
1110 2525 1281 2587 servi,
1314 2523 1622 2594 dejiciatis,
1646 2525 1776 2594 quia
1805 2526 1905 2593 qui
1935 2540 2048 2578 ser-

394 2627 492 2666 vus
521 2619 600 2666 est
634 2612 693 2664 in
725 2611 951 2666 Domino
1010 2620 1247 2677 vocatus,
1309 2612 1541 2667 libertus
1595 2617 1672 2668 est
1714 2614 1974 2676 Domini;
2001 2619 2051 2666 et

399 2701 499 2771 qui
527 2699 684 2768 liber,
715 2715 900 2755 servus
929 2705 1008 2754 est
1035 2700 1267 2757 Christi.
1298 2699 1459 2755 Unde
1497 2705 1554 2756 et
1582 2717 1715 2756 mox
1747 2701 2045 2769 adjunxit:

398 2789 582 2844 Pretio
613 2789 785 2860 empti
815 2790 984 2852 estis,-
1016 2786 1185 2859 quasi
1237 2787 1480 2842 diceret:
1525 2789 1648 2843 Non
1679 2789 1919 2858 dispari,
1947 2788 2046 2843 sed

401 2893 557 2942 uno;
590 2881 648 2930 et
678 2875 805 2931 ideo
859 2892 973 2930 non
1020 2875 1401 2943 extollamini,
1435 2893 1620 2947 neque
1669 2876 2044 2946 dejiciamini,

404 2981 436 3036 q
449 2963 544 3018 uia
575 2964 782 3019 fratres
813 2964 975 3020 estis.

471 3053 781 3125 Sequitur:
815 3055 997 3110 Nolite
1023 3055 1151 3124 ﬁeri
1175 3055 1323 3108 servi
1353 3053 1654 3109 hominum.
1706 3054 1851 3108 Sane
1895 3070 2046 3124 quee-

397 3143 640 3196 rendum
667 3158 1007 3214 quare,cum
1031 3142 1305 3214 superius
1327 3141 1596 3197 hortatus
1619 3142 1694 3197 sit
1715 3159 1909 3196 servos
1931 3159 2049 3196 car-

2233 1462 2544 1532 Sequitur:
2577 1463 2678 1528 Qui
2704 1465 2856 1517 enim
2890 1465 2945 1516 in
2981 1465 3211 1518 Domino
3239 1481 3426 1519 servus
3463 1471 3685 1520 vocatus
3714 1476 3823 1538 est,

2164 1549 2391 1605 libertus
2421 1554 2496 1604 est
2528 1551 2767 1605 Domini.
2804 1552 3070 1607 Libertus
3100 1553 3332 1620 dicitur,
3368 1555 3466 1623 qui
3503 1555 3718 1626 partim
3751 1556 3823 1609 li-

2162 1639 2286 1705 ber,
2313 1640 2645 1710 partimiest
2666 1656 2885 1695 servus.
2914 1642 3060 1712 Ergo
3083 1642 3226 1696 bene
3263 1643 3616 1714 conjugatus
3638 1643 3818 1699 liber-

2157 1733 2256 1781 tus
2283 1727 2662 1798 dicitur,quia
2693 1746 2894 1784 servus
2923 1737 3104 1794 est,eo
3133 1732 3287 1801 quod
3331 1747 3444 1786 non
3477 1731 3692 1788 habeat
3714 1750 3818 1804 po-

2159 1820 2427 1871 testatem
2461 1818 2550 1870 sui
2584 1817 2872 1888 corporis;
2911 1817 3056 1872 liber
3105 1823 3318 1888 autem,
3353 1825 3589 1891 propter
3634 1836 3817 1892 opera

2158 1905 2414 1975 pietatis,
2435 1910 2490 1958 et
2521 1911 2858 1960 czeterarum
2891 1907 3174 1961 virtutum
3199 1925 3211 1962 :
3238 1923 3460 1974 servus,
3495 1907 3632 1978 quia
3652 1909 3820 1964 debi-

2160 1997 2281 2046 tum
2319 1993 2504 2047 reddit
2540 1995 2698 2048 uxori
2731 2020 2743 2060 ;
2779 1994 2925 2048 liber
2981 1996 3274 2065 equidem,
3326 1996 3463 2066 quia
3503 2001 3558 2051 et
3587 1997 3816 2051 collum

2161 2081 2373 2136 mentis
2395 2083 2585 2152 ajugo
2609 2082 2877 2137 vitiorum
2901 2084 3177 2152 excussit,
3212 2090 3270 2138 et
3296 2085 3351 2138 in
3373 2085 3650 2139 virtutum
3674 2100 3814 2156 gra-

2157 2171 2316 2224 ditur
2345 2169 2629 2226 libertate.
2657 2171 2967 2242 Sequitur:
3009 2173 3111 2239 Qui
3143 2173 3282 2227 tiber
3311 2177 3531 2228 vocatus
3569 2178 3669 2240 est,
3702 2174 3817 2230 hoc

2157 2268 2264 2325 est,
2300 2260 2426 2313 sine
2458 2276 2634 2314 uxore
2661 2278 2673 2325 ;
2709 2261 2845 2330 quia
2876 2259 3100 2316 Christo
3132 2261 3430 2327 subditur,
3483 2277 3688 2317 servus
3720 2269 3814 2318 est

2157 2347 2304 2416 ejus.
2332 2347 2459 2402 Haec
2483 2365 2735 2419 namque
2766 2349 3012 2404 servitus
3046 2349 3294 2404 nobilior
3315 2355 3403 2405 est
3423 2351 3584 2405 omni
3633 2351 3810 2407 liber-

2156 2437 2531 2508 tate.Repetit
2551 2443 2607 2491 et
2636 2438 2804 2492 tertio
2837 2438 2988 2508 quod
3013 2456 3192 2509 supra
3215 2439 3437 2494 dixerat
3461 2453 3476 2494 :
3511 2442 3812 2513 Unusquis-

2157 2541 2258 2594 que
2286 2527 2343 2578 in
2375 2541 2476 2595 quo
2510 2531 2728 2580 vocatus
2784 2531 2883 2590 est,
2943 2530 3163 2597 fratres,
3220 2529 3278 2582 in
3336 2528 3432 2583 hoc
3485 2539 3812 2599 permaneat

2155 2614 2305 2685 apud
2348 2619 2542 2670 Deum.

2229 2705 2375 2773 (590)
2408 2705 2723 2774 Sequitur:
2759 2705 2835 2758 De
2867 2705 3179 2774 virginibus
3207 2715 3545 2776 preceptum
3581 2711 3812 2764 Domini

2156 2809 2266 2846 non
2299 2792 2996 2857 habe0,etc.Prohibuerat
3016 2794 3286 2863 superius
3308 2793 3530 2849 malum
3557 2795 3814 2852 fornica-

2157 2879 2579 2935 tionis.Deinde
2605 2881 2833 2935 locutus
2857 2882 2927 2935 de
2958 2881 3490 2953 conjugatis,atque
3515 2885 3819 2941 continen-

2156 2969 2334 3036 tibus,
2371 2973 2500 3040 post
2530 2969 2649 3023 ιιωο
2679 2969 2943 3034 inseruit,
2976 2970 3045 3023 de
3095 2971 3440 3027 circumciso
3487 2978 3547 3028 et
3580 2992 3817 3046 praepu-

2157 3057 2317 3111 tiato.
2353 3058 2432 3113 De
2462 3075 2646 3123 servo,
2683 3075 2747 3112 ac
2780 3058 2984 3128 libero,
3019 3060 3341 3114 secundum
3376 3063 3695 3132 quosdam,
3734 3064 3816 3120 al-

2157 3151 2279 3199 tera
2312 3145 2557 3201 intentio
2589 3146 2908 3215 ejus.Nunc
2941 3146 3352 3218 veroloquitur
3371 3150 3442 3204 de
3463 3149 3814 3222 virginibus,

395 3229 626 3285 nalibus
676 3231 934 3286 dominis
991 3233 1228 3297 servire,
1291 3248 1444 3286 nunc
1477 3231 1664 3286 dicat:
1699 3232 1874 3285 Nolite
1920 3231 2047 3298 fieri
2075 3220 2118 3286 C
2157 3234 2227 3288 de
2260 3235 2475 3305 quibus
2497 3235 2670 3289 etiam
2709 3236 2894 3290 fuerat
2934 3235 3346 3308 interrogatus.
3401 3220 3581 3293 Unde
3612 3257 3814 3312 supra,

391 3320 552 3374 servi.
592 3320 717 3376 Non
748 3324 854 3390 est,
889 3320 1153 3392 inquam,
1176 3320 1554 3386 contrarium,
1581 3320 1716 3391 quia
1738 3319 1896 3374 illam
1918 3325 2044 3374 tao-

393 3409 474 3481 git
507 3409 856 3464 sententiam
889 3425 1006 3480 qua
1037 3408 1209 3480 longe
1241 3410 1512 3479 superius
1542 3409 1914 3480 reprehendit
1948 3426 2046 3464 eos

397 3513 578 3568 quare
609 3497 834 3569 decepti
861 3497 956 3552 alii
985 3497 1362 3563 Petriani,alii
1391 3497 1650 3552 Pauliani
1675 3497 2042 3552 dicebantur:

399 3588 490 3641 Sic
517 3587 668 3641 enim
723 3586 856 3640 dicit
909 3587 1100 3640 alius:
1155 3601 1249 3656 ego
1304 3586 1522 3655 quidem
1579 3587 1766 3649 Pauli,
1800 3591 1906 3640 etc.
1945 3590 2047 3651 ;et

399 3672 574 3743 paulo
604 3678 772 3743 post:
807 3673 1072 3743 Nunquid
1129 3675 1365 3729 Paulum
1414 3691 1514 3745 pro
1571 3676 1718 3729 vobis
1747 3674 2045 3746 cruci/imis

395 3763 518 3816 est?
547 3765 604 3815 et
633 3760 761 3816 ideo
791 3761 966 3815 dicit:
989 3759 1176 3816 Nolite
1199 3761 1331 3830 ﬁeri
1355 3765 1499 3817 servi
1527 3763 1852 3818 hominum:
1897 3763 2045 3818 servi

395 3864 652 3920 namque
681 3848 988 3903 hominum
1019 3849 1316 3919 dicuntur,
1337 3849 1434 3921 qui
1466 3849 1739 3906 humanis
1762 3851 2044 3922 supersti-

391 3935 652 3992 tionibus
686 3937 1009 4008 subjacent,
1040 3953 1142 3992 ceu
1175 3937 1455 3994 Corinthii
1482 3957 1494 3993 :
1519 3941 1682 3994 nolite
1709 3941 1833 4008 ﬁeri
1859 3939 2048 4003 servi;

393 4025 564 4096 quasi
595 4024 848 4081 diceret:
909 4026 1032 4082 Non
1093 4043 1196 4082 vos
1254 4027 1491 4097 Paulus,
1536 4045 1648 4082 non
1684 4028 1908 4096 Petrus,
1942 4028 2041 4081 sed

400 4114 688 4180 Christus,
724 4115 821 4187 qui
847 4116 1004 4171 dives
1049 4120 1138 4172 est
1158 4117 1694 4188 omnium(Rom.x,
1725 4119 1789 4170 12
1816 4133 1827 4183 ;
1850 4117 2042 4187 Ephes.

395 4205 553 4275 11,4),
575 4205 860 4260 redemit:
894 4211 950 4260 et
984 4204 1112 4260 ideo
1154 4223 1270 4260 non
1302 4206 1566 4273 diversis,
1587 4207 1684 4259 sed
1713 4223 1828 4258 uno
1861 4204 2044 4275 pretio

397 4293 887 4366 redempti,nolite
910 4311 1059 4362 esse,
1079 4295 1191 4350 nisi
1227 4295 1432 4349 unius:
1457 4295 1582 4365 ipse
1604 4310 1812 4365 nempe
1837 4310 2046 4365 magno

394 4383 578 4454 pretio
607 4401 708 4439 vos
740 4385 1007 4454 redemit,
1063 4390 1120 4440 et
1151 4383 1264 4438 tale
1321 4399 1425 4454 pro
1471 4382 1636 4436 vobis
1665 4382 1842 4450 dedit,
1877 4383 2048 4452 quale

393 4471 540 4526 alter
569 4473 705 4528 dare
736 4491 849 4529 non
884 4474 1108 4546 potuit;
1144 4472 1303 4544 quia,
1336 4471 1444 4525 etsi
1495 4469 1642 4524 alter
1698 4469 2044 4540 sanguinem

2156 3323 2222 3376 de
2249 3324 2443 3394 quibus
2475 3324 2683 3393 inquit,
2715 3325 3032 3392 scripsistis,
3065 3329 3174 3378 etc.
3203 3325 3362 3379 Unde
3386 3336 3441 3381 et
3467 3327 3527 3380 in
3554 3327 3664 3384 hoc
3687 3328 3813 3385 loco

2159 3412 2632 3466 subaudiendum
2668 3418 2756 3466 est
2781 3429 2793 3467 :
2819 3413 2890 3467 De
2915 3414 3239 3484 virginibus,
3263 3415 3333 3468 de
3357 3415 3574 3486 quibus
3597 3417 3816 3489 scripto

2159 3501 2585 3571 interrogastis,
2614 3511 2947 3571 praeccptum
3006 3502 3227 3556 Domini
3281 3518 3394 3557 non
3445 3503 3656 3570 habeo;
3683 3523 3813 3562 con-

2154 3591 2344 3644 silium
2373 3598 2555 3644 autem
2585 3590 2668 3645 do.
2692 3589 2937 3646 Pulchre
2967 3590 3257 3660 siquidem
3281 3591 3419 3645 dicit
3449 3601 3810 3666 praeceptum

2156 3677 2382 3733 Domini
2409 3695 2523 3732 non
2548 3677 2795 3742 habere;
2815 3679 2954 3750 quia
3001 3679 3124 3750 ipse
3158 3680 3443 3735 Dominus
3459 3687 3664 3738 auctor
3685 3690 3809 3740 erat

2154 3767 2429 3839 conjugii,
2455 3773 2511 3822 et
2539 3767 2667 3822 ideo
2700 3784 2812 3822 non
2847 3773 2970 3822 erat
3000 3784 3383 3839 consequens,
3406 3777 3470 3825 ut
3507 3774 3808 3830 contraria

2145 3855 2400 3926 juberet.
2420 3855 2520 3909 Ubi
2548 3855 2967 3910 attendendum
2991 3863 3079 3910 est
3101 3857 3237 3928 quid
3274 3857 3449 3912 distet
3479 3858 3633 3913 inter
3664 3877 3807 3932 prae-

2155 3947 2385 4012 ceptum
2418 3948 2473 3997 et
2503 3943 2835 3997 consilium.
2873 3945 3035 4007 Quod
3107 3944 3260 3998 enim
3295 3952 3654 4017 praeceptum
3694 3955 3806 4018 est,

2154 4032 2376 4102 absque
2407 4031 2869 4102 transgressione
2901 4033 3197 4102 corrumpi
3238 4050 3351 4087 non
3385 4038 3614 4104 potest;
3649 4039 3801 4108 quod

2154 4135 2287 4174 vero
2321 4117 2630 4173 consilium
2663 4125 2772 4183 est,
2807 4120 2854 4174 si
2911 4119 3178 4187 violetur,
3211 4125 3313 4176 aut
3370 4129 3800 4196 corrumpatur,

2156 4206 2318 4262 nulla
2348 4212 2436 4262 est
2466 4208 2874 4279 transgressio.
2908 4208 3063 4262 Dixit
3093 4226 3154 4264 se
3179 4226 3411 4280 quoque
3441 4213 3581 4267 dare
3613 4215 3801 4268 consi-

2152 4295 2319 4349 lium.
2357 4297 2422 4350 Et
2452 4296 2701 4368 qualiter
2731 4297 3019 4351 ostendit:
3054 4299 3322 4368 Tanquam
3356 4301 3800 4358 misericordiam

2155 4390 2484 4448 consecutus,
2521 4390 2630 4439 etc.
2692 4385 2803 4441 Iste
2863 4385 3083 4441 scilicet
3131 4387 3400 4458 egregius
3435 4390 3798 4458 prmdicator,

2157 4473 2344 4528 ﬁdelis
2374 4473 2433 4527 in
2463 4475 2657 4540 verbo,
2707 4479 2764 4528 et
2821 4463 3083 4539 scientia,
3148 4476 3249 4529 dat
3298 4476 3662 4546 consilium;
3702 4481 3798 4536 sed

391 4560 633 4617 fundere
663 4563 870 4634 potuit,
896 4581 1007 4618 non
1043 4567 1238 4616 tamen
1272 4559 1494 4629 absque
1526 4561 1762 4628 peccato
1822 4557 1962 4621 fuit;
1989 4564 2043 4613 et
2077 4583 2120 4647 ι)
2157 4562 2651 4634 quemadmodum
2677 4563 3135 4618 misericordiam
3154 4569 3504 4621 consecutus
3528 4572 3620 4622 est
3640 4585 3673 4624 a
3694 4567 3801 4624 Do-

392 4647 520 4704 ideo
533 4657 769 4721 peccata
789 4652 1019 4708 abolere
1042 4667 1157 4705 non
1179 4647 1386 4720 potuit.
1410 4646 1554 4717 Ergo
1586 4645 1634 4699 si
1657 4645 1830 4699 homo
1847 4646 1918 4699 ab
1937 4646 2038 4700 ali-

393 4754 508 4808 quo
539 4740 896 4812 redemptus,
928 4741 1117 4794 eidem
1152 4735 1366 4791 servire
1397 4734 1610 4801 studet,
1631 4738 1694 4786 ut
1725 4735 2040 4804 quamdam

395 4829 998 4899 recompensationem
1059 4824 1302 4885 reddat;
1363 4825 1582 4890 quanto
1641 4822 1828 4893 magis
1881 4840 2044 4880 vosa

392 4915 508 4971 Deo
539 4918 846 4988 redempti,
881 4915 1072 4970 eidem
1109 4915 1458 4982 perpetuum
1492 4914 1718 4978 oportet
1775 4911 2042 4969 exhibere

391 5005 1030 5060 servitium.Sciendum
1054 5000 1192 5070 quia
1208 4996 1471 5050 nonnulli
1495 4997 1644 5052 hanc
1662 5000 2038 5070 apostolicam

389 5093 766 5155 sententiam,
797 5107 916 5161 qua
942 5089 1050 5142 ait:
1097 5087 1464 5141 Circumcisus
1496 5091 1707 5141 vocatus
1737 5106 1845 5144 non
1873 5090 2041 5145 addu-

386 5190 471 5236 cat
493 5180 854 5252 praeputium,
885 5182 1020 5241 etc.,
1045 5191 1148 5245 per
1179 5175 1580 5246 metaphoram
1611 5177 2037 5250 intellexerunt,

390 5270 652 5323 dicentes
669 5282 801 5321 eum
830 5264 1158 5336 appellasse
1177 5264 1585 5320 circumcisum
1609 5265 2038 5338 caelibem,prae-

392 5355 689 5427 putiatum
723 5354 1140 5425 conjugatum;
1172 5357 1235 5407 ut
1263 5353 1337 5408 sit
1367 5371 1614 5409 sensus:
1649 5355 2039 5412 Circumcisus

390 5445 632 5498 vocatus
658 5459 673 5509 ;
705 5441 814 5496 hoc
845 5446 952 5509 est,
985 5443 1112 5498 sine
1141 5459 1336 5510 uxore,
1379 5459 1494 5498 non
1526 5444 1778 5499 adducat
1809 5461 2039 5516 praepu-

462 5656 610 5735 (590)
641 5656 705 5716 In
734 5662 930 5734 autog.
962 5673 1150 5736 marg.
1178 5657 1273 5716 hic
1303 5656 1518 5732 legitur
1546 5675 1672 5734 cap.
1700 5659 1964 5720 XXXVII.

2156 4651 2336 4715 mino,
2363 4651 2497 4720 quia
2555 4650 2812 4705 ﬁdelium
2871 4669 3169 4707 servorum
3215 4654 3362 4724 (591)
3397 4671 3514 4709 non
3546 4655 3800 4712 invidere

2152 4739 2470 4808 beneﬁciis,
2503 4740 2600 4792 sed
2635 4742 2831 4809 potius
2861 4741 2928 4794 ad
2965 4741 3204 4796 meliora
3253 4759 3601 4813 provocare;
3636 4746 3800 4816 quasi

2153 4828 2403 4881 diceret:
2439 4827 2517 4880 De
2548 4827 2879 4898 consilium,
2913 4831 3234 4884 secundum
3282 4833 3437 4902 quod
3472 4834 3799 4889 misericor-

2150 4915 2308 4969 diam
2343 4920 2694 4969 consecutus
2727 4933 2879 4984 sum,
2917 4923 2979 4972 ut
3009 4919 3121 4972 sim
3156 4918 3440 4974 fidelis.Et
3472 4927 3631 4987 nota,
3666 4923 3801 4994 quia

2152 5003 2306 5074 quod
2336 5009 2478 5067 erat,
2511 5021 2623 5058 non
2657 5005 2788 5070 sibi,
2821 5006 2918 5060 sed
2975 5007 3089 5061 Deo
3141 5007 3431 5078 ascripsit.
3488 4994 3797 5082 Sequitur:

2151 5094 2417 5146 Existimo
2451 5093 2549 5147 hoc
2579 5093 2776 5147 bonum
2805 5111 2937 5148 esse.
2971 5096 3133 5159 Quod
3191 5101 3310 5148 tam
3343 5097 3617 5169 egregius
3663 5116 3802 5171 prte-

2151 5183 2375 5236 dicator
2403 5181 2718 5246 existimat,
2747 5199 2859 5236 non
2893 5184 3232 5252 dubitative,
3261 5183 3362 5238 sed
3394 5185 3803 5244 incunctanter

2150 5276 2238 5327 est
2267 5271 2693 5342 accipiendum.
2711 5271 2811 5326 Est
2835 5277 3025 5326 autem
3053 5273 3457 5344 bonum,quod
3481 5273 3798 5332 existimat.

2149 5375 2278 5415 esse
2311 5359 2435 5414 sine
2467 5376 2680 5425 uxore;
2741 5361 2896 5414 unde
2952 5378 3132 5431 supra
3159 5378 3171 5414 :
3234 5363 3447 5416 Bonum
3476 5370 3555 5416 est
3586 5363 3805 5420 homini

2149 5448 2435 5502 mulierem
2462 5464 2570 5502 non
2595 5452 2838 5517 tangere.
2872 5448 2989 5504 Hoc
3019 5465 3149 5505 vero
3179 5451 3423 5518 bonum,
3458 5467 3576 5506 non
3611 5451 3800 5509 solum

2219 5662 2366 5743 (591)
2397 5660 2499 5720 Hic
2531 5663 2780 5722 fortasse
2811 5663 3277 5742 subintelligitur
3303 5668 3402 5723 est.
