3996 6232
187 350 301 411 357

758 344 1174 409 EXPOSITIO
1222 348 1296 407 IN
1346 350 1773 409 EPISTULAS
1823 348 2071 411 PAULI.
2108 384 2181 393 ——
2218 352 2290 410 IN
2338 353 2586 415 EPIST.
2638 356 2656 415 1
2708 358 2809 417 AD
2857 354 3031 421 COR.

3479 368 3595 430 358

190 484 404 538 bonum
430 480 561 534 vult
582 479 831 551 intelligi
856 478 995 542 fore,
1022 483 1255 550 propter
1278 482 1555 550 majorem
1579 497 1839 535 remune-
1870 492 1923 555 Α
1955 482 2195 537 detineri
2245 489 2599 539 contemnat.
2654 489 2813 542 Tunc
2863 491 3018 545 enim
3074 493 3207 563 quis
3260 502 3426 550 utens
3480 515 3593 553 non

193 572 473 626 rationem
527 568 694 640 regni
744 568 1019 632 caalestis,
1052 570 1148 621 scd
1203 570 1420 623 bonum
1471 570 1645 624 etiam
1699 571 1839 624 dicit

189 664 409 731 propter
442 662 745 713 instantem
786 659 1188 711 necessitatem.
1223 658 1354 719 Quae
1386 659 1664 713 instantis
1697 665 1842 714 tem-

194 750 351 822 poris
377 748 703 803 necessitas
733 745 1038 817 multiplex
1069 762 1196 800 esse
1250 763 1360 801 non
1394 748 1712 802 dubitatur.
1752 753 1844 803 Est

192 838 347 893 enim
377 837 545 892 dolor
564 836 816 901 ventris;
840 839 928 889 est
951 834 1113 889 labor
1136 836 1842 906 parturiendi,nutriendi,

190 926 480 995 videlicet,
512 942 579 981 ac
622 923 927 987 vestiendi,
958 923 1265 977 orbitatem
1300 924 1552 978 ﬁliorum
1587 925 1842 995 patiendi

193 1015 521 1070 aediﬁcandi
552 1015 778 1083 domos,
812 1011 1029 1067 dotalia
1059 1012 1235 1066 etiam
1268 1014 1653 1084 praeparandi,
1682 1019 1737 1067 et
1767 1013 1843 1067 si-

195 1104 383 1159 milia.
416 1105 637 1158 Bonum
681 1106 771 1155 est
818 1117 950 1171 ergo
983 1103 1068 1153 sic
1119 1116 1285 1167 esse;
1319 1100 1375 1155 id
1409 1106 1515 1169 est,
1552 1103 1675 1155 sine
1704 1119 1843 1156 uxo-

198 1210 299 1260 re;
333 1192 474 1263 quia
503 1208 616 1245 non
660 1190 849 1245 solum
883 1191 1164 1260 majorem
1212 1190 1454 1260 accipiet
1504 1208 1845 1245 remunera-

203 1283 445 1347 tionem,
480 1281 577 1336 sed
608 1284 663 1334 et
694 1279 763 1334 ab
795 1278 889 1333 bis
932 1278 1235 1350 praesentis
1269 1280 1545 1351 temporis
1579 1296 1842 1334 necessa-

208 1371 365 1425 tibus
395 1369 655 1424 redditur
682 1368 929 1423 alienus.

274 1458 592 1530 Sequitur:
629 1457 902 1528 Alligatus
953 1473 1007 1511 es
1060 1457 1243 1526 uxori,
1276 1462 1384 1511 etc.
1441 1458 1847 1511 Provocaverat

201 1547 513 1619 Apostolus
536 1563 678 1601 suos
696 1548 765 1600 ad
790 1547 1010 1600 bonum
1036 1545 1426 1600 continentiae.
1444 1546 1531 1615 Et,
1556 1562 1626 1601 ne
1650 1546 1844 1617 ipsum

204 1638 415 1691 bonum
447 1636 768 1707 disjunctio
801 1634 1142 1705 nuptiarum
1175 1639 1351 1699 esset,
1386 1634 1534 1699 ideo,
1568 1640 1735 1689 caute
1762 1634 1844 1689 lo-

205 1742 404 1795 quens,
437 1724 586 1779 dixit
614 1740 629 1778 :
659 1725 928 1792 Alligatus
959 1740 1013 1778 es
1044 1725 1228 1785 uxori,
1262 1729 1369 1777 etc.
1408 1723 1533 1776 Hcec
1565 1728 1652 1777 est
1688 1725 1845 1777 enim

206 1812 520 1884 apostolica
542 1818 601 1869 et
631 1812 932 1867 Dominica
952 1812 1235 1879 doctrina,
1260 1828 1385 1882 qua:
1420 1812 1499 1865 ita
1530 1813 1600 1865 ad
1626 1813 1849 1881 majora

207 1901 353 1956 bona
381 1906 675 1973 provocat,
706 1906 771 1955 ut
811 1900 1037 1955 minora
1085 1917 1198 1954 non
1232 1905 1607 1967 contemnat;
1644 1900 1702 1953 id
1735 1905 1844 1965 est,

202 1990 281 2044 ita
309 1991 378 2045 ad
412 1992 634 2045 bonum
666 1989 1031 2044 continentiae
1056 1989 1251 2059 trahit,
1278 1994 1343 2042 ut
1372 1988 1706 2059 conjugium
1732 2005 1845 2043 non

202 2085 552 2135 contemnat.
578 2080 762 2149 Major
782 2084 871 2133 est
899 2078 1055 2133 enim
1074 2079 1287 2132 veritas
1307 2078 1403 2132 Dei
1440 2078 1495 2131 in
1528 2077 1846 2149 Scripturis

204 2168 430 2238 divinis,
466 2184 647 2238 quam
681 2167 757 2221 sit
786 2167 1039 2221 castitas.
1065 2165 1125 2220 Si
1154 2168 1416 2237 accepisti
1436 2182 1686 2231 uxorem,
1712 2170 1847 2231 etc.,

205 2259 253 2311 et
282 2259 328 2310 si
354 2258 610 2327 nupserit
644 2256 819 2323 Virgo,
853 2259 963 2311 etc.
1000 2254 1249 2325 Uterque
1280 2272 1394 2310 non
1428 2254 1687 2320 offendit,
1712 2254 1847 2324 quia

210 2362 327 2399 rem
355 2344 579 2398 licitam
609 2349 815 2413 patrat.

281 2433 703 2487 Tribulationem
749 2437 929 2486 tamen
978 2434 1183 2499 carnis,
1233 2439 1341 2488 etc.
1376 2434 1486 2488 Sed
1539 2449 1663 2501 quae
1711 2436 1850 2486 sunt

207 2521 317 2576 illa:
349 2519 800 2575 tribulationes?
828 2520 1259 2577 Tribulationes
1282 2526 1421 2577 sunt
1446 2538 1456 2575 :
1492 2536 1726 2575 uxorem
1762 2536 1849 2574 ce-

206 2610 357 2677 lare;
392 2624 632 2665 uxorem
665 2609 782 2664 viro
815 2625 877 2664 se
908 2610 1193 2677 subdere;
1228 2611 1433 2665 timere
1467 2625 1535 2663 ne
1568 2609 1714 2663 alter
1747 2609 1847 2662 ad-

207 2701 488 2764 mittatur,
524 2703 581 2753 et
622 2702 846 2768 caetera,
880 2715 1006 2770 qua:
1055 2700 1168 2753 dici
1218 2704 1485 2771 possunt.
1519 2699 1799 2769 Sequitur
1831 2715 1843 2751 :

207 2789 311 2858 Ego
338 2797 526 2843 autem
553 2789 707 2841 vobis
734 2803 912 2857 parco.
946 2788 1184 2842 Duobus
1224 2788 1413 2842 modis
1436 2806 1447 2855 ;
1473 2788 1528 2841 id
1553 2792 1643 2841 est
1667 2804 1680 2842 :
1714 2803 1848 2841 cum

208 2893 303 2931 vos
332 2878 398 2931 ad
448 2877 679 2930 bonum
728 2875 1096 2930 continentia;
1150 2892 1412 2945 provoco,
1449 2881 1513 2939 ut
1560 2875 1850 2947 praadictis

208 2965 687 3020 tribulationibus
714 2964 821 3018 viri
855 2968 912 3019 et
944 2964 1138 3019 uxoris
1160 2981 1276 3019 non
1308 2965 1848 3035 subdamini,parco

209 3053 402 3121 vobis;
432 3054 557 3109 sive
591 3069 787 3125 parco,
814 3057 894 3121 ut,
920 3053 968 3107 si
1001 3070 1100 3107 vos
1134 3053 1383 3107 subdere
1414 3052 1609 3120 vultis,
1632 3053 1850 3107 subda-

214 3145 302 3198 tis.
338 3144 399 3197 Et
448 3159 638 3215 quare
668 3142 778 3197 hoc
822 3142 1049 3211 dixerit,
1083 3143 1282 3197 subdit
1314 3160 1326 3196 :
1363 3144 1466 3197 Hoc
1496 3146 1679 3213 itaque
1707 3143 1848 3208 dico,

1956 572 2156 637 utitur,
2190 588 2322 626 cum
2356 590 2443 641 ea,
2477 591 2603 645 qum
2635 578 2704 629 ad
2730 594 2898 632 suam
2934 583 3338 639 necessitatem
3374 602 3595 657 prazpa-

1956 666 2199 721 raverat,
2234 667 2407 725 tenet,
2432 669 2489 716 et
2522 680 2632 718 non
2660 671 2910 721 tenetur.
2937 669 3003 722 Et
3034 686 3211 739 quare
3234 672 3340 727 hoc
3363 674 3595 742 dixerit,

1954 748 2150 802 subdit
2203 766 2213 801 :
2269 754 2525 806 Prmterit
2569 756 2717 807 enim
2764 757 2955 827 figura
3004 758 3167 827 hujus
3216 764 3426 820 mundi.
3471 764 3594 819 Non

1957 838 2231 899 mundus,
2249 840 2347 891 sed
2374 840 2558 907 figura
2580 844 2953 915 transit,quia
2976 848 3259 917 scriptum
3283 857 3407 906 est:
3434 854 3595 909 Terra

1956 940 2077 979 vero
2108 927 2162 979 in
2218 931 2479 982 zrtcmum
2526 934 2631 983 stat
2664 932 2854 999 (Hrcle.
2894 952 2928 999 ι,
2966 937 3036 1001 αἱ).
3072 938 3219 1008 Ergo
3268 946 3463 995 manet
3494 958 3597 1012 per

1955 1015 2269 1069 essentiam
2297 1060 2308 1081 ,
2344 1018 2553 1072 transit
2586 1036 2687 1089 per
2718 1021 3169 1080 innovationem.
3205 1028 3289 1093 Et,
3324 1028 3371 1082 si
3405 1030 3593 1101 ﬁgura

1956 1102 2159 1155 mundi
2192 1105 2419 1173 transit,
2451 1106 2633 1161 multo
2684 1111 2873 1179 magis
2903 1126 2969 1165 ea
3018 1129 3144 1182 quas
3178 1117 3379 1170 mundi
3414 1124 3586 1183 sunt;

1955 1190 2119 1259 quasi
2156 1191 2373 1247 diceret
2405 1212 2416 1247 :
2452 1194 2637 1256 Quare
2688 1199 2907 1252 mundo
2955 1200 3271 1265 inhaaretis,
3307 1210 3361 1258 et
3407 1206 3462 1259 in
3496 1207 3589 1261 bis

1954 1280 2451 1352 transituris,quae
2472 1286 2672 1337 mundi
2708 1292 2881 1353 sunt;
2917 1291 3081 1358 quasi
3115 1292 3212 1345 diu
3248 1296 3590 1363 consistant,

1955 1374 2011 1421 et
2038 1384 2140 1422 vos
2190 1386 2320 1423 cum
2352 1371 2513 1425 illis?
2544 1378 2607 1426 Et
2647 1374 2705 1427 in
2760 1375 2865 1429 hoc
2913 1380 3259 1445 ostenditur,
3294 1385 3444 1453 quod
3494 1400 3595 1440 vos

1956 1460 2287 1523 transeatis,
2314 1461 2451 1530 quia
2484 1468 2725 1517 mortem
2759 1466 3008 1521 aliorum
3038 1467 3325 1538 inspicitis
3357 1489 3369 1537 ;
3404 1477 3457 1526 et
3487 1473 3596 1529 hoc

1958 1545 2601 1615 insiticiendowestrum
2622 1568 2916 1608 recessum
2937 1558 3597 1632 cognoscitis.thuam-

1954 1635 2042 1687 vis
2074 1634 2240 1705 longe
2263 1636 2434 1691 distet
2470 1639 2600 1692 linis
2627 1642 3060 1707 mundi,tamen
3086 1646 3287 1701 debuit
3308 1648 3385 1702 ita
3407 1649 3596 1705 dicere

1955 1725 2286 1792 Apostolus,
2320 1733 2552 1796 propter
2577 1727 2705 1781 illos
2738 1731 2835 1799 qui
2857 1747 2993 1802 erga
3025 1734 3198 1789 finem
3220 1738 3421 1791 mundi
3446 1738 3596 1793 hanc

1956 1808 2163 1864 lecturi
2214 1818 2350 1866 sunt
2396 1814 2740 1883 epistolam;
2788 1820 2951 1887 quasi
2999 1821 3213 1876 diceret
3267 1842 3279 1876 :
3332 1828 3595 1883 Audistis

1955 1903 2226 1953 venturas
2259 1900 2903 1973 tribulationes,quales
2926 1922 3038 1959 non
3068 1908 3306 1963 fuerunt
3336 1912 3407 1965 ab
3431 1913 3597 1968 initio

1956 1986 2140 2057 (Marc.
2166 2005 2287 2053 xm,
2316 1992 2393 2057 8),
2426 1994 2482 2043 et
2514 1991 2745 2044 easdem
2780 1994 3021 2049 minime
3067 1995 3260 2051 videre
3289 2000 3465 2053 vultis
3495 2019 3506 2055 :
3541 2008 3597 2056 et

1957 2091 2087 2128 cum
2117 2077 2278 2130 vobis
2310 2078 2460 2131 desit
2490 2078 2777 2145 voluntas,
2812 2097 2991 2151 quare
3023 2100 3136 2137 non
3170 2087 3405 2155 parcitis
3435 2089 3593 2155 filiis,

1958 2181 2071 2217 non
2105 2166 2438 2236 accipiendo
2470 2184 2696 2231 uxores,
2730 2180 2793 2223 ut
2820 2170 2969 2225 ﬁlios
3003 2188 3113 2226 non
3147 2176 3457 2245 generetis,
3494 2180 3593 2248 qui

1956 2254 2206 2321 videant,
2244 2255 2491 2309 maxime
2518 2273 2648 2309 cum
2679 2274 2791 2311 non
2816 2258 2890 2312 sit
2919 2265 3152 2331 tempus
3184 2263 3296 2317 Deo
3320 2264 3469 2319 ﬁlios
3492 2282 3597 2337 per

1958 2342 2172 2395 coitum
2204 2344 2458 2411 creandi,
2493 2346 2591 2399 sed
2626 2363 2727 2415 per
2774 2348 3130 2417 baptismum
3162 2356 3540 2423 regenerandi
3564 2357 3592 2411 ?

1958 2430 2144 2493 Quare
2174 2431 2279 2486 hoc
2309 2432 2538 2498 dixerit,
2572 2435 2771 2489 subdit
2796 2452 2807 2488 :
2837 2438 2965 2491 Volo
2990 2443 3170 2493 autem
3202 2456 3291 2494 vos
3320 2443 3457 2511 sine,
3482 2448 3593 2499 etc.

1958 2521 2097 2584 Quis
2128 2521 2280 2574 enim
2315 2521 2435 2575 vult
2457 2524 2609 2593 quod
2632 2525 2942 2595 Apostolus
2980 2526 3142 2581 vult?
3162 2528 3466 2599 Sequitur:
3496 2533 3600 2600 Qui

1957 2611 2076 2662 sine
2124 2625 2298 2663 uxore
2339 2615 2434 2675 est,
2468 2616 2575 2665 etc.
2630 2612 2777 2667 Bene
2810 2614 2949 2667 dicit
2983 2632 2996 2668 :
3034 2615 3313 2673 Sollicitus
3359 2624 3435 2674 est
3465 2638 3604 2691 quo-

1957 2697 2111 2751 modo
2134 2698 2349 2767 placeat
2378 2702 2541 2753 uxori
2562 2718 2579 2759 ,'
2612 2702 2748 2772 quia
2770 2704 3117 2774 conjugatus
3141 2705 3317 2763 libere
3346 2708 3460 2763 Deo
3482 2727 3605 2766 ser-

1958 2786 2077 2839 vire
2110 2803 2220 2840 non
2254 2789 2423 2843 valet.
2459 2793 2524 2842 Et
2554 2789 2679 2845 ideo
2711 2792 2911 2846 subdit
2942 2810 2955 2847 :
2992 2795 3054 2847 Et
3086 2794 3296 2851 divisus
3325 2806 3421 2852 est.
3456 2798 3609 2854 Divi-

1960 2891 2082 2939 sus,
2108 2892 2222 2931 non
2255 2893 2512 2948 corpore,
2538 2880 2636 2932 sed
2661 2886 2871 2935 mente.
2902 2883 2963 2935 Et
2986 2884 3203 2950 mulier,
3228 2886 3604 2958 subauditur,

1959 2964 2164 3017 divisa.
2203 2966 2263 3019 Et
2287 2967 2425 3035 quia
2456 2966 2667 3021 mulier
2716 2974 2833 3023 tam
2871 2972 3050 3042 virgo,
3085 2990 3262 3043 quam
3290 2977 3602 3048 conjugata

1960 3053 2237 3123 appellari
2272 3060 2479 3125 potest,
2508 3061 2569 3109 ut
2596 3058 2923 3113 ostenderet
2945 3060 3014 3114 de
3046 3078 3159 3131 qua
3191 3064 3434 3129 dixerat,
3461 3068 3605 3121 sub-

1962 3142 2073 3195 dit:
2105 3147 2366 3212 lnuupta,
2396 3150 2445 3197 et
2474 3147 2645 3211 virgo,
2668 3151 3029 3217 etc.,corpore
3046 3159 3237 3205 sancta
3256 3168 3277 3211 ,'
3308 3152 3445 3223 quia
3476 3156 3607 3210 sine

209 3235 401 3302 fratres
427 3250 445 3287 :
476 3234 709 3303 Tempus
740 3233 899 3287 breve
924 3238 1007 3286 est
1028 3248 1048 3293 ;
1082 3232 1248 3303 quasi
1275 3233 1491 3287 diceret
1524 3250 1536 3286 :
1574 3233 1695 3288 Non
1729 3238 1854 3285 tan-
1882 3230 1924 3295 C
1962 3230 2104 3295 viro,
2133 3233 2329 3300 spiritu
2350 3249 2368 3288 :
2403 3233 2540 3300 quia
2587 3232 2980 3289 sollicitudine
3022 3238 3225 3291 mundi
3258 3245 3431 3294 caret.
3470 3243 3605 3308 Quae

211 3326 331 3375 tum
359 3322 567 3376 vivunt
588 3337 745 3375 nunc
767 3320 1052 3390 homines,
1078 3325 1363 3391 quantum
1393 3321 1646 3391 primum
1676 3337 1689 3374 ε
1716 3336 1849 3374 nam

209 3410 297 3464 vix
324 3410 454 3481 quis
485 3410 898 3482 quadraginta,
921 3409 1007 3464 vel
1044 3410 1280 3480 triginta
1310 3410 1478 3463 annis
1510 3425 1643 3463 cum
1678 3426 1853 3464 uxore

208 3499 529 3568 cepulatur,
562 3500 663 3553 sed
695 3514 827 3553 cum
878 3498 1077 3553 dolore
1108 3499 1328 3553 amittit
1380 3514 1639 3564 uxorem,
1674 3515 1851 3568 quam

212 3586 491 3641 habuerat
518 3603 654 3641 cum
707 3603 919 3642 amore.
957 3588 1022 3641 Et
1070 3588 1209 3657 quia
1243 3588 1409 3641 breve
1459 3592 1549 3641 est
1597 3591 1848 3656 tempus,

216 3676 485 3746 reliquum
513 3684 639 3733 est;
672 3676 725 3729 id
772 3681 880 3745 est,
914 3682 1113 3742 restat,
1160 3681 1219 3730 ut
1268 3679 1363 3747 qui
1407 3676 1605 3731 habent
1636 3691 1848 3743 uxores,

214 3767 466 3835 tanquam
491 3782 605 3820 non
637 3766 887 3821 habentes
919 3768 1029 3820 sint
1060 3784 1078 3820 :
1108 3766 1166 3819 id
1196 3771 1302 3831 est,
1336 3764 1669 3819 carnalibus
1701 3765 1851 3819 desi-

211 3854 381 3909 deriis
397 3860 452 3909 et
466 3854 955 3910 delectationibus
974 3872 1088 3909 non
1116 3860 1485 3926 superentur.
1510 3855 1674 3909 Tunc
1695 3854 1851 3909 enim

213 3944 338 4015 quis
396 3944 625 3999 habens
671 3960 928 4012 uxorem,
974 3962 1086 3998 non
1137 3943 1330 4009 habet,
1380 3944 1479 4015 qui
1538 3944 1619 3998 ita
1666 3944 1855 4014 placet

213 4034 390 4100 uxori,
421 4040 485 4089 ut
515 4050 638 4088 non
674 4032 979 4104 displiceat
1008 4033 1320 4087 Conditori.

278 4124 340 4177 Et
367 4125 461 4193 qui
494 4125 657 4191 ﬂent,
688 4124 952 4193 tanquam
1001 4138 1109 4177 non
1139 4124 1331 4191 [lentes
1352 4139 1370 4181 ;
1404 4122 1459 4176 id
1492 4127 1601 4191 est,
1636 4123 1717 4177 ita
1746 4123 1853 4176 tri-

211 4210 615 4267 bulationibus
637 4210 1061 4280 temporalibus
1085 4210 1520 4279 altligantur,ut
1550 4228 1652 4281 spe
1674 4212 1854 4266 futuri

212 4302 425 4370 praemii
478 4300 886 4355 subleventur.
920 4300 1084 4353 Tunc
1134 4299 1289 4353 enim
1342 4300 1474 4369 quis
1520 4300 1707 4355 flendo
1740 4318 1852 4355 non

209 4388 390 4457 deﬂet,
424 4407 556 4445 cum
596 4388 771 4443 istius
794 4390 1072 4459 temporis
1096 4387 1573 4443 tribulationibus
1595 4389 1672 4443 ita
1702 4390 1856 4443 affli-

207 4478 375 4547 gitur,
409 4484 475 4533 ut
506 4494 617 4550 spe
642 4483 866 4532 aeternae
898 4477 1386 4532 remunerationis
1418 4477 1767 4531 sublevetur.
1795 4479 1859 4531 Et

158 4634 167 4640 I
206 4569 297 4636 qui
324 4568 583 4635 gaudent,
614 4574 878 4637 tanquam
905 4582 1015 4621 non
1042 4566 1339 4636 gaudentes
1370 4567 1513 4626 sint;
1544 4566 1599 4620 id
1634 4570 1741 4631 est,
1775 4567 1856 4622 ita

210 4672 307 4724 pro
355 4656 670 4711 commodo
724 4666 948 4709 terreno
1000 4656 1267 4726 gaudeat,
1304 4659 1368 4709 ut
1418 4671 1642 4709 memor
1681 4655 1858 4709 divini

201 4742 403 4811 judicii
425 4746 831 4801 existat.Tunc
863 4744 1019 4799 enim
1048 4745 1179 4814 quis
1202 4745 1463 4815 gaudens
1486 4762 1598 4799 non
1623 4745 1855 4815 gaudet,

209 4847 339 4886 cum
370 4834 448 4889 ita
478 4850 584 4906 pro
618 4834 930 4888 commodo
962 4840 1185 4887 terreno
1217 4833 1465 4899 laetatur,
1500 4839 1561 4887 ut
1592 4834 1857 4889 divinum

202 4919 483 4988 judicium
519 4921 923 4994 pertimescat.
960 4924 1032 4975 lit
1065 4923 1162 4991 qui
1211 4931 1418 4993 emunt,
1453 4932 1718 4993 tanquam
1748 4939 1858 4977 non

202 5011 533 5079 possidentes
562 5030 579 5075 ;
613 5011 672 5065 id
702 5016 808 5079 est,
844 5015 1039 5082 empta
1068 5028 1181 5065 non
1206 5028 1264 5065 se
1297 5012 1395 5065 diu
1429 5012 1725 5082 possidere
1752 5028 1857 5083 pu-

207 5101 345 5155 tent.
378 5100 546 5154 Tunc
571 5100 789 5154 etenim
840 5100 973 5170 quis
1006 5104 1233 5171 emptor
1263 5117 1376 5154 non
1412 5100 1717 5171 possidens
1746 5107 1857 5171 est,

206 5201 332 5242 cum
364 5204 455 5254 ea,
488 5204 621 5259 qua:
653 5187 812 5255 emit,
848 5206 961 5243 non
995 5205 1056 5243 se
1086 5189 1186 5243 diu
1221 5188 1513 5259 possidere
1544 5188 1751 5258 putet?

271 5275 332 5329 Et
359 5278 457 5347 qui
483 5281 723 5331 utuntur
753 5276 850 5331 hoc
896 5277 1118 5344 mundo,
1152 5286 1415 5348 tanquam
1442 5293 1552 5330 non
1582 5280 1817 5330 utantur
1836 5294 1857 5339 ;

205 5361 260 5417 id
290 5370 397 5435 est,
417 5382 508 5432 ea,
528 5381 663 5435 qua:
685 5365 756 5420 ad
792 5366 1195 5422 necessitatem
1216 5365 1308 5421 sui
1341 5370 1645 5437 prmparat,
1672 5365 1742 5420 ab
1765 5365 1858 5421 bis

277 5593 423 5678 (S92)
594 5596 1041 5678 illiusuvirtutfm
1082 5599 1395 5678 legendum
1429 5599 1627 5678 censui
1661 5617 1728 5656 ex
1758 5618 1856 5657 su-

210 5667 419 5743 periori
448 5667 570 5724 divi
616 5668 781 5725 Pauli
812 5672 881 5728 ad
933 5667 1187 5732 TimotE.
1220 5676 1402 5745 textu,
1437 5672 1537 5729 ubi
1568 5672 1628 5729 in
1659 5678 1857 5750 autog.

1961 3327 2144 3373 autem
2174 3324 2342 3389 nupta
2373 3324 2470 3383 est,
2504 3325 2611 3373 etc.
2649 3321 2798 3375 Dicit
2825 3324 3136 3391 Apostolus
3168 3333 3409 3396 nuptam
3442 3332 3595 3401 cogi—

1964 3412 2084 3460 tare
2107 3423 2233 3476 qua
2292 3408 2492 3460 mundi
2526 3412 2682 3467 sunt.
2716 3414 2773 3462 et
2819 3408 3125 3481 virginem,
3158 3429 3285 3482 quae
3335 3414 3456 3469 Dei.
3490 3418 3601 3473 Sed

1962 3512 2069 3549 nos
2100 3496 2422 3549 econtraric
2455 3497 2747 3551 cernimus
2792 3498 3160 3571 conjugatam
3194 3503 3442 3570 cogitare
3474 3522 3605 3577 quas

1964 3583 2083 3648 Dei,
2118 3588 2173 3637 et
2202 3584 2500 3651 virginem,
2532 3600 2656 3655 quae
2690 3587 2890 3641 mundi
2927 3594 3084 3643 sunt.
3118 3590 3429 3647 Sciendum
3462 3594 3603 3664 quia

1961 3672 2061 3727 tali
2092 3674 2410 3742 conjugatas
2440 3690 2549 3728 non
2573 3674 2805 3729 obsistit
2826 3678 3303 3749 conjugium,sed
3339 3682 3480 3736 dum
3503 3682 3607 3740 illa

1963 3762 2269 3832 cogitando
2319 3779 2443 3833 quae
2479 3764 2571 3817 Dei
2606 3769 2764 3832 sunt,
2799 3782 2969 3821 suam
3021 3774 3290 3825 naturam
3341 3778 3606 3845 superat,

1962 3857 2019 3905 et
2050 3856 2263 3905 aeterna
2293 3852 2650 3907 beatitudine
2684 3856 3170 3912 remunerabitur.
3196 3859 3264 3913 Et
3288 3860 3414 3931 ipsa
3444 3861 3609 3933 virgo

1964 3941 2033 3994 de
2067 3940 2216 3994 bono
2246 3940 2597 4011 virginitatis
2631 3959 2741 3997 non
2778 3944 2966 3999 solum
2986 3963 3099 4000 non
3121 3950 3610 4017 remunerabitur,

1964 4030 2063 4083 sed
2096 4029 2269 4083 etiam
2301 4030 2612 4101 dupliciter
2663 4032 3079 4101 damnabitur;
3115 4036 3243 4090 ideo
3294 4038 3435 4107 quia
3464 4055 3616 4110 opus

1962 4118 2313 4187 virginitatis
2370 4118 2519 4171 male
2580 4121 2867 4174 tractavit.
2922 4121 3185 4192 Scriptus
3232 4129 3321 4177 est
3380 4126 3535 4180 enim
3597 4146 3613 4183 :

1964 4207 2275 4261 Maledictus
2324 4208 2417 4277 qui
2464 4223 2594 4277 opus
2644 4209 2864 4261 Domini
2909 4211 3041 4275 (Jer.
3094 4228 3286 4276 xcvm,
3339 4212 3450 4281 40),
3497 4218 3614 4272 etc.

1965 4296 2033 4348 Et
2064 4294 2276 4349 Paulus
2311 4313 2324 4350 :
2360 4294 2502 4365 Opus
2531 4294 2749 4365 quidem
2797 4299 3019 4366 pietatis
3052 4299 3409 4365 ostendentes,
3438 4303 3620 4357 virtu-

1966 4394 2071 4438 tem
2121 4392 2299 4439 autem
2344 4390 2605 4454 negantes
2635 4385 2715 4455 (II
2761 4385 2892 4439 Tim.
2940 4402 3022 4454 ιιι,
3056 4387 3131 4454 5).
3192 4387 3305 4441 Ista
3353 4404 3614 4459 namque

1966 4473 2172 4527 habuit
2196 4489 2366 4543 Opus;
2399 4474 2536 4545 quia
2566 4473 2979 4545 virginitatem,
3016 4475 3114 4528 sed
3148 4474 3307 4529 illius
3347 4478 3617 4535 virtutem

1966 4563 2112 4633 (59:3)
2146 4564 2373 4634 negavit
2406 4583 2419 4629 ;
2454 4564 2592 4634 quia
2635 4564 2854 4619 bonum
2905 4563 3255 4634 virginitatis
3306 4564 3613 4636 ignoravit.

1969 4652 2035 4705 Et
2065 4652 2218 4721 quod
2251 4654 2563 4723 conjugeta
2595 4654 2863 4723 praedicta
2896 4654 3503 4720 remuneretur,testis
3525 4662 3619 4713 est

1969 4742 2117 4795 actio
2166 4741 2471 4796 Gedeonis.
2510 4743 2740 4813 Legitur
2769 4744 2921 4797 enim
2972 4743 3165 4811 (Judir.
3218 4760 3296 4812 v1,
3332 4744 3418 4813 11)
3451 4745 3613 4817 quia,

1969 4848 2101 4885 cum
2148 4836 2476 4901 separasset
2526 4832 2881 4886 frumentum
2938 4849 2969 4885 a
3003 4832 3207 4903 paleis,
3258 4834 3531 4905 apparuit
3561 4836 3614 4890 ei

1968 4920 2231 4991 angelus,
2256 4926 2362 4974 etc.
2384 4921 2761 4976 Frumentum
2786 4938 3037 4992 namque
3060 4938 3093 4976 a
3116 4922 3296 4993 paleis
3318 4940 3615 4995 separare,

1969 5014 2056 5062 est
2087 5009 2328 5062 virtutes
2360 5026 2392 5061 a
2421 5009 2596 5071 vitiis,
2632 5010 2870 5065 meliora
2897 5027 2929 5063 a
2960 5011 3150 5080 bonis,
3184 5012 3405 5083 Optima
3432 5029 3465 5067 a
3487 5029 3611 5068 me-

1970 5096 2213 5151 lioribus
2244 5095 2535 5150 dirimere.
2581 5098 2648 5150 Et
2678 5100 2817 5151 dum
2851 5098 2957 5151 hoc
2989 5099 3127 5169 agit,
3156 5106 3396 5171 apparet
3426 5102 3476 5154 ei
3509 5117 3613 5155 an-

1968 5186 2154 5257 gelus,
2189 5183 2288 5253 qui
2316 5184 2481 5251 jubet
2512 5185 2623 5237 sibi
2656 5186 2887 5240 haedum
2920 5188 3207 5253 olferri,et
3228 5190 3331 5258 jus
3361 5190 3615 5259 desuper

1968 5274 2135 5327 fundi
2158 5272 2345 5340 (lbid.,
2376 5272 2483 5339 19).
2510 5272 2615 5326 Per
2644 5273 2875 5328 haedum
2900 5275 3456 5341 enim,lascivientes
3489 5294 3613 5333 mo-

1970 5369 2063 5417 tus
2090 5362 2302 5427 carnis,
2328 5365 2386 5415 et
2414 5376 2517 5431 per
2538 5361 2640 5430 jus
2671 5361 2836 5416 ﬂuxae
2879 5364 3258 5435 cogitationes
3281 5365 3611 5437 signantur,

1965 5591 2453 5722 sediulnzulﬁgitur,
2487 5612 2613 5670 quae
2644 5593 2818 5652 verba
2843 5594 3010 5655 aliter
3055 5596 3423 5671 interpretari
3463 5598 3609 5680 mihi

1969 5682 2086 5722 non
2139 5682 2155 5722 1
2289 5704 2301 5722 .
3502 5710 3505 5713 .

1968 5682 2086 5726 non
2116 5681 2301 5723 ιιοιιιῑ.
3502 5710 3505 5713 .
