3990 6224
403 371 521 430 359

1418 361 1752 422 ATTONIS
1798 358 2382 419 VERCELLENSIS
2431 358 2778 418 EPlSCOPl

3691 361 3838 421 360

404 500 640 556 Hadum
674 515 807 568 ergo
861 495 1160 550 immolare
1189 499 1297 562 est,
1330 501 1384 548 et
1424 495 1524 563 jus
1555 494 1806 564 desuper
1857 490 2042 555 fundi,
2073 503 2128 562 Α
2159 491 2334 555 venit,
2360 495 2423 543 ut
2446 491 2834 561 virginitatem
2859 494 3186 554 servet,non
3206 491 3432 562 pudens
3455 491 3537 545 illi
3560 491 3832 549 alterius

407 606 522 644 non
553 587 742 642 solum
779 585 1033 640 carnalia
1064 599 1256 655 opera,
1279 583 1379 638 sed
1412 583 1584 638 etiam
1620 583 1803 636 ﬂuxas
1835 579 2044 649 cogita-

407 677 616 744 tiones,
649 676 720 730 ad
752 673 1080 746 exemplum
1131 671 1340 725 Christi
1391 688 1753 726 consumere.
1789 675 1851 723 Et
1902 671 2042 722 dum

404 766 511 821 hoc
541 764 753 837 agitur,
787 763 975 835 tangit
1005 763 1115 816 ista
1144 760 1386 831 angelus
1417 761 1573 829 virga
1605 760 1722 823 Dei,
1756 757 2043 827 adjutorio

403 853 600 908 divino
640 852 992 918 sublevatur,
1027 850 1180 919 ignis
1211 851 1282 902 de
1333 853 1495 920 petra
1525 849 1839 917 egreditur,
1874 852 1929 901 et
1959 851 2043 900 to-

402 946 529 998 tum
589 941 884 996 consumit
915 939 1111 1009 (Judz'c.
1145 955 1222 1003 v1,
1253 939 1384 1006 ‘21);
1420 936 1697 1008 quoniam
1753 935 1926 989 ardor
1957 933 2042 986 di-

401 1031 518 1086 vini
552 1027 822 1100 adjutorii
856 1028 911 1081 in
944 1026 1042 1081 illo
1074 1043 1185 1081 non
1221 1025 1410 1080 solum
1437 1025 1691 1080 carnalia
1723 1039 1918 1093 opera,
1943 1022 2041 1076 sed

400 1119 583 1174 etiam
618 1118 801 1171 ﬂuxas
833 1115 1207 1183 cogitationes
1238 1114 1517 1168 interimit
1551 1130 1562 1167 :
1601 1113 1752 1184 quod
1786 1113 1840 1165 in
1877 1111 2043 1165 bonis

399 1205 768 1262 solummodo
803 1204 1151 1275 virginibus,
1187 1209 1242 1258 et
1272 1205 1328 1257 in
1359 1203 1561 1274 paucis
1609 1201 2042 1256 continentibus

399 1294 706 1367 pracipuis
739 1292 1036 1363 impletur.

468 1383 748 1454 Sequitur
792 1400 804 1436 :
838 1383 1065 1451 Propter
1111 1381 1344 1434 salutem
1393 1388 1646 1443 vestram,
1679 1384 1786 1433 etc.
1821 1378 2041 1448 Cogno-

397 1477 557 1528 verat
577 1470 734 1526 enim
760 1469 1075 1541 Apostolus
1097 1485 1195 1523 eos
1222 1485 1369 1539 agre
1393 1469 1596 1522 tulisse
1619 1467 1772 1538 quod
1797 1467 2042 1532 dixerat;

397 1565 456 1616 et
480 1560 609 1614 ideo
641 1559 784 1613 dicit
806 1562 1039 1629 propter
1068 1557 1315 1612 salutem
1346 1563 1620 1620 vestram,
1646 1556 1811 1625 quasi
1843 1555 1998 1607 dicat
2027 1571 2038 1608 :

397 1647 649 1720 Cognovi
681 1664 784 1702 vos
826 1663 975 1718 agre
1004 1645 1208 1700 tulisse
1259 1645 1412 1715 quod
1444 1644 1598 1711 dixi;
1634 1644 1733 1699 sed
1768 1660 1881 1698 non
1915 1643 2041 1697 ideo

397 1736 539 1804 dixi,
573 1740 632 1790 ut
682 1737 940 1806 laqueum
984 1735 1132 1790 vobis
1162 1735 1430 1804 injiciam,
1461 1732 1551 1786 sed
1598 1740 1659 1786 ut
1699 1732 1770 1786 ad
1818 1731 1873 1784 id
1903 1730 2042 1800 quod

397 1827 683 1882 honestum
743 1829 818 1880 est
857 1839 1163 1895 provocem.
1213 1826 1532 1876 Honestum
1581 1821 1737 1875 enim
1786 1819 2037 1890 appellat
2071 1864 2116 1928 Β

397 1915 617 1970 bonum
649 1913 1051 1977 continentia;
1085 1912 1223 1982 quia
1267 1912 1483 1965 bonum
1517 1916 1573 1964 et
1625 1915 1892 1966 sanctum
1924 1912 2031 1962 est.

393 2004 458 2057 Et
495 2004 564 2056 ad
614 2003 689 2066 td,
722 2001 861 2073 quod
907 2001 1234 2072 facultatem
1284 2000 1431 2054 vobis
1480 2000 1684 2054 tribuat
1739 1999 2033 2052 Dominum

395 2090 717 2146 obsecrandi
734 2093 852 2144 sine
881 2089 1286 2160 impedimento.
1312 2089 1459 2142 Bene
1481 2090 1598 2142 sine
1620 2087 2034 2158 impedimento;

395 2181 533 2251 quia
561 2178 913 2249 conjugatus
945 2177 1125 2231 libere
1159 2182 1267 2230 Deo
1301 2176 1597 2230 servitium
1637 2178 1760 2230 sine
1792 2174 2035 2245 impedi-

394 2274 592 2323 mento
623 2283 997 2337 nequaquam
1031 2282 1201 2336 agere
1232 2265 1400 2319 valet.

463 2357 611 2427 (593)
643 2355 961 2426 Sequitur:
998 2355 1057 2408 Si
1109 2356 1231 2425 quis
1279 2363 1461 2409 autem
1505 2357 1722 2424 turpem
1762 2370 1815 2407 se
1863 2352 2038 2407 videri

393 2447 695 2513 existimat,
728 2448 836 2498 etc.
869 2443 1088 2498 Sensus
1121 2443 1231 2497 iste
1261 2459 1328 2497 ex
1369 2442 1769 2512 superioribus
1801 2441 2032 2512 pendet.

395 2535 650 2588 Locutus
682 2532 870 2585 fuerat
901 2531 1170 2600 superius
1198 2531 1269 2584 de
1299 2529 1644 2600 virginibus,
1669 2534 1726 2584 et
1755 2531 1896 2583 adeo
1919 2528 2039 2583 lau-

395 2623 632 2676 daverat
662 2621 878 2675 bonum
911 2619 1302 2684 continentia,
1335 2624 1399 2672 ut
1429 2619 1711 2684 exsecrari
1744 2618 2036 2671 videretur

397 2709 635 2780 nuptias
671 2713 784 2769 :et.
819 2723 890 2762 ne
943 2707 1026 2761 sic
1073 2707 1388 2771 videretur,
1441 2707 1748 2778 subjungit
1780 2725 1792 2761 :
1828 2707 1885 2760 Si
1913 2708 2035 2777 quis

395 2802 584 2853 autem
600 2800 904 2888 tulrpemJn
928 2812 1044 2866 quo
1069 2795 1192 2849 loco
1215 2795 1342 2848 dua
1365 2801 1612 2866 possunt
1624 2812 1750 2850 esse
1773 2795 2038 2850 intentio-

395 2903 520 2942 nes.
537 2883 759 2939 Prima:
785 2883 972 2955 potuit
995 2883 1115 2937 ﬁeri
1141 2887 1205 2937 ut
1224 2883 1538 2953 Apostolus
1561 2890 2034 2954 moneretparen-

391 2981 480 3030 tes
493 2973 964 3040 caste,etmunde
977 2989 1114 3027 suas
1127 2971 1344 3026 nutrire
1361 2971 1510 3026 filias
1525 2989 1706 3046 usque
1721 2973 1788 3025 ad
1807 2978 2034 3043 tempus

396 3062 721 3135 pubertatis
739 3080 751 3116 :
767 3078 900 3116 cum
923 3077 1054 3116 vero
1077 3060 1300 3115 adillud
1317 3060 2033 3131 tempusvenissent,quod

392 3157 594 3223 aptum
621 3155 711 3206 est
732 3149 940 3216 usui,si
962 3150 1239 3206 eligerent
1258 3154 1523 3215 parentes
1552 3151 1759 3204 melius
1782 3166 1908 3204 esse
1929 3168 2033 3220 pu-

2155 579 2664 648 reprehensionis;
2701 580 2749 633 si
2803 579 2926 633 vult
2975 579 3071 633 ille
3101 579 3498 650 virginitatem
3551 598 3830 651 servare,

2154 673 2358 721 servet.
2393 669 2502 722 Sed
2551 668 2857 738 sequentia
2902 668 3076 722 verba
3106 669 3176 722 ad
3211 675 3525 741 utrumque
3556 688 3830 742 respon-

2153 755 2323 821 dent;
2360 756 2413 809 id
2472 761 2581 818 est,
2637 757 2707 809 ad
2756 757 2933 810 ﬁliam
2977 761 3034 810 et
3065 757 3133 810 ad
3177 773 3453 824 carnem;
3505 758 3612 814 boc
3669 765 3771 816 est
3809 778 3825 817 :

2154 844 2313 907 Quod
2331 844 2611 915 judicavit
2662 848 2719 898 in
2770 846 2929 899 corde
2955 861 3052 899 suo
3098 862 3323 900 servare
3368 849 3658 919 virginem,
3695 854 3823 905 etc.

2153 931 2282 986 Hac
2314 938 2402 987 est
2433 933 2531 988 illa
2563 933 2864 988 Dominica
2892 940 2948 988 et
2979 933 3298 1005 apostolica
3326 935 3612 1009 doctrina,
3639 944 3708 993 ut.
3729 939 3826 994 ita

2153 1023 2223 1076 ad
2246 1025 2468 1093 majora
2493 1029 2782 1095 provocet,
2809 1029 2872 1078 ut
2902 1024 3129 1078 minora
3161 1041 3274 1079 non
3307 1031 3668 1082 contemnat.
3694 1029 3822 1082 Sed

2154 1111 2210 1164 in
2244 1111 2352 1165 hac
2385 1129 2445 1166 re
2477 1119 2594 1166 tres
2626 1113 2842 1183 gradus
2877 1113 3252 1184 inveniuntur
3284 1132 3296 1168 :
3333 1115 3541 1185 bonus,
3574 1115 3818 1183 melior,

2153 1201 2414 1270 optimus
2449 1218 2460 1254 :
2499 1203 2685 1256 bonus
2708 1203 2763 1255 in
2795 1203 3162 1273 conjugatis;
3198 1202 3477 1258 meliorin
3509 1205 3729 1270 viduis,
3753 1207 3819 1260 id

2153 1295 2260 1353 est,
2286 1290 2340 1343 in
2375 1292 2850 1356 continentibus;
2883 1290 3142 1362 Optimus
3166 1293 3223 1345 in
3247 1292 3822 1363 virginibus.lllulier

2153 1379 2383 1447 alligata
2441 1388 2519 1433 est
2572 1380 2699 1448 legi.
2765 1380 2873 1434 Iste
2941 1380 3096 1434 enim
3161 1397 3372 1436 sensus
3430 1383 3821 1454 evangelicus

2152 1471 2258 1520 est.
2295 1467 2437 1520 Nam
2469 1466 2780 1538 Apostolus
2812 1468 2902 1522 sui
2938 1469 3199 1538 magistri
3234 1485 3497 1537 sensum,
3521 1476 3580 1526 et
3609 1473 3818 1528 Evan-

2151 1553 2312 1625 gelii,
2347 1556 2498 1625 quod
2531 1556 2901 1626 pradicabat,
2937 1557 3294 1628 exsequitur.
3329 1559 3613 1614 Dominus
3642 1562 3816 1617 enim

2153 1644 2425 1714 pracepit
2458 1661 2570 1698 non
2597 1644 3039 1715 relinquendam
3074 1662 3332 1715 uxorem,
3356 1653 3593 1718 excepta
3623 1665 3817 1705 causa

2152 1730 2646 1798 fornicationis,et
2675 1749 2862 1803 neque
2895 1733 3379 1806 machus,neque
3401 1736 3631 1792 macba
3663 1737 3814 1794 alte-

2150 1835 2278 1873 rum
2314 1821 2508 1875 ducat.
2543 1821 2829 1876 Similiter
2856 1823 3170 1893 Apostolus
3193 1823 3484 1895 pracepit,
3519 1829 3584 1879 ut
3611 1843 3812 1898 neque

2149 1909 2390 1977 macba,
2427 1910 2547 1964 sive
2579 1915 2826 1979 castum,
2862 1911 2981 1965 sive
3020 1911 3353 1966 adulterum
3386 1912 3680 1984 relinquat
3713 1915 3810 1969 vi-

2148 2014 2300 2062 rum,
2338 1998 2586 2068 accipiat
2616 1998 2888 2067 alterum,
2922 2015 3108 2069 neque
3135 2000 3222 2053 vir
3253 2001 3530 2057 mcechus.
3557 2005 3750 2066 Quare
3783 2009 3810 2059 Ρ

2147 2086 2294 2146 Quia
2327 2103 2440 2139 non
2474 2087 2651 2141 habet
2682 2092 3026 2156 potestatem
3063 2089 3151 2142 sui
3203 2089 3472 2160 corporis.
3506 2091 3804 2145 Similiter

2147 2179 2191 2225 t'l
2235 2173 2462 2228 mulier.
2496 2175 2564 2228 Et
2596 2175 2724 2229 ideo
2757 2193 2829 2230 no
2861 2177 3000 2229 dum
3029 2175 3167 2230 velit
3215 2177 3338 2247 ipse
3369 2177 3610 2233 alteram
3643 2180 3805 2234 acci-

2148 2278 2302 2332 pere,
2339 2264 2548 2318 incidit
2580 2265 2703 2335 ipse
2735 2265 2889 2335 quod
2915 2265 2970 2318 in
3001 2281 3172 2320 uxore
3207 2265 3803 2336 reprehendit.Quan-

2149 2366 2324 2420 quam
2353 2369 2453 2422 per
2485 2353 2888 2422 paenitentiam
2923 2353 3149 2423 possint
3180 2354 3561 2410 reconciliari.

2223 2441 2375 2508 Quod
2405 2443 2456 2495 si
2484 2441 2772 2496 donm’erit
2822 2443 2906 2496 vir
2935 2443 3102 2514 (594),
3133 2441 3317 2498 soluta
3343 2448 3441 2509 est,
3475 2450 3584 2500 etc.
3621 2445 3802 2502 Intel-

2148 2529 2260 2600 lige
2292 2546 2406 2584 non
2440 2529 2724 2584 adulterio
2748 2531 3206 2597 corruentis,sed
3239 2539 3423 2588 morte
3447 2534 3799 2591 decidentis.

2153 2620 2233 2673 [ta
2282 2623 2498 2687 tamen,
2541 2623 2604 2672 ut
2651 2619 2980 2674 castitatem
3035 2627 3240 2688 servet,
3275 2637 3582 2694 quousque
3630 2623 3800 2680 alteri

2148 2707 2449 2777 copuletur
2503 2707 2778 2777 legitime.
2814 2709 2923 2762 Sed
2957 2709 3186 2764 videtur
3236 2709 3426 2766 littera
3477 2711 3628 2783 legis
3660 2712 3800 2769 huic

2147 2795 2270 2851 loco
2301 2796 2612 2860 contraria,
2647 2797 2747 2851 sed
2780 2796 2953 2852 etiam
2986 2797 3297 2853 Dominica
3321 2801 3648 2856 sententia.
3683 2802 3797 2857 Do-

2147 2885 2345 2940 minus
2373 2887 2528 2940 enim
2564 2886 2835 2956 praecepit
2870 2903 2982 2940 non
3018 2886 3460 2958 relinquendam
3491 2905 3624 2945 esse
3654 2909 3795 2947 uxo-

2148 2979 2548 3045 ram,excepta
2567 2991 2743 3028 causa
2767 2975 3162 3031 fornicationis
3190 2993 3203 3030 :
3231 2982 3288 3030 et
3309 2978 3620 3048 Apostolus
3644 2981 3796 3052 idip-

2147 3080 2276 3117 sum
2312 3063 2538 3134 repetit,
2573 3062 2836 3128 dicendo,
2871 3064 3023 3134 quod
3045 3063 3092 3119 si
3121 3065 3473 3133 discesserit,
3495 3069 3799 3126 addidisse

2147 3150 2482 3213 consilium,
2538 3157 2600 3204 ut
2648 3157 2881 3205 maneat
2930 3151 3196 3222 innupta,
3231 3159 3330 3208 aut
3389 3157 3801 3213 reconcilietur

391 3240 539 3295 blice
571 3240 809 3303 nubere,
842 3255 1017 3310 quam
1065 3237 1179 3293 tale
1229 3238 1285 3293 in
1318 3240 1544 3294 occulto
1574 3239 1791 3309 aliquid
1843 3255 2032 3309 agere,
2067 3227 2108 3292 C
2149 3239 2270 3292 viro
2302 3255 2312 3292 :
2349 3244 2404 3292 et
2439 3238 2531 3292 hic
2577 3239 2718 3293 dicit
2752 3256 2763 3292 :
2800 3241 2994 3294 Mulier
3039 3242 3278 3312 alligata
3307 3247 3404 3310 est,
3435 3250 3547 3299 etc.
3575 3263 3588 3311 ;
3621 3251 3679 3300 et
3709 3246 3799 3302 lex

393 3329 548 3384 unde
578 3328 766 3400 turpis
797 3328 1106 3391 videretur,
1138 3326 1226 3382 vel
1259 3327 1522 3382 confusio
1555 3329 1820 3394 oriretur,
1843 3327 1891 3382 si
1912 3328 2030 3382 vel-

391 3421 470 3472 let
499 3416 693 3489 puella
739 3418 978 3482 nubere,
1015 3417 1235 3480 nubat;
1269 3416 1541 3486 quoniam
1592 3433 1700 3471 non
1747 3425 1950 3487 peccat,
1983 3420 2032 3470 si

387 3507 578 3561 nubat.
612 3505 742 3560 Sive
769 3514 980 3574 turpem
1009 3520 1066 3558 se
1088 3504 1266 3558 videri
1292 3507 1573 3559 existimat
1602 3523 1620 3557 :
1653 3504 1699 3559 si
1732 3505 1827 3560 ille
1873 3511 2030 3559 caste

393 3593 664 3649 nutrierit
694 3609 878 3662 usque
925 3593 995 3645 ad
1030 3597 1263 3662 tempus
1316 3593 1658 3662 pubertatis,
1691 3598 1747 3647 et
1793 3610 1924 3647 cum
1956 3594 2028 3646 ad

388 3681 534 3734 illud
567 3681 909 3751 pervenerit,
942 3696 1055 3734 non
1088 3680 1404 3734 decreverit
1432 3681 1570 3751 quid
1595 3682 1801 3736 horum
1825 3681 2029 3752 elegis-

389 3774 498 3838 set,
522 3773 717 3822 utrum
739 3768 1128 3839 virginitatem
1157 3785 1404 3837 servare,
1429 3773 1529 3824 aut
1559 3771 1828 3841 conjugio
1851 3787 2026 3840 copu-

388 3856 518 3912 lari.
549 3861 694 3913 Nam
739 3858 835 3927 qui
879 3858 1070 3911 statuit
1100 3859 1160 3910 in
1206 3858 1368 3913 corde
1418 3875 1513 3913 suo
1563 3859 1778 3928 ﬁrmus,
1829 3865 1934 3913 etc.
1969 3859 2026 3912 Si

387 3961 521 4000 vero
553 3945 685 4016 quis
705 3950 862 4000 caste
885 3946 1154 4000 nutrierit
1182 3945 1359 4002 tiliam
1382 3964 1551 4002 suam
1576 3965 1760 4018 usque
1783 3948 1853 4001 ad
1878 3953 2027 4001 tem-

386 4049 500 4106 pus
530 4034 938 4104 pubertatis,et
967 4051 1099 4088 cum
1120 4035 1246 4105 ipsa
1276 4035 1345 4090 ad
1370 4036 1560 4107 ipsum
1585 4042 1814 4108 tempus
1840 4037 2026 4091 venis-

386 4127 492 4193 set,
507 4126 565 4178 et
587 4123 712 4194 ipse
732 4122 933 4178 ﬁrmus
956 4122 1210 4178 stetisset
1234 4124 1290 4177 in
1313 4125 1484 4179 corde
1511 4130 1572 4179 ut
1591 4142 1718 4180 eam
1743 4124 2024 4195 virginem

386 4216 664 4282 servaret,
700 4228 826 4283 qua
877 4211 1108 4267 ﬁrmata
1135 4218 1294 4280 sunt,
1327 4216 1378 4268 si
1406 4219 1456 4270 et
1486 4216 1604 4285 ipsa
1632 4213 1826 4284 puella
1858 4230 2025 4268 suam

383 4299 739 4356 voluntatem
771 4301 918 4372 patri
945 4302 1259 4371 junxisset,
1279 4319 1390 4357 non
1417 4303 1619 4357 habens
1650 4305 2026 4357 necessitatem

385 4391 639 4445 nubendi
669 4407 681 4457 ;
717 4391 774 4444 id
805 4395 911 4456 est,
935 4390 1108 4462 elegit
1139 4392 1194 4445 in
1228 4391 1561 4462 virginitate
1593 4407 1846 4456 manere,
1876 4395 2023 4460 pote-

381 4488 576 4535 statem
608 4479 815 4535 habens
859 4497 970 4535 sua
1016 4482 1342 4544 voluntatis,
1375 4478 1433 4532 id
1488 4484 1597 4542 est,
1630 4478 2023 4549 virginitatem

2145 3327 2286 3380 dicit
2323 3345 2334 3380 :
2369 3327 2430 3380 Si
2459 3329 2578 3396 quis
2609 3331 2877 3398 acceperit
2929 3347 3176 3399 uxorem,
3208 3335 3258 3385 el
3287 3331 3539 3387 habuerit
3567 3349 3709 3399 eam,
3743 3346 3798 3392 et

2139 3425 2361 3485 propter
2389 3415 2650 3484 aliquam
2695 3417 2999 3486 faditatem
3046 3434 3265 3474 exosae:
3312 3419 3558 3487 duxerit,
3590 3423 3796 3478 scribat

2141 3505 2386 3558 libellum
2420 3505 2656 3575 repudii,
2679 3509 2725 3559 et
2747 3506 2912 3561 donet
2940 3508 2996 3561 in
3019 3525 3190 3561 manu
3208 3510 3407 3575 eius,et
3429 3526 3550 3565 eam
3569 3528 3611 3566 α
3635 3512 3792 3568 domo

2139 3594 2404 3664 repellat;
2441 3595 2491 3647 si
2522 3610 2642 3648 vero
2669 3595 2809 3649 alter
2838 3612 2954 3648 eam
3003 3599 3316 3667 susceperit,
3350 3604 3402 3652 et
3432 3609 3656 3670 propter
3678 3601 3789 3656 ali-

2139 3698 2302 3751 quam
2344 3681 2650 3750 lazditatem
2691 3697 2913 3736 cxosam
2959 3685 3104 3752 (595)
3133 3684 3375 3752 duxerit,
3405 3693 3456 3740 et
3485 3686 3784 3754 dimiserit,

2137 3771 2222 3824 vel
2250 3773 2492 3825 mortuus
2521 3773 2710 3840 fuerit,
2738 3774 2897 3840 prior
2926 3774 3012 3825 vir
3041 3788 3148 3825 non
3177 3789 3302 3827 eam
3352 3776 3626 3845 recipiat;
3657 3780 3787 3848 quia

2133 3859 2348 3928 polluta
2391 3865 2494 3914 est.
2528 3859 2661 3914 Dua
2711 3860 2864 3913 enim
2897 3861 3337 3916 contrarietates
3385 3863 3782 3920 inveniuntur.

2137 3945 2424 4001 Dominus
2444 3947 2709 4001 dicitnon
2734 3947 3173 4019 relinquendam
3195 3957 3588 4023 esse,excepta
3611 3971 3786 4011 causa

2139 4035 2557 4090 fornicationis.
2592 4037 2704 4090 Lex
2727 4036 2904 4091 dicit:
2943 4038 3126 4092 Possit
3155 4038 3370 4093 dimitti
3411 4045 3650 4111 propter
3680 4043 3784 4098 ali-

2138 4139 2311 4193 quam
2348 4123 2684 4178 faditatem.
2720 4126 2786 4178 Et
2819 4125 2942 4196 ipse
2973 4126 3114 4181 dicit
3143 4126 3391 4182 alterum
3415 4145 3532 4183 non
3563 4131 3784 4202 accipe-

2136 4227 2215 4265 re.
2249 4211 2529 4268 Similiter
2583 4214 2915 4283 Apostolus,
2947 4220 3004 4269 et
3037 4214 3125 4269 lex
3175 4215 3314 4270 dicit
3347 4235 3360 4270 :
3395 4217 3457 4271 Si
3482 4218 3638 4274 alter
3666 4237 3784 4276 cam

2134 4303 2420 4370 acceperit,
2456 4306 2702 4357 etc.Hac
2727 4302 3108 4358 contrarietas
3147 4303 3376 4360 videtur
3399 4323 3529 4362 esse
3559 4326 3570 4374 ;
3607 4311 3706 4365 sed
3735 4309 3781 4365 si

2136 4389 2513 4460 intelligatur,
2537 4395 2702 4446 vacat
2733 4391 3018 4446 littera.Et
3041 4393 3112 4447 ob
3135 4393 3238 4448 hoc
3269 4411 3382 4449 non
3397 4399 3781 4467 contrarium,

2134 4477 2306 4532 veluti
2341 4478 2398 4533 in
2433 4478 2635 4534 multis
2684 4479 2846 4534 locis.
2891 4481 3202 4536 Auferatur
3231 4499 3366 4555 ergo
3416 4488 3652 4556 tegmen
3685 4487 3780 4542 lit-

384 4573 590 4634 servat,
625 4585 738 4623 non
790 4575 1010 4640 peccat.
1044 4569 1152 4624 Ubi
1201 4566 1528 4656 ostenditur
1571 4567 1739 4656 quod
1759 4572 2026 4656 parentes
2057 4593 2102 4656 Ι)
2138 4571 2292 4656 tera,
2325 4573 2616 4637 quatenus
2640 4568 2921 4638 spiritalis
2952 4569 3231 4625 clarescat
3253 4571 3786 4644 intelligentia.Mu-

385 4674 499 4713 non
530 4657 779 4713 debeant
822 4658 972 4713 tilias
1022 4658 1149 4712 sine
1190 4655 1485 4710 voluntate
1534 4653 1744 4722 nuptui
1777 4655 2023 4721 tradere,

381 4745 657 4815 quoniam
689 4747 842 4802 bona
867 4749 1019 4802 facta
1041 4761 1156 4800 non
1181 4747 1320 4797 sunt
1348 4741 1679 4810 invidenda,
1707 4742 1804 4796 sed
1831 4743 2026 4812 potius

379 4834 751 4891 exbortanda.
779 4841 878 4890 Est
906 4835 1081 4890 etiam
1115 4831 1295 4886 altera
1328 4830 1589 4895 intentio,
1615 4830 1674 4883 Si
1701 4832 1823 4900 quis
1844 4836 2025 4886 autem

381 4932 596 4995 turpem
625 4941 680 4980 se
708 4924 910 4991 videri,
946 4928 1088 4986 etc.;
1123 4920 1178 4972 id
1215 4922 1322 4982 est,
1347 4917 1396 4970 si
1429 4916 1562 4986 quis
1592 4934 1824 4973 carnem
1857 4936 2024 4975 suam

379 5016 536 5067 caste
565 5012 837 5068 nutrierit
859 5024 1046 5079 usque
1063 5007 1134 5060 ad
1154 5011 1387 5075 tempus
1418 5005 1766 5075 pubertatis,
1787 5013 1842 5062 et
1868 5017 2024 5080 post-

379 5115 555 5170 quam
588 5102 659 5155 ad
695 5101 838 5154 illud
862 5095 1106 5159 venerit,
1132 5099 1195 5146 ut
1227 5094 1443 5147 nubere
1473 5095 1680 5164 possit,
1713 5101 1769 5151 et
1797 5103 2026 5169 turpem

380 5203 440 5243 se
471 5189 652 5243 videri
700 5184 1020 5246 existimat,
1071 5198 1142 5235 ne
1194 5181 1336 5235 forte
1387 5198 1419 5236 a
1469 5183 1612 5253 suis,
1644 5184 1729 5240 vel
1777 5186 1849 5241 ab
1898 5186 2027 5242 aliis

379 5276 667 5330 extraneis
724 5269 1208 5342 reprehendatur,
1243 5286 1354 5324 non
1401 5277 1616 5342 peccat,
1652 5275 1699 5328 si
1735 5276 1933 5329 nubat.
1968 5275 2027 5330 Si

375 5379 510 5419 vero
530 5361 738 5418 statuit
768 5359 1000 5426 ﬁrmus,
1022 5362 1333 5428 postquam
1359 5361 1430 5415 ad
1450 5367 1682 5433 tempus
1705 5364 2028 5434 pubertatis

633 5586 827 5675 lliqin
861 5591 1062 5675 autqg.
1097 5603 1278 5675 mnarg.
1314 5590 2026 5675 legitur.cap.rXXXVIlI.

454 5658 602 5744 (594)
633 5657 803 5736 Vulg.
852 5657 1076 5736 quod}.
1125 5660 1179 5718 α.
1211 5657 1298 5720 υἲν
1337 5657 1474 5738 εἶτα,
1507 5657 1741 5726 liberata
1784 5672 1886 5738 est,
1917 5673 2026 5728 etc.

2138 4654 2332 4710 lierem
2367 4672 2621 4726 namque
2651 4657 2860 4727 accipit
2892 4659 3046 4727 quis,
3090 4663 3146 4713 et
3175 4659 3368 4726 habet,
3413 4678 3548 4717 cum
3583 4681 3778 4719 curam

2135 4744 2472 4814 temporalis
2509 4743 2588 4797 rei
2619 4746 2884 4816 suscipit,
2918 4752 2975 4800 et
3005 4753 3240 4818 propter
3269 4749 3530 4821 aliquam
3567 4753 3781 4808 fadita.

2138 4836 2253 4886 tem
2285 4832 2624 4900 dimittit,et
2653 4851 2686 4886 a
2715 4835 2886 4890 domo
2917 4836 3328 4908 expellit,dum
3364 4856 3568 4896 curam
3593 4842 3776 4912 ipsam

2136 4923 2372 4990 propter
2402 4919 2664 4990 agnitum
2700 4929 2995 4993 peccatum
3026 4943 3060 4978 a
3086 4925 3257 4980 domo
3283 4927 3497 4982 mentis
3531 4930 3778 5000 projicit,

2135 5013 2194 5062 et
2225 5007 2371 5061 alter
2401 5025 2526 5063 eam
2573 5011 2784 5079 accipit
2814 5031 2826 5078 ;
2861 5015 3000 5084 quia
3051 5013 3198 5068 solet
3245 5015 3495 5078 evenire,
3531 5022 3596 5071 ut
3642 5019 3778 5072 dum

2136 5113 2276 5150 cura
2308 5097 2434 5168 ipsa
2467 5098 2522 5152 in
2548 5106 2739 5155 mente
2761 5100 2999 5156 alterius
3019 5103 3432 5174 exstinguitur,
3459 5104 3699 5162 alterius
3724 5107 3779 5161 in

2138 5189 2332 5241 mente
2360 5194 2682 5256 generetur,
2717 5191 2814 5244 sed
2864 5196 3100 5262 propter
3145 5191 3403 5262 aliquam
3458 5194 3780 5250 foeditatem

2138 5274 2400 5345 dimittit,
2434 5282 2535 5331 aut
2567 5278 2831 5349 moritur,
2867 5280 3004 5349 quia
3032 5285 3268 5351 propter
3287 5285 3592 5351 peccatum
3627 5285 3786 5355 agni-

2141 5368 2267 5417 tum
2301 5364 2566 5433 dimittit,
2599 5371 2700 5422 aut
2729 5367 2876 5423 solet
2897 5369 3218 5438 evenire,ut
3239 5370 3571 5442 exstinguat
3596 5369 3782 5443 illam,

2212 5596 2359 5669 (595)
2391 5596 2554 5654 Deut.
2587 5616 2739 5668 xxw,
2777 5601 2800 5654 1
2832 5624 2845 5668 ;
2877 5604 3072 5673 autog.
3105 5617 3352 5657 uxorem.
