3990 6224
138 328 249 387 361

650 336 659 354 ’
728 325 1136 387 EXPOSITIO
1182 326 1259 385 ΙΝ
1308 326 1733 387 EPISTULAS
1782 327 2039 389 PAULI.
2074 362 2151 373 —
2196 333 2270 388 IN
2322 332 2567 392 EPIS'I‘.
2618 333 2636 392 I
2683 335 2785 393 AD
2830 334 3004 396 COR.

3449 344 3564 404 362

141 459 229 515 vel
265 457 689 529 exstinguatur
731 458 804 511 ab
840 458 955 512 illa.
993 458 1049 512 Si
1100 457 1182 513 ita
1236 457 1619 529 intelligatur,
1655 458 1813 513 nulla
1839 460 1895 525 Α
1926 459 2063 515 loris
2086 463 2942 533 caperentcousolationem.ln
2968 482 3242 538 processu
3270 486 3403 524 vero
3429 475 3571 526 tem-

141 548 535 603 coutrarietas
568 546 882 601 invenitur.
916 547 1017 600 Cui
1053 547 1298 602 voluerit
1330 548 1568 613 nubere,
1604 548 1805 613 nubat,

142 638 195 692 id
230 642 342 703 est,
379 635 466 691 illi
499 636 709 700 nubat,
742 652 917 705 quem
952 634 1164 706 diligit.
1200 636 1344 699 Quia
1377 636 1527 690 solet
1559 637 1806 703 evenire,

141 732 203 780 ut
242 724 443 780 invitas
477 724 700 795 nuptiae
732 722 955 777 malum
986 723 1241 777 habeant
1272 724 1519 779 exitum.
1554 726 1807 780 Tantum

142 815 196 869 in
226 814 485 869 Domino
515 812 707 877 nubit,
735 812 835 882 qui
869 829 987 867 suae
1011 811 1274 881 religioni
1302 819 1453 868 recte
1481 813 1807 884 copulatur,

141 904 258 958 sive
282 902 387 974 qui
416 903 751 957 castitatem
783 906 994 966 servat,
1025 917 1332 972 quousque
1354 901 1518 956 alteri
1551 902 1811 973 legitime

143 992 478 1063 copuletur,
518 990 637 1046 sive
669 990 715 1043 si
745 990 892 1060 (596)
926 990 997 1043 ob
1030 1006 1288 1044 amorem
1325 991 1599 1059 filiorum,
1634 996 1810 1061 atque

146 1079 531 1152 fragilitatem
562 1077 943 1149 copulaverit.
978 1082 1112 1131 Puto
1145 1078 1285 1149 quod
1315 1087 1365 1133 et
1408 1095 1501 1149 ego
1532 1082 1808 1149 spiritum.

152 1170 233 1225 Ne
256 1168 345 1223 illi
370 1168 532 1239 parvi
557 1168 897 1238 penderent,
922 1172 1023 1220 aut
1043 1165 1219 1220 veluti
1248 1168 1374 1238 puri
1405 1167 1656 1222 hominis
1681 1186 1812 1222 con-

152 1258 362 1312 silium
400 1260 706 1328 putarent;
741 1255 869 1309 ideo
902 1255 1067 1319 dicit,
1096 1260 1247 1326 puto,
1273 1261 1381 1311 etc.
1412 1282 1424 1322 ;
1459 1257 1626 1327 quasi
1660 1258 1810 1311 dice-

158 1352 284 1402 ret:
321 1346 448 1400 Non
482 1344 558 1399 ita
581 1360 777 1399 meum
803 1343 1139 1410 consilium,
1162 1344 1338 1399 veluti
1370 1346 1500 1415 puri
1529 1344 1807 1411 hominis,

158 1436 509 1504 existimate,
538 1434 638 1488 sed
667 1434 835 1503 quasi
860 1433 1113 1488 diceret:
1140 1433 1287 1498 Quia
1311 1434 1356 1487 si
1378 1434 1658 1504 Spiritum
1683 1451 1813 1489 san-

155 1528 315 1579 ctum
347 1522 560 1587 habeo,
592 1521 903 1577 consilium
939 1538 1134 1575 meum
1169 1522 1421 1592 Spiritus
1454 1522 1639 1577 sancti
1680 1527 1767 1577 est
1796 1540 1808 1587 ;

155 1617 229 1679 et,
265 1611 313 1666 si
366 1611 623 1682 Spiritus
654 1610 870 1675 sancti,
904 1609 1001 1665 Dei
1030 1628 1042 1675 ;
1077 1613 1217 1681 quia
1247 1611 1371 1681 ipse
1400 1612 1655 1682 Spiritus
1693 1610 1807 1665 Dei.

154 1699 427 1755 Nonnulli
465 1698 670 1753 dicunt
698 1698 1053 1770 increpando
1084 1700 1330 1765 dictum,
1366 1706 1430 1753 ut
1462 1700 1538 1754 sit
1557 1716 1765 1755 sensus
1797 1716 1810 1753 :

1921 548 2079 619 poris
2103 550 2246 605 adeo
2274 550 2506 605 inolevit
2536 552 2629 606 hic
2651 569 2831 623 error,
2856 558 2922 608 ut
2954 554 3223 610 diabolus
3253 573 3315 611 se
3347 558 3570 612 immit-

1920 641 2085 703 teret,
2120 643 2176 691 et
2230 656 2262 693 a
2311 640 2548 710 perfidis
2599 658 2667 715 ac
2709 642 2967 713 deceptis
2999 642 3056 696 in
3090 643 3180 699 his
3210 644 3568 717 loqueretur.

1921 725 2145 781 Dicitur
2165 728 2338 783 etiam
2368 728 2753 784 simulacrum
2778 748 2811 785 a
2833 730 3243 799 simulatione;
3273 735 3427 805 quod
3450 740 3570 790 tra-

1922 814 2068 868 dunt
2089 815 2273 870 Judaei
2308 818 2563 888 primum
2598 818 2668 872 ab
2696 818 2939 875 lsmaele
2962 820 3286 877 inventum.
3313 823 3571 881 Gentiles

1922 908 2115 957 autem
2141 906 2341 959 dicunt
2364 906 2543 976 hujus
2568 906 2926 963 inventorem
2949 914 3005 963 et
3027 910 3366 966 traditorem
3388 912 3573 968 fuisse

1922 991 2356 1048 Prometheum.
2400 996 2565 1065 Apud
2616 998 2842 1052 Graecos
2890 998 3126 1069 CicrOps
3157 1000 3305 1070 (001)
3358 1000 3574 1055 dicitur

1925 1080 2237 1152 imaginem
2291 1084 2545 1153 primum
2588 1085 2814 1152 fecisse,
2848 1103 2977 1141 aras
3028 1086 3364 1157 aidificasse,
3398 1088 3570 1143 victi-

1924 1186 2199 1241 mamque
2247 1172 2549 1241 obtulisse,
2605 1179 2779 1245 atque
2838 1175 3023 1229 multa
3078 1174 3194 1230 alia
3251 1177 3567 1248 peregisse,

1924 1273 2049 1327 quae
2093 1275 2396 1331 nunquam
2444 1261 2589 1328 visa,
2622 1279 2924 1333 nunquam
2975 1264 3175 1318 audita
3227 1264 3459 1320 fuerant
3510 1266 3568 1319 in

1923 1345 2158 1401 Graecia.

1995 1444 2309 1514 Sequitur:
2346 1448 2554 1501 Scimus
2581 1450 2847 1518 quoniam
2876 1464 3058 1503 omnes
3088 1451 3376 1506 scientiam
3407 1450 3570 1506 habe-

1924 1550 2046 1586 mus
2067 1534 2534 1606 (intelligendum
2560 1541 2669 1605 est,
2696 1537 3015 1593 humanam
3048 1539 3135 1593 vel
3162 1541 3569 1609 mundanam).

1922 1619 2149 1675 Aliter:
2204 1624 2368 1693 quasi
2422 1624 2622 1679 dicat:
2676 1625 2952 1697 Nunquid
2998 1626 3107 1682 hoc
3154 1627 3398 1695 scimus,
3432 1629 3574 1699 quia

1922 1724 2126 1763 omnes
2155 1710 2461 1765 scientiam
2487 1712 2772 1767 habemus
2791 1716 2817 1767 ‘2
2837 1714 2982 1769 Non.
3008 1715 3173 1783 Quia,
3199 1717 3306 1771 etsi
3330 1717 3574 1771 munda-

157 1788 431 1859 Nunquid
459 1804 575 1842 non
607 1787 889 1858 δρὶτίῐυω
913 1787 1012 1842 Dei
1042 1788 1226 1842 habeo
1247 1788 1275 1842 Ῡ
1306 1789 1809 1853 Quemadmodum
1844 1830 1893 1895 B
1927 1812 2061 1849 nam
2086 1813 2289 1853 omnes
2313 1798 2619 1866 habemus,
2643 1818 2757 1854 non
2782 1806 2976 1857 tamen
3009 1803 3286 1869 divinam,
3312 1809 3377 1859 ut
3402 1803 3574 1860 intel-

159 1878 364 1948 siquis
386 1877 545 1931 dicat
567 1892 733 1931 servo
764 1893 774 1930 :
804 1876 948 1931 Bene
976 1876 1149 1943 facis;
1177 1881 1339 1947 puto,
1365 1878 1649 1932 Dominus
1677 1882 1813 1931 tuus

164 1983 315 2020 sum.

232 2074 377 2143 (597)
399 2073 561 2143 (CAP.
582 2071 1074 2141 VIII.)chuitur:
1096 2074 1171 2126 De
1191 2072 1279 2127 his
1302 2089 1424 2144 qua:
1444 2074 1603 2128 idolis
1627 2076 1813 2129 immo-

165 2164 350 2217 lantur
399 2161 550 2231 (598)
601 2161 973 2230 subauditur,
1016 2161 1461 2233 interrogastis).
1498 2163 1810 2217 Sciendum

163 2251 299 2322 quia
320 2251 394 2307 de
423 2249 545 2303 illis
571 2249 759 2304 fuerat
780 2249 1089 2320 Apostolus
1112 2251 1523 2321 interrogatus,
1550 2256 1613 2306 ut
1645 2251 1812 2318 illud,

162 2340 226 2395 de
255 2340 459 2411 quibus
481 2340 780 2408 scripsistis
799 2359 817 2393 :
851 2344 908 2393 et
930 2338 1069 2409 quia
1099 2339 1169 2393 de
1192 2340 1546 2410 quibusdam
1574 2356 1812 2410 respon-

163 2428 271 2494 dit,
299 2427 457 2481 unde
488 2431 613 2481 est:
650 2430 856 2481 Bonum
888 2434 968 2482 est
997 2427 1209 2481 homini
1236 2429 1527 2483 mulierem
1558 2444 1667 2483 non
1698 2438 1814 2483 tan-

160 2533 330 2588 gere;
362 2520 414 2571 et
445 2516 511 2571 de
534 2516 834 2585 virginibus
860 2532 872 2569 :
908 2516 1003 2570 hic
1022 2532 1156 2570 vero
1184 2516 1571 2588 interrogatus
1596 2518 1667 2572 de
1700 2517 1811 2586 his,

164 2624 293 2678 qua:
316 2604 495 2661 idolis
519 2604 918 2669 immolantur,
939 2606 1277 2675 respondet:
1309 2606 1532 2660 ldolum
1557 2622 1811 2677 quoque,

165 2695 491 2751 secundum
517 2694 1052 2765 interpretationem
1079 2695 1167 2748 sui
1199 2694 1682 2767 nominis,imago
1704 2701 1812 2759 est,

166 2784 279 2839 sive
328 2784 561 2849 forma;
594 2783 735 2853 quia
786 2783 900 2837 idos
952 2782 1144 2837 Graece
1176 2784 1344 2853 (599),
1401 2784 1593 2838 Latine
1631 2787 1815 2855 forma

169 2872 419 2927 dicitur:
455 2876 514 2927 et
546 2872 619 2925 ab
652 2871 782 2925 idos
814 2870 1058 2936 idolum,
1082 2871 1235 2926 sicut
1264 2888 1297 2926 a
1330 2872 1513 2927 forma
1544 2874 1813 2928 formula.

170 2961 303 3016 Inde
335 2960 694 3029 idololatria,
728 2959 820 3013 cui
871 2961 1160 3015 contraria
1211 2965 1299 3016 est
1350 2960 1536 3015 latria.
1572 2962 1629 3016 Si
1680 2978 1815 3033 ergo

170 3050 381 3122 imago,
415 3052 608 3105 forma
638 3048 875 3113 dicitur,
908 3050 1287 3119 quaerendum
1333 3055 1420 3105 est
1451 3067 1629 3121 quare
1661 3051 1818 3106 dicat

171 3138 485 3211 Apostolus
506 3138 729 3193 idolum
760 3136 904 3192 nihil
929 3154 1095 3193 esse:
1128 3138 1414 3209 quidquid
1447 3138 1600 3193 enim
1630 3139 1819 3195 subsi-

170 3228 287 3294 stit,
322 3232 426 3283 est.
480 3226 636 3281 Nihil
689 3232 813 3292 est;
859 3226 994 3297 quia
1044 3226 1213 3296 illud,
1246 3228 1399 3298 quod
1434 3228 1667 3298 dicitur,
1701 3246 1816 3283 non

170 3317 351 3374 oculis
374 3317 632 3380 videtur,
658 3316 760 3371 sed
786 3314 979 3370 animo
1001 3316 1394 3388 excogitatur;
1426 3317 1581 3371 verbi
1609 3318 1816 3389 gratia,

170 3408 217 3468 si
269 3406 625 3478 depingatur
672 3404 933 3461 humano
982 3405 1211 3476 corpori
1261 3410 1436 3476 caput
1486 3406 1670 3473 canis,
1722 3410 1822 3461 aut

170 3495 417 3565 pecoris,
451 3497 556 3548 aut
585 3492 834 3563 alicujus
867 3492 1163 3562 animalis,
1200 3497 1301 3548 aut
1330 3494 1457 3547 duae
1491 3494 1689 3564 facies,
1723 3499 1824 3548 aut

172 3582 434 3637 humano
464 3580 683 3650 pectori
704 3590 957 3636 extrema
980 3598 1137 3652 pars,
1159 3586 1258 3636 aut
1280 3582 1595 3653 piscis,aut
1618 3582 1820 3649 leonis,

178 3675 282 3725 aut
304 3670 585 3736 volucris,
612 3673 708 3723 aut
728 3669 975 3739 alicujus
1000 3670 1276 3725 alterius:
1308 3670 1442 3725 talis
1466 3671 1657 3741 imago
1681 3688 1825 3726 nun-

180 3775 355 3829 quam
399 3760 525 3814 visa
571 3763 695 3825 est;
729 3759 871 3825 sive,
905 3758 953 3811 si
1005 3759 1261 3829 fingatur
1290 3759 1483 3830 imago
1512 3760 1692 3824 Jovis,
1726 3764 1826 3815 aut

179 3846 466 3913 Mercurii,
489 3850 594 3901 aut
614 3846 865 3917 alicujus
888 3845 1152 3912 alterius,
1175 3851 1462 3917 quantum
1489 3847 1558 3901 ad
1583 3847 1827 3902 elemen-

180 3939 298 3989 tum
324 3936 553 4004 attinet,
574 3933 928 4004 estaliquid,
950 3934 1090 4005 quia
1111 3934 1418 4000 subsistit;
1448 3940 1732 4006 quantum
1757 3936 1827 3990 ad

176 4024 299 4093 hoc,
331 4025 485 4096 quod
520 4023 768 4089 dicitur,
802 4022 1029 4086 attinet,
1069 4022 1213 4077 nihil
1250 4028 1373 4090 est;
1408 4024 1545 4094 quia
1586 4042 1700 4080 non
1742 4028 1832 4079 est

179 4112 464 4185 hoc,quod
490 4111 710 4167 dicitur
734 4126 896 4183 :ergo
920 4112 1290 4166 mendacium
1314 4116 1430 4179 est;
1462 4113 1829 4168 mendacium

180 4218 327 4269 vero,
360 4205 673 4275 peccatum
704 4219 717 4267 ;
752 4203 1055 4271 peccatum
1090 4216 1244 4265 vero,
1292 4200 1478 4267 nihil;
1529 4202 1668 4271 quia
1717 4219 1830 4257 non

178 4290 458 4345 subsistit.
484 4288 770 4345 Nonnulli
792 4288 1013 4343 idolum
1039 4306 1073 4344 a
1094 4288 1226 4343 dolo
1250 4290 1472 4354 dicunt,
1497 4289 1832 4359 ignorantes

176 4380 349 4434 Graeci
381 4379 679 4435 sermonis
720 4377 1152 4449 proprietatem.
1186 4377 1311 4431 Alio
1344 4378 1579 4433 nomine
1610 4378 1829 4434 idolum

181 4467 387 4523 dicitur
418 4466 834 4523 simulacrum.
868 4466 1291 4529 Simulacrum,
1324 4470 1385 4520 ut
1426 4466 1653 4522 Isiodus
1684 4468 1832 4537 (600)

1926 1885 2176 1955 ligamus
2202 1886 2420 1941 idolum
2445 1889 2589 1942 nihil
2615 1906 2760 1944 esse.
2785 1892 3091 1960 Sequitur:
3123 1893 3364 1948 Scientia
3390 1896 3570 1963 inﬂat.

1922 1974 2253 2028 Notandum
2284 1992 2443 2042 sane,
2467 1977 2606 2046 quia
2636 1976 2841 2031 leniter
2872 1978 3017 2033 solet
3038 1982 3274 2052 aggredi
3305 1997 3569 2047 causam,

1924 2079 2099 2132 quam
2132 2070 2341 2134 postea
2370 2071 2677 2137 exaggerat
2711 2084 2723 2121 :
2779 2067 2933 2122 unde
2982 2068 3075 2123 hic
3106 2068 3313 2124 leniter
3339 2069 3571 2140 incipit,

1924 2152 2021 2205 sed
2046 2151 2101 2205 in
2128 2168 2225 2223 seq
2240 2154 2513 2207 uentibus
2532 2153 2782 2208 multum
2802 2161 3130 2227 exaggerat,
3146 2160 3202 2211 et
3228 2156 3571 2228 insipientes

1925 2240 2339 2306 denotando,et
2358 2242 2650 2313 sapientes
2673 2244 3147 2314 reprehendendo
3172 2262 3184 2299 :
3221 2262 3355 2301 nam
3388 2245 3532 2301 dicit
3557 2263 3569 2300 :

1925 2330 2165 2383 Scientia
2196 2332 2379 2398 inﬂat,
2413 2336 2515 2387 etc.
2554 2332 2677 2386 Non
2724 2332 2977 2388 ostendit
3028 2333 3243 2404 quibus
3276 2334 3570 2405 loquatur,

1924 2418 2023 2472 sed
2059 2422 2288 2473 tantum
2321 2420 2493 2488 quasi
2517 2420 2782 2491 despicit.
2811 2422 2961 2475 Sane
2985 2421 3291 2476 sciendum
3323 2421 3463 2493 quia
3484 2426 3576 2477 est

1924 2522 2109 2578 genus
2132 2507 2409 2576 scientiae,
2435 2524 2551 2579 quo
2575 2507 2840 2564 homines
2864 2514 3235 2564 tumescunt:
3260 2525 3407 2580 quae,
3435 2508 3576 2579 quia

1924 2596 2205 2649 charitate
2235 2612 2346 2649 non
2378 2601 2467 2649 est
2497 2597 2751 2664 condita,
2774 2596 2903 2651 ideo
2938 2597 3122 2652 inflat.
3150 2598 3284 2660 Quas
3316 2614 3571 2668 namque

1924 2685 2050 2738 sine
2081 2683 2362 2738 charitate
2392 2688 2503 2750 est,
2526 2684 2789 2751 scientia,
2813 2702 2928 2740 non
2962 2687 3234 2757 prodest;
3270 2686 3570 2757 quoniam,

1926 2771 2079 2826 sicut
2104 2773 2304 2826 vinum
2330 2774 2550 2844 absque
2572 2774 2923 2829 admistione
2946 2774 3161 2830 alienat
3185 2781 3463 2843 mentem,
3487 2776 3571 2830 sic

1927 2866 1983 2916 et
2014 2861 2258 2916 scientia
2290 2861 2511 2933 absque
2543 2862 2842 2919 charitate.
2871 2863 3146 2919 Nonnulli
3169 2865 3394 2932 dicunt,
3417 2864 3572 2935 quod

1933 2950 2094 3004 nulla
2117 2967 2208 3005 res
2234 2950 2504 3022 simplex,
2520 2952 2742 3023 absque
2764 2952 3005 3008 alterius
3026 2953 3578 3019 admistione,habi-

1928 3038 1999 3093 lis
2032 3044 2141 3103 est,
2174 3039 2330 3094 velut
2360 3040 2545 3096 cibus.
2582 3046 2713 3111 lpse
2744 3059 2875 3097 vero
2907 3044 3098 3113 panis,
3132 3060 3244 3098 non
3276 3045 3403 3098 sine
3433 3041 3574 3099 alte~

1932 3125 2053 3181 rius
2076 3125 2425 3181 admistione
2446 3127 2909 3183 desiderabiliter
2933 3130 3206 3184 sumitur.
3232 3130 3366 3201 Ipsa
3394 3129 3574 3185 etiam

1849 3196 1891 3262 (ἶ
1931 3214 2205 3281 charitas,
2236 3216 2362 3269 sine
2393 3216 2525 3270 aliis
2555 3216 2867 3271 virtutibus
2904 3233 3034 3272 esse
3065 3235 3179 3272 non
3214 3196 3420 3288 potest.
3458 3221 3574 3272 Iste

1930 3320 2162 3374 quoque
2190 3302 2351 3358 locus
2379 3304 2518 3357 facit
2545 3304 2823 3359 adversus
2853 3321 2972 3371 eos,
2996 3305 3119 3375 qui,
3146 3304 3293 3358 falsa
3321 3304 3571 3359 scientia

1933 3391 2138 3457 inflati,
2172 3392 2313 3445 dum
2354 3392 2656 3446 crederent
2686 3392 2885 3447 omnia
2914 3392 3094 3462 licita,
3125 3392 3447 3464 idolothyta
3478 3407 3573 3447 co-

1935 3480 2264 3547 medebant,
2291 3496 2404 3534 non
2438 3480 2710 3536 timentes
2739 3480 3005 3537 infirmos
3036 3480 3431 3537 scandalizars
3462 3480 3579 3535 fra-

1936 3575 2074 3623 tres.

2012 3654 2290 3728 Sequitur
2315 3673 2327 3711 :
2362 3658 2468 3725 Qui
2485 3659 2640 3713 enim
2660 3660 2940 3713 existimat
2966 3675 3023 3714 se
3050 3659 3265 3731 aliquid
3281 3661 3444 3725 scire,
3468 3664 3582 3715 etc.

1942 3747 2011 3801 Et
2054 3751 2141 3801 est
2188 3760 2399 3800 sensus
2434 3764 2445 3800 :
2502 3745 2618 3817 Ille,
2652 3746 2751 3819 qui
2786 3752 2953 3819 putat
2983 3765 3045 3804 se
3077 3749 3248 3820 scire,
3281 3754 3589 3821 propterea

1945 3836 2081 3906 quia
2112 3832 2387 3906 intelligit
2417 3836 2612 3889 omnia
2643 3836 2817 3906 licita,
2851 3841 2909 3892 et
2926 3854 3041 3892 non
3071 3838 3399 3909 inquinare,
3432 3838 3589 3909 quod

1946 3924 2004 3977 in
2036 3940 2100 3977 os
2132 3923 2309 3977 intrat
2340 3924 2547 3990 (Matth.
2581 3942 2695 3989 xvx,
2730 3927 2817 3989 11,
2848 3927 2937 3996 20)
2972 3944 2984 3981 :
3037 3928 3178 3981 dum
3227 3927 3298 3982 ad
3339 3927 3592 3983 scanda-

1944 4012 2067 4067 lum
2092 4012 2289 4066 fratris
2318 4011 2475 4067 licita
2508 4014 2711 4081 sumit,
2737 4014 2995 4069 nondum
3022 4016 3288 4086 cognovit
3308 4016 3591 4086 quemad-

1947 4100 2185 4155 modum
2237 4104 2502 4170 oporteat
2533 4117 2665 4155 eum
2702 4101 2869 4170 scire,
2901 4101 3010 4155 hoc
3040 4107 3147 4167 est,
3182 4101 3341 4172 quia,
3374 4102 3481 4156 etsi
3516 4102 3591 4156 li-

1944 4190 2057 4243 cita
2088 4193 2246 4253 sunt,
2279 4193 2473 4241 tamen
2506 4187 2581 4241 sit
2613 4188 2758 4257 (602)
2799 4204 2913 4243 non
2944 4190 3232 4260 expedire.
3264 4190 3539 4260 Sequitur
3570 4206 3584 4244 :

1948 4279 2051 4345 Qui
2100 4278 2286 4343 diligit
2334 4276 2522 4341 Deum,
2552 4280 2659 4330 etc.
2696 4276 2765 4329 Et
2800 4280 2890 4331 est
2936 4294 3191 4332 sensus:
3246 4275 3346 4331 Ille
3390 4292 3586 4332 veram

1946 4366 2121 4421 habet
2150 4364 2473 4429 scientiam,
2508 4364 2606 4434 qui
2658 4363 2839 4417 Deum
2891 4364 3119 4435 diligit;
3173 4368 3229 4419 et
3266 4365 3366 4435 qui
3398 4365 3593 4437 diligit

1950 4455 2156 4524 Deum,
2194 4453 2413 4519 fratris,
2436 4458 2499 4507 ut
2534 4469 2723 4517 suam,
2748 4437 2941 4526 diligit
2970 4453 3349 4508 salvationem
3377 4470 3389 4508 :
3421 4458 3473 4509 et
3505 4455 3595 4509 hic

186 4555 280 4625 ait,
306 4556 524 4612 dicitur
556 4573 589 4610 a
621 4554 1029 4610 similitudine.
1059 4555 1253 4609 Refert
1278 4554 1434 4609 enim
1462 4556 1599 4626 quia
1628 4556 1685 4609 in
1720 4556 1823 4626 pri-

1949 4546 2196 4614 cogm'tus
2222 4544 2301 4597 est
2323 4542 2393 4597 ab
2424 4558 2523 4603 eo;
2554 4541 2835 4613 quoniam
2862 4540 3019 4598 illius
3048 4559 3082 4596 a
3102 4542 3217 4597 Deo
3239 4542 3597 4614 approbatur

186 4644 406 4699 mordio
437 4644 715 4699 homines
747 4643 985 4697 fuerunt
1018 4642 1348 4709 bellatores,
1382 4648 1557 4715 atque
1602 4644 1837 4699 urbium

186 4738 670 4787 constructores:
727 4736 861 4802 post
918 4748 1169 4802 quorum
1230 4736 1499 4799 mortem,
1552 4737 1845 4787 amatores

186 4835 409 4886 eorum,
433 4820 731 4891 imagines
762 4819 1027 4891 ipsorum
1062 4820 1119 4873 in
1155 4821 1394 4891 pariete,
1418 4827 1517 4875 aut
1547 4822 1602 4874 in
1635 4820 1844 4892 lapidi-

189 4906 319 4975 bus,
356 4914 456 4962 aut
487 4910 551 4963 in
585 4913 744 4962 terra
773 4907 1164 4979 depinxerunt
1200 4926 1211 4961 ε
1266 4924 1381 4963 non
1414 4915 1631 4979 tamen,
1666 4915 1729 4964 ut
1768 4909 1845 4964 dii

188 4998 585 5064 crederentur,
613 4997 713 5052 sed
750 5000 813 5051 ut
845 4997 903 5051 in
938 5012 1141 5051 eorum
1175 4998 1592 5067 recordatione,
1622 5000 1713 5053 sui
1747 4999 1847 5053 do-

285 5215 413 5284 596)
448 5212 724 5269 Fortasse
742 5210 865 5267 loco
881 5212 1000 5268 sive
1015 5214 1065 5268 si
1077 5212 1283 5270 melior
1296 5218 1448 5270 esset
1467 5212 1631 5269 lectio
1650 5216 1761 5270 sive
1774 5232 1849 5271 se.

288 5286 413 5357 597)
450 5287 515 5357 In
548 5292 745 5357 aulog.
791 5302 975 5356 marg.
1028 5286 1122 5340 hic
1174 5285 1383 5354 legitur
1429 5302 1555 5357 cap.
1607 5286 1849 5342 XXXIX.

446 5355 626 5441 ἶρις.
656 5357 730 5409 de
761 5357 832 5409 iis
861 5355 1070 5425 autem,
1094 5372 1217 5428 qua:
1250 5359 1416 5413 idolis
1445 5355 1852 5427 sacriﬁcantum

268 5427 418 5493 (599)
452 5427 623 5484 εἶδος.
1110 5427 1113 5428 ί

267 5496 413 5572 (000)
450 5498 517 5572 Id
550 5501 660 5561 est,
696 5496 981 5572 Hesiodus
1011 5498 1068 5553 in
1113 5517 1220 5555 sua
1250 5499 1603 5572 Theogonia.

268 5569 416 5636 (601)
448 5568 707 5644 Cecrops
732 5571 1057 5644 Egyptius,
1082 5576 1137 5626 et
1161 5572 1385 5644 primus
1410 5568 1856 5627 Atheniensium

200 5652 297 5694 rex
328 5640 487 5713 apud
523 5638 758 5709 aliquos
788 5638 1072 5711 conditor,
1097 5638 1251 5716 ap'ud
1285 5644 1430 5700 alios
1459 5660 1593 5701 vero
1625 5660 1854 5718 repara-

526 5764 791 5826 ΡΑτιιθι..
838 5765 1157 5837 CXXXIV.

1952 4634 2217 4689 scientia.

2028 4732 2302 4803 Sequitur
2335 4747 2347 4784 :
2400 4731 2473 4784 De
2520 4732 2671 4799 escis,
2706 4744 2831 4801 qua?
2858 4728 3018 4785 idolis
3047 4729 3404 4785 immolantur
3433 4730 3595 4801 (sub-

1956 4820 2214 4888 auditur,
2268 4819 2717 4891 interrogastis).
2771 4818 3060 4874 Hactenus
3110 4818 3278 4890 quasi
3327 4820 3597 4891 quaedam

1958 4908 2295 4980 prolocutus
2328 4908 2439 4962 fuit
2467 4908 2597 4964 aliis
2626 4925 2638 4962 :
2693 4907 2826 4963 hinc
2859 4909 3197 4981 aggreditur
3228 4910 3601 4967 manifestare

1959 5014 2219 5053 causam.
2284 4997 2561 5067 Sequitur
2612 5014 2625 5052 :
2686 4997 2902 5053 Scimus
2956 5000 3089 5070 quia
3142 4998 3287 5054 nihil
3344 5008 3424 5056 est
3480 5000 3601 5056 ido-

1962 5219 2052 5271 tor
2082 5212 2441 5284 Athenarum
2476 5215 2726 5284 tantum.
2752 5212 2888 5275 Quae
2919 5217 3248 5284 sequuntur
3276 5214 3347 5268 ab
3370 5211 3603 5269 Eusebii

1965 5286 2298 5359 praefatione
2322 5282 2415 5359 Ain_
2435 5282 2757 5359 Chronicon
2792 5282 3121 5359 desumpsit
3151 5290 3355 5341 auctor
3384 5290 3601 5359 noster,

1965 5352 2064 5428 qui
2089 5356 2372 5428 Herodoto
2403 5352 2459 5406 in
2478 5352 2937 5428 _hoc_consentit:
2958 5352 3217 5428 _A'_deatur
3244 5362 3437 5411 tamen
3462 5352 3602 5411 Lac4

1964 5423 2184 5483 t-antius
2214 5426 2362 5479 libro
2416 5440 2431 5476 ι
2477 5423 2754 5492 Institut.,
2789 5425 2889 5495 qui
2920 5426 3213 5481 Melissam
3244 5428 3608 5483 Cretensium

1968 5496 2453 5569 regemprimum
2486 5494 2599 5569 diis
2650 5494 3012 5550 sacrificasse
3059 5498 3287 5553 asserit.
3319 5498 3429 5552 Alii
3473 5498 3606 5553 alia.

2040 5564 2517 5639 (602)'Libentius
2548 5564 2795 5635 legerem
2828 5570 3007 5624 tamen
3036 5568 3163 5637 sibi,
3187 5569 3273 5627 vel
3306 5579 3483 5626 tamen
3514 5569 3609 5625 sic.

3223 5770 3296 5833 12
