3990 6224
422 372 540 431 363

1437 364 1779 426 ATTONIS
1825 361 2410 424 VERCELLENSIS
2458 360 2808 423 EPlSCOPl

3710 365 3840 425 364

428 505 546 559 tum
575 500 745 569 (603).
768 501 954 564 Quare
974 497 1117 552 nihil
1139 496 1547 568 supradictum
1572 500 1681 560 est,
1707 494 1972 551 subdidit
1997 494 2068 547 ad
2100 497 2154 561 Α
2186 496 2499 548 monentur
2531 493 2601 547 ab
2639 492 2929 565 Apostolo,
2963 496 3029 547 ut
3059 509 3171 547 non
3207 491 3396 547 solum
3431 509 3493 548 se
3524 492 3596 548 ab
3642 492 3840 549 idolo-

428 588 931 646 conﬁrmationem
952 605 965 643 :
990 588 1054 641 Et
1074 584 1212 658 quod
1232 586 1420 640 nullus
1436 587 1594 650 Deus,
1610 585 1724 639 nisi
1744 600 1906 639 unus.
1925 584 2071 654 Ergo

429 680 627 750 Imago
655 676 836 743 Jovis,
870 680 971 732 aut
999 679 1357 738 ceterorum,
1389 690 1503 729 non
1538 674 1711 729 Deus.
1746 672 2023 744 Sequitur
2054 688 2066 724 :

428 766 589 831 Nam,
620 765 727 821 etsi
760 772 893 820 sunt
922 764 1017 834 qui
1044 762 1305 817 dicantur
1330 761 1433 833 dii,
1467 765 1574 817 etc.
1606 762 1735 816 Haec
1784 760 2074 816 sententia

431 853 664 910 duobus
692 853 883 908 modis
912 856 1099 923 potest
1129 850 1374 923 intelligi
1403 867 1416 905 :
1452 867 1569 905 uno
1596 849 1885 915 videlicet,
1912 848 2070 919 quia,

432 943 758 999 secundum
780 939 1226 997 aestimationem
1251 938 1577 1013 gentilium,
1602 939 1881 992 dicuntur
1900 937 1978 991 dii
2012 937 2070 990 in

435 1030 598 1097 ccelo,
628 1034 690 1086 ut
718 1028 823 1099 sol,
848 1028 1008 1094 luna,
1038 1045 1103 1082 ac
1130 1027 1291 1082 varia
1323 1027 1551 1082 sidera:
1586 1027 1644 1080 in
1675 1031 1850 1089 terra,
1880 1025 2073 1095 imago

432 1119 613 1185 Jovis,
646 1116 915 1173 Mercurii
962 1121 1138 1189 atque
1184 1115 1471 1171 Herculis.
1504 1115 1654 1181 Sive,
1688 1115 1841 1186 quod
1873 1130 2073 1169 verum

432 1212 540 1275 est,
574 1206 655 1262 dii
684 1206 745 1261 in
776 1204 938 1272 ccelo,
970 1205 1165 1278 angeli
1198 1221 1211 1261 :
1267 1205 1326 1260 in
1357 1209 1511 1260 terra
1537 1221 1693 1271 vero,
1726 1203 1889 1259 electi
1920 1221 1935 1271 ;
1982 1218 2076 1272 ego

432 1296 575 1365 dixi,
605 1296 822 1367 inquit,
852 1294 935 1349 dii
962 1295 1089 1350 estis
1119 1295 1293 1362 (Psal.
1328 1310 1515 1360 LXXXI,
1546 1295 1618 1362 6;
1670 1294 1827 1348 Joan.
1873 1309 1930 1359 x,
1963 1292 2073 1359 34).

434 1386 493 1441 Si
525 1385 684 1441 enim
705 1384 975 1439 homines
1007 1383 1085 1437 dii
1116 1382 1412 1449 dicuntur,
1438 1380 1622 1435 multo
1653 1381 1840 1452 magis
1865 1380 2077 1453 angeli,

436 1474 539 1547 qui
568 1473 803 1529 mortali
835 1487 1008 1527 carne
1038 1476 1255 1526 carent.
1290 1472 1399 1525 Sed
1435 1469 1795 1541 prohibitum
1829 1474 1916 1524 est
1946 1468 2078 1528 dici.

439 1568 496 1620 et
524 1578 599 1618 ne
628 1560 798 1617 latria
826 1560 943 1615 illis
972 1560 1366 1632 impendatur,
1400 1558 1678 1631 quoniam
1721 1574 1875 1613 unus
1922 1556 2080 1612 solus

440 1650 833 1708 essentialiter
861 1650 1053 1716 Deus;
1088 1647 1274 1720 angeli
1304 1664 1461 1715 vero,
1493 1652 1593 1702 aut
1631 1646 1923 1715 homines,
1956 1650 2081 1701 tan-

440 1738 754 1794 tummodo
784 1736 1211 1808 nuncupative;
1263 1737 1418 1791 unde
1465 1740 1600 1790 est:
1658 1736 2086 1789 Ecce‘conslitui

440 1836 493 1885 te
527 1832 701 1884 Deam
727 1826 1033 1882 Pharaonis
1060 1825 1248 1896 (Exod.
1281 1841 1381 1924 vn,
1416 1826 1465 1895 1)
1505 1841 1516 1878 :
1568 1828 1648 1930 et)
1668 1823 1979 1896 applicavit
2010 1825 2080 1877 ad
2114 1865 2163 1930 B

440 1917 581 1972 deos
611 1916 785 1987 (604).
816 1915 1181 1985 Quapropter
1210 1912 1471 1968 subdidit
1499 1930 1512 1968 :
1547 1911 1649 1967 Sed
1677 1913 1834 1967 nobis
1867 1916 2084 1966 tantum

439 2021 586 2060 unus
631 2004 770 2059 Deus
816 2006 1000 2072 Pater,
1051 2016 1121 2056 ex
1170 2017 1275 2073 quo
1326 2003 1537 2056 omnia.
1588 2001 1801 2057 Verum
1850 2006 1961 2070 est,
1996 2002 2083 2054 in-

441 2108 657 2166 quam;
680 2092 820 2163 quia
838 2106 1203 2162 quaecunque
1225 2094 1382 2159 sunt,
1403 2095 1460 2145 et
1482 2090 1822 2161 ubicunque
1843 2093 2003 2157 sunt,
2019 2106 2087 2144 ex

442 2183 571 2255 ipso
601 2185 761 2237 sunt.
794 2185 880 2249 Et,
914 2185 979 2234 ut
1010 2195 1117 2234 nos
1149 2182 1446 2251 separaret
1476 2179 1546 2233 ab
1580 2177 1718 2243 illis,
1752 2178 1851 2249 qui
1884 2178 1956 2233 ab
1988 2177 2085 2232 illo

444 2276 607 2338 sunt,
640 2270 741 2327 sed
772 2274 971 2325 tamen
1018 2268 1077 2322 in
1129 2266 1229 2322 illo
1268 2284 1371 2339 per
1400 2268 1575 2322 ﬁdem
1607 2284 1721 2322 non
1754 2271 1912 2332 sunt,
1946 2267 2084 2322 sub-

435 2360 655 2432 junxit,
686 2358 888 2413 dicens
917 2372 933 2411 :
976 2359 1043 2412 Et
1067 2371 1167 2412 nos
1197 2359 1255 2410 in
1288 2357 1407 2411 illo.

514 2447 839 2518 Sequitur:
890 2446 952 2499 Et
1004 2460 1148 2499 unus
1194 2446 1456 2500 Dominus
1496 2446 1649 2500 Iesus
1681 2444 1946 2500 Christus.
1987 2445 2089 2499 Per

443 2535 742 2592 Christum
797 2534 895 2589 Dei
944 2532 1155 2588 Filium
1205 2534 1422 2599 omnia,
1474 2549 1602 2604 quae
1652 2539 1811 2599 sunt,
1864 2550 1932 2588 ex
1980 2533 2088 2588 Pa-

438 2629 529 2680 tre
552 2624 703 2695 (605)
735 2626 927 2678 creata
956 2626 1095 2677 sunt
1126 2637 1140 2677 :
1183 2628 1239 2677 et
1266 2622 1395 2676 ideo
1426 2621 1568 2676 dicit
1600 2640 1612 2677 :
1651 2628 1755 2677 Per
1785 2639 1943 2693 quem
1973 2639 2086 2677 0m-

435 2715 557 2781 nia,
591 2717 659 2768 ut
700 2711 845 2767 illud
880 2728 892 2766 :
948 2710 1142 2767 Omnia
1168 2726 1267 2782 per
1296 2711 1472 2781 ipsum
1499 2714 1651 2781 facta
1679 2719 1807 2765 sunt
1837 2712 2012 2782 (Joan.
2048 2729 2087 2777 1,

431 2804 546 2874 23).
579 2800 827 2857 Pulchre
856 2799 1117 2872 quidem,
1148 2815 1280 2853 cum
1316 2798 1577 2865 dixisset,
1607 2816 1708 2869 per
1736 2815 1911 2870 quem,
1946 2799 2087 2853 sub-

431 2892 632 2965 junxit
656 2907 668 2947 :
701 2891 768 2945 Et
795 2904 898 2944 nos
925 2904 1023 2961 per
1041 2889 1267 2959 ipsum;
1298 2887 1437 2958 quia
1465 2904 1565 2959 per
1584 2903 1757 2958 quem
1783 2888 1956 2943 creati
1990 2904 2087 2943 su-

443 2996 599 3047 mus,
632 2984 699 3035 ut
728 2992 995 3035 essemus
1021 3001 1035 3044 ;
1066 2992 1168 3048 per
1196 2976 1392 3048 ipsum
1424 2976 1663 3032 recreati
1697 2993 1762 3031 ac
1791 2978 2085 3032 reformati

443 3078 677 3135 sumus,
710 3071 772 3123 ut
800 3083 985 3123 unum
1020 3071 1198 3121 Deum
1228 3063 1709 3135 intelligeremus,
1740 3069 1797 3120 et
1826 3066 2086 3121 credere-
2136 3084 2137 3087 η

445 3175 602 3229 mus,
636 3162 811 3229 atque
839 3154 1059 3211 idolum
1092 3153 1241 3209 nihil
1283 3169 1412 3209 esse
1443 3169 2012 3225 recognosceremus.

2181 582 2361 655 thytis
2392 582 2771 649 abstinerent,
2806 581 2905 638 sed
2937 586 2992 637 et
3024 580 3318 654 figmentis
3348 585 3655 654 poetarum
3689 599 3869 657 ope-q

2181 688 2304 725 ram
2340 688 2453 725 non
2487 671 2709 737 darent,
2746 675 2811 725 ut
2864 670 3132 726 infirmos
3183 687 3298 727 non
3343 670 3845 728 scandalizarent.

2182 759 2387 814 Omnis
2416 759 2571 814 enim
2620 776 2812 815 sermo
2846 765 2945 814 aut
2976 759 3210 815 diabolo
3241 764 3526 832 sacratur,
3560 766 3667 817 aut
3697 760 3846 818 Deo.

2183 847 2285 903 Ille
2315 864 2466 918 vero,
2499 848 2596 919 qui
2634 866 2739 903 nos
2771 849 2841 903 ad
2875 849 3250 916 munditiam,
3281 836 3639 922 castitatem,
3664 856 3851 923 atque

2183 937 2579 1004 sobrietatem,
2603 944 2660 992 et
2691 937 2909 992 similia
2941 944 3233 1009 provocat,
3259 938 3372 993 Deo
3405 940 3610 1012 utique
3633 956 3851 996 conse—

2184 1031 2416 1093 cratur;
2452 1027 2549 1098 qui
2602 1031 2795 1081 autem
2851 1029 2920 1082 ad
2972 1027 3284 1095 contraria,
3318 1028 3691 1085 daemonibus
3725 1047 3850 1085 non

2184 1115 2489 1170 dubitatur
2515 1115 2878 1171 immolatus.

2258 1205 2581 1275 Sequitur:
2638 1207 2769 1259 Esca
2814 1208 2996 1261 autem
3043 1221 3140 1261 nos
3188 1222 3297 1262 non
3325 1209 3671 1264 commendat
3706 1214 3842 1267 Deo.

2190 1295 2257 1347 Et
2303 1297 2392 1347 est
2444 1310 2700 1349 sensus:
2752 1294 2811 1349 Si
2861 1310 2995 1350 esca
3038 1310 3151 1349 non
3193 1296 3384 1351 reddit
3416 1313 3523 1352 nos
3553 1297 3845 1371 gratiores

2190 1383 2327 1446 Deo,
2352 1397 2539 1452 neque
2571 1381 2765 1453 ipsum
2790 1383 2977 1455 magis
3007 1383 3144 1439 facit
3164 1384 3333 1440 nobis
3365 1385 3711 1457 propitium,
3743 1405 3844 1443 ne-

2191 1486 2303 1541 que
2334 1470 2380 1524 si
2416 1486 2529 1524 non
2563 1470 3011 1537 manducamus,
3046 1472 3422 1538 offendimus,
3446 1490 3550 1529 cur
3581 1492 3683 1530 vos
3716 1493 3848 1549 pro-

2192 1563 2322 1630 pter
2347 1574 2511 1613 escas
2535 1558 2741 1613 fratres
2766 1559 3162 1615 scandalizare
3192 1577 3307 1616 non
3338 1560 3563 1618 timetis
3585 1563 3614 1617 ?
3641 1564 3847 1637 Sequi~

2191 1649 2288 1698 tur
2322 1660 2334 1699 :
2390 1645 2572 1715 Neque
2600 1646 2651 1699 si
2676 1645 3189 1701 manducaverimus
3220 1647 3614 1722 (subauditur,
3656 1650 3843 1709 idolo-

2194 1732 2378 1805 thyta)
2427 1732 2850 1801 abundabimus,
2886 1732 2995 1789 hoc
3043 1739 3154 1799 est,
3204 1735 3445 1792 ditiores
3501 1738 3750 1809 erimus,
3782 1746 3846 1796 ut

2193 1820 2322 1876 aliis
2351 1821 2494 1875 ciliis
2534 1839 2647 1876 non
2697 1821 3109 1891 indigeamus:
3158 1840 3333 1897 neque
3378 1827 3429 1880 si
3477 1828 3841 1885 manducare-

2194 1911 2394 1976 rimus,
2426 1910 2741 1980 deﬁczemus
2762 1927 2783 1971 ,'
2829 1912 2968 1983 quia
2997 1917 3169 1967 erunt
3196 1912 3293 1968 alii
3327 1913 3462 1982 cibi,
3495 1916 3712 1987 quibus
3744 1936 3841 1975 su-

2196 2003 2536 2053 stontemur.
2562 2000 2630 2052 Et
2662 1999 2769 2054 hoc
2801 2000 3105 2055 sciendum
3138 2002 3277 2072 quia
3307 2002 3476 2058 multi
3509 2004 3843 2061 Corinthio-

2196 2102 2326 2141 rum
2360 2088 2502 2141 adeo
2534 2092 2698 2141 erant
2728 2089 3081 2144 corroborati
3112 2090 3170 2144 in
3204 2091 3337 2159 ﬁde,
3370 2097 3434 2146 ut
3479 2093 3677 2149 omnia
3723 2096 3842 2149 sibi

2195 2177 2495 2230 crederent
2526 2175 2705 2240 licita,
2735 2181 2791 2231 et
2820 2176 2963 2230 nihil
2996 2194 3219 2243 eorum,
3247 2195 3376 2250 qua:
3409 2179 3464 2235 in
3494 2196 3560 2235 os
3588 2181 3843 2254 intrant,

2196 2265 2351 2318 sicut
2401 2263 2679 2319 Dominus
2728 2264 2885 2332 dicit,
2938 2266 3315 2338 coinquinare
3344 2269 3563 2337 (Matth.
3612 2287 3708 2337 xv,
3753 2273 3843 2340 11,

2194 2354 2308 2423 2U),
2340 2358 2397 2409 et
2438 2354 2567 2408 ideo
2613 2369 2725 2409 non
2758 2354 3108 2411 haesitabant
3137 2356 3461 2430 idolothyta
3491 2360 3797 2416 comedere
3826 2380 3839 2429 ;

2196 2441 2413 2495 inlirmi
2443 2458 2575 2497 vero
2613 2443 2875 2498 videntes
2906 2445 3474 2502 scaudalizabantur.
3512 2448 3578 2502 Et
3627 2449 3843 2505 idcirco

2197 2547 2312 2585 non
2344 2530 2535 2585 solum
2567 2532 2641 2585 ab
2690 2531 2829 2595 illis,
2862 2533 2963 2587 sed
3012 2534 3246 2603 penitus
3292 2550 3353 2589 se
3402 2551 3437 2589 a
3482 2552 3681 2603 carne,
3715 2542 3774 2593 et
3810 2555 3845 2593 a

2196 2620 2331 2673 vino
2355 2620 2763 2686 abstinebant;
2796 2621 2937 2692 quia
2968 2637 3192 2691 carnes,
3219 2639 3344 2694 quas
3375 2623 3551 2681 idolis
3571 2612 3845 2682 immolao

2197 2708 2431 2778 bantur,
2455 2709 2513 2762 in
2544 2709 2785 2764 macello
2807 2710 3226 2783 vendebantur.
3254 2712 3322 2766 Hi
3343 2713 3519 2769 etiam
3549 2715 3845 2786 primitias

2195 2797 2315 2851 vini
2364 2797 2534 2853 idolis
2584 2797 2987 2869 immolabant,
3021 2805 3078 2855 et
3125 2800 3412 2857 nonnulla
3457 2804 3746 2859 sacriﬁcia
3789 2806 3853 2860 in

2199 2886 2344 2957 ipsis
2374 2885 2767 2943 torcularibus
2815 2889 3177 2943 exercebant.
3211 2890 3281 2944 Et
3310 2890 3449 2961 quia
3479 2892 3850 2949 scandaliza-

2197 2976 2430 3039 bantur,
2465 2976 2605 3030 dicit
2633 2975 2944 3047 Apostolus
2980 2993 2992 3030 :
3041 2978 3220 3032 Videte
3247 2993 3318 3034 ne
3344 2979 3464 3035 haec
3492 2980 3722 3037 licentia
3750 2998 3849 3037 ve-

2195 3068 2312 3118 stra
2340 3064 2729 3136 oﬂendiculwm
2761 3066 2858 3134 ﬁat
2888 3067 3168 3134 inﬁrmis;
3200 3067 3367 3139 quasi
3399 3069 3621 3125 diceret
3653 3087 3666 3125 :
3711 3070 3846 3125 Jam

2197 3153 2337 3224 quia
2360 3154 2558 3208 omnia
2578 3153 2737 3209 licita
2758 3154 2942 3224 scitis,
2964 3154 3151 3210 videte
3182 3171 3253 3211 ne
3275 3156 3403 3228 ipsa
3430 3158 3682 3214 scientia
3702 3158 3854 3216 alios

518 3227 796 3318 Sequitur
827 3261 842 3301 :
876 3244 976 3300 Sed
1000 3258 1112 3300 non
1142 3245 1202 3298 in
1231 3242 1483 3299 omnibus
1512 3250 1587 3298 est
1614 3244 1866 3298 scientia.
1902 3244 1970 3297 Et
1999 3251 2087 3299 est
2117 3227 2160 3295 C
2200 3243 2472 3297 offendat.
2497 3241 2924 3298 Oli‘endiculum
2947 3244 3176 3299 duobus
3200 3244 3390 3300 modis
3415 3262 3428 3299 :
3461 3245 3552 3302 vel
3585 3247 3726 3318 quia
3754 3263 3853 3303 re-

446 3350 695 3395 sensus:
730 3334 889 3390 Licet
908 3332 1082 3389 etiam
1105 3333 1404 3387 credentes
1436 3330 1573 3398 sint,
1598 3346 1712 3387 non
1736 3338 1933 3388 tamen
1966 3348 2089 3389 om-

448 3442 553 3482 nes
573 3425 747 3481 istam
769 3423 987 3479 habent
1007 3421 1335 3488 scientiam,
1359 3426 1425 3475 ut
1444 3419 1688 3487 idolum,
1710 3420 1856 3476 nihil
1880 3420 2091 3476 intelli-

447 3518 610 3590 gant,
642 3518 700 3570 et
745 3529 931 3569 unum
977 3512 1161 3567 Deum
1212 3514 1553 3583 agnoscant.
1590 3510 1739 3565 Sane
1784 3509 2088 3566 sciendum

448 3605 589 3677 quia
634 3607 801 3659 erant
847 3600 1115 3657 nonnulli
1168 3616 1235 3655 ex
1284 3599 1468 3671 plebe,
1502 3599 1601 3670 qui
1655 3599 1845 3655 adhuc
1893 3616 2091 3657 amore

440 3691 587 3748 idoli
617 3690 854 3758 detenti,
887 3689 1119 3760 aliquod
1146 3687 1428 3756 numinis,
1458 3705 1523 3743 ac
1552 3687 1750 3760 gratia:
1782 3689 1839 3743 in
1874 3705 1940 3744 eo
1963 3706 2091 3745 esse

448 3779 781 3836 credebant.
815 3777 881 3833 Et
930 3779 1059 3833 ideo
1112 3776 1299 3832 dicit:
1354 3777 1586 3845 Quidam
1638 3786 1840 3847 autem,
1873 3778 1930 3832 id
1981 3784 2087 3845 est,

448 3868 769 3940 simplices,
827 3867 1157 3922 conscientia
1212 3880 1382 3936 usque
1446 3882 1594 3920 nunc
1647 3866 1803 3934 idoli,
1866 3866 1919 3920 id
1979 3872 2087 3932 est,

451 3972 648 4013 amore
679 3962 737 4013 et
765 3954 1165 4025 delectatione,
1198 3955 1339 4010 dum
1371 3954 1601 4026 aliquod
1652 3955 1933 4013 numinis.
1967 3961 2088 4021 aut,

450 4046 650 4120 gratim
688 4046 748 4100 in
780 4044 935 4101 idolo
967 4061 1095 4101 esse
1125 4047 1336 4116 putant
1367 4061 1379 4099 :
1433 4047 1599 4117 quasi
1625 4044 1947 4115 idolothyta,
1982 4044 2090 4099 hoc

448 4139 558 4208 est,
590 4134 763 4192 idolis
790 4133 1021 4203 tradita,
1053 4133 1385 4189 manducent
1413 4138 1469 4189 et
1516 4134 1847 4189 conscientia
1877 4148 2087 4201 eorum,

445 4242 571 4282 cum
596 4226 670 4281 sit
704 4224 949 4295 inﬁrma,
977 4223 1292 4296 polluitur;
1324 4224 1463 4294 quia
1492 4222 1714 4295 aliquid
1745 4222 1937 4277 inesse
1968 4238 2087 4277 cre-

444 4315 625 4371 ditur.
657 4314 933 4388 Origenes
961 4329 1095 4370 vero
1126 4312 1270 4367 dicit
1300 4329 1312 4367 :
1372 4311 1804 4366 Attendendum
1835 4315 1924 4366 est
1951 4311 2090 4381 quia

440 4403 719 4461 Corinthii
750 4420 866 4460 non
914 4401 1107 4459 solum
1156 4400 1332 4456 idolis
1381 4405 1611 4456 sacrata
1661 4400 2085 4454 comederunt:

436 4493 551 4566 ipsi
587 4509 841 4566 namque
871 4496 1038 4548 erant
1088 4487 1510 4562 philosophicas
1539 4486 1840 4552 doctrinm,
1872 4485 2088 4541 libera-

436 4580 582 4638 lium
614 4581 1176 4654 disciplinarumque
1209 4574 1580 4631 sazcularium
1615 4577 1926 4642 amatores,
1951 4575 2086 4645 qui-
2115 4597 2161 4661 D

437 4671 549 4726 bus
578 4675 635 4726 et
663 4687 898 4743 operam
930 4669 1170 4733 dabant,
1195 4665 1296 4720 sed
1328 4662 1436 4728 illi,
1465 4662 1566 4733 qui
1599 4662 1659 4715 in
1694 4662 1803 4716 fide
1831 4663 2083 4719 roborati

436 4764 621 4826 erant,
652 4760 793 4814 dum
825 4759 1108 4830 ﬁgmenta
1155 4755 1460 4824 poetarum
1510 4749 1802 4820 legebant,
1836 4767 1948 4804 non
2000 4753 2082 4808 eis

436 4848 946 4919 pervertebantur;
981 4843 1121 4915 quia
1150 4840 1209 4893 in
1242 4838 1335 4891 his
1368 4837 1514 4891 nihil
1538 4837 1881 4908 gratiosum,
1909 4839 2080 4894 nihil-

436 4950 548 5006 que
599 4935 742 4991 utile
790 4949 922 4989 usse
969 4928 1331 4984 credebant:
1384 4929 1443 4978 at
1490 4940 1723 4995 quoque
1770 4924 1985 4981 infirmi
2027 4934 2083 4984 et

433 5024 752 5096 simplices,
779 5023 921 5076 dum
946 5019 1018 5073 ad
1050 5014 1439 5069 imitationem
1463 5013 1697 5067 fortium
1733 5014 1823 5069 his
1845 5032 2078 5086 operam

432 5113 671 5178 dabant,
705 5108 844 5181 quia
878 5102 1359 5177 philosophorum
1405 5101 1760 5174 syllogismis
1791 5111 2079 5173 perverte-

429 5201 664 5268 bantur,
688 5194 857 5267 quasi
888 5190 1216 5262 idolothyta
1238 5190 1686 5247 manducabant.
1716 5193 2079 5265 Quapropter

498 5391 648 5461 (603)
680 5386 934 5461 IngVulg.
960 5386 1053 5442 hic
1084 5390 1312 5443 tantum
1337 5386 1548 5461 legitur
1567 5386 1689 5443 haec
1718 5388 2071 5461 propositio:

425 5457 574 5517 nihil
602 5457 684 5514 est
726 5459 820 5514 ida
830 5457 969 5513 tuin.

497 5530 647 5602 (604)
676 5529 852 5585 Exod.
884 5546 1033 5602 xxn,
1053 5530 1109 5598 8,
1136 5528 1305 5602 Vulg.
1331 5530 1701 5601 applicabitur
1728 5529 1798 5584 ad
1827 5530 1971 5585 deos.

499 5601 647 5673 (605)
678 5601 761 5674 Ex
804 5602 993 5674 Patre,
1021 5601 1079 5656 id
1120 5601 1315 5674 estpa
1368 5606 1673 5674 Patre,_ex_
1713 5616 1817 5674 quo
1861 5603 2068 5669 omnia,

428 5675 513 5761 ita
541 5671 727 5732 omnia
749 5687 821 5732 ea:
844 5672 951 5733 Deo
980 5672 1091 5731 hac
1117 5671 1328 5748 Ep.’x1,
1364 5673 1450 5744 12,
1481 5671 1545 5730 et
1566 5671 1617 5730 II
1646 5671 1775 5730 Cor.
1806 5689 1863 5743 v,
1897 5674 1983 5741 18,
2013 5681 2069 5732 et

2200 3330 2657 3401 prehendebant,
2678 3332 3017 3388 immundos
3038 3334 3393 3403 judicantes,
3415 3334 3501 3391 vel
3535 3340 3691 3392 certe
3712 3338 3856 3407 quia

2200 3420 2604 3476 imitabantur.
2642 3421 2804 3475 Unde
2835 3425 2892 3476 et
2922 3437 3056 3476 mox
3086 3422 3393 3493 subjunxit
3424 3440 3438 3477 :
3472 3424 3550 3480 'Si
3600 3427 3751 3481 enim
3811 3436 3856 3483 te

2199 3511 2401 3565 viderit
2421 3512 2539 3581 quis
2568 3510 2770 3565 habens
2797 3513 3101 3581 scientiam,
3125 3516 3181 3566 et
3214 3528 3417 3584 usque,
3441 3512 3856 3582 sediﬁcabitur;

2198 3600 2255 3653 id
2308 3604 2416 3665 est,
2465 3599 2873 3670 provocabitur
2924 3600 3280 3657 manducare
3329 3584 3679 3675 idolothyta,
3732 3619 3855 3660 non

2200 3693 2393 3743 tamen
2425 3704 2493 3742 ea
2524 3688 2657 3755 fide,
2694 3704 2811 3759 qua
2846 3693 2930 3743 tu.

2272 3776 2584 3847 Sequitur:
2622 3779 2692 3832 Et
2720 3778 2921 3849 peribit
2942 3779 3208 3845 inﬁrmus
3238 3780 3297 3833 in
3326 3783 3423 3834 tua
3451 3781 3710 3850 scientia,
3744 3784 3864 3853 fra-

2199 3874 2301 3933 ter,
2354 3870 2464 3919 etc.
2517 3864 2692 3930 Quasi
2748 3866 3010 3920 diceret:
3065 3869 3181 3920 Cur
3228 3883 3341 3922 non
3389 3868 3565 3923 times
3616 3869 3860 3926 fratrem

2199 3958 2366 4007 tuum
2400 3953 2683 4020 occidere,
2718 3969 2890 4025 quem
2924 3953 3194 4011 Christus
3224 3955 3527 4012 moriendo
3559 3958 3863 4015 redemit?

2199 4042 2322 4096 Tua
2352 4058 2605 4113 namque
2634 4042 2880 4097 scientia
2910 4042 3073 4098 illum
3123 4043 3352 4099 occidit.
3384 4044 3615 4107 Quibus
3663 4048 3861 4104 verbis

2199 4130 2456 4186 ostendit
2475 4130 2786 4202 Apostolus
2815 4147 2928 4186 non
2952 4136 3073 4187 tam
3096 4132 3283 4203 ipsam
3305 4148 3429 4189 rem
3452 4149 3582 4191 esse
3611 4138 3857 4203 malam,

2202 4235 2376 4291 quam
2418 4219 2613 4275 fratris
2664 4219 3010 4291 periculum.
3042 4220 3312 4276 Ostendit
3359 4226 3416 4277 et
3464 4222 3552 4277 illi
3607 4226 3858 4296 majoris

2198 4324 2326 4362 esse
2352 4305 2769 4372 damnationis,
2794 4306 2896 4378 qui
2914 4307 3281 4363 occasionem
3308 4309 3590 4380 peccandi
3619 4311 3853 4379 tribuit,

2198 4413 2375 4467 quam
2410 4396 2510 4467 qui
2540 4396 2599 4450 in
2628 4410 2691 4451 se
2710 4399 2928 4466 peccat.
2956 4397 3117 4461 Quod
3149 4400 3206 4451 et
3230 4397 3311 4451 ibi
3334 4401 3727 4471 monstratur,
3749 4400 3850 4456 ubi

2198 4484 2368 4540 Balac
2389 4484 2602 4556 legitur
2623 4500 2859 4539 vocasse
2883 4483 3117 4539 Balaam
3147 4484 3420 4556 ariolum,
3446 4489 3513 4542 ut
3534 4489 3853 4545 maledice-

2198 4578 2284 4630 ret
2314 4573 2450 4627 liliis
2484 4572 2657 4628 Israel
2690 4574 2873 4644 (Nam.
2906 4590 3049 4638 χχιι,
3081 4574 3192 4645 23).
3226 4575 3331 4640 Qui
3374 4574 3487 4631 etsi
3520 4593 3639 4633 non
3672 4578 3852 4634 male-

2192 4662 2356 4733 dixit,
2389 4660 2699 4716 consilium
2742 4666 2939 4717 tamen
2991 4662 3214 4717 malum
3265 4663 3428 4718 dedit
3476 4664 3665 4736 (Num.
3695 4683 3850 4733 xxrv,

2192 4752 2297 4818 14;
2349 4749 2507 4804 Mich.
2562 4766 2638 4813 VI,
2686 4750 2763 4817 5;
2812 4752 2861 4805 II
2888 4753 3034 4805 Petr.
3083 4768 3143 4817 ιι,
3192 4751 3328 4819 15):
3386 4753 3565 4821 unde,
3602 4755 3851 4826 jubente

2195 4838 2457 4904 Domino,
2482 4842 2897 4908 utexpeterent
2923 4839 3060 4894 filiis
3084 4839 3260 4907 Israel
3284 4840 3355 4894 de
3382 4841 3846 4915 Moabitis(606),

2190 4944 2307 4998 qua
2331 4927 2601 4996 expetita,
2620 4927 2846 4998 Moyses
2872 4929 2941 4987 ad
2972 4928 3251 4999 populum
3277 4945 3451 4984 suum
3477 4929 3720 4989 locutus
3740 4937 3845 4999 est,

2189 5017 2315 5088 ipse
2345 5015 2545 5070 dicens
2579 5032 2592 5068 :
2644 5016 3054 5088 Accingimini,
3090 5022 3147 5071 et
3189 5017 3532 5089 belligerate
3562 5022 3848 5077 adversus

2190 5105 2471 5160 Moabitas
2502 5106 2689 5175 (Num.
2716 5121 2846 5173 xxv,
2875 5106 2998 5174 l7):
3033 5105 3132 5175 qui
3165 5106 3449 5162 abeuntes
3479 5124 3693 5166 omnes
3725 5126 3845 5165 ma-

2187 5192 2482 5249 sculinum
2506 5192 2565 5249 in
2590 5210 2687 5249 ore
2711 5192 2890 5265 gladii
2918 5193 3354 5266 interfecerunt,
3367 5201 3427 5250 et
3442 5195 3688 5255 Balaam
3715 5214 3845 5255 cum

2184 5405 2254 5445 ea:
2284 5390 2418 5460 ipso,
2444 5397 2496 5445 et
2523 5404 2621 5460 per
2648 5390 2858 5460 ipsum,
2882 5390 2935 5444 et
2963 5389 3024 5443 in
3053 5389 3169 5459 ipso
3198 5398 3329 5445 sunt
3352 5391 3541 5445 omnia
3573 5391 3652 5448 ad
3678 5392 3843 5448 Rom.

2184 5477 2263 5528 χι,
2295 5477 2384 5514 eo.

2256 5532 2403 5605 (006)
2438 5531 2670 5605 Fortase
2693 5529 3028 5605 addendum
3060 5530 3347 5605 ultionem,
3379 5530 3558 5590 Num.
3593 5550 3758 5605 xxxx,
3787 5532 3845 5604 2,

2183 5604 2242 5658 et
2269 5602 2447 5674 Epist.
2478 5602 2615 5658 Jud.
2652 5602 2749 5658 11.
