3990 6224
126 425 249 485 365

722 416 1142 478 EXPOSITIO
1189 418 1263 477 IN
1311 419 1733 479 EPISTOLAS
1782 422 2142 482 PAULL—
2193 424 2267 482 IN
2320 424 2561 483 EPIST.
2609 424 2629 480 l
2678 424 2777 482 AD
2824 424 2999 484 COH.

3448 427 3566 482 366

125 557 214 613 eis
246 555 447 627 (Num.
484 567 642 617 xxxr,
672 550 728 614 7,
760 550 837 614 8).
872 548 1019 604 Nota
1050 550 1185 621 quia
1217 551 1419 605 mitius
1473 551 1572 605 filii
1624 551 1796 605 Israel
1830 556 1876 619 Α
1914 555 2281 622 prmdicando
2313 556 2381 609 ad
2417 557 2589 609 ﬁdem
2623 553 2837 608 Christi
2870 553 3294 624 perduxi.Nam
3310 555 3563 624 signacu-

127 644 499 719 puniuntur,
545 638 645 711 qui
677 639 736 693 in
769 654 831 692 se
865 644 1270 707 peccaverunt,
1304 656 1480 709 quam
1516 639 1802 706 Moabitae,

123 733 225 805 qui
249 730 643 787 occasionem
665 726 945 797 peccandi
974 726 1279 781 dederunt.
1309 726 1469 781 Unde
1491 732 1545 780 et
1568 726 1671 793 illi,
1702 727 1803 797 qui

125 825 415 879 sexcenta
442 816 635 872 millia
658 815 820 886 prius
846 814 1127 877 vicerunt,
1153 831 1185 868 a
1207 815 1515 869 duodecim
1537 816 1806 869 millibus

126 910 400 982 superati
428 910 593 961 sunt.
614 904 775 967 Quod
802 903 1248 973 utiquejustitia
1272 903 1592 973 fecit;quia
1620 920 1803 974 quan-

130 1002 233 1055 diu
272 1001 591 1070 peccatum
626 993 982 1055 habuerunt,
1016 991 1174 1049 victi.
1208 993 1431 1059 abjecto
1458 998 1709 1061 peccato,
1748 993 1803 1045 in

122 1087 374 1161 justitia
408 1087 749 1145 manentes,
784 1080 885 1150 qui
921 1096 955 1133 a
988 1080 1224 1133 feminis
1256 1079 1386 1133 victi
1435 1086 1591 1149 sunt,
1642 1096 1806 1150 reges

135 1176 601 1248 superaverunt.
635 1171 1003 1240 Quapropter
1032 1174 1090 1221 et
1120 1174 1205 1233 tu,
1241 1169 1288 1223 ei
1324 1168 1407 1221 vis
1441 1185 1643 1223 omnes
1677 1175 1805 1222 tuos

139 1279 435 1335 superare
466 1258 752 1325 inimicos,
784 1256 1071 1312 calceatos
1103 1256 1298 1327 pedes,
1344 1273 1509 1310 sume
1568 1257 1803 1311 loricam
1856 1278 1861 1283 ·

140 1352 417 1426 justitiaa,
444 1354 672 1404 scutum
706 1346 864 1412 fidei,
897 1350 954 1400 et
984 1343 1210 1415 galeam
1244 1344 1455 1399 salutis
1487 1346 1636 1415 (Isai.
1692 1361 1806 1409 le,

148 1444 258 1506 17;
294 1440 482 1511 Ephes
511 1436 721 1504 νι,1-¹ι;
756 1434 777 1488 Ι
812 1434 984 1488 Thess.
1018 1451 1071 1498 v,
1118 1436 1205 1501 8):
1271 1434 1485 1504 quibus
1538 1434 1586 1488 si
1629 1434 1807 1488 fueris

144 1529 469 1601 spoliatus,
505 1543 539 1579 a
567 1539 942 1596 quocumque
970 1522 1109 1575 vitio
1132 1524 1347 1593 poteris
1379 1523 1663 1593 superari.

217 1616 541 1687 Sequitur:
602 1615 699 1668 Sic
748 1616 1034 1682 peccantes
1092 1614 1149 1664 in
1197 1613 1419 1681 fratres,
1474 1616 1579 1663 etc.
1642 1610 1805 1675 Nota,

146 1706 289 1777 quia
320 1702 713 1775 peccantesin
739 1700 967 1765 fratres,
986 1701 1262 1753 dicuntur
1284 1700 1340 1751 in
1363 1698 1591 1753 Christo
1616 1715 1810 1769 pecca-

150 1811 231 1849 re.
264 1794 433 1848 Sicnt
462 1790 625 1845 enim
656 1789 713 1842 in
746 1787 1124 1859 legepeccant
1146 1786 1227 1849 hi,
1252 1786 1611 1858 quisublege
1639 1792 1805 1842 sunt:

1917 642 2049 708 tum,
2076 648 2207 703 etc.,
2242 644 2293 696 id
2333 648 2440 705 est,
2472 642 2777 711 judicium,
2810 647 2865 695 et
2896 641 3149 711 dignitas
3184 642 3295 697 mei
3328 650 3562 713 aposto-

1917 728 2071 785 latus
2098 749 2197 785 vos
2229 732 2389 793 estis,
2423 747 2571 801 quos
2598 748 2630 783 a
2660 729 2983 799 gentilitate
3015 735 3071 784 et
3112 731 3454 787 infidelitate
3484 732 3555 786 ad
3626 764 3637 785 υ

1918 820 2086 872 fidem
2122 821 2291 875 traxi.
2700 820 2703 821 ⁷

1988 908 2098 961 Mea
2132 909 2391 977 defensio,
2444 914 2551 962 etc.
2590 908 2756 961 Fides
2801 912 2992 961 vestra
3022 923 3151 961 mea
3180 912 3269 962 est
3300 909 3563 965 defensio

1916 997 2068 1064 apud
2091 1014 2207 1060 eos,
2230 998 2326 1067 qui
2354 1014 2444 1050 me
2469 997 3059 1065 interrogant,utrum
3085 996 3196 1052 sim
3222 998 3559 1068 Apostolus,

1916 1100 2118 1138 necne.
2182 1086 2445 1155 Nunquid
2496 1102 2602 1138 non
2677 1084 2935 1139 habemus
3009 1087 3375 1156 potestatem?
3449 1092 3561 1142 etc.

1920 1172 2081 1227 lllam
2115 1174 2258 1227 dicit
2290 1180 2658 1244 potestatem,
2688 1190 2863 1245 quam
2898 1174 3181 1228 Dominus
3207 1191 3304 1229 eos
3328 1176 3398 1229 ad
3419 1192 3559 1246 pra:-

1917 1262 2230 1317 dicandum
2265 1264 2544 1333 dirigens,
2578 1264 2756 1318 dicit:
2792 1266 3121 1334 Quicunque
3142 1266 3439 1334 receperint
3473 1280 3563 1319 vos

1918 1352 2065 1420 (Luc.
2122 1369 2197 1413 ix,
2245 1354 2352 1421 48),
2411 1359 2542 1419 etc.,
2606 1368 2816 1423 usque,
2876 1353 3082 1419 dignus
3139 1357 3215 1407 est
3273 1356 3565 1424 operarius

1916 1440 2069 1507 (Luc,
2101 1457 2154 1505 x,
2188 1442 2264 1507 7),
2297 1446 2401 1495 etc.
2440 1442 2506 1495 Et
2556 1457 2668 1494 non
2712 1440 2902 1495 solum
2964 1441 3176 1507 verbis,
3242 1442 3339 1496 sed
3386 1442 3563 1497 etiam

1921 1527 2089 1581 factis
2122 1529 2377 1583 ostendit
2408 1530 2492 1583 eis
2525 1529 2851 1583 necessaria
2883 1528 3177 1599 percipere
3215 1529 3423 1585 debere
3453 1547 3466 1596 ;
3501 1534 3567 1583 ut

1920 1616 2062 1669 illud
2092 1634 2103 1671 :
2134 1618 2509 1686 Sequebantur
2548 1626 2725 1671 autem
2752 1619 2913 1671 multi
2938 1617 3124 1685 (Marc.
3162 1634 3239 1682 v1,
3265 1620 3343 1685 8),
3381 1622 3487 1672 etc.

1992 1709 2177 1770 Quare
2195 1705 2379 1759 voluit
2404 1723 2502 1760 eos
2523 1708 2782 1777 accipere
2806 1706 3173 1761 necessaria?
3196 1705 3279 1761 0b
3296 1707 3404 1761 hoc
3423 1707 3566 1762 nein

1920 1791 2183 1845 minimis
2226 1792 2513 1862 occupati,
2576 1792 2629 1845 id
2678 1797 2786 1859 est,
2842 1791 3228 1857 necessariis;
3264 1809 3298 1846 a
3329 1792 3562 1862 majori,

151 1883 238 1937 sic
265 1886 321 1936 et
350 1878 580 1950 illi,qui
606 1878 664 1931 in
690 1877 896 1931 fratres
918 1881 1177 1976 peccant,
1204 1876 1257 1929 in
1282 1875 1509 1973 Christo
1536 1879 1803 1943 peccant:
1840 1912 1887 1976 B
1921 1880 1978 1934 id
2022 1885 2129 1943 est,
2164 1880 2569 1949 praedicatione
2621 1881 2969 1944 recederent,
3003 1885 3061 1933 et
3089 1881 3294 1934 tardus
3343 1881 3412 1934 ad
3467 1897 3567 1937 eos

157 1970 296 2041 quia
321 1970 381 2023 in
413 1967 511 2022 his
545 1971 766 2029 errant,
795 1980 923 2034 quae
955 1964 1066 2018 sub
1088 1979 1154 2018 eo
1197 1981 1351 2018 sunt.
1401 1963 1811 2018 Animadverte

156 2058 329 2113 etiam
362 2056 507 2127 quia
538 2071 655 2108 non
690 2052 853 2115 dixit,
888 2053 944 2105 in
978 2052 1274 2105 Christum
1310 2053 1476 2121 (007).
1520 2052 1582 2106 1n
1615 2052 1811 2106 Chris-

159 2153 287 2201 tum
321 2158 587 2215 namque
619 2157 874 2212 peccare,
919 2156 1053 2193 eum
1109 2155 1319 2211 negare
1374 2145 1483 2194 est.
1524 2141 1815 2209 Inﬁrmam

155 2231 738 2295 conscientiamdicit,
764 2234 866 2283 aut
890 2230 1193 2297 imitando,
1219 2234 1320 2282 aut
1342 2228 1815 2299 reprehendendo
1854 2290 1859 2296 ,

158 2323 474 2394 Sequitur:
508 2321 569 2373 Si
598 2327 778 2373 autem
806 2334 927 2373 esca
956 2316 1299 2371 scandalizat
1336 2320 1567 2386 fratrem
1612 2333 1814 2371 meum.

160 2411 586 2466 Animadverte
617 2412 844 2477 quantae
877 2405 1179 2461 charitatis
1212 2411 1266 2459 et
1298 2405 1627 2460 dilectionis
1649 2405 1821 2459 fuerit

170 2497 521 2570 Apostolus,
558 2497 680 2566 qui.
712 2501 773 2549 ut
801 2513 943 2551 suos
988 2496 1057 2549 ad
1110 2494 1456 2549 charitatem
1510 2508 1819 2565 provocare

163 2592 388 2660 posset,
426 2584 810 2655 semetipsum
840 2583 1035 2655 posuit
1057 2582 1388 2653 exemplum
1414 2583 1613 2653 :quasi
1638 2583 1817 2636 dicat:

164 2676 294 2732 Scio
330 2674 478 2729 mihi
514 2674 712 2729 omnia
735 2672 1386 2738 licita,omniamunda,
1428 2672 1525 2726 sed
1555 2688 1644 2724 me
1668 2670 1825 2741 peni-

170 2771 264 2821 tus
296 2765 369 2819 ab
400 2764 495 2818 his
529 2763 827 2817 abstineo:
882 2762 1021 2831 quia
1066 2778 1179 2815 non
1228 2762 1493 2832 expedire
1542 2759 1819 2829 intelligo.

174 2854 333 2909 Unde
364 2870 550 2924 supra
578 2852 809 2921 εξΟνηηίιι
830 2851 971 2904 mihi
991 2851 1172 2913 licent,
1194 2850 1283 2904 sed
1315 2868 1423 2904 non
1447 2852 1639 2904 omnia
1660 2865 1823 2919 expe-

175 2943 331 2998 diunt
360 2943 408 3011 (Ι
440 2944 575 2999 Cor.
621 2958 697 3005 v1,
740 2941 843 3009 12).

245 3050 411 3121 (608).
445 3048 585 3103 CAP.
626 3046 746 3115 IX.)
780 3046 894 3100 Non
923 3062 1047 3101 sum
1102 3044 1283 3099 liber?
1333 3050 1440 3099 etc.
1498 3046 1643 3115 (600)
1695 3043 1822 3098 Haec

177 3137 329 3192 enim
360 3138 532 3192 verba
568 3135 701 3189 irati
735 3138 791 3188 et
820 3133 1095 3189 commoti
1127 3132 1307 3187 animi
1358 3138 1496 3187 sunt
1525 3150 1537 3186 :
1585 3137 1659 3198 ct,
1710 3131 1820 3186 nisi

178 3226 407 3296 adjuvet
430 3224 859 3298 pronuntiatio,
880 3223 1169 3276 affirmare
1188 3222 1413 3275 videtur
1434 3222 1587 3292 quod
1613 3237 1821 3292 negare

176 3316 493 3370 contendit.
529 3314 600 3369 Et
633 3312 762 3367 ideo
792 3312 875 3366 ita
922 3312 1230 3383 legendum
1275 3316 1385 3375 est,
1440 3316 1499 3364 ut
1551 3310 1816 3380 negando

175 3404 392 3458 dictum
416 3401 798 3474 intelligatur.
824 3406 943 3455 Imo
970 3417 981 3453 :
1008 3403 1129 3454 Non
1148 3417 1270 3455 sum
1292 3400 1429 3454 liber
1450 3402 1473 3451 .9
1494 3406 1624 3463 etc.,
1652 3398 1818 3469 quasi

173 3492 415 3547 diceret:
448 3493 619 3546 Sum.
649 3491 814 3545 Liber
835 3494 983 3544 erat:
1018 3489 1156 3559 quia
1176 3505 1287 3543 non
1321 3487 1676 3551 simulando,
1711 3487 1818 3551 vel,

174 3586 241 3634 ut
272 3580 497 3650 aliquid
530 3578 833 3649 acciperet,
879 3577 1251 3649 praedicabat.
1313 3576 1627 3648 Apostolus
1676 3580 1817 3641 erat,

180 3669 321 3741 quia
355 3669 609 3732 missus;
647 3672 715 3720 ut
757 3665 937 3720 illud:
1001 3666 1130 3720 Ecce
1184 3681 1276 3735 ego
1333 3666 1404 3721 ad
1448 3674 1626 3735 gentes
1666 3665 1821 3734 longe

176 3758 383 3828 positas
438 3757 573 3827 (Act.
637 3772 772 3822 xxii,
834 3755 947 3823 91).
1011 3753 1325 3809 Dominum
1386 3754 1626 3821 viderat,
1702 3754 1821 3809 sive

182 3848 367 3902 eundo
398 3846 777 3910 Damascum,
812 3845 929 3899 sive
960 3844 1017 3897 in
1078 3843 1294 3914 templo
1339 3844 1578 3898 orando.
1631 3843 1822 3897 Nonne

184 3951 309 4006 opus
336 3952 514 3991 meum
546 3950 637 3990 vos
667 3934 793 3988 estis
827 3936 883 3987 in
917 3931 1185 3987 Domino?
1242 3931 1300 3985 Id
1362 3940 1450 3986 est
1503 3949 1648 4003 opus
1711 3931 1818 3986 mei

192 4024 564 4093 apostolatus.
602 4024 748 4078 Cum
782 4022 938 4077 enim
971 4038 1074 4093 per
1105 4038 1285 4075 unum
1328 4036 1570 4090 annum,
1620 4026 1676 4075 et
1727 4038 1824 4075 sex

187 4128 407 4168 menses
435 4114 593 4184 apud
627 4128 730 4167 vos
761 4111 1151 4182 praedicando,
1186 4109 1614 4180 praedicassem,
1648 4115 1703 4163 et
1752 4110 1821 4163 ab

184 4198 525 4255 inﬁdelitate
560 4200 634 4255 ad
670 4199 843 4253 fidem
876 4198 1245 4263 transissem,
1279 4197 1415 4267 quid
1460 4196 1617 4250 aliud
1670 4214 1823 4251 nunc

188 4286 245 4340 in
272 4294 461 4343 vestra
521 4289 662 4357 fide,
722 4303 898 4359 quam
956 4302 1104 4357 opus
1162 4283 1524 4356 apostolatus
1568 4285 1823 4339 ostendi-

192 4375 330 4430 tur?

254 4466 393 4519 Etsi
421 4466 554 4521 aliis
584 4478 835 4519 nonsum
866 4463 1145 4534 Apostolus
1202 4466 1307 4516 etc.
1362 4459 1519 4515 Alios
1577 4460 1829 4531 appellat

185 4550 409 4608 Judzeos
429 4551 866 4621 credentes,qui
893 4550 1083 4605 adhuc
1108 4550 1165 4603 in
1189 4548 1405 4603 carnali
1426 4549 1828 4603 observatione

1924 1968 2253 2040 praedicatio
2283 1969 2557 2023 venisset.
2582 1969 2651 2023 Et
2672 1973 2831 2037 nota,
2856 1968 2996 2039 quia
3018 1984 3131 2022 non
3156 1968 3567 2039 praecipiendo,

1924 2058 2021 2112 sed
2058 2058 2429 2110 concedendo
2464 2061 2805 2126 potestatem
2843 2055 3065 2110 tribuit.
3100 2056 3167 2109 Et
3198 2056 3325 2121 ideo
3352 2056 3570 2111 Paulus

1924 2146 2238 2215 accipiens,
2300 2146 2584 2200 immunis
2634 2162 2663 2198 a
2722 2144 2896 2215 culpa
2940 2142 3223 2213 redditur,
3286 2144 3566 2215 quoniam

1926 2235 2197 2305 praecepti
2258 2236 2646 2305 transgressio
2698 2249 2826 2288 esse
2905 2234 3126 2304 absque
3221 2249 3368 2287 noxa
3456 2249 3571 2287 non

1926 2322 2095 2379 valet.

2003 2414 2068 2467 Et
2093 2420 2156 2469 ut
2186 2414 2519 2469 ostenderet
2549 2428 2609 2465 se
2643 2415 2989 2483 potestatem
3024 2410 3337 2480 accepisse,
3394 2425 3574 2479 quam

1930 2502 2175 2565 dixerat,
2210 2502 2547 2571 subjunxit:
2583 2502 2731 2555 Sicut
2788 2500 2976 2556 ca'teri
3026 2501 3275 2569 apostoli.
3329 2498 3577 2553 Caeteros

1932 2592 2186 2662 appellat
2242 2607 2446 2646 omnes
2496 2588 2813 2660 apostolos.
2866 2588 2933 2641 Et
2983 2603 3054 2641 ne
3095 2586 3339 2641 minoris
3384 2586 3578 2641 meriti

1930 2681 2241 2743 videretur,
2277 2680 2536 2732 addidit:
2564 2681 2626 2732 Et
2651 2680 2851 2745 fratres
2884 2677 3123 2730 Domini.
3164 2675 3311 2729 Nam
3371 2676 3578 2730 fratres

1933 2768 2183 2833 Domini,
2208 2767 2307 2838 qui
2330 2766 2525 2821 eximii
2547 2766 2735 2820 meriti
2760 2781 2886 2820 esse
2906 2764 3277 2832 videbantur,
3297 2762 3571 2834 appellat.

1932 2861 2017 2921 Et,
2051 2861 2115 2910 ut
2144 2858 2332 2927 magis
2380 2855 2755 2909 confirmaret
2800 2854 2954 2925 quod
3005 2852 3250 2920 dixerat,
3296 2851 3478 2906 dixit:
3511 2851 3577 2906 Et

1933 2947 2155 3015 Cephas.
2190 2944 2413 3015 Cephas
2438 2942 2592 2997 enim
2622 2942 2961 3013 accipiebat,
2996 2941 3094 3013 qui
3150 2942 3423 3013 princeps
3452 2943 3579 2995 erat

1933 3034 2423 3105 apostolorum,ut
2444 3033 2580 3085 dum
2606 3030 2770 3084 illum
2794 3031 2864 3085 ad
2890 3030 3293 3085 testimonium
3321 3034 3574 3096 revocat,

1933 3122 2145 3177 certior
2168 3120 2353 3191 ipsius
2385 3119 2675 3174 sententia
2705 3120 3002 3173 reddatur.

2006 3228 2263 3299 Nunquid
2291 3243 2397 3281 non
2454 3226 2717 3279 habemus
2773 3230 3094 3294 potestatem
3151 3239 3415 3288 sororem,
3465 3229 3575 3279 etc.

1933 3315 2209 3372 Nonnulli
2247 3314 2441 3368 minus
2500 3313 2910 3383 intelligentes,
2962 3317 3134 3383 atque
3193 3312 3576 3366 intentionem

1932 3403 2309 3476 apostolicam
2342 3419 2454 3455 non
2513 3399 2926 3471 intelligentes,
2984 3399 3134 3454 male
3176 3399 3331 3453 hunc
3382 3400 3576 3453 locum

1934 3492 2293 3564 interpretati
2330 3495 2486 3553 sunt,
2520 3490 2778 3543 dicentes
2810 3488 3103 3559 apostolos
3136 3487 3428 3558 accepisse
3477 3502 3581 3557 po-

1931 3587 2201 3637 testatem
2236 3595 2444 3633 uxores
2475 3577 2746 3643 ducendi,
2800 3576 3005 3631 fallens
3062 3593 3161 3632 eos
3220 3574 3581 3647 ambiguitas

1930 3668 2107 3724 Graeci
2135 3668 2423 3722 sermonis
2451 3684 2463 3731 ;
2494 3666 2768 3738 quoniam
2795 3682 2985 3721 sermo
3011 3666 3241 3721 Graccus
3264 3664 3439 3719 talem
3463 3662 3581 3719 vim

1932 3760 2105 3813 habet
2136 3744 2199 3811 iri
2225 3757 2331 3811 hoc
2362 3755 2507 3821 loco,
2542 3761 2604 3809 ut
2635 3759 2689 3809 et
2724 3772 2824 3826 pro
2857 3772 3033 3809 uxore
3064 3759 3121 3809 et
3151 3754 3394 3809 muliere
3426 3752 3576 3808 acci-

1932 3848 2145 3919 piatur.
2181 3846 2290 3900 Sed
2318 3851 2509 3899 tamen
2545 3861 2658 3899 non
2684 3844 2884 3897 debuit
2916 3844 3023 3898 hoc
3048 3860 3147 3899 eos
3168 3843 3387 3899 fallere.
3414 3842 3582 3897 Hunc

1931 3952 2187 3992 errorem
2221 3940 2339 3988 tam
2374 3932 2776 4005 praecedentia,
2828 3950 3006 4004 quam
3058 3932 3361 4003 sequentia
3406 3931 3585 3987 verba

1932 4024 2246 4096 expellunt.
2271 4027 2457 4093 Supra
2485 4037 2737 4091 namque
2760 4022 2901 4075 dicit
2923 4037 3205 4087 sororem,
3223 4037 3354 4074 cum
3380 4016 3583 4074 nullus

1933 4129 2190 4169 sororem
2227 4110 2506 4181 accipiat;
2555 4115 2610 4163 et
2640 4110 2697 4163 in
2723 4107 3267 4179 sequentibusdicit
3292 4124 3304 4160 :
3332 4106 3585 4160 Circum-

1932 4201 2209 4259 ducendi;
2243 4214 2375 4252 cum
2411 4196 2610 4249 nullus
2633 4212 2868 4249 uxorem
2895 4196 3113 4250 ducens
3137 4195 3310 4263 dicat,
3336 4194 3587 4247 circum-

1933 4289 2090 4354 duxi,
2116 4288 2238 4349 sed,
2276 4284 2435 4340 duxi.
2469 4284 2537 4338 Et
2569 4284 2615 4337 si
2649 4283 2740 4336 cui
2774 4283 3131 4336 contrarium
3164 4282 3394 4335 videtur
3425 4281 3583 4350 quod

1935 4378 2163 4433 feminae
2197 4373 2477 4445 apostolis
2509 4371 2942 4434 ministrabant,
2976 4371 3128 4441 legat
3180 4366 3581 4439 Evangelium.

1938 4468 2019 4523 Ibi
2053 4464 2259 4537 poterit
2295 4462 2557 4517 invenire
2588 4460 2947 4515 contrarium
2983 4475 3093 4512 non
3110 4473 3237 4513 esse
3261 4475 3275 4523 ;
3303 4455 3585 4527 quoniam

1937 4554 2183 4611 Domino
2215 4551 2491 4607 mulieres
2524 4548 2957 4613 ministrabant,
2982 4553 3045 4602 ut
3069 4546 3209 4601 illud
3240 4545 3589 4615 :Sequeban-

188 4646 615 4710 permanentes.
648 4639 897 4695 Paulum
932 4638 1580 4711 prmessedenegabant,
1605 4639 1677 4692 ob
1699 4638 1825 4703 hoc,
1860 4639 1906 4703 D
1936 4649 2026 4699 tur
2044 4647 2234 4699 autem
2266 4644 2461 4707 (Marc.
2496 4657 2585 4705 xv,
2623 4640 2729 4709 41),
2763 4644 2870 4694 etc.
2905 4638 3130 4693 Devotsa
3161 4651 3417 4706 namque
3449 4650 3591 4688 mu-

190 4728 319 4798 quia
345 4730 668 4801 praedicans
700 4729 973 4801 gentibus
1004 4728 1347 4782 destruebat
1378 4726 1642 4792 sabbata,
1677 4731 1834 4781 cete-

192 4832 398 4887 rasque
426 4818 570 4890 legis
606 4816 1065 4873 observationes.
1103 4815 1271 4882 Nam,
1306 4832 1439 4869 cum
1474 4815 1662 4869 caeteri
1696 4831 1831 4886 apo-

192 4902 318 4957 stoli
352 4904 780 4962 dissimulando
813 4904 1201 4975 praedicarent
1230 4903 1289 4956 in
1324 4902 1541 4958 carnali
1564 4904 1835 4958 observa-

194 4991 341 5046 tione
376 5010 635 5063 manere,
671 4998 735 5047 ut
767 5009 868 5047 eos
884 5007 1119 5062 quoquo
1145 4993 1316 5046 modo
1341 4992 1409 5046 ad
1434 4994 1604 5047 fidem
1627 4992 1835 5047 Christi

196 5080 415 5136 trahere
440 5090 703 5153 possent,
728 5086 784 5135 et
806 5080 1025 5135 Paulus
1044 5080 1208 5151 quasi
1235 5082 1526 5135 contraria
1546 5081 1840 5135 videretur

200 5170 471 5237 apostolis
505 5171 736 5234 docere,
768 5170 829 5223 in
862 5170 1259 5225 destructione
1290 5170 1542 5223 carnalis
1570 5170 1839 5225 observa-

197 5254 391 5323 tionis,
423 5258 703 5313 eumdem
730 5256 1074 5329 Apostolum
1111 5273 1239 5313 esse
1272 5258 1594 5329 negabant:
1630 5264 1684 5312 et
1713 5259 1840 5313 ideo

198 5342 456 5402 dicebat:
492 5348 556 5402 Si
577 5347 709 5399 aliis
743 5362 854 5401 non
879 5362 1020 5414 sum,
1056 5347 1111 5401 id
1147 5351 1259 5416 est,
1291 5346 1338 5401 si
1374 5346 1489 5400 illis
1522 5364 1637 5402 non
1687 5364 1841 5416 sum,

199 5430 294 5500 qui
325 5434 645 5489 carnaliter
675 5434 866 5490 adhuc
891 5436 1127 5491 vivunt:
1164 5444 1346 5491 tamen
1370 5438 1517 5493 vobis
1532 5454 1673 5504 sum,
1696 5454 1845 5508 quos

270 5650 417 5721 (607)
448 5650 628 5724 Vulg.
665 5656 859 5708 tamen
892 5649 1091 5723 habet,
1126 5654 1183 5711 in
1228 5651 1527 5711 Christum.

271 5724 422 5801 (608)
458 5726 526 5781 In
559 5728 762 5797 autog.
795 5742 980 5799 marg.
1014 5727 1109 5784 hic
1139 5728 1353 5803 legitur
1381 5744 1507 5802 cap.
1542 5726 1654 5784 XL.

1944 4735 2113 4789 lieres
2164 4740 2220 4787 et
2270 4731 2578 4785 amatrices
2626 4727 2949 4783 caelestium
3000 4725 3450 4798 disciplinarum
3518 4723 3592 4779 de

1944 4822 2067 4877 suis
2102 4820 2479 4875 facultatibus
2512 4818 2965 4890 praeceptoribus
3000 4814 3433 4870 ministrabant.
3468 4813 3590 4867 Ma-

1945 4913 2097 4966 xime
2130 4911 2201 4963 ob
2233 4908 2342 4963 hoc
2390 4926 2501 4963 non
2534 4911 2659 4962 erat
2706 4905 3105 4962 contrarium:
3157 4904 3298 4976 quia
3346 4918 3591 4958 consue-

1947 5000 2088 5054 tudo
2112 5002 2237 5052 erat
2252 4997 2613 5061 Judaeorum,
2637 4996 2903 5066 quamvis
2922 4993 3265 5049 scandalum
3290 4992 3590 5065 gentibus,

1948 5092 2144 5142 tamen
2176 5084 2489 5154 Apostolus
2523 5085 2601 5137 uti
2640 5084 2895 5139 nolebat.
2930 5084 3041 5137 Sed
3070 5097 3411 5154 quanquam
3460 5078 3595 5133 illos

1950 5174 2273 5241 fefellisset,
2304 5180 2501 5225 tamen
2533 5172 2915 5228 intentionem
2940 5172 3199 5243 Apostoli
3222 5169 3600 5226 consideran-

1956 5273 2045 5320 tes
2080 5281 2194 5319 non
2228 5259 2448 5315 fefellit.

2028 5356 2133 5408 Aut
2162 5351 2309 5406 solus
2342 5362 2453 5417 ego,
2485 5349 2534 5400 et
2567 5348 2872 5415 Barnabas,
2903 5352 3011 5403 etc.
3037 5348 3365 5403 Barnabam
3416 5342 3597 5399 dicit:

1954 5442 2096 5514 quia
2126 5435 2502 5509 coapostolus
2534 5435 2835 5506 sperandi,
2870 5436 2927 5490 id
2974 5440 3083 5503 est,
3134 5432 3477 5505 accipiendi,
3532 5436 3599 5489 ut

2035 5654 2182 5727 (609)
2212 5648 2501 5727 Punctum
2534 5650 3104 5727 interrogationisex
3133 5647 3383 5720 Vulgata
3412 5650 3469 5702 et
3515 5661 3605 5705 se-

1964 5722 2283 5804 quentibus
2315 5725 2370 5780 in
2405 5722 2823 5782 commentario
2854 5722 3211 5783 addidimus.
