3990 6224
442 396 557 454 367

1457 396 1794 455 ATTONIS
1841 393 2425 455 VEItCELLENSlS
2475 392 2829 454 EPISCOPI

3735 396 3869 458 368

440 528 744 584 honestius
789 526 1146 599 loqueretur.
1180 526 1247 580 Et
1278 544 1348 580 ne
1380 526 1675 582 videretur
1699 527 2081 599 semetipsum
2111 528 2165 592 Α
2196 527 2405 595 (Matth.
2440 544 2575 593 xxn,
2600 527 2710 593 37),
2744 530 2853 580 etc.
2902 526 2999 580 Et:
3060 526 3368 595 Lavamini,
3424 526 3619 582 mundi
3674 535 3862 583 estote

443 617 852 673 commendare
881 615 1046 680 velle,
1078 619 1133 670 et
1163 613 1309 669 alios
1332 615 1775 685 reprehendere,
1799 616 1925 671 ideo
1949 616 2081 670 sub-

436 705 661 776 junxit:
695 706 831 772 Quis
857 704 1091 771 militat,
1136 706 1242 757 etc.
1302 702 1516 759 Milites
1562 704 1718 759 enim
1768 709 1934 760 erant
1964 704 2079 769 isti,

444 794 547 866 qui
604 792 822 849 ccelesti
879 809 1055 865 regno
1104 790 1453 857 militabant,
1504 793 1783 847 adversus
1839 792 2082 869 insidias

443 882 660 939 diaboli
683 882 1059 947 dimicabant,
1074 880 1272 935 etideo
1294 880 1677 951 accipiebant,
1699 881 2082 951 quemadmo-

446 974 587 1028 dum
620 970 972 1042 stipendium
1004 973 1231 1023 terreno
1264 984 1442 1038 regno
1475 967 1789 1022 militantes
1820 969 2081 1039 accipere

446 1061 651 1117 solent.
671 1060 801 1128 Quis
810 1059 1028 1130 plantat
1050 1058 1285 1121 vineam,
1307 1063 1417 1111 etc.
1442 1056 1805 1112 Plantatores
1828 1074 2081 1127 namque

440 1150 539 1205 isti
555 1149 733 1204 vinem
753 1152 919 1203 erant
942 1145 1502 1217 ;quiaecclesiastico
1526 1146 1739 1217 pepulo
1754 1146 1862 1200 iter
1873 1146 2081 1201 salutis

439 1237 845 1295 ostendebant.
865 1236 1011 1290 Nam
1033 1236 1188 1306 quod
1212 1235 1447 1290 nomine
1463 1235 1638 1289 vineae
1656 1234 2081 1290 ecclesiasticus

440 1326 693 1400 populus
713 1324 1074 1395 designetur,
1108 1340 1223 1377 non
1247 1322 1438 1378 solum
1464 1322 1522 1378 in
1547 1322 1736 1377 Veteri
1753 1324 2083 1378 Testamen-

440 1422 521 1488 to,
553 1417 655 1472 sed
685 1415 863 1470 etiam
893 1413 955 1467 in
986 1412 1143 1467 Novo
1177 1411 1464 1483 signatur.
1490 1412 1551 1466 In
1576 1411 1788 1481 Veteri,
1809 1417 1873 1466 ut
1898 1411 2036 1467 illud
2066 1430 2078 1479 ;

446 1508 670 1563 Vineam
692 1520 762 1560 ea:
793 1504 1026 1573 AEgypto
1055 1502 1226 1571 (Psal.
1261 1517 1447 1563 Lxxix,
1480 1502 1557 1569 9),
1614 1506 1721 1556 etc.
1760 1502 1860 1554 Et:
1921 1502 2081 1555 Vinea

442 1595 675 1651 Domini
703 1592 939 1647 Sabaoth
969 1590 1121 1661 (Isai.
1174 1606 1228 1653 ν,
1285 1589 1362 1658 7),
1405 1592 1514 1644 etc.
1570 1589 1628 1642 In
1680 1590 1857 1658 Novo,
1908 1594 1974 1644 ut
2022 1589 2080 1644 in

444 1681 833 1740 similitudine
862 1679 1075 1734 dicitur
1098 1694 1110 1731 :
1143 1678 1339 1732 Simile
1361 1685 1441 1732 est
1456 1694 1686 1746 regnum
1705 1680 1965 1733 caelorum
1987 1679 2079 1733 ho-

443 1774 591 1829 mini
619 1772 713 1844 qui
757 1771 897 1826 exiit
934 1770 1115 1839 primo
1163 1783 1326 1822 mane
1369 1766 1576 1836 (Matth.
1628 1784 1718 1834 xv,
1756 1769 1827 1837 1),
1861 1772 1969 1822 etc.
2020 1769 2085 1822 Et

441 1865 661 1919 vineam
683 1859 989 1932 pastinavit
1018 1856 1201 1926 (Marc.
1234 1872 1333 1920 xu,
1372 1856 1445 1922 1),
1476 1860 1584 1910 etc.

515 1951 657 2023 Quis
682 1948 858 2020 pascit
883 1960 1120 2016 gregem,
1153 1947 1259 1999 etc.
1294 1944 1400 1999 Per
1449 1960 1687 2015 gregem
1736 1944 2082 2000 ecclesiasti-

441 2054 546 2095 cus
576 2035 826 2110 populus
854 2035 1216 2106 designatur,
1249 2037 1370 2087 tam
1417 2032 1479 2088 in
1529 2032 1743 2103 Veteri,
1795 2050 1970 2103 quam
2022 2034 2081 2089 in

440 2128 619 2197 Novo,
643 2125 782 2197 quia
810 2122 936 2179 suis
966 2122 1079 2178 iter
1107 2121 1317 2177 salutis
1347 2122 1625 2177 ostendit.
1676 2122 1737 2176 In
1792 2122 1969 2190 Novo,
2021 2128 2083 2178 ut

436 2215 608 2271 illud.
640 2216 703 2269 Et
727 2214 867 2269 alias
911 2227 1032 2267 oves
1088 2212 1257 2266 habeo
1314 2211 1490 2281 (Joan.
1543 2229 1597 2277 x,
1650 2212 1759 2275 10),
1808 2217 1921 2265 etc.
1971 2211 2081 2267 Iste

436 2308 596 2360 enim
629 2302 817 2369 miles,
868 2305 927 2355 et
969 2300 1088 2353 dux
1125 2298 1375 2354 caelestis
1424 2300 1732 2368 exercitus,
1784 2299 1972 2355 ﬁdelis
2022 2300 2079 2354 in

437 2394 553 2449 ﬁde
583 2395 641 2447 et
666 2391 925 2459 veritate,
957 2388 1051 2442 his
1079 2387 1355 2443 omnibus
1382 2388 1667 2459 exemplis
1696 2405 1758 2443 se
1818 2394 2080 2459 potesta-

436 2485 557 2536 tem
574 2477 895 2550 accipiendi
916 2476 1130 2532 habere
1151 2477 1427 2531 ostendit.
1453 2477 1524 2530 Et
1547 2493 1617 2531 ne
1638 2481 1805 2549 putet
1827 2478 1959 2548 quis
1984 2495 2083 2549 per

435 2571 759 2626 humanam
793 2565 1162 2637 sapientiam,
1195 2569 1368 2635 atque
1400 2566 1633 2637 ingenio
1664 2566 1916 2621 naturali
1947 2583 2081 2622 eum

435 2658 677 2724 dixisse,
709 2656 839 2711 ideo
871 2654 1212 2725 subjunxit:
1256 2654 1512 2725 Nunquid
1561 2654 1859 2709 secundum
1903 2655 2081 2710 homi-

435 2763 562 2804 nem
593 2747 711 2802 haec
736 2744 895 2800 dico?
921 2741 1096 2807 Quasi
1128 2741 1346 2797 diceret
1369 2760 1382 2797 :
1414 2746 1495 2797 Ne
1526 2742 1741 2813 putetis
1766 2760 1857 2798 me
1879 2761 2082 2799 secun-

440 2838 583 2893 dum
613 2834 936 2889 humanam
960 2831 1304 2903 sapientiam
1329 2830 1609 2897 locutum,
1636 2834 1732 2886 sed
1758 2834 2081 2888 secundum

442 2926 721 2982 divinam.
752 2924 819 2977 Et
848 2920 1047 2977 volens
1078 2920 1185 2975 hoc
1205 2919 1401 2992 ipsum
1426 2920 1759 2976 testimonio
1786 2920 1931 2992 legis
1954 2938 2084 2977 con-

444 3015 700 3079 ﬁrmare,
735 3007 1074 3081 subjunxit:
1109 3010 1192 3063 An
1220 3014 1271 3063 et
1306 3009 1394 3063 lea:
1413 3009 1528 3062 haec
1555 3024 1661 3063 non
1707 3009 1885 3064 dicit?
1934 3010 2082 3066 Scri-

444 3106 605 3176 ptum
637 3106 753 3157 est:
784 3115 894 3154 non
924 3098 1183 3166 alligabis
1212 3098 1387 3165 (Deut.
1421 3114 1585 3162 xxvv,
1618 3098 1696 3168 4),
1748 3103 1853 3153 etc.
1904 3100 1966 3154 In
2017 3118 2082 3156 eo

445 3191 599 3263 quod
618 3188 837 3249 Paulus
858 3188 1105 3257 loquens
1125 3186 1196 3241 de
1216 3185 1369 3240 Novo
1384 3185 1778 3254 Testamento,
1802 3188 1872 3241 de
1894 3187 2081 3244 Veteri

2113 1891 2160 1954 B

2196 616 2415 684 (lsai.1,
2454 615 2562 681 10),
2620 619 2727 669 etc.
2789 614 3065 685 Nunquid
3123 613 3246 669 haec
3305 613 3612 685 allegorice
3642 615 3857 671 discu-

2189 702 2431 756 tienda?
2458 703 2527 756 Et
2557 718 2690 757 cum
2723 701 2966 773 legitur:
3005 702 3118 757 Non
3151 704 3343 757 orabis
3392 705 3452 757 in
3484 704 3612 759 bove
3641 706 3852 773 simul,

2190 799 2239 845 et
2267 793 2429 846 asino
2464 792 2645 858 (Deut.
2710 808 2848 858 XXII,
2912 792 3033 857 10);
3093 794 3186 846 et:
3246 792 3323 845 Ne
3380 791 3579 847 induas
3636 797 3855 848 vestem

2191 880 2367 948 (Deut.
2398 896 2535 945 xxu,
2570 880 2665 945 11;
2689 879 2847 933 Zach.
2886 896 2970 943 ιιι,
3000 880 3074 948 4),
3107 883 3251 944 etc.;
3303 884 3401 934 et:
3432 881 3551 935 Non
3580 881 3858 950 alligabis

2190 983 2247 1021 os
2282 968 2401 1021 bovi
2428 968 2601 1036 (Deut.
2636 985 2761 1035 xxv,
2798 969 2859 1031 li;
2896 969 3086 1037 (ICor.
3120 985 3175 1021 ιχ
3205 969 3240 1021 9
3270 986 3283 1035 ;
3349 969 3397 1039 (I
3427 970 3563 1024 Tim.
3612 988 3668 1037 ν,
3729 972 3850 1041 13),

2189 1062 2322 1125 etc.,
2358 1056 2622 1127 nunquid
2657 1056 3003 1127 simpliciter
3032 1061 3173 1111 sunt
3201 1056 3629 1128 intelligenda?
3686 1059 3849 1114 Non.

2192 1144 2299 1199 Sed
2336 1150 2565 1215 tegmen
2594 1144 2988 1215 abjiciendum
3019 1149 3129 1209 est,
3163 1149 3219 1199 et
3277 1146 3497 1202 candor
3547 1146 3851 1219 allegoriae

2193 1233 2678 1287 manifestandus.
2705 1233 2851 1297 Quid
2876 1249 3176 1303 peraquas
3199 1233 3518 1306 canalium,
3537 1236 3651 1290 nisi
3673 1253 3854 1292 sacra

2192 1322 2491 1392 Scriptura
2509 1321 2694 1384 ?Quid
2728 1339 2830 1393 per
2850 1320 3079 1385 arietes,
3109 1323 3223 1378 nisi
3247 1322 3491 1379 scientia
3514 1323 3541 1377 ?
3564 1326 3713 1390 Quid
3740 1342 3852 1397 per

2191 1428 2345 1477 oves,
2380 1410 2490 1465 nisi
2522 1411 2671 1465 actio
2703 1415 2875 1482 atque
2903 1411 3146 1466 intentio
3206 1412 3597 1484 designatur?
3646 1415 3847 1487 Virga

2192 1500 2251 1553 in
2282 1500 2583 1554 canalibus
2616 1505 2945 1570 ponuntur;
2977 1500 3117 1571 quia
3158 1501 3424 1572 exempla
3480 1502 3725 1559 Patrum
3782 1505 3848 1560 in

2191 1605 2355 1643 sacra
2384 1588 2681 1660 Scriptura
2722 1589 3080 1644 inseruntur.
3112 1590 3277 1645 Aries
3321 1606 3454 1645 vero
3503 1592 3855 1663 praeminet

2192 1677 2319 1743 ovi;
2353 1676 2493 1749 quia
2525 1676 2832 1733 rationalis
2862 1677 3111 1733 scientia
3149 1683 3360 1734 nostra;
3409 1680 3629 1736 actioni
3664 1685 3848 1754 atque

2192 1766 2504 1821 intentioni
2538 1783 2650 1837 pra:
2664 1768 2862 1820 fertur.
2896 1768 2981 1821 Ad
3003 1772 3305 1838 aspectum
3330 1769 3629 1841 virgarum
3650 1772 3848 1827 varios

2191 1854 2530 1926 concipiunt
2560 1855 2709 1910 fetus
2738 1873 2751 1922 ;
2776 1856 2915 1926 quia
2931 1873 3037 1911 nos
3052 1856 3315 1927 exempla
3335 1863 3673 1915 sanctorum
3699 1876 3842 1916 con-

2191 1943 2538 2009 siderantes,
2563 1944 2754 1998 varias
2783 1945 3039 1999 actiones
3072 1945 3206 2000 boni
3237 1946 3430 2017 operis
3459 1962 3840 2018 generamus.

2190 2031 2351 2094 Quod
2385 2048 2492 2087 sua
2524 2032 2678 2087 dicta
2707 2032 2957 2087 aliorum
2987 2034 3268 2105 exemplis
3316 2035 3565 2091 debeant
3614 2037 3837 2091 confir-

2192 2137 2371 2188 mare,
2406 2120 2814 2175 manifestatur
2844 2121 2947 2187 ibi,
2980 2123 3079 2176 ubi
3110 2122 3323 2193 legitur
3354 2124 3689 2195 praecepisse
3719 2124 3839 2180 Do-

2193 2209 2440 2263 minum.
2483 2209 2665 2280 Moysi
2698 2210 2880 2264 facere
2940 2209 3242 2265 columnas
3288 2215 3592 2283 argenteas
3640 2212 3838 2283 (Exod.

2190 2315 2340 2364 xxvr,
2381 2300 2493 2368 2'7),
2544 2303 2601 2353 ct
2638 2298 2698 2353 in
2747 2298 2993 2353 circuitu
3036 2298 3274 2354 fundere
3322 2299 3568 2372 paxillus
3634 2318 3840 2371 aereos,

2190 2387 2404 2457 quibus
2427 2391 2856 2443 sustentaretur
2870 2388 3336 2457 tabernaculum,
3366 2406 3437 2445 ne
3456 2389 3510 2444 vi
3530 2395 3839 2447 ventorum

2188 2480 2533 2531 versaretur.
2569 2476 2673 2531 Per
2706 2475 3008 2532 columnas
3023 2482 3328 2549 argenteas
3348 2479 3669 2550 scriptores
3696 2480 3836 2535 Novi

2189 2564 2538 2619 Testamenti
2573 2565 3054 2636 signantur.Quid
3079 2583 3180 2637 per
3203 2566 3466 2637 paxillos,
3488 2566 3601 2623 nisi
3618 2568 3840 2624 Veteris

2191 2653 2549 2707 Testamenti
2584 2654 2897 2725 scriptores
2928 2671 3029 2725 per
3058 2654 3502 2711 tabernaculum
3536 2656 3790 2712 Ecclesia
3814 2658 3841 2712 ?

2191 2742 2492 2798 Columnis
2523 2758 2659 2813 ergo
2691 2742 2749 2797 in
2777 2742 3021 2797 circuitu
3046 2742 3240 2815 paxilli
3266 2744 3678 2817 residentquia
3695 2747 3842 2803 Novi

2190 2832 2547 2886 Testamenti
2581 2832 2891 2902 scriptores
2923 2849 3031 2886 sua
3058 2833 3215 2887 dicta
3246 2833 3527 2905 exemplis
3574 2841 3835 2892 veterum

2193 2921 2538 2975 conﬁrmare
2569 2906 2828 2975 sfiident.
2862 2920 3014 2976 Bene
3046 2923 3197 2977 enim
3222 2922 3508 2977 columna;
3527 2931 3836 2997 argenteas,

2194 3013 2251 3063 et
2281 3008 2476 3081 paxilli
2509 3009 2650 3064 aenei
2679 3010 2859 3064 fuisse
2893 3016 3329 3077 memorantur;
3365 3011 3501 3083 quia
3530 3019 3838 3086 argentum

2194 3102 2365 3153 sonat
2384 3103 2440 3153 et
2463 3098 2751 3169 splendet.
2768 3098 3092 3171 Scriptores
3113 3100 3254 3155 Novi
3276 3101 3658 3167 Testamenti,
3681 3104 3838 3175 quod

2196 3192 2540 3253 sonuerunt,
2569 3187 3129 3257 manifestaverunt;
3183 3207 3259 3245 aes
3304 3206 3436 3245 vero
3486 3195 3675 3259 sonat,
3736 3194 3836 3249 sed

441 3253 811 3339 'l‘estamento
869 3253 1111 3333 sumens
1165 3274 1519 3346 exemplum,
1598 3275 1924 3331 conﬁrmat.
1996 3278 2081 3333 id-
2114 3253 2156 3319 α
2197 3293 2310 3331 non
2343 3277 2631 3348 splendet,
2667 3278 2806 3349 quia
2834 3253 3150 3350 scriptores
3183 3278 3408 3335 Veteris
3453 3253 3835 3352 Testamenti,

440 3371 639 3443 ipsum
693 3366 950 3424 ostendit
1005 3364 1375 3420 concordiam
1436 3363 1582 3435 legis
1633 3369 1690 3419 et
1762 3366 2077 3437 Evangelii.

439 3458 706 3517 Ostendit
749 3456 924 3512 etiam
985 3453 1479 3525 allegorizandum
1523 3470 1668 3508 esse.
1750 3454 2083 3511 Manil‘estat

438 3547 826 3606 nihilominus
849 3545 1113 3599 doctores
1140 3559 1248 3596 sua
1260 3543 1415 3597 dicta
1437 3541 1720 3613 exemplis
1743 3549 2079 3600 sanctorum

439 3637 785 3694 conﬁrmare
814 3634 1045 3689 debere.
1080 3632 1225 3686 Nam
1283 3632 1436 3702 quod
1485 3648 1601 3685 una
1649 3632 1725 3685 sit
1773 3634 2081 3688 concordia

442 3727 590 3799 legis
611 3729 670 3780 et
696 3720 1013 3794 Evangelii,
1042 3720 1161 3785 hic,
1191 3724 1247 3774 et
1278 3719 1336 3774 in
1369 3719 1576 3775 litteris
1621 3720 1843 3776 Veteris
1886 3724 2081 3778 Testa-

443 3814 628 3872 menti
659 3811 1086 3879 manifestatur.
1112 3809 1347 3880 Legitur
1367 3810 1520 3863 enim
1542 3811 1848 3865 Dominum
1877 3829 2083 3883 praece-

444 3905 602 3978 pisse
621 3903 808 3958 facere
830 3900 1009 3971 Moysi
1031 3899 1176 3955 duos
1200 3897 1500 3953 cherubim
1520 3915 1588 3953 ex
1609 3916 1749 3954 auro
1764 3901 2081 3971 purissimo

444 3991 635 4065 (Exod.
667 4007 798 4058 xxv,
835 3990 944 4060 18),
974 3988 1075 4060 qui
1097 3987 1279 4043 versis
1300 3986 1559 4042 vultibus
1601 4004 1662 4043 se
1706 3989 2080 4059 respicerent,

442 4085 705 4155 tegentes
736 4077 1200 4151 propitiatorium
1233 4076 1413 4148 (lbid.,
1440 4078 1551 4147 20).
1584 4078 1730 4144 Quid
1786 4094 1887 4149 per
1934 4080 2083 4136 duos

441 4170 746 4229 cherubim
776 4169 947 4240 (610),
982 4167 1082 4239 qui
1105 4166 1563 4238 interpretantur
1581 4167 1882 4237 plenitudo
1906 4167 2084 4223 scien-

439 4260 561 4330 tiae,
584 4257 823 4315 nisiduo
835 4258 1210 4313 Testamenta
1222 4256 1534 4328 signantur
1554 4256 1582 4309 ?
1604 4256 1801 4311 Versis
1824 4256 2083 4312 vultibus

439 4366 505 4406 se
525 4346 850 4421 respiciunt
868 4363 882 4415 ;
898 4345 1036 4417 quia
1057 4344 1221 4400 nulla
1242 4344 1300 4399 in
1323 4344 1440 4399 illis
1461 4343 1751 4398 discordia
1768 4343 2079 4400 invenitur.

438 4437 676 4510 thuod
700 4441 933 4508 tegmen
958 4434 1033 4490 sit
1049 4433 1468 4505 abjicieudum,
1484 4432 1777 4501 utcaudor
1794 4432 2082 4505 allegoriae

438 4530 734 4600 appareat,
754 4524 835 4581 ibi
849 4522 1197 4592 ostenditur,
1214 4521 1312 4575 ubi
1326 4520 1559 4591 legitur,
1591 4519 1728 4590 quia
1752 4519 1887 4575 tulit
1904 4521 2083 4576 Jacob

2196 3366 2351 3438 quod
2386 3371 2729 3433 sonuerunt,
2766 3384 2881 3422 non
2913 3369 3313 3424 ostenderunt.

2260 3457 2776 3527 Nescitis,quoniam
2795 3459 2893 3529 qui
2913 3458 2972 3511 in
2994 3459 3234 3514 sacrario
3256 3462 3574 3529 operantur,
3598 3464 3709 3516 etc.
3755 3461 3845 3516 Di—

2190 3544 2371 3599 versis
2387 3562 2636 3617 namque
2659 3545 3149 3601 similitudinibus
3165 3547 3707 3620 ostenditsuperius
3726 3550 3837 3604 sibi

2190 3649 2254 3687 Su
2268 3634 2432 3704 isque
2445 3633 2973 3689 similibuslicitum
2988 3634 3377 3707 foreaccipere
3390 3637 3464 3691 ab
3477 3637 3841 3694 auditoribus

2190 3739 2435 3793 quinque
2466 3723 2812 3778 necessaria.
2846 3723 2954 3787 Qui
2983 3725 3039 3777 in
3072 3729 3262 3795 erepta
3284 3724 3609 3781 intentione
3641 3742 3835 3799 perse-

2190 3828 2396 3866 verans
2427 3810 2601 3866 dicit:
2634 3813 2861 3867 Nescitis
2892 3815 3151 3883 quoniam
3180 3815 3275 3885 qui
3321 3816 3381 3868 in
3427 3815 3671 3871 sacrario
3719 3832 3834 3887 ope-

2190 3903 2406 3964 rantur,
2438 3904 2547 3955 etc.
2582 3900 2686 3955 Ubi
2717 3902 3042 3956 notandum
3074 3903 3212 3973 quia
3259 3904 3373 3958 duo
3423 3903 3595 3958 dicit:
3642 3904 3837 3960 Sacra-

2192 3988 2346 4044 rium
2376 3988 2643 4044 videlicet
2672 3994 2907 4061 propter
2930 3990 3199 4063 gentiles,
3224 3992 3325 4063 qui
3349 3992 3407 4047 in
3432 3992 3707 4049 sacrariis
3724 3994 3835 4050 diis

2193 4078 2317 4133 suis
2348 4078 2772 4145 sacrificabant,
2805 4083 2862 4135 et
2895 4078 3026 4136 inde
3055 4081 3341 4149 edebant;
3391 4080 3573 4138 altare
3621 4083 3834 4156 quippe

2194 4173 2429 4239 propter
2457 4167 2710 4235 Judazos,
2744 4184 2992 4238 quorum
3042 4170 3374 4226 sacerdotes
3426 4187 3604 4243 super
3657 4171 3836 4228 altare

2198 4256 2424 4311 Domini
2457 4255 2676 4311 hostias
2699 4256 3041 4325 offerebant,
3070 4262 3126 4313 et
3173 4274 3307 4314 cum
3355 4260 3559 4315 eodem
3601 4260 3833 4332 partici-

2194 4346 2430 4417 pabant.
2464 4346 2610 4409 Quia
2660 4350 3011 4417 praeceptum
3059 4350 3182 4402 erat
3224 4348 3417 4419 (Levii.
3469 4365 3571 4415 vn,
3624 4350 3831 4419 32-33).

2194 4451 2425 4489 armum
2458 4434 2720 4506 accipere
2750 4436 3015 4491 dextrum
3050 4436 3295 4508 mystice
3327 4442 3565 4510 propter
3621 4439 3831 4496 bonam

2194 4523 2672 4593 operationem,et
2687 4523 3090 4594 pectusculum
3114 4527 3501 4597 separationis
3522 4528 3707 4600 (Ibid.,
3723 4530 3829 4597 34).

433 4616 630 4688 virgas
657 4613 1087 4687 amygdalinas,
1148 4608 1427 4682 populeas
1483 4608 1637 4676 (Gen.
1687 4626 1818 4679 xxx,
1871 4609 2083 4682 37-41),
2115 4622 2161 4686 D
2200 4610 2460 4666 videlicet
2481 4615 2717 4683 propter
2737 4612 3829 4687 scientiamzquaelongeabauditorum

437 4709 494 4761 et
526 4703 898 4759 decorticavit
918 4719 1038 4766 eas,
1059 4705 1117 4755 et
1135 4699 1194 4753 in
1219 4696 1524 4752 canalibus
1547 4697 1771 4767 posuit:
1796 4714 1933 4769 grex
1952 4716 2083 4754 vero

436 4792 674 4848 veniens
697 4793 767 4849 ad
805 4791 1145 4854 bibendum,
1166 4784 1529 4858 prospiciens
1547 4785 1743 4857 virgas
1763 4786 1819 4839 in
1846 4786 1971 4857 ipso
1994 4805 2086 4844 ca-

435 4881 558 4937 lore
580 4882 788 4947 coitus,
821 4879 1014 4934 varios
1029 4877 1179 4930 fetus
1210 4873 1591 4944 concipiebat.
1611 4873 1758 4935 Quid
1794 4876 1948 4930 enim
1983 4894 2086 4947 per

433 4969 647 5043 virgas,
681 4968 797 5024 nisi
828 4969 1167 5022 sanctorum
1199 4959 1464 5032 exempla
1495 4965 1753 5031 Patrum,
1779 4963 2084 5035 signatur?

438 5060 545 5115 Per
572 5058 703 5126 hoc,
727 5055 882 5127 quod
908 5049 1284 5107 decorticavit
1304 5066 1421 5120 eas,
1447 5054 1505 5105 et
1524 5051 1681 5106 unde
1701 5058 1895 5107 cortex
1918 5053 2080 5108 abla-

434 5152 534 5204 tus
564 5151 674 5213 est,
708 5143 926 5199 candor
955 5141 1245 5210 apparuit,
1278 5142 1335 5193 et
1367 5139 1464 5194 ubi
1485 5141 1786 5209 remansit,
1813 5142 2081 5199 viriditas

438 5234 620 5300 stetit,
653 5230 985 5288 ostenditur
1016 5242 1181 5282 sacra
1209 5227 1507 5299 Scriptura
1537 5229 1748 5300 partim
1774 5229 2080 5301 allegorice

438 5337 568 5379 esse
599 5316 988 5382 discutienda,
1038 5314 1249 5387 partim
1308 5316 1563 5373 historia:
1605 5318 1901 5372 veneratio
1950 5335 2078 5373 ser-

435 5410 645 5466 vanda.
680 5407 821 5461 Ecce
851 5404 1094 5477 legitur:
1128 5405 1330 5474 Diliges
1364 5407 1652 5462 Dominum
1709 5407 1880 5462 Deum
1922 5415 2078 5464 tuum

510 5565 655 5637 (610)
686 5566 773 5620 Ab
805 5565 1041 5622 Hebraea
1094 5583 1228 5621 voce
1285 5566 1525 5632 cherub,
1572 5581 1705 5637 quae
1753 5564 2072 5637 aliquando

435 5636 686 5696 vitulum
714 5652 815 5693 seu
849 5637 1055 5693 bovem
1084 5637 1377 5696 significat
1399 5654 1423 5694 ε
1472 5636 1626 5691 unde
1675 5637 1735 5691 in
1780 5636 2074 5694 Eziachiele

434 5728 474 5795 ι,
503 5709 593 5787 40,
624 5713 683 5769 et
710 5725 767 5783 ι,
793 5710 886 5782 20,
918 5707 1097 5770 facies
1125 5706 1344 5767 cherub
1368 5712 1427 5766 et
1454 5706 1632 5768 facies
1679 5707 1844 5765 bovis
1891 5708 2073 5769 veluti

2194 4703 2460 4769 separata
2487 4700 2605 4753 fore
2627 4700 2795 4754 debet
2813 4701 3057 4757 scientia
3077 4721 3089 4770 ;
3113 4702 3254 4773 quia
3274 4704 3607 4762 ostenditse
3623 4704 3830 4762 habere

2195 4791 2567 4860 potestatem:
2600 4786 2745 4842 dixit
2772 4793 2966 4845 tamen
2997 4807 3060 4845 se
3090 4792 3292 4846 eadem
3342 4808 3457 4847 non
3509 4811 3709 4861 usum,
3757 4811 3826 4850 ne

2195 4876 2340 4930 forte
2370 4874 2663 4930 videretur
2692 4876 2782 4931 his
2815 4896 2927 4933 non
2961 4879 3243 4953 indigere,
3302 4882 3403 4937 sed
3432 4883 3630 4953 potius
3653 4884 3831 4940 abun-

2193 4965 2347 5019 dare.
2369 4963 2617 5034 Ideoque
2639 4966 2941 5036 subjunxit
2964 4984 2978 5024 :
3004 4970 3125 5023 Non
3147 4971 3347 5041 scripsi
3368 4977 3554 5026 autem
3566 4972 3826 5040 hamato.

2192 5052 2367 5119 Quasi
2399 5053 2643 5109 diceret:
2682 5054 2755 5109 Ut
2782 5057 2937 5125 quod
2970 5055 3253 5113 hactenus
3288 5058 3505 5113 factum
3561 5077 3680 5117 non
3725 5066 3827 5131 est,

2190 5142 2463 5214 deinceps
2498 5143 2614 5197 ﬁat.
2644 5144 3009 5216 Quapropter
3037 5151 3093 5201 et
3145 5147 3439 5218 sequitur:
3495 5153 3712 5205 Bonum
3756 5155 3831 5205 est

2187 5232 2329 5287 mihi
2358 5234 2533 5301 magis
2564 5232 2722 5303 mori,
2752 5237 2860 5287 etc.
2912 5237 3031 5289 Hoc
3073 5235 3202 5291 ideo
3258 5235 3422 5305 dicit,
3473 5238 3617 5309 quia
3663 5239 3829 5295 etiam

2188 5324 2382 5374 mente
2422 5319 2775 5374 delibaverat
2832 5337 2894 5375 se
2943 5320 3087 5376 nihil
3138 5340 3172 5378 a
3219 5324 3344 5379 suis
3395 5325 3679 5397 accipere.
3713 5327 3830 5383 Ele-

2186 5410 2349 5478 gerat
2378 5408 2569 5479 potius
2602 5410 2849 5463 mortem
2876 5409 3069 5465 carnis
3100 5410 3417 5479 incurrere,
3449 5429 3632 5484 quam
3651 5420 3831 5472 Evan-

2184 5582 2507 5653 synonyma
2536 5566 2851 5653 habentur;
2885 5568 3203 5643 aliquando
3224 5570 3400 5627 etiam
3426 5571 3639 5637 fortem
3657 5580 3713 5634 et
3730 5592 3828 5653 po-

2182 5641 2404 5694 tentem
2436 5641 2729 5712 exprimit.
