3990 6224
209 365 329 429 369

791 358 1203 425 EXPOSITIO
1247 362 1324 422 IN
1376 361 1801 423 EPISTOLAS
1849 362 2104 425 PAULI.
2140 395 2216 406 —
2266 365 2342 423 IN
2389 364 2694 426 EPIST.I
2740 365 2844 426 AD
2891 365 3067 427 COR.

3513 365 3630 428 370

200 498 418 573 gelium
448 494 659 552 venale
681 495 1013 551 ostendere.
1049 495 1298 550 Gloriam
1321 512 1486 550 suam
1517 495 1676 550 illam
1701 497 1861 562 dicit,
1896 503 1946 570 Α
1990 505 2046 554 et
2078 500 2369 556 nutriebat
2401 517 2538 555 suos
2572 502 3008 567 auditores,non
3033 497 3222 556 solum
3247 496 3470 572 eos,qui
3505 516 3631 572 per-

202 605 378 662 quam
411 587 676 642 habebat
695 585 847 656 apud
873 585 1056 638 Deum
1087 601 1188 655 per
1207 585 1409 638 Jesum
1434 584 1870 655 christum,qua

201 678 480 734 omnibus
496 693 603 747 per
622 673 1020 729 humilitatem
1039 675 1510 728 condescendens
1529 691 1587 728 se
1616 673 1867 728 similem

202 769 285 824 eis
320 767 630 822 reddebat.

269 855 596 927 Sequitur:
631 854 692 907 Si
725 853 1172 922 evangelizavero
1207 853 1608 921 (subauditur,
1645 853 1772 906 ideo
1808 860 1871 906 ut

200 945 314 1000 hoc
346 945 429 998 ita
462 944 564 997 ﬁat
596 942 654 996 in
688 942 801 1011 me)
857 958 963 995 non
999 950 1075 995 est
1108 941 1249 995 mihi
1277 942 1475 1010 gloria.
1513 945 1698 1004 Quare
1721 942 1747 995 ἱ)
1783 943 1872 995 Nc-

197 1036 425 1090 cessila-s
457 1034 609 1087 enim
641 1032 780 1084 mihi
808 1031 1066 1085 iscumhit
1097 1030 1201 1084 hoc
1226 1035 1453 1093 est,mm
1496 1031 1684 1084 habeo
1720 1032 1872 1085 unde

199 1127 529 1179 sustenter.
565 1121 724 1174 Unde
782 1124 838 1173 et
870 1119 1213 1189 subjungit:
1275 1121 1356 1173 Vua
1390 1120 1534 1172 mihi
1564 1132 1658 1185 est,
1693 1121 1742 1172 si
1769 1137 1872 1173 nou

199 1211 689 1281 evangelimvero:
717 1209 822 1262 hoc
846 1207 1115 1275 est,malo
1142 1223 1268 1261 meo
1292 1224 1403 1260 non
1434 1208 1871 1278 evangelizabo;

204 1301 351 1372 quia
382 1300 539 1354 fame
571 1298 889 1352 cruciabor.
929 1314 1042 1351 non
1076 1296 1296 1350 habens
1332 1298 1484 1350 unde
1519 1296 1729 1350 vivam.
1765 1300 1869 1350 Se-

207 1389 455 1460 quitur:
480 1387 545 1442 Si
577 1389 724 1442 enim
757 1384 940 1440 volens
968 1385 1650 1455 evangelisevero,etc.His
1683 1386 1872 1439 verbis

203 1477 467 1533 ostendit
498 1475 753 1546 qualiter
779 1474 1296 1545 cvangelizandum
1329 1474 1423 1538 sit,
1463 1474 1570 1527 hoc
1595 1476 1868 1545 est,quod

201 1566 399 1622 omnis
432 1566 569 1619 ﬁnis
594 1563 900 1634 Evangelio
925 1564 999 1618 sit
1029 1564 1495 1618 constituendus.
1537 1565 1696 1628 Quod
1733 1580 1866 1616 cum

206 1657 293 1722 ﬁt,
327 1655 663 1710 voluntaria
715 1658 804 1707 est
835 1652 1186 1724 praedicatio,
1221 1669 1396 1723 quam
1431 1658 1708 1722 sequetur
1745 1670 1870 1723 per-

211 1749 390 1816 petua
421 1741 840 1798 remuneratio.

1979 590 2127 643 versi
2160 596 2344 657 erant,
2375 591 2473 643 sed
2508 590 2682 644 etiam
2718 590 2847 644 illos
2881 591 2976 661 qui
3013 589 3158 661 pigri
3205 590 3275 644 ad
3309 590 3460 645 bona
3491 606 3625 662 ope-

1982 680 2228 733 randum
2259 698 2269 745 ;
2305 696 2607 749 quousque
2646 680 2714 732 ad
2767 680 2871 733 iter
2905 683 3242 748 provocaret
3291 678 3520 743 salutis,
3555 696 3627 734 ne

1984 769 2127 822 forte
2149 768 2356 822 acriter
2369 785 2427 821 se
2455 768 2777 837 increpatos
2792 766 3456 833 dolentes,scandalizati
3478 784 3629 823 rece-

1986 859 2205 911 derent.
2230 859 2295 911 Et
2317 857 2423 911 hoc
2448 857 2772 924 sciendum,
2799 857 2933 927 quia
2956 874 3068 911 non
3103 857 3270 927 quasi
3295 856 3627 911 simulando

1983 965 2063 1008 se,
2098 948 2348 1000 omnibus
2373 949 2558 1000 omnia
2591 947 2804 999 factum
2833 947 2991 1011 dicit,
3023 947 3175 1016 quod
3201 951 3288 1000 est
3321 946 3629 1001 simulato-

1984 1053 2111 1089 rum
2140 1054 2152 1097 ;
2191 1053 2302 1089 non
2337 1035 2509 1089 etiam
2541 1035 2876 1089 mentientis
2909 1040 3058 1100 astu,
3095 1037 3193 1089 sed
3219 1036 3630 1106 compatientis

1985 1125 2190 1179 affectu
2223 1143 2234 1191 ;
2271 1142 2382 1178 non
2416 1124 2662 1178 aliorum
2716 1124 2868 1178 mala
2907 1125 3214 1186 imitando,
3248 1126 3346 1179 sed
3383 1125 3630 1181 aliorum

1986 1213 2248 1267 omnium
2267 1213 2434 1267 malis
2449 1214 2724 1267 omnibus
2739 1214 3226 1284 compatiend0,et
3241 1213 3632 1271 misericordis

1988 1302 2286 1356 medicinae
2320 1302 2604 1358 medelam
2639 1304 3023 1374 procurando.

2056 1391 2370 1461 Sequitur:
2431 1394 2619 1445 Factus
2677 1409 2802 1445 sum
2857 1392 3063 1447 Judtris
3096 1401 3353 1462 tanquam
3383 1392 3629 1461 Judaeus,

1984 1484 2091 1534 etc.
2130 1481 2238 1533 Iste
2271 1481 2425 1534 enim
2460 1499 2574 1534 non
2624 1481 2937 1535 simulandi
3002 1481 3215 1547 studio,
3261 1483 3360 1536 sed
3395 1497 3629 1554 compa-

1985 1568 2162 1621 tiendi
2198 1568 2886 1637 aﬁ‘ectu,servabatillam
2919 1570 3221 1641 antiquam
3253 1570 3627 1626 consuetudi-

1987 1673 2116 1708 nem
2140 1657 2569 1726 Jud:eorum,ut
2591 1658 2676 1711 vel
2705 1675 2830 1713 eam
2865 1660 3195 1714 ostenderet
3217 1678 3249 1714 a
3274 1661 3383 1715 Deo
3408 1659 3629 1728 datam,

1976 1746 2150 1813 juxta
2191 1745 2289 1799 Dei
2321 1746 2765 1816 dispositionem
2799 1765 2984 1819 usque
3011 1749 3082 1804 ad
3115 1754 3349 1821 tempus
3381 1749 3628 1820 praeﬁni-

286 1832 598 1904 Sequitur:
635 1831 697 1885 Si
728 1839 906 1885 autem
936 1832 1161 1896 invitus,
1203 1830 1540 1902 dispensatio
1572 1831 1711 1884 mihi
1757 1847 1872 1884 cre-
1909 1868 1954 1931 B
1989 1837 2132 1901 tum,
2154 1833 2238 1887 vel
2273 1839 2423 1887 certe
2455 1851 2581 1889 eam
2615 1854 2647 1889 a
2679 1836 2979 1906 sacrilegis
2997 1842 3293 1908 separaret
3323 1837 3630 1910 gentilium

218 1921 342 1976 dita
370 1926 469 1976 est.
502 1921 573 1975 Et
622 1926 713 1974 est
769 1935 1020 1973 sensus:
1077 1919 1133 1972 Si
1187 1927 1421 1990 propter
1468 1919 1873 1974 necessitatem

220 2008 566 2081 temporalis
596 2010 727 2063 vitae
764 2007 1032 2079 przedico,
1085 2008 1442 2078 dispensatio
1485 2008 1626 2062 mihi
1661 2008 1876 2062 credita

218 2104 309 2154 est
333 2117 345 2164 ;
382 2099 521 2169 quia
545 2097 644 2152 alii
669 2114 770 2168 per
794 2113 885 2150 me
907 2097 1124 2150 bonum
1150 2113 1322 2150 suum
1348 2096 1660 2166 accipiunt,
1688 2097 1740 2150 id
1766 2102 1872 2162 est,

218 2186 628 2258 Evangelium,
663 2186 818 2258 quod
850 2190 1086 2240 amant:
1140 2190 1196 2239 et
1225 2201 1328 2256 ego
1362 2187 1629 2239 mercede
1661 2185 1872 2256 privor,

217 2277 382 2348 quod
415 2275 634 2330 malum
665 2275 830 2328 valde
851 2276 1045 2328 est.Ac
1079 2274 1260 2340 nefas,
1288 2279 1523 2345 propter
1545 2274 1877 2328 necessaria

216 2362 569 2435 temporalis
599 2364 744 2431 vitae,
771 2363 1026 2434 aliquem
1052 2364 1366 2434 praedicare
1392 2381 1404 2430 ;
1441 2365 1578 2436 quia
1599 2366 1724 2434 jam
1761 2381 1872 2417 non

219 2453 539 2526 praemium
572 2452 984 2523 evangelicum,
1020 2453 1118 2507 sed
1143 2453 1393 2522 pretium
1422 2452 1702 2523 quaeritur
1731 2470 1742 2506 :
1770 2469 1870 2506 ceu

217 2559 436 2598 servus
466 2541 728 2607 inutilis;
761 2542 912 2612 quod
939 2547 1171 2612 accepto
1199 2542 1410 2607 ot‘ﬁcio,
1445 2541 1741 2596 conservis
1767 2559 1874 2596 an-

215 2648 441 2688 nonam
477 2630 697 2696 tribuit,
730 2635 787 2684 et
809 2631 931 2685 solo
962 2630 1090 2685 cibo
1113 2635 1443 2696 contentus,
1464 2632 1733 2685 mercede
1759 2630 1872 2701 pri-

215 2724 412 2776 vatur.
443 2722 808 2790 Quapropter
866 2719 1400 2790 evangelizandum.
1457 2737 1565 2773 non
1640 2724 1875 2790 propter

217 2807 574 2865 transitoria
605 2807 735 2861 vita:
769 2808 1117 2875 mercedem,
1152 2809 1251 2862 sed
1279 2813 1503 2862 aeternae
1538 2825 1872 2863 remunera-

217 2898 464 2953 tionem.
497 2899 568 2950 At
597 2912 732 2950 vero
780 2895 919 2966 quia
950 2895 1086 2950 alibi
1131 2912 1192 2950 se
1225 2896 1535 2966 Apostolus
1567 2897 1872 2965 dispensa-

218 2993 408 3042 torem
439 2985 500 3040 in
531 2986 684 3040 bono
715 2983 880 3048 dicit,
905 2988 960 3038 et
986 2984 1078 3038 hic
1101 2984 1594 3056 dispensationem
1629 2986 1684 3039 in
1722 2985 1873 3040 malo

219 3074 406 3148 ponit,
439 3075 510 3130 ne
531 3072 864 3130 contrarius
887 3073 972 3128 sui
1000 3073 1286 3142 videatur,
1312 3073 1614 3128 sciendum
1638 3079 1725 3128 est
1747 3092 1874 3129 esse

220 3180 478 3230 servum,
514 3162 611 3234 qui
637 3161 850 3217 transit
872 3161 940 3216 ad
965 3161 1216 3216 ﬁliorum
1239 3162 1618 3234 cptionem,et
1640 3163 1872 3217 illarum

1988 1923 2188 1976 sacris.
2226 1928 2354 1993 Ipse
2387 1923 2586 1984 etiam,
2625 1923 2874 1993 diligens
2906 1926 3234 1994 proximum
3267 1943 3442 1981 suum
3478 1932 3541 1981 ut
3569 1942 3631 1981 se

1988 2011 2202 2081 ipsum,
2237 2028 2349 2065 non
2375 2011 2631 2077 fallebat,
2659 2013 3025 2077 sed,0mnino
3054 2031 3166 2066 non
3201 2013 3634 2085 fallens,praefa-

1992 2105 2112 2153 tam
2141 2099 2409 2153 servabat
2440 2101 2944 2164 consuetudinem,
2980 2105 3043 2154 ut
3071 2118 3167 2155 eos
3198 2101 3284 2156 vel
3317 2102 3388 2157 ab
3420 2102 3519 2156 illo
3550 2120 3634 2157 er-

1989 2205 2114 2242 rore
2147 2205 2261 2258 quo
2295 2188 2350 2242 in
2383 2187 2678 2242 Christum
2707 2205 2818 2241 non
2843 2188 3271 2252 credebant,vel
3296 2190 3366 2244 ab
3398 2189 3494 2244 illo
3517 2207 3630 2262 quo

1985 2276 2045 2330 in
2078 2275 2224 2346 legis
2255 2277 2613 2330 caeremoniis
2665 2293 2724 2331 sc
2773 2278 3086 2348 sperabant
3125 2295 3365 2332 suorum
3399 2279 3630 2334 veniam

1985 2366 2261 2434 consequi
2292 2370 2684 2436 peccatorum,
2730 2369 2974 2420 erueret.
3033 2367 3309 2421 Servabat
3337 2367 3533 2434 etiam,
3567 2372 3632 2422 ut

1985 2469 2045 2506 se
2077 2454 2408 2508 ostenderet
2439 2472 2555 2509 non
2611 2455 2921 2509 abhorrere
2951 2471 3018 2508 ea
3048 2455 3371 2510 intentione
3426 2472 3544 2526 qua
3574 2459 3632 2511 et

1985 2541 2202 2595 Patres.
2237 2543 2343 2606 Qui
2402 2548 2592 2596 servat
2619 2543 2793 2596 etiam
2842 2542 3230 2598 intentionem
3265 2561 3380 2614 qua
3404 2544 3624 2611 Patres,

1987 2647 2101 2683 non
2134 2631 2364 2699 erat,ita
2395 2636 2611 2698 tamen,
2649 2638 2713 2685 ut
2739 2632 2796 2686 in
2830 2631 3190 2688 caeremoniis
3239 2633 3385 2703 legis
3416 2651 3532 2688 non
3565 2651 3626 2688 se

1984 2720 2179 2773 credat
2213 2737 2381 2791 posse
2406 2720 2926 2793 sanctiﬁcari,quia
2946 2722 3138 2776 omnis
3163 2722 3544 2778 sanctiﬁcatio
3567 2721 3626 2776 in

1984 2807 2211 2862 Christo
2245 2810 2393 2863 facta
2423 2814 2530 2864 est.
2586 2810 2728 2864 Ilinc
2758 2815 2846 2865 est
2887 2811 3040 2882 quod
3075 2828 3209 2867 cum
3241 2811 3454 2868 Judzeis
3501 2829 3629 2867 ser-

1987 2913 2143 2963 vans,
2178 2915 2291 2952 non
2325 2915 2451 2952 eam
2485 2898 2736 2970 imponit
2776 2899 3126 2956 Gentilibus.

2055 2987 2368 3057 Sequitur:
2404 2989 2498 3042 llis
2529 2990 2623 3059 qui
2664 2989 2761 3042 sub
2795 2989 2905 3058 lege
2949 2995 3100 3055 sunt,
3133 2995 3277 3058 etc.,
3314 3007 3498 3063 usque
3530 2990 3629 3046 ubi

1985 3074 2120 3129 dicit
2151 3094 2161 3129 :
2198 3078 2391 3132 Factus
2420 3093 2542 3131 sum
2572 3077 2846 3145 inﬁrmus.
2882 3077 3028 3132 Dicit
3058 3079 3166 3134 hoc
3197 3097 3311 3136 non
3346 3081 3630 3135 mentien-

1985 3164 2060 3216 tis
2100 3168 2249 3230 astu,
2302 3165 2401 3219 sed
2461 3166 2869 3236 compatientis
2928 3166 3155 3222 affectu.
3218 3166 3366 3221 lllud
3399 3184 3633 3239 quoque

219 3269 442 3319 rerum,
477 3233 732 3323 quarum
765 3254 853 3305 est
876 3249 1179 3317 Dominus,
1213 3256 1300 3305 est
1328 3256 1384 3305 et
1406 3251 1780 3306 distributor:
1817 3258 1872 3306 et
1902 3233 1943 3299 (ἶ
1983 3253 2307 3322 sciendum,
2335 3254 2472 3323 quia
2495 3255 2728 3308 fuerunt
2754 3254 3015 3309 nonnulli
3039 3256 3138 3326 qui
3171 3255 3442 3310 dixerunt
3464 3255 3632 3312 illum

210 3343 387 3413 juxta
409 3341 517 3396 hoc
538 3357 600 3395 se
626 3341 1092 3410 dispensatorem
1121 3339 1390 3394 dicit.IIic
1417 3357 1549 3394 vero
1572 3341 1875 3411 dispensa-

216 3429 443 3484 tionem
475 3429 536 3482 in
571 3428 723 3483 malo
761 3427 918 3496 dicit,
944 3429 1115 3496 juxta
1137 3428 1264 3498 hoc,
1291 3430 1440 3499 quod
1469 3430 1725 3485 rusticus
1756 3447 1877 3484 ser-

215 3535 333 3572 vus
364 3521 492 3572 est:
529 3517 712 3571 servis
743 3516 1044 3570 ministrat
1083 3533 1396 3583 annonam,
1430 3517 1550 3571 solo
1583 3517 1710 3572 cibo
1741 3535 1876 3572 con-

221 3611 453 3661 tentus.
480 3605 642 3668 Quod
667 3605 1064 3676 sequitur,sub
1088 3605 1540 3677 interrogatione
1566 3606 1875 3677 legendum

223 3698 338 3760 est,
372 3697 430 3748 et
450 3695 859 3764 suspendenda
880 3698 970 3748 est
993 3709 1120 3760 vox,
1147 3710 1452 3764 quousque
1476 3695 1722 3748 redditio
1754 3696 1873 3750 ﬁat.

222 3784 296 3838 Et
328 3787 392 3837 ut
423 3783 681 3853 apertius
711 3781 948 3849 clareat,
983 3782 1411 3854 interrogemus
1431 3783 1798 3854 Apostolum,
1823 3789 1879 3838 et

219 3873 496 3927 dicamus
522 3871 604 3925 :0
625 3870 914 3942 Apostole,
945 3887 1070 3942 qua:
1094 3878 1182 3925 est
1203 3887 1425 3926 merces
1449 3877 1569 3937 tua,
1595 3873 1691 3944 qui
1718 3872 1873 3927 illam

219 3960 554 4015 mercedem
588 3975 702 4012 non
739 3959 971 4030 accipis,
998 3976 1125 4030 quae
1160 3959 1289 4014 aliis
1312 3961 1502 4024 datur,
1536 3978 1648 4014 non
1681 3966 1875 4016 tamen

223 4049 298 4103 ob
327 4064 457 4103 eam
518 4047 1026 4118 praedicantibus?
1081 4047 1214 4110 Quae
1272 4048 1347 4102 sit
1404 4047 1776 4104 manifestat:
1816 4053 1879 4106 Ut

211 4138 533 4210 praedicans
565 4137 946 4206 Evangetium.
980 4137 1100 4191 sine
1117 4146 1341 4207 sumptu
1369 4154 1591 4207 ponam,
1625 4138 1732 4193 hoc
1766 4144 1874 4204 est,

221 4226 533 4282 ostendam
565 4223 946 4295 Evangelium
983 4241 1095 4279 nou
1129 4241 1256 4279 esse
1289 4230 1726 4297 sumptuosum,
1762 4244 1873 4282 non

220 4315 405 4370 etiam
437 4313 662 4369 venale.

294 4402 469 4457 Redit
502 4403 574 4457 ad
609 4405 955 4473 potestatem
1010 4405 1331 4473 acceptam,
1383 4419 1514 4457 cum
1560 4402 1729 4458 dicit:
1760 4405 1878 4459 Non

215 4492 426 4546 abutar
453 4494 717 4562 potestate
747 4506 869 4545 mea
916 4492 977 4545 in
1007 4491 1320 4560 Evangelz‘o.
1377 4492 1495 4545 Non
1529 4492 1879 4547 abutebatur

218 4583 515 4652 potestate
537 4596 644 4635 sua
663 4578 722 4633 in
747 4579 1076 4652 Evangelio,
1109 4578 1166 4633 ul
1191 4579 1434 4634 liberius
1452 4579 1880 4652 corrigerentur

219 4671 559 4740 peccantes.
584 4667 1044 4723 Ostenditetiam
1071 4683 1133 4722 se
1154 4667 1350 4738 ipsum
1373 4668 1702 4740 exemplum
1729 4668 1876 4737 illis;

220 4773 290 4812 ac
336 4756 387 4810 si
415 4756 664 4812 diceret:
718 4757 778 4810 In
821 4773 913 4811 me
941 4756 1148 4811 discite
1192 4756 1548 4828 exemplum,
1580 4758 1703 4828 qui,
1737 4774 1880 4828 quo-

220 4845 388 4900 niam
421 4845 688 4918 expedire
720 4861 836 4899 non
867 4844 1441 4916 intelligo,potestate
1473 4863 1603 4901 mea
1633 4863 1744 4901 non
1778 4847 1879 4901 ab-

217 4940 358 4990 utor
389 4934 448 4989 in
499 4935 846 5007 Evangelio:
900 4935 985 4989 sic
1016 4939 1071 4988 et
1101 4951 1222 5004 vos,
1273 4936 1411 5007 quia
1464 4954 1578 4991 non
1611 4938 1880 5008 expedire

211 5023 571 5097 intelligiiis,
625 5024 895 5095 quamvis
979 5021 1202 5078 licitum
1255 5025 1348 5092 sit,
1411 5025 1732 5097 idolothyta
1761 5043 1876 5080 non

215 5112 567 5169 comedatis.

285 5202 436 5274 (611)
469 5201 756 5272 Sequitur
779 5217 791 5255 :
825 5205 966 5257 Nam
994 5217 1118 5255 cum
1151 5201 1289 5257 liber
1307 5217 1478 5258 essem
1506 5217 1575 5256 ea:
1603 5203 1874 5269 omnibus,

213 5295 321 5347 etc.
358 5291 538 5347 Liber
569 5293 714 5345 erat.
749 5289 902 5344 sicut
948 5289 1248 5360 Scriptura
1296 5291 1476 5344 dicit:
1529 5288 1783 5344 Omnium
1815 5307 1875 5346 se

203 5398 435 5439 servum
471 5379 611 5435 fecit
633 5396 648 5446 ;
672 5378 814 5449 quia
836 5394 937 5449 per
961 5378 1351 5435 humilitatem
1381 5380 1873 5448 condescendens,

204 5476 407 5529 mente
421 5485 488 5527 se
503 5467 784 5524 omnibus
797 5466 1049 5523 similem
1065 5468 1332 5524 reddidit.
1362 5469 1609 5524 Fovebat
1621 5486 1876 5541 namque

264 5686 434 5763 (611)
470 5685 540 5743 1n
575 5685 776 5753 autog.
809 5696 998 5754 marg.
1031 5683 1114 5740 Ibi
1147 5682 1362 5756 legitur
1391 5699 1518 5755 cap.
1552 5682 1690 5737 XLI.

1989 3339 2263 3394 simulate
2295 3341 2350 3394 in
2387 3341 2602 3412 templo
2653 3341 3104 3409 sanctiﬁcatum,
3156 3347 3213 3397 et
3240 3343 3512 3398 Judaeum
3547 3344 3628 3398 fa-

1988 3429 2282 3483 ctum.Sed
2319 3429 2555 3483 omnino
2590 3446 2702 3484 non
2747 3435 2836 3484 est
2866 3432 3222 3486 credendum
3254 3431 3408 3502 quod
3456 3436 3631 3488 tantae

1988 3517 2354 3572 auctoritatis
2390 3517 2475 3571 vir
2507 3519 2724 3590 aliquid
2758 3519 3032 3575 simulate
3057 3521 3258 3591 egerit.
3291 3521 3399 3576 Sed
3432 3538 3497 3577 ea
3529 3538 3633 3576 au-

1987 3606 2253 3660 ctoritate
2284 3611 2340 3660 et
2367 3605 2716 3662 liberalitate
2747 3625 2864 3679 qua
2908 3609 3085 3664 dicit:
3120 3609 3484 3666 Circumcisus
3517 3613 3634 3667 ali-

1989 3696 2110 3765 quis
2153 3704 2366 3750 vocatus
2388 3711 2496 3750 non.
2530 3697 2768 3751 adducat
2795 3701 3130 3770 praeputium
3161 3699 3208 3769 (I
3227 3700 3348 3756 θον.
3377 3717 3474 3767 v11,
3503 3701 3590 3770 18)
3620 3718 3634 3768 ;

1987 3783 2095 3837 hoc
2125 3790 2236 3848 est,
2287 3800 2399 3838 non
2453 3784 2590 3839 velit
2640 3786 2827 3842 vivere
2885 3792 2947 3841 ut
2998 3788 3403 3860 praeputiatus,
3434 3789 3491 3843 id
3525 3793 3636 3858 est,

1988 3889 2221 3927 carnem
2255 3874 2456 3928 nudati
2487 3876 2732 3930 membri
2751 3881 2964 3948 tegere,
2990 3882 3044 3932 et
3069 3877 3127 3932 in
3161 3876 3638 3951 przeputiovoca-

1991 3966 2082 4016 tus
2115 3979 2230 4016 non
2253 3962 2390 4017 velit
2410 3963 2599 4018 vivere
2624 3969 2686 4018 ut
2707 3965 3089 4021 circumcisus
3116 3984 3128 4021 :
3149 3983 3211 4022 se
3233 3984 3468 4040 quoque
3492 3967 3639 4024 dixit

1986 4050 2202 4105 Judzeis
2231 4051 2500 4106 Judaeum
2551 4053 2790 4118 factum,
2843 4059 2900 4110 et
2931 4055 3202 4125 gentibus
3233 4055 3533 4126 gentilem.
3568 4057 3636 4110 Et

1989 4139 2097 4192 hoc
2115 4141 2462 4206 notandum,
2488 4140 2623 4209 quia
2641 4140 2828 4212 legem
2853 4140 2951 4195 Dei
2979 4145 3033 4195 et
3053 4142 3412 4209 Christi,non
3436 4147 3634 4199 tamen

1989 4232 2052 4281 ut
2082 4227 2196 4282 alia
2226 4228 2321 4297 sit,
2379 4227 2532 4282 sicut
2591 4229 2946 4284 Manichazus
2978 4231 3076 4296 ait,
3111 4232 3210 4286 sed
3263 4247 3461 4286 unam.
3487 4232 3640 4288 Dicit

1987 4316 2159 4371 etiam
2195 4315 2252 4369 in
2284 4315 2428 4386 lege,
2460 4316 2568 4370 sub
2620 4315 2744 4387 lege
2789 4322 2842 4370 et
2875 4317 3000 4372 sine
3029 4317 3191 4390 lege;
3225 4323 3283 4373 et
3311 4319 3470 4374 aliud
3503 4319 3634 4391 hoc,

1987 4403 2144 4459 aliud
2180 4404 2325 4458 illud
2355 4403 2602 4476 intelligi
2654 4403 2798 4459 vult.
2862 4406 2983 4460 Sub
3016 4406 3141 4478 lege
3195 4411 3283 4462 est
3313 4407 3504 4462 carnis
3534 4408 3637 4464 Ju-

1987 4495 2166 4560 dzeus,
2203 4493 2261 4547 in
2297 4493 2421 4564 lege
2444 4499 2531 4548 est
2553 4494 3026 4562 catholicus,sine
3049 4494 3173 4566 lege
3195 4494 3440 4566 quilibet
3460 4511 3638 4567 paga-

1911 4603 1956 4667 D
1993 4600 2102 4636 nus
2119 4582 2748 4655 gentilis.Quapropter
2765 4583 2845 4638 illi
2861 4584 2958 4654 qui
2975 4584 3175 4638 dicunt
3197 4585 3350 4656 quod
3365 4583 3641 4642 simulate

1993 4672 2051 4725 in
2084 4670 2305 4742 templo
2340 4688 2400 4726 se
2433 4671 2836 4738 sanctiﬁcavit,
2860 4671 3203 4727 etJudaaum
3254 4671 3636 4746 simulaverit,

1991 4760 2187 4814 dicant
2215 4763 2271 4814 et
2300 4760 2431 4815 ﬁcte
2481 4761 2634 4815 idolo
2658 4760 3040 4829 sacriﬁcasse,
3068 4766 3132 4816 ut
3161 4778 3222 4817 se
3259 4761 3531 4832 gentilem
3564 4762 3640 4818 si-

1993 4849 2262 4917 mularet,
2295 4849 2394 4921 qui
2427 4867 2541 4904 non
2592 4849 2782 4904 solum
2829 4867 2942 4905 non
2996 4851 3273 4916 adoravit,
3306 4852 3407 4906 sed
3441 4852 3637 4923 potius

1989 4939 2334 4993 detestando
2368 4939 2439 4995 ad
2475 4939 2732 5010 palmam
2767 4940 3028 5011 martyrii
3060 4941 3337 5010 pervenit.
3371 4941 3520 5014 Ergo
3551 4941 3634 4997 fa-

1988 5031 2119 5081 ctus
2151 5032 2239 5081 est
2278 5027 2518 5081 Judaeus
2547 5029 2783 5093 Judaels,
2817 5035 2873 5083 et
2924 5029 3198 5100 gentibus
3228 5029 3486 5101 gentilis,
3517 5046 3633 5086 non

1988 5114 2325 5169 mentientis
2356 5120 2510 5178 astu,
2549 5117 2649 5170 sed
2679 5116 3088 5187 compatientis
3119 5117 3493 5189 affectu,quia
3514 5117 3640 5172 illo-

1987 5220 2117 5257 rum
2151 5201 2416 5256 omnium
2438 5218 2691 5256 errorem
2721 5209 2778 5258 et
2800 5205 3115 5259 caecitatem
3149 5205 3317 5276 quasi
3340 5205 3633 5277 propriam

1987 5293 2274 5345 tractabat
2302 5294 2357 5342 et
2378 5289 2787 5344 considerabat
2813 5317 2824 5356 ;
2849 5297 2906 5346 et
2927 5293 3007 5346 ita
3032 5293 3113 5347 eis
3137 5293 3447 5348 subvenire
3477 5299 3636 5365 opta-

1987 5381 2086 5434 bat
2115 5397 2216 5433 ceu
2252 5377 2362 5432 sibi
2394 5375 2582 5440 vellet,
2608 5377 2655 5430 si
2683 5377 2741 5431 in
2772 5380 2855 5433 eis
2886 5381 3006 5450 ipse
3033 5381 3406 5436 detineretur.
3441 5382 3632 5438 Sanus

1986 5481 2242 5536 namque
2267 5464 2516 5518 deservit
2539 5463 2847 5535 inﬁrmo,si
2871 5468 2995 5536 ejus
3017 5467 3418 5525 inﬁrmitatem
3443 5471 3630 5526 consi-
