3990 6224
362 323 478 384 371

1385 323 1719 386 ATTONIS
1763 320 2225 385 VERCELLEN
2239 320 2353 381 SIS
2398 319 2750 381 EPISCOPI

3655 319 3784 378 372

369 457 532 514 deret
561 458 628 513 ut
659 474 850 527 suam,
881 461 936 512 et
966 455 1046 513 ita
1077 458 1304 522 serviat,
1335 459 1488 513 sicut
1519 459 1628 512 sibi
1660 457 1849 522 vellet,
1877 456 1925 509 si
1948 455 2005 509 in
2037 458 2086 520 Α
2123 471 2221 508 rus
2251 459 2394 520 erat,
2418 455 2488 508 ab
2514 453 2789 508 omnibus
2810 453 2958 508 escis
2985 469 3110 525 quae
3133 451 3262 524 ejus
3288 454 3580 507 certamen
3605 457 3784 523 pote-

369 563 438 602 ea
468 551 664 601 tentus
696 547 999 602 esset.Non
1036 547 1391 616 mentitur,si
1421 564 1481 600 se
1513 549 1667 601 dicat
1690 547 2008 600 inﬁrmum.

371 633 647 690 Nonnulli
681 635 842 691 fuere
875 636 973 706 qui
1024 637 1294 690 dixerunt
1344 635 1508 689 illum
1550 652 1609 690 se
1640 635 1854 689 dixisse
1886 634 2014 688 ideo

367 721 918 796 gentilibusfactum
942 723 1382 795 gentilem,quia
1405 724 1774 778 consentiens
1797 722 1903 776 fuit
1926 739 2015 776 se-

370 811 631 866 cundum
691 811 1155 883 philosophicam
1205 810 1576 881 disciplinam
1632 811 2016 882 philosoPhis,

367 899 692 973 przedicans
725 901 1009 955 mundum
1033 905 1190 954 aDeo
1229 898 1534 966 factum,et
1565 901 1792 953 animas
1817 915 2015 970 perpe-

366 992 521 1053 tuas,
547 991 602 1041 et
620 987 1060 1042 hominesillius
1077 1005 1204 1042 esse
1227 1005 1412 1059 genus
1438 1005 1450 1053 ;
1472 988 1668 1042 etideo
1698 987 2016 1042 fueritcon-

368 1075 629 1130 sentiens
647 1080 710 1130 ut
725 1092 822 1130 eos
842 1092 1151 1146 provocare
1166 1081 1363 1148 posset
1381 1077 1450 1130 ad
1469 1077 1639 1130 fidem
1655 1075 1866 1130 Christi
1883 1092 2000 1146 qua

370 1166 541 1218 tenus
555 1164 935 1219 crederenteu
948 1165 1271 1235 mjudicem
1291 1165 1556 1220 omnium
1573 1183 1606 1219 a
1624 1153 1731 1219 Deo
1747 1163 2023 1219 constitu-

370 1256 526 1306 tum:
545 1258 602 1306 et
629 1252 800 1307 sicuti
817 1252 952 1308 hinc
966 1253 1163 1308 omnia
1181 1255 1482 1326 superiora
1503 1255 1782 1325 pendent;
1801 1269 1956 1324 ergo,
1974 1253 2021 1308 si

367 1339 481 1395 hoc
496 1356 695 1396 verum
713 1341 996 1408 est,ctilla
1014 1359 1126 1397 non
1143 1342 1360 1397 habent
1376 1342 2020 1407 mendacium.Quomo-

371 1427 445 1483 do
465 1445 647 1484 sanus
664 1429 932 1484 infirmus
953 1447 1055 1502 pro
1080 1430 1314 1484 inﬁrmo
1338 1431 1458 1500 fiat,
1476 1448 1654 1502 supra
1676 1431 1896 1485 dictum
1916 1434 2022 1485 est.

373 1516 598 1572 Inﬁrmi
629 1519 1200 1588 nempeCorinthiiin
1229 1518 1837 1582 nonnullis,eteorum
1862 1519 2025 1574 simi-

375 1603 807 1660 les.lnf1rmitas
840 1607 1100 1678 Apostoli
1147 1613 1289 1674 erat,
1338 1609 1472 1680 quia
1509 1625 1621 1662 non
1659 1609 1928 1662 utebatur
1957 1606 2022 1660 li-

377 1692 493 1748 cita
522 1693 822 1766 potestale.
853 1695 998 1758 Quid
1022 1697 1177 1750 enim
1203 1696 1500 1751 infirmius
1524 1713 1700 1767 quam
1727 1700 1913 1750 artem
1939 1695 2024 1749 di-

378 1797 561 1851 scere,
592 1799 768 1854 quam
819 1783 1133 1852 nesciebat,
1167 1791 1222 1838 et
1270 1783 1466 1840 labore
1497 1786 1866 1856 propriarum
1896 1801 2024 1838 ma-
2059 1819 2105 1882 Β

381 1886 566 1926 nuum
599 1871 972 1926 sustentari?

455 1959 770 2031 Sequitur:
805 1961 1092 2030 Omnibus,
1126 1961 1179 2015 id
1216 1965 1324 2027 est,
1355 1961 1594 2028 Judzeis,
1628 1961 1943 2032 gentilibus
1974 1964 2030 2016 et

381 2045 654 2118 inﬁrmis,
685 2050 871 2104 omnia
889 2052 1082 2120 factus.
1118 2049 1232 2104 Hoc
1259 2050 1398 2104 dicit
1423 2068 1536 2104 non
1570 2050 1833 2105 simulati
1865 2067 2028 2105 men-

381 2135 532 2191 dacii
582 2136 854 2208 falsitate,
914 2139 1014 2193 sed
1073 2139 1292 2194 veracis
1352 2139 1744 2194 miserationis
1795 2139 2026 2210 pietate,

381 2225 519 2296 quia
550 2225 608 2279 in
642 2226 918 2281 omnibus
952 2226 1069 2282 illis
1099 2244 1226 2282 esse
1258 2227 1517 2297 potuisse
1552 2243 1613 2282 se
1647 2227 2024 2299 intelligebat,

377 2313 488 2369 nisi
523 2313 718 2369 divina
749 2315 956 2369 fuisset
989 2315 1388 2369 misericordia
1415 2313 1716 2370 liberatus.
1753 2316 1840 2370 Fit
1869 2315 2023 2370 enim

377 2399 594 2471 aliquis
623 2404 902 2456 veraciter
933 2401 1039 2456 hoc
1062 2405 1215 2474 quod
1247 2403 1341 2458 ille
1363 2403 1571 2470 est,cui
1596 2404 1717 2458 vult
1739 2404 2023 2470 misereri,

378 2489 426 2544 si
443 2488 571 2558 ejus
604 2488 855 2543 miseriis
885 2489 1189 2544 subveniat
1217 2495 1279 2543 ut
1298 2490 1730 2546 suis.Fitetiam
1749 2494 1902 2563 quod
1928 2491 2023 2548 ille

378 2580 487 2640 est,
512 2593 627 2631 non
652 2576 901 2631 fallendo
926 2580 1196 2643 eum,sed
1227 2584 1291 2632 ut
1311 2579 1579 2650 seipsum
1597 2581 2021 2635 considerando

377 2667 434 2719 et
464 2663 653 2720 illum.
706 2665 1015 2736 Sequitur:
1070 2666 1266 2720 Omnia
1311 2670 1479 2737 facio.
1533 2669 1766 2733 Quare?
1797 2673 2026 2739 Propter

378 2753 761 2823 Evangetium.
793 2752 876 2807 Ad
911 2752 1098 2823 quid?
1133 2754 1196 2808 Ut
1222 2755 1497 2824 particeps
1545 2755 1663 2825 ejus
1691 2756 1920 2824 e/ﬁeiar.
1957 2757 2027 2810 Et

379 2845 468 2896 est
489 2857 700 2897 sensus
726 2859 738 2896 :
764 2840 853 2909 Ut,
879 2841 1032 2896 sicut
1052 2840 1431 2912 Evangelium
1453 2844 1728 2897 omnibus
1753 2843 2023 2910 occurrit,

380 2945 588 2985 omnes
619 2928 744 2984 vult
793 2929 1035 3000 salvare,
1097 2929 1481 3001 omniumque
1512 2929 1727 2986 clamat
1755 2930 2001 2986 salutem

378 3015 460 3072 ita
489 3021 547 3072 et
577 3023 774 3089 ego,ut
804 3033 954 3085 mea,
986 3023 1042 3073 et
1071 3017 1353 3088 evangelii
1399 3036 1516 3073 una
1546 3018 1622 3073 sit
1654 3019 1916 3074 intentio.

451 3105 596 3178 (612)
623 3108 854 3161 Nescitis
884 3106 1024 3178 quod
1056 3107 1115 3160 hi
1142 3108 1239 3177 qui
1269 3109 1328 3162 in
1357 3107 1556 3172 stadio,
1587 3113 1696 3162 etc.
1728 3108 1898 3162 Aliud
1926 3125 2022 3180 ag-

2126 547 2252 594 rant
2285 541 2564 611 impedire
2586 541 2931 596 abstinebat.
2967 541 3167 594 Fertur
3211 538 3383 593 etiam
3416 539 3567 609 quod
3603 537 3782 594 lami-

2127 647 2232 683 nas
2262 630 2570 701 plumbeas
2599 647 2738 701 erga
2770 646 2939 684 renes
2975 628 3173 698 ligarat
3205 633 3439 699 propter
3468 627 3782 683 illusiones

2129 725 2462 773 nocturnas.
2483 721 2571 783 Et,
2601 719 2649 772 si
2673 719 2753 772 illi
2782 723 3015 790 propter
3038 716 3472 788 corruptibilem
3496 733 3782 772 coronam

2128 809 2208 862 ita
2236 809 2595 862 abstinentes
2627 813 2812 875 erant,
2846 807 3030 861 multo
3063 805 3252 875 magis
3285 822 3390 861 nos
3422 807 3492 862 ob
3526 806 3781 878 gloriam

2128 901 2350 950 aeterna:
2375 896 2755 950 beatitudinis
2777 896 3069 950 abstinere
3092 895 3373 949 debemus
3401 895 3471 949 ab
3499 895 3784 950 omnibus

2129 985 2308 1048 vitiis,
2333 985 2507 1039 etiam
2531 986 2901 1056 cogitatione,
2926 983 3178 1038 maxime
3199 988 3395 1038 autem
3419 984 3490 1038 ab
3519 984 3783 1039 immun-

2130 1073 2274 1128 ditia
2305 1073 2607 1144 corporali.

2202 1163 2349 1232 (613)
2380 1162 2658 1234 Sequitur
2690 1180 2702 1218 :
2735 1165 2844 1231 Ego
2866 1165 3038 1231 igitur
3057 1165 3134 1218 sic
3157 1179 3340 1227 curro,
3365 1166 3474 1218 etc.
3511 1161 3784 1218 Prmmis-

2132 1251 2215 1306 sis
2247 1250 2754 1318 similitudinibus,
2789 1254 2897 1305 sub
2927 1251 3146 1307 eisdem
3200 1252 3583 1322 semetipsum
3617 1253 3787 1322 ponit

2135 1340 2486 1412 exemplum,
2519 1341 2763 1397 dicendo
2789 1359 2800 1396 :
2837 1345 2946 1411 Ego
2968 1342 3154 1415 igitur
3180 1344 3260 1398 sic
3288 1357 3470 1410 curro,
3493 1345 3604 1396 etc.
3641 1342 3782 1396 Cur-

2134 1446 2198 1484 ro
2229 1429 2370 1484 dicit
2401 1436 2636 1500 propter
2682 1430 2960 1493 stadium,
3011 1447 3193 1502 pugno
3244 1435 3478 1502 propter
3507 1445 3779 1502 agonem.

2135 1518 2414 1571 Currebat
2445 1518 2551 1572 iste
2580 1534 2685 1572 non
2715 1519 2774 1571 in
2799 1519 3086 1587 incertum,
3119 1518 3256 1589 quia
3281 1517 3422 1572 certi
3453 1516 3677 1588 aliquid
3709 1517 3780 1571 de

2137 1623 2243 1661 sua
2271 1605 2550 1662 electione
2581 1606 2862 1661 audierat.
2920 1606 3242 1678 Pugnabat,
3294 1623 3410 1661 non
3455 1605 3779 1677 pueriliter.

2139 1694 2282 1751 Nam
2315 1695 2478 1766 pueri
2534 1695 2867 1750 dimicando
2919 1712 3052 1749 aera
3085 1695 3382 1750 verberare
3412 1695 3624 1761 solent,
3655 1693 3782 1749 istae.

2135 1799 2265 1838 vero
2300 1800 2431 1838 non.
2467 1784 2614 1847 Quia
2643 1801 2856 1856 corpus
2903 1800 3077 1839 suum
3123 1783 3448 1855 castigabat
3477 1784 3651 1847 fame,
3683 1782 3780 1838 siti

2140 1877 2196 1926 et
2226 1871 2317 1926 his
2348 1871 2664 1939 similibus,
2695 1873 2911 1944 quibus
2933 1873 3198 1928 atteritur
3229 1889 3460 1943 corpus.
3492 1873 3556 1927 Et
3586 1874 3646 1927 in
3674 1888 3786 1927 ser-

2140 1961 2359 2015 vitntem
2418 1961 2624 2031 redigo,
2676 1961 2775 2016 Dei
2809 1961 3048 2030 scilicet,
3098 1961 3185 2016 vel
3247 1960 3480 2016 mentis.
3512 1963 3586 2016 Ne
3612 1962 3779 2031 forte,

2137 2065 2261 2104 cum
2290 2051 2442 2115 aliis,
2477 2054 2587 2116 etc,
2619 2049 2762 2105 Vide
2793 2055 3024 2122 quantae
3049 2049 3641 2121 temeritatis,quantze
3673 2049 3776 2104 de-

2140 2138 2366 2192 mentia:
2398 2139 2515 2192 sint
2545 2138 2832 2203 homines,
2868 2156 2980 2194 non
3023 2139 3302 2208 timendo,
3339 2138 3536 2194 incerti
3567 2138 3639 2193 de
3669 2154 3782 2192 sua

2136 2224 2417 2281 electione
2447 2227 2781 2296 existentes,
2817 2244 2950 2283 cum
2981 2227 3098 2294 ille,
3133 2227 3234 2298 qui
3255 2228 3478 2298 aliquid
3510 2226 3649 2282 certi
3681 2243 3782 2282 au-

2136 2313 2341 2379 dierat,
2362 2316 2691 2371 timebat.ln
2717 2334 2830 2387 quo
2854 2322 3168 2372 monentur
3188 2334 3412 2382 omnes,
3436 2321 3499 2372 ut
3521 2316 3778 2372 timendo

2134 2409 2388 2474 sperent,
2421 2409 2476 2460 et
2506 2407 2796 2476 sperando
2819 2405 3080 2472 timeant,
3116 2411 3404 2477 quatenus
3427 2422 3562 2476 spes
3593 2409 3780 2460 foveat

2134 2490 2488 2563 laborantes,
2521 2501 2576 2547 et
2599 2494 2775 2548 timor
2797 2494 2993 2550 incitet
3016 2494 3395 2566 negligentes.
3425 2493 3586 2550 Unde
3618 2493 3778 2550 Psal-

2136 2581 2346 2635 mista:
2383 2583 2488 2649 Qui
2514 2584 2708 2638 timent
2738 2585 3050 2650 Dominum,
3083 2591 3435 2654 speraverant
3463 2585 3524 2640 in
3552 2583 3778 2639 Domino

2133 2670 2305 2737 (Psal.
2339 2687 2481 2738 cxw,
2518 2672 2628 2741 11),

2208 2758 2354 2828 (614)
2386 2758 2544 2826 (CAP.
2597 2760 2688 2830 Χ.)
2738 2759 3064 2816 Prmmissis
3122 2761 3612 2816 similitudinibus
3643 2761 3781 2817 sub-

2128 2847 2329 2917 junxit
2358 2847 2687 2918 exemplum
2738 2849 2964 2905 Veteris
3021 2850 3380 2905 Testamenti
3425 2850 3680 2906 attinens
3711 2850 3783 2906 ad

2135 2936 2400 2991 eamdem
2435 2953 2579 3002 rem,
2612 2939 2811 2994 dicens
2839 2955 2850 2994 :
2885 2940 3017 2994 Nolo
3046 2940 3195 2994 enim
3238 2955 3327 2994 vos
3360 2942 3638 3010 ignorare,
3675 2944 3783 2994 etc.

2135 3025 2293 3088 Quod
2331 3025 2583 3096 qualiter
2615 3032 2843 3098 gestum
2875 3027 2971 3093 sit,
3007 3027 3387 3083 manifestum
3417 3033 3526 3099 est,
3559 3032 3618 3082 et
3648 3045 3788 3099 quo-

2140 3114 2310 3168 modo
2341 3114 2682 3184 spiritaliter
2722 3116 3031 3184 sentiatur,
3064 3116 3276 3188 partim
3302 3118 3427 3188 jam
3461 3116 3785 3189 cognitum.

379 3195 660 3267 greditur,
697 3195 841 3250 dans
870 3194 1344 3264 similitudinem,
1383 3213 1508 3267 quae
1543 3214 1658 3252 non
1692 3196 1881 3251 solum
1915 3178 2023 3250 c6-
2056 3178 2097 3244 C
2141 3178 2391 3256 Intentio
2442 3206 2636 3258 tamen
2680 3203 2811 3272 ejus
2869 3178 3170 3260 intuenda.
3225 3178 3472 3261 Intentio
3521 3178 3651 3274 ejus
3684 3205 3791 3260 fuit

379 3283 634 3349 rinthiis,
664 3283 763 3340 sed
787 3284 1063 3340 omnibus
1087 3285 1355 3340 convenit
1379 3285 1744 3340 Christianis.
1765 3285 2029 3340 Stadium

376 3389 631 3445 namque
664 3371 887 3427 dictum
910 3377 998 3427 est
1028 3391 1061 3427 a
1082 3372 1299 3443 stando,
1323 3373 1394 3428 ob
1420 3373 1549 3438 hoc,
1583 3373 1860 3444 quoniam
1892 3373 2028 3428 Her-

375 3461 533 3517 cules
564 3478 679 3516 uno
711 3460 972 3517 anhelitu
1007 3466 1240 3516 centum
1294 3462 1496 3534 viginti
1530 3462 1790 3533 quinque
1823 3477 2031 3534 passus

375 3550 651 3616 cucurrit,
685 3549 743 3604 id
770 3555 877 3614 est,
911 3554 1172 3604 octavam
1195 3556 1419 3621 partem
1450 3550 1792 3618 milliarii,et
1821 3551 1983 3605 stetit
2012 3569 2025 3618 ;

381 3644 440 3692 et
471 3637 600 3692 ideo
633 3654 667 3692 a
691 3639 882 3692 stando
911 3639 1147 3692 dicitur.
1195 3639 1489 3694 Transivit
1531 3639 1706 3694 etiam
1741 3639 1860 3694 haec
1891 3655 2028 3693 con-

379 3725 632 3784 suetudo
649 3726 720 3780 ad
737 3726 1181 3792 Romam,utsex
1199 3727 1458 3783 millibus
1471 3743 1751 3798 passuum
1774 3727 2029 3782 stadium

381 3814 758 3879 diceretur,et
779 3814 835 3868 in
861 3814 1030 3870 metis
1052 3816 1375 3870 stadiorum
1400 3817 1722 3887 ponebatur
1739 3816 2026 3885 bravium,

381 3901 439 3958 id
472 3907 562 3959 est
592 3903 895 3974 przemium
922 3921 934 3969 ;
963 3908 1020 3958 et
1067 3909 1366 3958 currentes
1409 3909 1542 3959 ante
1593 3910 2027 3977 imperatorem,

381 3991 482 4062 qui
504 3991 669 4064 prius
691 3991 1286 4062 veniebat,przemium
1307 3993 2031 4065 accipiebat.Assimilatur

379 4085 573 4135 autem
598 4079 853 4135 stadium
881 4097 1036 4135 nunc
1067 4080 1199 4136 ﬁdei
1228 4099 1240 4149 ;
1275 4081 1412 4153 quia
1434 4083 1588 4137 sicut
1617 4081 1697 4137 ibi
1731 4082 1920 4152 multi,
1949 4083 2029 4140 ita

378 4174 434 4225 et
463 4170 520 4226 in
549 4169 739 4224 stadio
771 4168 903 4225 fidei
953 4169 1124 4225 multi
1155 4170 1512 4226 discurrunt.
1547 4176 1658 4227 Per
1683 4189 1889 4238 unum,
1925 4173 2026 4244 qui

379 4258 681 4330 premium
714 4259 1261 4330 accipiebat,unitas
1300 4259 1565 4316 Ecclesiae
1599 4261 1706 4315 rite
1737 4261 2024 4332 signatur.

376 4347 487 4403 Sed
521 4363 734 4420 magna
790 4347 1070 4404 distantia
1117 4355 1206 4404 est
1263 4349 1414 4405 inter
1465 4349 1609 4404 illud
1659 4350 1941 4415 stadium,
1972 4354 2028 4404 et

377 4435 555 4491 istud.
584 4437 667 4491 Ibi
697 4437 852 4492 enim
887 4437 982 4493 ille
1011 4437 1380 4494 solummodo
1406 4439 1702 4492 fructuose
1729 4439 2024 4501 currebat,

2139 3291 2445 3345 ostendere
2499 3291 2810 3348 Corinthiis
2867 3292 3013 3347 nihil
3072 3294 3349 3365 prodesse
3401 3294 3786 3366 baptismum,

2140 3383 2571 3450 perceptionem
2599 3381 2857 3453 mysterii
2872 3383 3128 3454 corporis
3150 3383 3524 3455 etsanguinis
3545 3382 3782 3451 Christi,

2139 3485 2244 3522 nec
2279 3473 2502 3539 caetera,
2536 3487 2661 3541 qua:
2693 3469 2751 3524 in
2801 3471 3057 3526 Ecclesia
3099 3471 3486 3540 celebrantur,
3519 3472 3567 3527 si
3598 3471 3782 3544 negli-

2137 3560 2339 3628 genter
2359 3558 3134 3630 viverent,quemadmodum
3155 3576 3258 3616 nec
3284 3559 3399 3616 illis
3423 3559 3784 3633 negligenter

2140 3645 2384 3718 vivendo
2416 3645 2515 3701 illa
2535 3647 2733 3701 omnia
2755 3648 3097 3718 profuerunt
3118 3666 3244 3720 quas
3265 3648 3356 3704 hic
3379 3649 3520 3704 dicit
3544 3653 3783 3720 Aposto-

2140 3731 2270 3801 lus;
2305 3735 2472 3805 quasi
2504 3736 2757 3790 diceret:
2793 3736 2952 3790 Sicut
3000 3735 3083 3790 illi
3138 3737 3252 3792 ista
3277 3736 3474 3792 omnia
3503 3736 3784 3794 habentes

2141 3823 2564 3877 murmurando
2594 3823 2911 3894 perierunt,
2961 3824 3044 3879 ita
3074 3830 3130 3879 et
3162 3843 3261 3881 vos
3310 3824 3674 3897 negligenter
3701 3826 3784 3881 vi-

2139 3911 2322 3965 vendo
2345 3911 2625 3966 habentes
2649 3911 2762 3966 ista
2777 3912 3061 3983 peribitis.
3093 3913 3248 3969 Unde
3273 3915 3331 3969 in
3356 3916 3740 3986 sequentibus
3768 3933 3781 3971 :

2138 3999 2240 4055 Sed
2269 4015 2376 4053 non
2414 4001 2473 4052 in
2490 4000 2748 4068 pluribus
2769 4016 2958 4056 eorum
2980 4001 3375 4073 beneptacztum
3398 4007 3476 4058 est
3509 4007 3639 4071 Deo,
3672 4008 3780 4059 etc.

2137 4087 2373 4158 thuod
2391 4087 2773 4158 spiritualiter
2793 4089 2912 4143 sint
2929 4089 3642 4163 intelligenda,subdendo
3661 4108 3782 4148 ma-

2139 4176 2393 4243 nifestat,
2423 4176 2662 4232 dicens:
2727 4177 2993 4234 Bibebant
3039 4185 3225 4235 autem
3260 4181 3325 4236 tte
3373 4183 3639 4252 spiritali,
3673 4185 3778 4236 etc.

2139 4263 2241 4318 Ubi
2268 4263 2850 4321 animadvertendum
2873 4267 3010 4338 quia
3033 4285 3147 4322 non
3170 4269 3488 4339 dicit,petra
3509 4270 3782 4340 signiﬁcat

2137 4351 2416 4407 Christum
2445 4355 2567 4421 sed,
2599 4363 2738 4420 erat,
2792 4355 2931 4426 quia
2978 4373 3089 4412 non
3145 4363 3327 4430 petra,
3379 4359 3477 4413 sed
3513 4357 3778 4414 Christus

2136 4458 2349 4512 aquam
2385 4443 2674 4514 produxit.
2731 4447 2838 4498 Per
2883 4443 2990 4499 hoc
3048 4446 3200 4517 quod
3233 4452 3395 4518 petra
3425 4447 3779 4518 sequebatur

377 4525 477 4598 qui
502 4525 804 4598 praemium
829 4526 1147 4598 accipiebat
1174 4569 1187 4594 ,
1212 4526 1269 4580 in
1295 4527 1404 4581 isto
1431 4542 1562 4580 vero
1582 4541 1787 4579 omnes
1808 4525 1908 4595 qui
1934 4544 2024 4580 ra-
2056 4539 2101 4602 Ι)
2133 4545 2231 4584 eos
2265 4547 2452 4602 usque
2509 4532 2578 4586 ad
2641 4533 2784 4588 fines
2843 4533 3231 4590 Moabitarum
3288 4535 3481 4606 (Exod.
3527 4553 3667 4606 xvu,
3697 4537 3774 4606 6),

378 4612 733 4669 tionabiliter
755 4616 1026 4682 amando,
1047 4620 1104 4670 et
1131 4615 1437 4685 sperando,
1472 4617 1529 4667 et
1549 4614 1703 4667 bona
1733 4615 2027 4684 Operando

378 4701 736 4771 discurrunt,
771 4703 1074 4774 praemium
1104 4703 1230 4756 vita:
1259 4703 1467 4756 futuras
1509 4705 1649 4755 sunt
1678 4703 2025 4772 percepturi.

379 4790 449 4844 Et
479 4790 618 4862 quia
648 4791 872 4847 dixerat
911 4790 1380 4853 similitudinem,
1426 4789 1734 4858 subjunxit
1761 4789 2028 4846 exhorta-

378 4877 617 4948 tionem,
652 4879 897 4935 dicendo
929 4897 940 4933 :
974 4882 1054 4934 sic
1073 4879 1304 4946 currite,
1339 4881 1472 4945 etc.,
1497 4877 1552 4930 id
1577 4882 1666 4931 est
1687 4877 1769 4932 sic
1792 4884 1852 4933 ut
1881 4895 2024 4934 com-

373 4953 746 5040 prehendatis.
780 4967 1099 5036 Subjunxit
1147 4964 1389 5020 alteram
1434 4962 1905 5035 similitudinem,
1939 4967 2022 5021 di-

375 5059 595 5112 cendo:
656 5056 843 5110 Omnis
889 5058 1072 5108 autem
1130 5055 1226 5124 qui
1275 5056 1333 5107 in
1363 5069 1531 5124 agone
1586 5056 1880 5126 contendit,
1912 5063 2020 5113 etc.

376 5149 520 5216 Agon
555 5145 712 5200 enim
745 5143 958 5206 Grmce,
995 5141 1198 5196 Latine
1247 5141 1459 5197 dicitur
1483 5147 1780 5212 certamen,
1810 5163 2019 5216 pugna,

375 5235 523 5287 lucta
554 5237 728 5302 atque
775 5231 1082 5299 conflictus.
1133 5230 1274 5284 Nam
1329 5231 1479 5286 sicut
1507 5237 1632 5287 erat
1657 5237 2019 5291 consuetudo

372 5319 668 5388 currendi,
696 5319 778 5372 ita
799 5318 976 5372 etiam
999 5322 1056 5373 et
1085 5317 1366 5375 luctandi.
1394 5320 1503 5376 Sed
1527 5319 1624 5377 ille
1645 5322 1744 5393 qui
1768 5322 2016 5378 luctatu-

446 5529 593 5667 (612)
620 5529 721 5584 I-Iic
755 5530 812 5583 in
845 5538 1037 5602 autog.
1073 5548 1258 5614 marg.
1291 5533 1504 5615 legitur
1535 5551 1660 5606 cap.
1694 5534 1859 5591 XLII.

468 5599 595 5667 613)
627 5601 688 5656 In
721 5604 915 5667 autog.
949 5618 1134 5667 marg.
1164 5604 1257 5659 hic
1289 5603 1500 5667 legitur
1527 5623 1654 5667 cap.
1689 5605 1859 5661 XLIII

468 5599 595 5670 613)
627 5601 688 5656 In
721 5604 915 5674 autog.
949 5599 1134 5674 marg.
1164 5599 1257 5659 hic
1289 5599 1500 5676 legitur
1527 5599 1654 5677 cap.
1689 5605 1884 5661 XLIII.

2137 4618 2620 4690 praefigurabalur
2639 4620 2904 4676 Christus
2938 4621 3271 4678 nasciturus
3315 4629 3448 4695 post
3477 4623 3740 4696 Moysen.

2206 4708 2333 4764 Herc
2363 4711 2545 4762 autem
2574 4711 2761 4764 omnia
2791 4712 2850 4764 in
2877 4712 3076 4781 ﬁgura,
3101 4717 3210 4767 etc.
3231 4711 3331 4766 His
3364 4711 3554 4768 verbis
3583 4718 3778 4768 osten-

2137 4794 2224 4849 dit
2257 4795 2425 4850 nobis
2456 4796 2782 4868 exemplum
2817 4798 3248 4870 allegorizandi.
3273 4799 3579 4856 Monemur
3602 4801 3778 4857 etiam

2140 4888 2202 4938 ut
2234 4901 2344 4937 non
2381 4885 2868 4956 concupiscamus
2899 4888 3400 4954 quemadmodum
3438 4887 3521 4942 illi
3550 4889 3778 4962 Egypti

2136 4972 2578 5028 reminiscentes
2602 4979 2838 5046 propter
2858 4991 3025 5030 esum
3049 4975 3314 5032 carnium
3339 4977 3532 5046 (Exod.
3560 4995 3675 5046 xw,
3701 4980 3780 5050 3),

2136 5078 2206 5116 ne
2238 5062 2454 5132 pariter
2485 5079 2810 5134 pereamus,
2845 5080 3032 5135 neque
3080 5063 3399 5120 idololatra:
3431 5066 3780 5124 efficiamur.

2132 5148 2564 5206 Commemorat
2579 5151 2731 5206 enim
2753 5151 3066 5222 Apostolus
3089 5152 3255 5207 illum
3282 5152 3478 5209 locum
3503 5155 3600 5209 ubi
3627 5154 3783 5229 Moy-

2131 5256 2224 5294 ses
2256 5245 2512 5295 montem
2565 5239 2724 5295 Sinai
2777 5241 3119 5309 ascendens,
3169 5259 3302 5296 cum
3357 5242 3609 5316 populus
3641 5261 3783 5316 erga

2130 5332 2389 5383 montem
2415 5327 2816 5395 remansisset,
2841 5329 3214 5399 projicientes
3235 5347 3447 5388 aurum
3469 5331 3528 5387 in
3552 5331 3776 5404 ignem,

2193 5539 2342 5609 (614)
2375 5539 2432 5594 tn
2465 5543 2662 5611 autog.
2699 5554 2884 5611 marg.
2917 5538 3010 5594 hic
3039 5539 3251 5612 legitur
3279 5557 3408 5614 cap.
3441 5541 3632 5600 XLIV.
