3990 6224
99 360 215 422 373

684 357 1109 422 EXPOSITIO
1154 360 1232 420 IN
1277 358 1706 421 EPISTOLAS
1758 360 2016 423 PAULI.
2059 393 2136 406 -—
2170 361 2245 422 IN
2296 359 2599 424 EPIST.1
2645 360 2747 420 AD
2791 357 2966 422 COR.

3416 359 3531 422 374

101 511 418 570 egressum
443 497 536 550 est
558 497 739 565 caput
784 493 970 559 vituli,
996 498 1051 548 et
1072 499 1204 565 post
1228 493 1686 550 immolationem
1711 500 1768 550 et
1796 496 1850 560 Α
1931 506 1952 555 t
1981 506 2069 556 est
2095 516 2335 556 sensus:
2377 500 2522 565 Quia
2553 500 2648 556 illo
2680 519 2793 556 non
2835 498 3137 567 mentitur,
3169 501 3227 554 et
3251 514 3353 555 vos
3399 492 3528 568 qui-

101 585 532 642 comestionem
560 588 946 638 surrexerunt
971 581 1170 637 ludere
1199 584 1391 653 (Exod.
1419 602 1595 651 xxxii,
1619 586 1728 654 4-6)
1757 601 1768 638 :

100 677 254 732 unde
289 674 470 730 dicit:
503 674 656 729 Sedit
683 675 944 744 pOpulus.
980 672 1084 727 Ubi
1117 675 1449 728 ostenditur
1481 675 1633 745 quod
1669 674 1771 728 hu-

92 763 433 837 juscemodi
470 762 668 818 cultus
712 768 768 816 et
815 762 1084 817 nefandae
1131 762 1316 833 epulae
1369 764 1438 818 ad
1472 762 1770 817 lasciviam

96 857 444 926 provocant.
483 853 792 910 Monemur
815 868 885 906 nc
917 851 1058 906 talia
1088 868 1355 922 agamus,
1393 870 1462 908 ne
1502 851 1774 907 similiter

101 958 442 1015 pereamus.

165 1033 358 1102 Neque
411 1032 771 1100 fornicamur,
805 1034 911 1083 etc.
950 1028 1111 1083 Illius
1168 1028 1275 1083 loci
1325 1029 1615 1098 meminit,
1671 1030 1768 1083 ubi

99 1120 378 1176 Moabitae
411 1124 685 1174 ornantes
718 1119 870 1174 ﬁlias
901 1135 1040 1173 suas
1067 1125 1392 1189 posuerunt
1421 1135 1519 1173 eas
1545 1124 1675 1173 ante
1705 1121 1767 1173 {i-

95 1211 207 1266 lios
237 1209 450 1274 Israel,
485 1213 541 1263 et
573 1206 1048 1278 concupiscentes
1098 1209 1282 1278 (Num.
1341 1209 1468 1274 xxv)
1505 1225 1765 1278 peccave-

101 1305 287 1354 runt:
326 1298 428 1352 ubi
461 1297 540 1351 ita
569 1296 778 1351 exarsit
810 1296 893 1350 ira
926 1295 1046 1366 Dei,
1083 1301 1145 1350 ut
1176 1295 1344 1350 multi
1382 1298 1634 1367 perirent
1666 1314 1679 1352 :
1712 1303 1767 1350 ct

101 1389 310 1457 etiam,
346 1385 460 1440 nisi
493 1385 734 1440 Phineas
758 1384 1055 1439 adulteros
1079 1384 1412 1452 occidisset,
1447 1386 1762 1439 maximam

103 1482 332 1546 partem
359 1475 559 1546 populi
583 1475 851 1546 perderet
874 1474 1038 1544 (Ibid.
1071 1475 1176 1543 11).
1201 1474 1506 1528 Monemur
1536 1489 1604 1528 ne
1628 1473 1766 1528 talia

101 1565 327 1636 agendo
379 1579 716 1634 pereamus.
752 1565 935 1634 Neque
990 1568 1260 1618 tentemus
1321 1563 1620 1626 Christum,
1653 1569 1760 1617 etc.

104 1653 246 1708 Cum
277 1653 424 1707 dicit
458 1669 558 1707 eos
595 1651 895 1707 Christum
949 1656 1229 1718 tentasse,
1265 1651 1591 1706 ostenditur
1631 1656 1764 1704 ante

105 1742 302 1808 fuisse,
340 1759 522 1812 quam
558 1757 626 1796 ex
657 1740 894 1812 Virgine
939 1745 1296 1805 nasceretur,
1331 1747 1386 1794 et
1429 1744 1661 1812 Moysen
1697 1741 1760 1793 ti-

104 1847 310 1902 guram
343 1830 563 1885 Christi
596 1834 899 1901 gestasse;
933 1846 1066 1884 nam
1114 1828 1196 1882 illi
1225 1830 1460 1900 Moysen
1509 1833 1762 1883 tantave-
1795 1867 1840 1928 Β

102 1923 260 1974 runt.
297 1919 612 1974 Monemur
643 1935 715 1972 ne
747 1917 885 1972 talia
915 1917 1139 1989 agendo
1173 1934 1504 1988 pereamus.

170 2007 353 2078 Neque
386 2007 900 2070 murmuravcritis,
925 2012 1032 2060 etc.
1069 2006 1492 2060 Exterminator
1523 2004 1757 2060 illorum

103 2096 210 2150 fuit
253 2097 461 2152 hiatus
521 2101 688 2150 terrae
720 2096 906 2164 (Num.
941 2113 1021 2160 x1,
1081 2096 1210 2165 33):
1277 2096 1528 2150 maxime
1559 2101 1757 2149 autem

104 2191 298 2240 auctor
329 2183 666 2239 exterminii
695 2184 964 2238 diabolus
996 2184 1261 2239 existitit.
1288 2185 1412 2239 Ilaec
1437 2195 1619 2238 autem
1650 2202 1758 2239 om-

101 2276 194 2329 nia
226 2276 286 2328 in
313 2275 520 2343 ﬁgura,
545 2278 652 2328 etc.
680 2272 946 2327 Ostendit
968 2273 1060 2327 hic
1085 2271 1578 2343 allegorizandum
1604 2289 1753 2327 esse.

103 2364 209 2417 Sed
239 2380 359 2416 non
395 2363 530 2416 ideo
567 2362 678 2416 hoc
709 2361 870 2430 dicit,
905 2365 968 2414 ut
1004 2379 1108 2416 nos
1136 2379 1202 2416 ca
1233 2379 1359 2434 quae
1391 2360 1479 2416 lex
1511 2362 1758 2433 promit-

102 2451 175 2506 tit
209 2449 633 2522 percipiamus,
667 2452 762 2504 sed
794 2455 859 2505 ut
881 2450 1089 2505 certior
1133 2451 1400 2505 doctrina
1429 2450 1759 2520 evangelica

112 2541 420 2595 habeatur.
480 2539 546 2593 Et
603 2557 773 2609 quare
827 2540 936 2594 hoc
997 2539 1319 2611 scripserit,
1383 2539 1754 2594 manifestat:

111 2631 327 2701 Scripta
356 2636 495 2684 sunt
520 2636 702 2685 autem
733 2629 806 2684 ad
835 2631 1222 2684 correctionem
1244 2632 1506 2693 nostram,
1543 2632 1601 2682 in
1631 2644 1760 2698 quos

111 2719 239 2787 ﬁnes
269 2719 610 2775 saeculorum
657 2717 1011 2784 devenerunt,
1057 2718 1115 2772 id
1147 2721 1256 2786 est,
1289 2718 1390 2788 qui
1426 2716 1602 2771 futuri
1635 2734 1757 2772 era-

114 2823 261 2872 mus,
295 2813 353 2861 et
385 2805 689 2862 credituri.

179 2896 491 2969 Sequitur:
526 2896 717 2966 Itaque
747 2897 928 2967 quise
959 2898 1240 2950 existimat
1270 2900 1438 2961 stare,
1472 2900 1582 2950 etc.
1613 2899 1755 2949 Tan-

112 2985 190 3058 git
220 2986 376 3041 enim
403 2985 499 3040 hic
535 2984 668 3040 illos
701 2985 801 3056 qui
822 2984 1140 3056 idolothyta
1162 2985 1562 3053 comedebant,
1598 2983 1758 3056 parvi

112 3074 422 3145 pendentes
458 3072 809 3128 scandalum
843 3073 1074 3127 fratris:
1109 3076 1283 3128 terret
1315 3072 1513 3138 etiam,
1549 3091 1618 3127 ne
1643 3072 1755 3126 hu-

113 3178 285 3217 mana
339 3162 588 3217 scientia
644 3161 829 3215 inﬂati
878 3161 1108 3229 cadant,
1168 3166 1226 3216 ct
1275 3161 1664 3232 superbiendo
1699 3161 1755 3215 in

115 3251 487 3308 tentationem
505 3251 788 3306 incidant.
809 3251 873 3304 Et
903 3249 1031 3306 ideo
1046 3251 1349 3320 subjunxit
1375 3269 1387 3304 :
1413 3251 1652 3305 Tentatio
1668 3267 1757 3305 vos

112 3356 217 3395 non
243 3341 637 3410 apprehendat,
669 3345 777 3395 etc.
811 3341 1074 3394 Tentatio
1107 3340 1366 3394 humana
1395 3329 1756 3408 estlaliquod
1811 3376 1817 3384 -

117 3428 332 3484 malum
363 3429 647 3501 cogitare,
700 3427 1055 3483 diabolicum
1115 3433 1204 3482 est
1254 3430 1324 3482 ad
1359 3430 1757 3500 Operationem

116 3517 460 3587 perducere;
483 3516 654 3587 quasi
676 3517 890 3571 diceret
916 3514 1167 3571 :Malum
1181 3517 1436 3586 cogitare
1453 3521 1689 3586 peccatu
1702 3533 1755 3569 m

115 3607 222 3670 est,
243 3605 605 3659 diabolicum
635 3621 760 3659 vero
783 3607 854 3660 ad
871 3605 1265 3676 Operationem
1291 3605 1759 3676 perducere.Alio

115 3709 249 3747 vero
271 3708 472 3759 sensu,
506 3692 762 3760 humana
791 3695 1034 3750 tentatio
1065 3699 1175 3759 est,
1200 3711 1334 3748 cum
1369 3692 1498 3764 quis
1530 3695 1601 3748 ad
1628 3711 1760 3749 con-

117 3780 310 3836 silium
341 3787 603 3851 vocatus,
633 3783 689 3837 in
719 3783 843 3854 ipso
873 3783 1094 3838 labitur
1133 3782 1397 3847 consilio,
1428 3788 1492 3836 ut
1534 3782 1754 3837 malum

116 3869 320 3925 habeat
361 3871 626 3927 exitum:
661 3871 769 3926 hoc
793 3871 1119 3926 humanum
1153 3878 1258 3941 est,
1295 3873 1417 3927 sive
1451 3888 1583 3926 cum
1621 3873 1755 3942 quis

120 3961 443 4032 quempiam
463 3959 769 4015 hominem
785 3960 1037 4030 videns,j
1050 3961 1243 4015 ndicat
1260 3977 1393 4015 eum
1409 3961 1623 4015 bonum
1636 4002 1648 4025 ,
1667 3961 1754 4016 vel

119 4047 350 4114 malum,
375 4048 564 4103 nullis
595 4047 826 4103 indiciis
849 4048 1246 4104 manifestum.

183 4137 506 4208 Sequitur:
563 4136 765 4191 Fidelis
819 4142 985 4192 Deus.
1048 4136 1247 4192 Multis
1302 4137 1492 4192 modis
1550 4138 1758 4193 accidit

119 4227 369 4280 tentatio.
405 4226 700 4298 Quoniam
728 4241 838 4280 non
865 4228 1104 4296 patietur
1135 4242 1221 4280 vos
1252 4228 1476 4293 tentari,
1515 4231 1626 4283 etc.
1661 4227 1754 4280 Fi-

119 4312 259 4369 delis
282 4319 389 4379 est,
413 4316 558 4386 quia
582 4331 709 4385 qua:
724 4315 1032 4386 promittit,
1055 4315 1175 4370 falli
1196 4331 1310 4369 non
1331 4320 1598 4385 possunt,
1621 4333 1754 4370 nam

119 4419 226 4457 non
259 4403 480 4459 fallitur
504 4422 517 4471 ;
544 4395 701 4458 unde
721 4408 778 4457 et
805 4403 994 4458 fidelis
1025 4403 1222 4472 homo,
1247 4402 1385 4474 quia
1407 4403 1610 4474 implet
1631 4422 1756 4475 qua:

119 4491 419 4562 promittit,
452 4497 510 4547 et
541 4491 690 4546 ﬁdes
721 4490 935 4545 dicitur
965 4491 1123 4562 quod
1146 4492 1268 4545 ﬁat.
1301 4491 1370 4544 Et
1395 4497 1481 4544 est
1514 4507 1752 4545 sensus:

1881 597 2011 648 dem
2048 609 2159 646 non
2196 590 2546 654 mentimini,
2598 592 2696 646 sed
2716 587 3096 644 credentesin
3119 587 3447 660 eum,quod
3470 587 3530 644 in

1882 680 2233 751 baptismate
2275 679 2649 751 promisistis,
2687 679 2944 749 implete,
2977 678 3032 731 id
3067 682 3175 743 est,
3210 676 3440 733 diabolo
3471 682 3532 733 et

1881 770 2154 839 operibus
2174 771 2302 839 ejus
2333 768 2757 823 abrenuntiata.
2782 768 2904 831 Quo
2927 765 3114 837 magis
3135 767 3387 838 quisque
3409 767 3530 823 ido-

1879 858 1952 914 lis
1986 859 2440 930 appropinquat,
2469 875 2534 912 eo
2568 857 2754 927 magis
2779 874 2813 912 a
2835 856 2949 912 Deo
2973 856 3211 911 recedit.
3230 857 3332 910 Est
3353 856 3527 911 etiam

1879 948 2116 1002 difﬁcile
2151 953 2212 1001 ut
2242 947 2341 1017 qui
2374 946 2529 1002 idola
2559 947 2929 1016 frequentant
2955 962 3065 999 non
3087 943 3307 1014 aliquid
3329 945 3529 1016 magui

1879 1043 1980 1092 aut
2011 1036 2244 1091 virtutis
2279 1037 2334 1090 in
2367 1037 2452 1091 eis
2498 1036 2890 1106 suspicentur.
2924 1036 3286 1105 Quapropter
3317 1033 3522 1105 fugite,

1879 1143 1994 1180 non
2028 1128 2218 1181 solum
2245 1125 2512 1195 pedibus,
2534 1125 2632 1179 sed
2654 1124 2831 1179 etiam
2857 1123 3143 1192 moribus,
3176 1127 3240 1177 ut
3270 1122 3522 1179 occasio-

1879 1231 2009 1268 nem
2043 1214 2273 1268 diabolo
2305 1232 2419 1268 non
2453 1213 2622 1267 detis.

1951 1305 2096 1373 ((315)
2131 1303 2446 1374 Sequitur:
2483 1305 2544 1358 Ut
2571 1302 2931 1374 prudentibus
2964 1304 3172 1373 loquor.
3219 1301 3524 1357 Prudenti-

1873 1393 1984 1446 bus
2018 1392 2383 1463 loquebatur,
2419 1392 2556 1461 quia
2607 1391 2996 1463 philosophis,
3047 1395 3110 1445 ut
3141 1407 3247 1446 suo
3287 1389 3518 1460 judicio

1876 1480 2190 1550 probarent
2218 1497 2418 1533 verum
2449 1497 2575 1533 esse
2599 1480 2753 1550 quod
2783 1479 3014 1534 dicebat
3041 1498 3053 1545 ;
3079 1479 3247 1549 quasi
3270 1478 3521 1534 diceret:

1873 1567 1930 1622 Si
1964 1569 2280 1638 prudentes
2314 1569 2446 1633 esti,
2480 1568 2618 1638 quia
2653 1567 3003 1639 philosophi,
3037 1568 3176 1639 quia
3204 1565 3517 1632 dialectici,

1872 1674 1974 1711 vos
2015 1657 2296 1728 judicate,
2352 1657 2406 1710 id
2467 1662 2575 1722 est,
2629 1658 2957 1727 subjunctis
3003 1655 3520 1724 similitudinibus,

1872 1747 2026 1816 quod
2061 1745 2189 1800 dico
2222 1763 2420 1800 verum
2453 1763 2581 1800 esse
2606 1745 2864 1817 probate.
2901 1746 3216 1816 Sequitur:
3254 1745 3418 1800 Culix
3439 1745 3526 1800 be-

1873 1836 2218 1901 nedictionis,
2248 1837 2338 1889 cui
2369 1835 2752 1900 benedirimus,
2791 1839 2899 1888 etc.
2935 1834 3004 1890 Et
3033 1837 3118 1888 est
3157 1851 3367 1888 sensus
3411 1851 3424 1889 :
3460 1832 3519 1888 Si

1870 1941 1976 1979 nos
2010 1929 2243 1995 propter
2272 1923 2757 1995 significationem
2794 1922 2967 1978 unius
3002 1921 3199 1977 calicis
3230 1926 3286 1976 et
3337 1922 3512 1977 unius

1871 2013 2057 2085 panis,
2093 2013 2191 2083 qui
2225 2013 2334 2067 sub
2368 2029 2436 2067 ea
2461 2011 2828 2066 invocatione
2870 2011 2969 2065 uni
3021 2010 3136 2066 Deo
3167 2010 3514 2076 otl'eruntur,

1871 2119 2024 2157 unus
2056 2101 2224 2173 panis
2255 2107 2310 2156 et
2360 2117 2541 2155 unum
2593 2116 2804 2170 corpus
2852 2115 3080 2166 sumus,
3115 2098 3391 2169 quoniam
3421 2097 3513 2151 his

1871 2190 2315 2262 participamus,
2351 2194 2406 2243 et
2441 2188 2708 2242 [sraelitae
2735 2186 3044 2241 carnaliter
3067 2187 3345 2251 viventes,
3378 2184 3516 2256 quia

1872 2278 2114 2345 hostias,
2149 2295 2277 2350 qua:
2312 2277 2420 2331 sub
2454 2294 2572 2331 una
2592 2276 2955 2331 invocatione
2981 2274 3081 2329 uni
3105 2274 3218 2330 Deo
3242 2291 3419 2346 snper
3441 2272 3520 2327 al-

1869 2371 1992 2422 tare
2028 2367 2374 2434 offeruntur,
2398 2364 3056 2436 comedunt,participes
3075 2365 3305 2430 sunt,et
3334 2379 3519 2417 unum

1871 2461 2045 2521 sunt;
2080 2455 2266 2510 videte
2309 2471 2444 2525 ergo
2479 2471 2549 2509 ne
2607 2454 2751 2508 forte
2782 2457 2838 2508 et
2897 2469 3014 2522 vos,
3053 2453 3151 2523 qui
3199 2449 3520 2523 idolothyta

1871 2545 2200 2611 comeditis,
2225 2560 2409 2598 unum
2442 2543 2570 2598 sitis
2603 2559 2734 2597 cum
2758 2540 2879 2597 illis
2907 2541 3006 2613 qui
3026 2541 3358 2597 sacriﬁcant
3382 2556 3517 2594 cum

1870 2633 2004 2688 illis.

1941 2725 2088 2793 (61(3)
2121 2723 2324 2777 Verum
2363 2721 2502 2793 quia
2538 2721 2682 2775 vidit
2713 2737 2813 2776 eos
2845 2723 3093 2787 astutos,
3128 2721 3184 2773 et
3214 2717 3326 2773 sibi
3360 2716 3520 2773 calli-

1873 2811 1942 2866 de
1978 2812 2329 2883 respondere
2388 2827 2453 2865 ac
2511 2810 2738 2864 dicere:
2801 2809 2844 2864 Ο
2876 2807 3072 2875 Paule,
3124 2805 3174 2861 si
3205 2823 3305 2862 vos
3333 2823 3520 2862 unum

1870 2900 2032 2963 estis,
2067 2900 2219 2954 sicut
2251 2899 2418 2968 dicis,
2447 2904 2503 2953 et
2528 2896 2703 2953 Israel
2757 2895 3007 2952 carnalis
3057 2912 3241 2950 unum
3265 2899 3354 2950 est
3385 2912 3520 2951 cum

1869 2988 2059 3054 altari,
2095 2988 2193 3057 qui
2225 2988 2447 3042 hostias
2474 2987 2748 3055 comedit,
2771 2990 2828 3040 et
2859 3002 2964 3040 nos
2998 3001 3181 3040 unum
3212 3000 3341 3041 esse
3366 2983 3513 3040 dicis

1869 3093 1998 3130 cum
2035 3076 2127 3130 his
2159 3076 2256 3146 qui
2291 3075 2459 3130 idolis
2491 3074 2864 3139 sacriﬁcant;
2917 3075 3062 3143 (6E7)
3110 3088 3246 3144 ergo
3291 3071 3510 3145 aliquid

1873 3163 2069 3234 magni
2095 3164 2151 3218 in
2171 3163 2324 3217 idolo
2349 3162 2650 3234 intelligis,
2687 3162 2733 3216 si
2757 3163 2885 3232 ejus
2909 3160 3357 3215 sacrificatanos
3375 3177 3513 3231 par-

1791 3231 1832 3295 C
1873 3251 2079 3322 ticipes
2113 3268 2294 3305 unum
2345 3251 2635 3316 reddunt;
2695 3249 2940 3319 ideoque
2997 3248 3273 3320 praevenit
3310 3265 3511 3303 eorum

1872 3340 2175 3407 astutiam,
2208 3345 2264 3394 et
2293 3339 2457 3393 dixit:
2512 3337 2651 3406 Quid
2696 3353 2823 3407 ergo
2844 3340 2868 3388 ?
2914 3336 3192 3408 Numquid
3223 3337 3350 3391 dico
3378 3337 3517 3408 quod

1871 3429 2035 3483 idolis
2072 3429 2417 3483 immolatum
2447 3425 2785 3498 sitaliquid?
2813 3428 2923 3480 etc.
2947 3428 3066 3479 Hoc
3088 3429 3194 3490 est,
3223 3440 3337 3478 non
3359 3423 3510 3480 dico.

1870 3519 1939 3572 Et
1969 3518 2108 3588 quia
2155 3521 2419 3587 poterant
2468 3515 2851 3586 respondere:
2893 3513 3079 3576 Quare
3133 3529 3270 3585 ergo
3319 3511 3514 3568 dicis?

1871 3605 2192 3678 Respondit
2222 3605 2346 3676 ipse
2373 3622 2385 3658 ε
2420 3608 2544 3658 Non
2569 3608 2633 3658 ut
2665 3601 2884 3672 aliquid
2917 3601 3012 3667 sit,
3045 3601 3140 3657 sed
3168 3616 3289 3673 quae
3319 3602 3513 3657 immo-

1870 3695 1988 3750 lant
2018 3698 2222 3766 gentes,
2247 3694 2585 3750 daemonibus
2604 3693 2911 3758 immolant,
2945 3695 2996 3745 et
3024 3706 3133 3745 non
3165 3691 3272 3746 Deo
3293 3707 3313 3752 ;
3343 3689 3513 3762 quasi

1867 3783 2481 3854 diceretzouamquam
2506 3781 2722 3836 nihisit
2747 3779 2986 3846 idolum,
3021 3777 3290 3834 diabolus
3313 3783 3509 3835 tamen

1867 3879 1953 3929 cst
1986 3873 2229 3944 aliquid,
2265 3872 2386 3944 qui,
2421 3871 2717 3942 simplices
2743 3874 2800 3924 et
2831 3886 3037 3941 pravos
3068 3868 3334 3924 homines
3357 3868 3510 3922 deci-

1866 3963 2052 4033 piens,
2089 3961 2220 4015 fecit
2250 3978 2310 4016 se
2343 3961 2400 4014 in
2456 3960 2548 4014 his
2607 3958 2835 4014 adorari
2886 3962 2942 4012 et
2993 3972 3332 4028 quanquam
3365 3956 3507 4011 illud

1867 4051 2020 4122 quod
2054 4050 2295 4105 offertur
2334 4048 2411 4103 sit
2441 4048 2684 4118 aliquid,
2719 4045 2856 4116 quia
2885 4051 3151 4099 creatura
3180 4044 3279 4099 Dei
3314 4048 3423 4111 est,
3451 4049 3510 4100 et

1867 4141 2021 4195 bona
2051 4143 2160 4204 est,
2194 4150 2386 4192 tamen
2416 4141 2651 4207 propter
2679 4134 2965 4204 quasdam
2989 4133 3323 4186 daemonum
3346 4132 3507 4186 invo-

1864 4229 2142 4292 cationes,
2177 4227 2330 4296 quod
2361 4230 2449 4280 est
2479 4223 2765 4277 mundum
2794 4220 3056 4274 redditur
3086 4219 3460 4274 immundum
3488 4237 3502 4285 ;

1868 4322 1924 4373 et
1952 4317 2080 4371 ideo
2115 4314 2246 4369 nolo
2269 4330 2368 4368 vos
2399 4309 2707 4365 immunda
2730 4307 3050 4371 comedere,
3083 4324 3154 4361 ne
3183 4306 3510 4361 immundis

1867 4404 2231 4461 damonibus
2262 4399 2584 4457 sociemini.

1939 4496 2087 4566 (618)
2133 4494 2497 4562 Quapropter
2547 4503 2680 4542 mox
2711 4485 2937 4541 subdit:
2972 4483 3102 4539 Nolo
3149 4499 3237 4539 vos
3274 4482 3402 4552 ﬁeri
3428 4498 3511 4537 so-

119 4579 172 4634 Si
200 4596 298 4635 νοῦ
327 4581 388 4636 in
413 4582 528 4636 ﬁde
561 4579 1023 4652 permanseritis,
1068 4579 1334 4651 implebit
1365 4580 1514 4650 Quod
1548 4580 1760 4651 promi-
1789 4596 1834 4658 Ι)
1865 4586 1979 4640 cios
2009 4583 2336 4647 dwmonum,
2368 4585 2476 4634 etc.
2511 4579 2580 4633 Et
2610 4579 2698 4632 est
2727 4591 2974 4631 sensus:
3007 4572 3113 4636 Qui
3146 4571 3512 4629 daemonibus

121 4669 212 4722 sit.
244 4669 413 4736 Nam,
445 4670 555 4725 etsi
591 4670 748 4724 sinat
779 4673 844 4724 ut
877 4668 1137 4740 procellae
1162 4668 1548 4724 tentationum
1573 4669 1760 4724 insur-

121 4761 258 4828 gunt
287 4758 360 4812 ad
406 4764 660 4813 vestram
716 4759 1140 4830 probationem,
1191 4758 1240 4812 si
1287 4774 1387 4812 vos
1417 4758 1628 4826 triduo,
1661 4763 1763 4812 aut

121 4845 432 4915 quatriduo
461 4847 948 4913 sustinueritis,et
973 4846 1098 4917 ipse
1117 4847 1326 4901 viderit
1344 4863 1445 4902 vos
1465 4847 1614 4902 ferre
1644 4863 1760 4900 non

119 4947 304 5004 posse,
325 4949 435 4990 non
462 4938 712 5006 patietur
739 4951 829 4990 vos
861 4937 1066 4990 tentari
1092 4951 1265 5006 supra
1296 4936 1354 4990 id
1374 4936 1513 5006 quod
1541 4937 1760 5007 potestis

120 5021 351 5078 tolerare
364 5043 386 5089 ,-
417 5029 523 5079 aut
539 5029 694 5079 certe
717 5023 980 5078 funditus
999 5023 1314 5097 extinguet,
1354 5030 1456 5079 aut
1477 5025 1756 5079 auxilium

121 5110 461 5181 ministabit,
509 5117 579 5167 ut
621 5113 772 5167 ferre
813 5113 1069 5184 possitis.
1125 5113 1193 5168 Et
1245 5113 1353 5168 hoc
1409 5115 1563 5184 quod
1621 5113 1762 5168 dicit

117 5197 201 5251 sed
229 5214 352 5253 cum
383 5202 690 5256 nutatione
717 5203 877 5270 faciet
904 5210 1242 5273 proventum,
1275 5201 1384 5257 hoc
1415 5206 1521 5268 est,
1555 5201 1759 5256 minis—

117 5287 288 5342 trabit
315 5288 622 5344 solatium.

183 5374 466 5447 Sequitur
497 5393 511 5431 :
547 5379 779 5446 Propter
818 5380 975 5449 quod,
1026 5380 1360 5449 charissimi,
1413 5381 1592 5451 fugite
1648 5384 1756 5435 etc.

189 5605 336 5685 (ῥῷ)
361 5607 431 5685 In
463 5609 886 5685 aptogemarg.
918 5609 1012 5667 hic
1042 5611 1255 5685 legitur
1285 5629 1408 5683 cap.
1442 5613 1628 5668 XLVI.

191 5675 335 5750 (616)
367 5679 472 5738 Hic
507 5679 570 5736 in
604 5675 796 5750 autog.
835 5675 1019 5756 inarg.
1053 5675 1268 5757 legitur
1298 5675 1422 5758 cap.
1456 5685 1665 5742 XLVII.

1871 4674 2186 4742 sociantur,
2220 4689 2253 4726 a
2283 4671 2398 4724 Deo
2428 4670 2803 4738 elongantur;
2828 4668 2881 4719 et
2915 4662 3015 4734 qui
3039 4661 3277 4716 calicem
3301 4661 3513 4716 daemo-

1871 4779 2010 4816 num
2045 4761 2568 4830 bibunt,respuunt
2589 4755 2831 4811 calicem
2851 4750 3082 4809 Domini
3110 4769 3122 4819 ;
3148 4754 3205 4808 et
3228 4749 3328 4822 qui
3350 4765 3512 4806 men-

1870 4865 1966 4905 sas
1997 4851 2327 4904 daemonum
2360 4847 2630 4918 diligunt,
2663 4860 2878 4899 mensae
2907 4839 3139 4896 Domini
3169 4839 3510 4896 detrahunt.

1871 4939 1971 4994 Isti
2005 4955 2280 5009 namque,
2305 4938 2444 4992 dum
2478 4936 2598 4990 hinc
2630 4934 2898 5006 agebant,
2919 4930 3108 4986 dicere
3133 4928 3292 4986 soliti
3313 4932 3507 4985 erant:

1871 5028 1932 5082 In
1964 5028 2073 5082 hoc
2108 5027 2415 5081 Dominum
2444 5024 2765 5091 imitamur,
2791 5020 3069 5091 quiaipse
3095 5017 3512 5090 cumgpublica-

1868 5117 1962 5172 nis
1992 5122 2047 5172 et
2080 5114 2480 5186 peccatoribus
2512 5111 2924 5166 manducabat.
2964 5113 3029 5162 Et
3057 5107 3185 5164 ideo
3215 5107 3388 5162 dicit:
3425 5111 3513 5161 Απ

1866 5208 2199 5262 wmulamur
2236 5204 2525 5257 Dominum
2546 5205 2570 5254 γ
2599 5197 2772 5265 Quasi
2802 5197 3052 5252 diceret:
3085 5197 3145 5252 Si
3168 5197 3227 5251 in
3267 5196 3376 5251 hoc
3401 5200 3509 5249 Do-

1869 5290 2392 5356 minumimitami,
2445 5289 2583 5359 quia
2632 5304 2766 5343 cum
2811 5286 3214 5356 peccatoribus
3259 5284 3513 5340 mandu-

1868 5385 2013 5439 catis
2045 5382 2104 5436 in
2135 5381 2243 5436 hoc
2276 5383 2471 5434 tamen
2503 5393 2618 5431 non
2641 5373 2980 5440 imitamini,
3014 5373 3154 5444 quia
3185 5371 3514 5444 idolothyta

1939 5613 2086 5681 (617)
2115 5609 2219 5664 Hic
2251 5608 2307 5684 in
2338 5609 2532 5675 autog.
2567 5619 2754 5684 marg.
2777 5603 3002 5684 legitur
3032 5619 3158 5674 cap.
3178 5601 3434 5684 xpyiu.

1939 5672 2086 5754 (618)
2121 5687 2184 5738 In
2217 5683 2412 5751 autog.
2440 5672 2626 5748 [πῖθι-ε·
2655 5672 2749 5731 hic
2777 5672 2991 5747 legitur
3019 5672 3147 5746 cap.
3178 5672 3364 5732 XLIX.
