3990 6224
400 389 519 454 3'75

1405 397 1740 460 ATTONIS
1785 395 2364 459 VERCELLENSIS
2412 396 2763 458 EPISCOPI

3697 395 3838 458 376

407 526 754 582 comeditis?
787 526 911 599 ipse
939 528 1094 584 enim
1126 544 1430 600 nunquam
1481 529 1695 601 legitur
1726 529 2046 602 idolothyta
2075 531 2128 595 Α
2158 527 2450 592 laudetur,
2503 528 2814 600 Sequitur:
2850 528 2978 583 Sine
3026 528 3323 600 o/fensione
3370 530 3536 583 estote
3587 528 3841 595 Iudaeis,

409 616 752 672 comedisse.
787 617 855 670 Et
883 617 933 672 si
965 617 1325 673 comedenda
1356 625 1570 683 essent,
1596 636 1700 674 suo
1726 624 2046 674 monstras-

411 707 501 759 set
529 703 814 775 exemplo.
848 706 993 777 Ergo
1019 706 1155 777 quia
1185 707 1517 778 exemplum
1541 708 1867 774 ostenditis,
1893 708 2047 778 quod

408 793 690 849 Dominus
720 811 834 849 non
865 794 1138 860 ostendit,
1184 797 1436 865 fortiores
1476 797 1576 851 illo
1626 797 1790 852 estis.
1832 798 1890 851 In
1924 795 2051 866 qui-

408 880 660 937 busdam
691 883 1118 955 exemplaribus
1150 884 1486 940 invenitur:
1533 887 1611 940 An
1660 886 1730 940 ad
1758 885 2053 940 zelandum

410 971 703 1028 Dominum
755 976 1146 1044 provocamus?
1175 974 1244 1028 Et
1301 978 1390 1029 est
1437 991 1686 1029 sensus:
1750 975 1900 1029 Dum
1941 974 2055 1028 ista

411 1060 606 1131 agitis,
640 1061 924 1131 numquid
968 1078 1083 1116 non
1133 1064 1456 1133 provocatis
1489 1062 1677 1131 illum,
1715 1068 1777 1116 ut
1807 1062 2051 1117 ulcisca-

409 1152 507 1205 tur
533 1153 788 1206 vestrum
815 1153 838 1204 Ρ
866 1156 984 1206 Aut
1014 1151 1280 1208 fortiores
1331 1152 1428 1208 illo
1459 1155 1635 1220 estis;
1671 1159 1729 1209 et
1767 1154 1895 1208 ideo
1940 1168 2054 1207 non

412 1239 642 1310 potest?

482 1347 788 1418 Sequitur:
839 1348 1035 1403 Omnia
1090 1349 1232 1402 mihi
1281 1350 1462 1414 licent,
1498 1353 1632 1415 etc.,
1681 1349 1830 1403 sicut
1861 1366 2058 1420 supra.

409 1435 726 1506 Sequitur:
763 1437 930 1491 Omne
951 1436 1093 1506 quod
1140 1439 1199 1490 in
1243 1438 1468 1492 macello
1501 1440 1668 1502 venit,
1704 1442 1818 1491 etc.
1857 1437 2062 1491 Prohi-

410 1523 620 1579 buerat
647 1540 746 1579 eos
774 1524 1098 1596 idolothyta
1118 1526 1440 1588 comedere,
1475 1531 1531 1581 et
1556 1525 1882 1598 plurimum
1909 1543 2064 1580 coar-

414 1616 694 1681 ctaverat,
727 1613 870 1668 adeo
903 1617 966 1667 ut
1005 1630 1151 1684 pene
1202 1615 1499 1669 videretur
1550 1616 1742 1685 ipsam
1793 1620 2062 1670 naturam

414 1700 748 1756 damnasse.
778 1703 847 1756 Et
876 1702 1016 1773 quia
1045 1719 1250 1758 carnes
1297 1703 1465 1759 idolis
1498 1703 1809 1758 immolatae
1845 1704 1902 1757 in
1938 1720 2062 1758 ma-

416 1787 561 1845 cello
591 1790 1009 1861 vendebantur,
1035 1809 1105 1847 ne
1128 1796 1228 1846 aut
1256 1791 1368 1862 ipsi
1402 1793 1653 1846 nimium
1678 1796 2062 1859 arctarentur,

415 1881 517 1932 aut
545 1881 755 1933 natura
785 1879 1061 1934 damnata
1109 1880 1427 1948 videretur,
1457 1881 1820 1936 descendens
1852 1897 2062 1935 conce-
2095 1901 2143 1965 B

415 1965 520 2022 dit.
556 1967 941 2039 Omne,inquit
971 1969 1117 2039 quod
1161 1971 1220 2024 in
1279 1970 1506 2024 macello
1552 1972 1722 2039 venit,
1773 1974 1882 2024 etc.
1918 1971 2066 2040 (619)

412 2055 521 2109 Sed
550 2071 730 2126 quare
753 2056 936 2126 jussit
963 2074 1079 2112 non
1133 2057 1495 2131 interrogare
1515 2057 1542 2111 ‘P
1583 2075 1654 2112 ne
1698 2058 2068 2113 Christianus

408 2143 912 2210 manifestaretur,
947 2151 1004 2201 et
1044 2147 1114 2202 ad
1163 2146 1513 2202 derisionem
1556 2147 1716 2201 illius
1775 2146 2067 2218 quidquid

410 2237 564 2289 esset
601 2233 972 2289 immolatum
1005 2236 1317 2290 diceretur.
1369 2237 1440 2290 Et
1489 2235 1627 2307 quia
1658 2235 1843 2290 voluit
1873 2241 2066 2290 osten-

415 2320 550 2376 dere
581 2321 725 2376 illud
748 2322 1089 2394 quodidolis
1109 2322 1452 2379 immolatur
1471 2328 1681 2378 natura
1698 2339 1824 2379 esse
1849 2324 2066 2378 bonum

417 2409 755 2480 subjunxit:
789 2411 1013 2466 Domini
1040 2420 1120 2466 est
1153 2422 1324 2476 terra,
1354 2419 1462 2466 etc.
1491 2430 1504 2480 ;
1539 2429 1604 2467 ac
1636 2412 1686 2467 si
1719 2413 1973 2466 diceret:
2007 2411 2064 2464 Si

424 2497 653 2552 Domini
678 2502 766 2552 est
821 2503 998 2565 terra,
1032 2504 1088 2554 et
1119 2499 1260 2554 illud
1308 2500 1562 2555 Domini.
1615 2505 1856 2572 Propter
1899 2501 2070 2570 cujus

431 2585 849 2642 conscientiam
892 2587 1140 2657 jusserit
1205 2604 1320 2643 non
1375 2589 1753 2661 interrogare,
1824 2589 2070 2644 inferius

429 2673 722 2730 ostendit:
783 2677 899 2730 Non
957 2684 1110 2730 tuam
1161 2675 1352 2746 inquit
1415 2677 1508 2730 sed
1560 2678 1811 2732 alterius.
1883 2679 2072 2742 Quare

428 2775 566 2833 ergo
598 2766 834 2834 propter
855 2762 1094 2819 alterius
1113 2762 1141 2817 ‘i
1160 2763 1240 2818 Ne
1261 2768 1362 2818 aut
1379 2765 1437 2818 in
1471 2764 1642 2820 idolis
1667 2766 1791 2820 suis
1819 2765 2069 2832 laetetur,

428 2854 531 2905 aut
559 2850 662 2905 des
711 2850 793 2905 illi
826 2851 1211 2917 occasionem,
1262 2856 1326 2907 ut
1371 2853 1753 2924 reprehendat
1786 2859 1843 2908 et
1881 2853 2068 2908 dicat:

427 2938 616 3002 Quare
646 2939 756 2995 iste
786 2939 1008 2995 idolum
1041 2946 1372 2996 exsecratur
1410 2942 1580 3013 cujus
1611 2941 1917 2998 immolata
1948 2947 2070 2998 tam

425 3024 676 3082 libenter
705 3029 1003 3084 comedit?

493 3132 640 3204 (620)
673 3134 986 3206 Sequitur:
1022 3134 1082 3190 Si
1110 3137 1204 3207 qui
1247 3139 1396 3191 vocat
1426 3153 1515 3192 vos
1564 3135 1895 3206 inﬁdelium,
1957 3142 2066 3192 etc.

424 3220 527 3276 His
552 3221 744 3278 verbis
775 3239 890 3278 non
923 3222 1073 3292 cogit
1102 3240 1200 3278 eos
1232 3223 1332 3292 ire,
1356 3223 1458 3279 sed
1483 3224 1540 3278 in
1563 3240 1766 3279 eorum
1800 3223 2069 3278 libertate

2159 623 2270 671 etc.
2302 623 2379 672 Ac
2414 616 2461 672 si
2491 616 2623 671 aliis
2652 617 2844 672 verbis
2877 616 3060 672 dicat:
3087 617 3308 672 Judzsis
3339 615 3398 670 in
3429 617 3840 673 offensionem

2159 703 2319 772 estis,
2354 705 2492 776 quia
2525 705 2718 759 dicitis
2749 705 2959 760 habere
2991 721 3090 760 vos
3140 704 3328 778 legem
3377 709 3433 760 et
3475 704 3835 777 prophetas,

2162 799 2219 849 et
2271 793 2612 865 intelligere,
2669 798 2725 848 et
2770 794 3094 865 idolothyta
3139 793 3470 859 comeditis,
3522 796 3680 866 quod
3737 794 3837 850 illi

2163 888 2558 938 exsecrantur.
2595 882 2854 937 Gentibus
2877 884 3076 949 etiam,
3110 883 3249 954 quia
3297 900 3411 939 non
3461 883 3655 939 solum
3704 901 3839 940 non

2165 971 2501 1042 increpatis,
2522 976 2584 1026 ut
2605 971 2675 1025 ab
2709 971 2798 1026 his
2820 972 3111 1040 recedant,
3127 971 3227 1026 sed
3255 970 3620 1027 occasionem
3639 972 3839 1040 datis,

2167 1061 2300 1114 utin
2327 1059 2444 1115 illis
2460 1060 3145 1130 permaneant,quoniam
3171 1061 3419 1114 credunt
3440 1075 3542 1116 vos
3573 1060 3840 1116 inidolis

2169 1147 2408 1219 aliquid'
2441 1148 2637 1219 magni
2690 1147 3030 1220 intelligere.
3100 1152 3170 1204 Et
3220 1150 3468 1204 Ecclesia
3493 1152 3594 1204 Dei
3614 1167 3634 1210 ;
3687 1151 3842 1221 quia

2169 1236 2539 1308 simplicibus
2593 1237 2746 1291 datis
2803 1238 3192 1302 occasionem,
3246 1236 3332 1291 vel
3383 1237 3680 1305 imitandi,
3732 1239 3833 1294 vel

2170 1325 2639 1396 reprehendenti.
2675 1325 2988 1396 Sequitur:
3014 1326 3161 1381 Sicut
3192 1329 3241 1381 et
3261 1343 3359 1395 ego
3379 1343 3475 1397 per
3508 1333 3697 1382 omnia
3718 1344 3845 1383 om-

2169 1415 2336 1469 nibus
2379 1415 2584 1482 placeo.
2654 1413 2928 1485 Nunquid
2985 1415 3456 1485 persecutoribus
3506 1415 3840 1487 placebat?

2173 1504 2318 1558 Non.
2352 1504 2458 1557 Sed
2487 1503 2554 1558 de
2571 1504 2845 1558 omnibus
2858 1504 3169 1575 generibus
3183 1509 3349 1559 erant
3364 1505 3590 1572 fideles,
3609 1505 3839 1575 quibus

2175 1591 2271 1646 ille
2304 1591 2586 1662 placebat.
2647 1593 2769 1646 Non
2805 1597 2892 1647 est
2944 1592 3273 1648 contrarius
3325 1593 3459 1660 sibi,
3519 1594 3662 1666 quia
3689 1594 3836 1649 alibi

2175 1681 2315 1734 dicit
2345 1695 2406 1735 se
2452 1698 2565 1736 non
2626 1679 2853 1752 placere
2914 1681 3275 1751 hominibus,
3337 1681 3614 1753 quoniam
3651 1684 3834 1738 ﬁnem

2177 1769 2477 1840 placitisui
2511 1786 2625 1824 non
2659 1770 2715 1824 in
2749 1768 3090 1826 hominibus
3123 1769 3538 1826 constituebat.

2246 1876 2394 1946 (622)
2421 1875 2576 1946 (CAP.
2611 1875 2728 1944 XI.)
2761 1876 3066 1946 Sequitur:
3107 1877 3221 1931 Non
3245 1891 3500 1948 quaerens
3522 1877 3664 1948 quod
3688 1877 3838 1932 mihi

2177 1964 2312 2019 utile
2341 1969 2438 2032 est,
2463 1969 2595 2018 etc..
2618 1981 2824 2036 usque,
2851 1966 2991 2019 sicut
3021 1981 3113 2035 ego
3145 1967 3455 2021 Christi.Et
3476 1971 3564 2021 est
3582 1982 3832 2022 sensus:

2180 2052 2343 2107 Sicut
2380 2051 2649 2108 Christus
2689 2070 2803 2108 non
2857 2070 2960 2125 pro
2993 2071 3078 2120 se,
3135 2055 3234 2108 sed
3271 2071 3372 2125 pro
3407 2059 3602 2110 nostra
3631 2054 3837 2110 salute

2179 2157 2410 2195 carnem
2446 2140 2721 2212 suscepit,
2753 2146 2809 2197 et
2835 2142 3148 2213 opprobria
3174 2143 3475 2210 sustinuit,
3499 2143 3579 2197 ita
3606 2147 3663 2196 et
3684 2159 3836 2214 apo-

2180 2228 2362 2284 stolos
2385 2245 2499 2284 non
2523 2245 2625 2300 pro
2657 2247 2737 2299 se,
2771 2230 2871 2285 sed
2903 2247 3004 2300 pro
3027 2230 3215 2286 salute
3248 2232 3477 2304 generis
3499 2231 3748 2286 humani
3774 2230 3838 2286 in

2181 2318 2469 2372 mundum
2503 2319 2750 2383 direxit;
2785 2318 2869 2373 sic
2890 2325 2945 2373 et
2975 2336 3076 2374 vos
3107 2320 3351 2375 fratrum
3385 2320 3636 2376 salutem
3671 2338 3837 2392 quaa-

2181 2424 2306 2462 rere
2327 2408 2577 2462 studete.
2611 2408 2923 2478 Sequitur:
2956 2407 3140 2464 Laudo
3168 2425 3275 2477 vos,
3295 2413 3529 2481 fratres,
3554 2410 3694 2481 quod
3736 2427 3839 2481 per

2181 2496 2367 2551 omnia
2397 2512 2658 2550 memores
2687 2497 2797 2551 mei
2825 2498 2976 2565 estis,
2999 2502 3107 2551 ctc.
3134 2497 3261 2552 Haec
3293 2515 3503 2569 nempe
3527 2500 3708 2554 verba
3734 2516 3838 2571 per

2183 2584 2430 2639 ironiam
2462 2585 2616 2638 dicta
2647 2591 2803 2638 sunt.
2829 2586 2980 2640 Sane
3009 2585 3312 2641 sciendum
3335 2587 3476 2658 quia
3498 2592 3623 2642 erat
3643 2588 3837 2660 turpis

2181 2679 2236 2727 et
2267 2672 2578 2728 inhonesta
2627 2674 2988 2729 consuetudo
3039 2676 3194 2746 apud
3242 2675 3574 2731 Corinthios
3628 2681 3694 2731 ut
3722 2677 3832 2731 viri

2182 2761 2375 2816 criniti
2426 2761 2784 2829 incederent,
2842 2767 2898 2818 et
2946 2763 3222 2820 mulieres
3271 2781 3386 2819 non
3426 2764 3614 2820 velato
3645 2764 3834 2838 capite

2181 2851 2366 2905 Deum
2415 2856 2688 2906 orarent:
2731 2868 2910 2922 quam
2959 2853 3446 2908 consuetudinem
3492 2855 3834 2926 aggreditur

2179 2937 2494 3010 Apostolus
2540 2938 2961 3009 reprehendere
3017 2945 3074 2994 et
3127 2941 3427 3012 damnare,
3478 2941 3767 2998 inchoans
3798 2959 3832 2997 a

2182 3026 2506 3099 primorum
2547 3027 2854 3083 hominum
2887 3028 3196 3084 creatione.
3225 3029 3318 3084 Ait
3347 3029 3504 3084 enim
3530 3049 3542 3086 :
3575 3031 3706 3087 Volo
3732 3047 3830 3086 vos

2179 3119 2338 3182 scire,
2371 3120 2481 3171 etc.
2517 3116 2690 3188 Caput
2723 3118 2837 3172 viri
2867 3118 3112 3173 Christus
3133 3136 3153 3179 ;
3185 3119 3334 3189 (623)
3384 3119 3526 3190 quia
3556 3135 3660 3190 per
3693 3136 3828 3175 eum

2181 3205 2380 3260 omnia
2404 3221 2416 3261 :
2449 3213 2612 3276 caput
2641 3206 2894 3261 mulieris
2920 3209 3006 3261 vir
3030 3227 3049 3273 ;
3079 3206 3217 3278 quia
3239 3207 3309 3262 de
3340 3208 3466 3278 ipso
3488 3214 3682 3263 creata
3710 3214 3826 3264 est:

424 3267 527 3276 ...-
564 3267 744 3278 ........,
775 3267 890 3278 ..νη
924 3267 1073 3292 πο.-
1104 3267 1200 3278 νυν
1235 3267 1332 3292 ην,
1356 3267 1458 3279 νω.
1565 3267 1766 3279 νων...
1801 3267 2069 3278 mm"..-
2516 3267 2528 3276 .
3030 3267 3040 3273 .
3095 3267 3113 3278 .
3361 3267 3380 3278 .

422 3310 606 3382 ponit,
639 3316 704 3366 ut
728 3313 800 3367 ad
831 3311 1162 3384 exemplum
1211 3312 1464 3382 Domini,
1516 3313 1564 3368 si
1617 3329 1678 3367 se
1727 3312 2070 3384 agnoverint
2099 3267 2141 3334 Ο
2179 3297 2342 3384 caput
2373 3293 2578 3384 Ψινίδίί
2617 3295 2776 3384 θέαις,
2822 3295 2908 3349 vel
2957 3301 3192 3368 Propter
3239 3295 3691 3366 humanitatem,
3741 3296 3828 3353 νθῙ

419 3400 699 3472 prodesse
728 3417 920 3473 posse,
942 3400 1051 3456 hoc
1071 3404 1178 3471 est,
1207 3406 1310 3456 aut
1347 3401 1634 3473 exemplo,
1669 3407 1771 3456 aut
1801 3399 2067 3456 doctrina

418 3504 516 3544 eos
542 3488 755 3544 lucrari
805 3506 998 3561 posse,
1039 3490 1273 3544 vadant.
1323 3490 1640 3561 Sequitur:
1677 3492 1740 3546 Ut
1763 3489 1896 3561 quid
1919 3492 2068 3544 enim

421 3576 647 3634 libertas
675 3593 795 3633 mea
809 3578 1115 3649 judicatur,
1135 3582 1245 3632 etc.
1271 3595 1284 3643 ;
1309 3595 1374 3632 ac
1403 3579 1452 3632 si
1476 3577 1633 3632 dicat
1673 3596 1685 3633 :
1721 3579 1894 3633 Liber
1912 3595 2066 3648 sum,

421 3665 564 3734 quia
593 3664 792 3720 omnia
821 3667 1043 3721 munda
1070 3670 1127 3722 et
1155 3664 1312 3720 licita
1342 3665 1600 3738 intelligo
1627 3686 1641 3734 ;
1675 3683 1853 3738 quare
1886 3666 2065 3722 idolo-

420 3751 588 3824 thyta
638 3753 1016 3819 comedendo,
1051 3753 1231 3808 debeo
1265 3753 1404 3808 dare
1463 3755 1854 3821 occasionem,
1891 3760 1954 3810 ut
1983 3755 2066 3810 al-

419 3840 606 3895 terius
637 3855 730 3896 me
759 3841 1117 3896 conscientia
1158 3842 1378 3910 judicet
1399 3842 1426 3896 ?
1455 3842 1767 3914 Sequitur:
1801 3845 1866 3899 Et
1894 3845 1947 3899 si
1975 3861 2068 3916 ego

419 3944 547 3983 cum
568 3929 755 3999 gratia
785 3931 1074 4000 participe,
1107 3935 1213 3985 etc.
1239 3931 1306 3986 Et
1337 3935 1426 3987 est
1455 3947 1664 3987 sensus
1693 3933 1787 3988 :Si
1820 3948 1926 4003 ego
1958 3934 2066 3988 sub

418 4017 519 4072 Dei
549 4017 932 4086 invocatione,
967 4018 1369 4074 benedictione
1409 4036 1474 4074 ac
1503 4021 1894 4088 veneratione,
1929 4038 2064 4077 cum

415 4105 737 4178 gratiarum
771 4105 996 4161 actione
1021 4105 1177 4162 licita
1196 4108 1473 4180 percipio,
1503 4125 1682 4180 quare
1706 4110 2064 4164 comedendo

416 4192 743 4266 idolothyta
771 4193 902 4250 aliis
923 4197 1101 4252 debeo
1123 4196 1483 4254 occasionem
1509 4198 1760 4269 praabere
1796 4197 2066 4270 blasphe-

415 4283 616 4338 mandi
645 4299 736 4338 me
754 4282 782 4337 ?

484 4389 630 4460 (621)
662 4389 966 4462 Sequitur:
995 4393 1118 4448 Sive
1145 4409 1270 4463 ergo
1299 4394 1670 4457 manducatis,
1705 4395 1820 4448 sive
1855 4394 2061 4461 bibitis,

414 4480 523 4533 etc.
554 4477 658 4534 His
708 4479 899 4536 verbis
947 4481 1382 4538 evidentissime
1425 4481 1714 4536 idolorum
1777 4483 2062 4537 sacriﬁcia

414 4573 674 4622 exsecrat
729 4572 785 4622 et
832 4569 1182 4626 condemnat
1231 4569 1568 4641 Apostolus.
1617 4569 1765 4636 Quid
1797 4570 1952 4625 enim
1988 4571 2058 4625 ad

416 4652 650 4710 laudem
682 4655 781 4712 Dei
804 4660 1012 4714 attinet
1031 4629 1352 4730 idolothyta
1371 4629 1712 4712 comedere?
1730 4657 1880 4712 Dum
1912 4658 2068 4713 enim
2101 4629 2146 4692 D

415 4741 788 4799 immolatum
819 4745 992 4802 idolis
1013 4747 1359 4815 comeditur,
1385 4746 1591 4815 major,
1625 4745 1889 4816 inquam,
1911 4746 1960 4801 ei
1984 4747 2067 4800 in-

407 4830 572 4902 juria
597 4831 903 4906 irrogatur.
939 4835 997 4890 Si
1026 4851 1160 4890 vero
1193 4835 1251 4889 in
1283 4833 1431 4906 lege,
1463 4833 1602 4898 luci,
1639 4838 1695 4888 et
1726 4850 1835 4888 arte
1863 4851 1927 4889 ac
1962 4835 2065 4890 de-

416 4917 588 4975 lubra
615 4921 837 4978 destrui
858 4940 924 4978 ac
954 4921 1276 4978 comminui
1301 4921 1608 4991 jubentur,
1658 4923 1813 4993 quod
1847 4923 1918 4977 ad
1945 4923 2069 4980 lau-

413 5008 546 5064 dem
580 5009 674 5065 Dei
704 5009 1274 5084 pertinet,quomodo
1307 5009 1628 5082 idolothyta
1658 5012 1958 5068 comedere
1989 5014 2061 5068 ad

411 5095 646 5154 laudem
679 5099 932 5155 attinet?
971 5097 1172 5152 Divina
1203 5097 1426 5153 scilicet
1473 5100 1583 5154 sub
1617 5099 1975 5158 invocatione
2005 5107 2063 5157 et

410 5185 816 5242 benedictione
842 5201 978 5239 cum
1008 5185 1333 5256 gratiarum
1355 5187 1579 5243 actione
1601 5188 1946 5261 simpliciter
1976 5206 2064 5245 ce-

407 5272 654 5339 lebrare,
686 5277 744 5328 et
771 5272 1194 5343 indigentibus
1243 5275 1570 5332 necessaria
1616 5278 1954 5333 ministrare
1986 5279 2058 5332 ad

405 5359 643 5418 Iaudem
675 5361 773 5416 Dei
806 5360 1077 5431 pertinet,
1103 5361 1241 5434 quia
1265 5381 1333 5419 ex
1367 5364 1474 5420 hoc
1522 5366 1695 5422 datur
1725 5367 1880 5422 unde
1903 5367 2058 5422 Deus

673 5555 733 5634 In
768 5560 961 5634 autog.
994 5574 1181 5630 marg.
1211 5559 1303 5634 hic
1328 5561 1546 5634 legitur
1565 5579 1691 5634 cap.
1727 5563 1788 5617 L.

767 5625 958 5706 autog.
993 5625 1178 5702 marg.
1213 5631 1307 5687 hic
1327 5625 1540 5706 legitur
1571 5625 1696 5705 cap.
1729 5634 1817 5706 LI.

488 5695 635 5768 (621)
666 5697 768 5754 llic
791 5697 847 5755 in
882 5695 1076 5775 a'utog.
1111 5695 1294 5775 marg.
1330 5695 1540 5776 legitur
1569 5695 1695 5775 cap.
1732 5705 1843 5758 LII.

2179 3382 2316 3453 quia
2350 3383 2420 3437 ab
2453 3399 2518 3438 eo
2545 3383 2800 3454 genitus.

2250 3491 2397 3559 (624)
2429 3489 2740 3560 Sequitur:
2797 3489 2983 3545 Omnis
3015 3493 3106 3546 vir
3152 3507 3338 3558 orans,
3388 3491 3444 3546 id
3475 3495 3583 3559 est,
3629 3492 3829 3564 praedi:

2179 3594 2338 3646 cans,
2371 3587 2469 3632 aut
2496 3578 2917 3649 prophetans,id
2941 3580 3255 3647 est,futura
3276 3580 3618 3652 praedicens,
3655 3583 3826 3636 velato

2179 3669 2376 3738 capite,
2404 3667 2658 3738 deturpat
2689 3673 2851 3739 caput
2881 3668 3210 3739 suum,quia
3240 3669 3568 3740 ignominia
3608 3675 3698 3724 est
3719 3669 3824 3724 illi.

2178 3758 2487 3827 Sequitur:
2528 3758 2619 3812 Vir
2649 3772 2756 3811 non
2787 3757 2943 3812 debet
2990 3761 3175 3812 vetare
3203 3762 3366 3829 caput
3389 3775 3408 3819 ;
3440 3757 3706 3813 videlicet
3733 3759 3825 3814 sui

2179 3845 2386 3916 capitis
2409 3845 2734 3901 libertatem
2751 3846 3339 3918 ostendat.Sequitur:
3357 3847 3629 3914 Quoniam
3647 3849 3826 3919 imago

2177 3942 2229 3989 et
2255 3935 2435 4003 gloria
2465 3935 2563 3989 Dei
2593 3937 2686 3989 est.
2722 3933 2970 3999 Scilicet,
2996 3935 3134 4006 quia
3167 3935 3319 3990 sicut
3355 3951 3508 3990 unus
3542 3939 3695 3991 Deus
3715 3941 3825 4001 est,

2178 4037 2281 4093 per
2307 4038 2480 4093 quem
2513 4027 2572 4077 et
2603 4038 2671 4077 ex
2704 4039 2818 4094 quo
2850 4023 3068 4092 omnia,
3102 4023 3185 4078 sic
3216 4028 3273 4078 et
3303 4022 3432 4095 ipse
3481 4039 3666 4078 unum
3698 4023 3829 4078 fecit

2178 4110 2496 4180 hominem,
2531 4127 2600 4165 ex
2631 4127 2745 4182 quo
2771 4127 2975 4166 omnes
3015 4111 3285 4166 homines
3313 4138 3322 4172 ;
3370 4118 3426 4167 et
3454 4111 3582 4166 ideo
3614 4111 3714 4167 Dei
3744 4115 3831 4166 est

2176 4197 2383 4271 gloria,
2416 4200 2556 4271 quia
2585 4200 2656 4254 ad
2681 4199 2897 4255 diaboli
2929 4201 3116 4256 factus
3143 4206 3232 4256 est
3262 4199 3704 4270 contumeliam,
3726 4199 3825 4272 qui

2176 4305 2237 4343 se
2267 4288 2451 4343 voluit
2484 4288 2726 4355 elevare,
2761 4294 2824 4344 ut
2852 4295 3007 4344 esset
3036 4307 3214 4362 super
3243 4290 3460 4346 omnia.

2245 4396 2564 4466 Sequitur:
2612 4395 2814 4450 Mulier
2866 4397 3053 4464 gloria
3079 4401 3161 4451 est
3208 4397 3357 4456 viri;
3409 4395 3549 4467 quia
3579 4395 3652 4450 de
3699 4396 3824 4467 ipso

2179 4485 2331 4539 facta
2361 4489 2450 4540 est
2477 4501 2489 4550 ;
2525 4485 2674 4556 quod
2710 4489 2766 4539 et
2789 4485 2963 4540 latius
2995 4484 3332 4554 exsequitur
3353 4500 3542 4555 usque
3573 4483 3673 4538 ubi
3705 4486 3822 4539 ait:

2183 4572 2301 4627 Ideo
2327 4577 2649 4643 potestatem
2678 4573 3070 4642 (subauditur,
3092 4571 3424 4641 velaminis)
3443 4572 3593 4627 debet
3623 4572 3826 4628 habere

2178 4671 2404 4731 prepter
2434 4662 2682 4731 Angelos,
2735 4663 2788 4715 id
2837 4666 2942 4731 est,
2995 4665 3230 4732 propter
3284 4659 3692 4732 praedicatores
3735 4661 3820 4716 vel

2180 4748 2446 4805 caelestes
2474 4749 2735 4821 angelos,
2771 4750 2869 4821 qui
2892 4751 3098 4804 adesse
3115 4766 3232 4805 non
3251 4749 3821 4820 dubitantur,ubidi-

2181 4837 2314 4893 vina
2345 4837 2603 4892 caelestia
2622 4837 3010 4894 celebrantur.
3043 4837 3145 4893 Vel
3178 4844 3332 4894 certe
3361 4837 3626 4894 velamen
3656 4838 3824 4894 debet

2178 4927 2411 4997 habere,
2444 4925 2552 4982 hoc
2582 4937 2696 4997 est,
2727 4933 2960 4998 propter
2990 4927 3240 4998 primam
3291 4926 3819 4999 transgressionem

2178 5015 2602 5085 subjectionem
2633 5020 2982 5071 monstrare.
3013 5015 3318 5072 Enimvero
3342 5032 3413 5071 ne
3443 5013 3720 5071 mulieres
3741 5015 3823 5070 ni-

2178 5103 2360 5158 mium
2386 5105 2658 5176 subjectae
2688 5104 3296 5175 viderentur,etsuper
3315 5120 3414 5160 eas
3445 5103 3697 5158 nimium
3719 5104 3820 5158 viri

2175 5192 2612 5264 extollerentur,
2634 5193 2763 5248 ideo
2786 5191 3124 5262 subjunxit:
3157 5194 3335 5264 Neque
3353 5194 3441 5248 vir
3459 5193 3578 5246 sine
3593 5193 3824 5248 muliere

2174 5283 2230 5335 in
2262 5282 2494 5337 Domino
2517 5298 2537 5342 ;
2562 5280 2716 5351 quod
2744 5283 2801 5334 et
2831 5278 3207 5349 conﬁrmans,
3236 5277 3399 5349 dicit,
3425 5278 3625 5332 Omnia
3643 5287 3823 5334 autem

2171 5385 2241 5425 ex
2268 5370 2400 5425 Deo.
2433 5370 2594 5434 Quod
2622 5384 2776 5433 vero,
2827 5367 2968 5422 sicut
3006 5370 3057 5422 et
3088 5368 3175 5422 vir
3213 5382 3316 5438 per
3343 5367 3658 5436 mulierem,
3709 5383 3821 5422 non

2265 5565 2370 5615 6'22
2420 5566 2480 5620 In
2512 5567 2707 5634 autog.
2743 5576 2928 5632 marg.
2964 5560 3058 5616 hic
3088 5560 3303 5633 legitur
3327 5577 3456 5631 cap.
3489 5558 3609 5615 LIII

2265 5566 2391 5700 623;
2423 5636 2484 5689 In
2517 5641 2712 5700 autog.
2748 5648 2934 5700 marg.
2970 5631 3067 5688 hic
3095 5631 3311 5700 legitur
3331 5647 3461 5700 cap.
3493 5629 3609 5686 LIV

2265 5565 2370 5615 6'22
2420 5566 2480 5620 In
2512 5567 2707 5634 autog.
2743 5576 2928 5632 marg.
2964 5565 3058 5616 hic
3088 5565 3303 5633 legitur
3327 5577 3456 5631 cap.
3490 5565 3609 5615 Llll

2243 5565 2391 5703 E623;
2423 5636 2484 5689 In
2517 5641 2712 5706 autog.
2748 5648 2934 5705 marg.
2970 5631 3067 5688 hic
3092 5631 3311 5706 legitur
3331 5647 3461 5703 cap.
3493 5629 3635 5706 L_l_V.

2243 5702 2391 5777 (624)
2421 5706 2524 5762 Hic
2554 5707 2614 5762 in
2645 5702 2839 5776 autog.
2874 5702 3059 5775 marg.
3092 5702 3304 5776 legitur
3331 5702 3461 5774 cap.
3493 5702 3600 5758 LX.
3657 5749 3662 5755 .
