3990 6224
146 340 251 403 381

728 337 1145 403 EXPOSlTlO
1191 342 1267 401 IN
1315 341 1739 403 EPISTULAS
1789 341 2042 404 PAULI.
2085 344 2269 404 --ΙΝ
2317 344 2565 406 EPIST.
2609 343 2631 404 Ι
2678 341 2782 403 AD
2828 340 3001 403 COR.

3445 337 3563 400 382

218 475 452 544 Caetera,
488 490 609 528 cum
644 490 856 538 venero,
887 474 1190 543 disponam.
1227 475 1409 530 Multa
1440 475 1594 531 enim
1628 480 1797 530 erant
1823 486 1877 542 Α
1910 475 2065 530 Facit
2094 482 2149 531 et
2177 477 2456 532 adversus
2486 474 2899 546 Arium,quiet
2916 472 3133 543 gradus
3162 470 3220 525 in
3244 469 3560 539 Trinitate,

150 564 216 620 de
246 564 577 619 ministerio
634 562 897 617 Ecclesiae
929 564 1192 629 dicenda,
1226 574 1281 618 et
1331 564 1457 618 ideo
1515 582 1625 618 non
1678 570 1801 619 erat

152 670 514 723 consequens
529 669 629 721 per
650 652 957 722 epistolam
972 668 1069 706 eos
1096 653 1620 708 docere.Generalis
1643 654 1798 708 enim

152 742 403 797 Ecclesia
437 742 602 796 illius
635 746 923 813 praecepta
947 747 1157 797 servat.
1180 744 1243 797 Et
1280 744 1405 798 ideo
1432 743 1717 815 promittit
1739 760 1799 797 se

153 838 481 895 venturum,
508 836 563 885 et
586 848 711 901 quae
746 846 982 885 necesse
1005 838 1170 885 erant
1190 832 1519 887 docturum.
1545 834 1689 887 Nam
1714 849 1800 888 ve-

153 920 339 974 niente
364 919 488 984 illo,
517 919 642 973 viva
665 936 800 973 voce
824 920 1146 990 disposuit;
1173 921 1325 975 unde
1361 938 1472 975 non
1499 922 1800 975 dubitatur

154 1012 220 1064 ab
245 1009 524 1080 Apostolo
556 1008 991 1065 ecclesiasticus
1022 1010 1161 1064 ordo
1195 1012 1443 1066 traditus
1466 1014 1631 1082 (631).
1669 1014 1800 1067 Erat

154 1115 405 1168 namque
437 1100 799 1153 consuetudo
832 1099 889 1152 in
934 1099 1249 1169 primordio
1282 1099 1572 1163 Ecclesiae,
1606 1106 1667 1154 ut
1700 1100 1795 1171 qui

154 1188 788 1257 credebant,baptizati,
813 1188 988 1242 etiam
1014 1188 1212 1243 fideles
1234 1189 1440 1251 ell‘ecti,
1476 1190 1802 1259 acciperent

158 1276 408 1347 gratiam
442 1275 709 1346 loquendi
742 1276 1551 1349 omnibuslinguis,videlicet
1575 1279 1803 1343 ideo,ut

163 1363 353 1435 magis
384 1364 680 1435 magisque
712 1366 782 1418 ad
817 1366 991 1419 fidem
1026 1368 1403 1421 confluerent.
1428 1368 1535 1421 Sed
1560 1366 1799 1437 quia,si-

162 1458 259 1507 cut
286 1453 378 1506 hic
403 1453 714 1524 Apostolus
764 1454 903 1508 dicit
938 1473 949 1508 :
981 1456 1156 1525 Signa
1182 1473 1286 1525 pro
1318 1456 1654 1525 inﬁdelibus,
1689 1472 1799 1510 non

160 1540 405 1609 ﬁdelibus
436 1542 479 1613 (I
512 1542 633 1597 Cor.
665 1560 775 1610 xw,
815 1544 1069 1613 22),jam
1096 1544 1338 1599 dilatata
1370 1546 1501 1615 tide,
1528 1544 1797 1615 plurimis

160 1631 329 1685 etiam
356 1631 791 1686 conﬂuentibus
822 1632 891 1685 ad
928 1632 1348 1697 crudelitatem,
1373 1650 1597 1689 cessare
1628 1636 1800 1706 ccepit

160 1717 281 1788 ipsa
328 1719 712 1774 consuetudo.
762 1719 1042 1774 Corinthii
1086 1737 1237 1788 vero,
1270 1738 1402 1776 cum
1446 1723 1571 1792 jam
1605 1729 1800 1778 essent

159 1808 467 1874 credentes,
494 1814 696 1863 tamen
730 1808 867 1880 quia
889 1809 1078 1863 adhuc
1100 1815 1266 1864 erant
1296 1816 1585 1866 amatores
1618 1812 1798 1883 philo-
1829 1846 1877 1911 Β

159 1896 400 1966 εορὶιίςω
419 1897 717 1965 doctrina,
744 1897 852 1952 hoc
876 1898 1093 1953 donum
1118 1900 1311 1969 majus
1333 1900 1607 1954 omnibus
1631 1901 1794 1970 judi-

158 1986 375 2051 cabant,
410 1992 465 2041 et
518 1985 841 2058 plurimum
880 1986 1030 2041 idem
1080 1987 1293 2042 habere
1342 1988 1795 2057 desiderabant;

159 2073 304 2128 unde
333 2080 389 2128 et
419 2074 476 2129 hi
498 2075 601 2145 qui
636 2076 884 2130 habeant
908 2075 1306 2147 despiciebant
1332 2094 1443 2133 non
1484 2078 1795 2145 habentes;

158 2163 234 2217 illi
262 2180 393 2218 vero
425 2163 525 2234 qui
563 2180 675 2217 non
710 2164 1000 2218 habebant
1032 2164 1379 2233 dejiciebant
1412 2183 1494 2237 se,
1528 2184 1643 2220 non
1675 2182 1795 2221 crc-

160 2252 356 2307 dentes
384 2252 632 2305 attinere
664 2252 733 2306 ad
780 2268 1011 2323 corpus,
1044 2251 1131 2307 vel
1164 2258 1318 2308 certe
1366 2255 1799 2310 aemulabantur

159 2341 264 2395 hOs
295 2341 392 2412 qui
424 2358 539 2394 non
570 2340 881 2394 habebant.

235 2429 381 2504 (632)
408 2428 562 2498 (CAP.
596 2427 737 2495 ΧΗ.)
768 2428 883 2485 Hoc
932 2446 1141 2501 nempe
1188 2431 1526 2504 aggreditur
1554 2433 1797 2503 Aposto-

164 2522 257 2573 lus
288 2500 706 2589 reprehendere
722 2517 775 2571 in
801 2516 1227 2588 illis,inchoans
1252 2520 1409 2592 loqui
1439 2522 1507 2577 de
1529 2522 1800 2593 spiritua-

158 2604 327 2661 libus.
363 2605 459 2660 Ait
498 2605 653 2661 enim
690 2624 701 2660 :
735 2607 807 2661 De
835 2610 1218 2677 spiritualibns
1268 2612 1390 2665 nolo
1424 2628 1512 2666 vos
1544 2614 1799 2680 ignorare

161 2695 778 2765 (subauditur,donis).
813 2700 889 2751 De
922 2696 1793 2771 quibuslocuturus,praemisit:

156 2785 448 2857 antiquam
500 2801 705 2839 eorum
756 2786 1275 2857 conversationem,
1329 2789 1529 2844 dicens
1565 2807 1577 2844 :
1610 2792 1796 2859 Scitis,

155 2876 275 2946 quia
303 2891 421 2929 cum
452 2877 640 2942 gentes
692 2876 877 2929 essetis
910 2876 1078 2947 (633),
1111 2881 1219 2931 etc.
1271 2877 1369 2933 Ille
1400 2879 1615 2950 quippe
1643 2881 1794 2934 anti-

153 2979 319 3033 quam
349 2963 852 3019 conversationem
884 2964 1013 3019 ideo
1035 2982 1133 3020 eos
1167 2968 1463 3021 reminisci
1496 2970 1697 3039 voluit,
1733 2976 1796 3026 ut

150 3052 437 3124 superbire
486 3054 862 3122 desisterent,
895 3058 951 3108 et
978 3053 1038 3108 in
1094 3055 1427 3111 humilitate
1458 3075 1795 3128 permanere

150 3142 439 3196 studerent
465 3140 554 3197 vel
588 3146 745 3197 certe
770 3146 833 3196 ut
864 3142 1016 3197 sicut
1048 3144 1209 3215 prius
1232 3145 1303 3199 ad
1337 3145 1659 3218 impulsum
1686 3149 1794 3203 dae-

151 3246 380 3285 monum
412 3232 483 3286 ad
517 3231 784 3286 diversos
816 3232 1201 3287 trahebantur
1232 3249 1479 3301 errores,
1514 3236 1595 3290 sic
1626 3253 1792 3292 econ-
1824 3207 1866 3273 θ

152 3318 441 3390 trariojam
458 3320 748 3381 conversi,
771 3337 904 3375 cum
926 3320 1357 3377 haberentevan
1368 3323 1559 3395 gelicie
1576 3325 1791 3380 doctri-

151 3420 229 3461 ηεξ
263 3409 611 3480 magistrum
636 3426 701 3463 ac
725 3409 1041 3475 doctorem,
1059 3416 1441 3481 sequerentur
1460 3411 1622 3467 illum
1647 3431 1791 3484 quo-

151 3510 375 3566 cunque
396 3513 492 3551 eos
514 3497 743 3551 trahere
766 3497 953 3552 vellet.
974 3497 1133 3552 Unde
1154 3499 1209 3552 in
1230 3501 1584 3570 quibusdam
1605 3518 1793 3557 exem-

152 3582 410 3654 plaribus
440 3584 730 3639 invenitur
748 3602 761 3639 :
777 3584 1221 3641 Simularrorum
1243 3590 1480 3657 formam
1510 3589 1785 3646 habentes.

149 3670 328 3739 Cujus
359 3672 435 3726 rei
471 3671 717 3744 quisque
746 3673 935 3728 cultor
966 3680 1074 3744 est,
1105 3674 1263 3730 illius
1298 3676 1545 3731 formam
1577 3678 1791 3735 habere

149 3758 372 3814 dicitur.
407 3765 473 3815 Et
521 3761 662 3833 quia
708 3762 955 3833 istijam
1010 3765 1272 3819 conversi
1322 3771 1504 3832 erant,
1540 3768 1787 3823 formam

146 3849 425 3921 Evangelii
457 3848 675 3905 habere
705 3852 1013 3921 debebant,
1038 3851 1147 3908 hoc
1179 3858 1286 3921 est,
1314 3853 1504 3909 lucem
1538 3871 1786 3929 evange-

146 3933 257 3990 lica:
286 3938 561 3994 doctrinae
596 3939 656 3991 in
690 3955 801 3994 sua
829 3941 1270 3995 conversatione
1300 3945 1624 3999 ostendere.

210 4028 477 4097 Sequitur
509 4046 522 4083 :
557 4025 683 4083 Ideo
715 4036 901 4082 notum
932 4028 1083 4083 vobis
1110 4031 1277 4099 facio,
1313 4036 1421 4086 etc.
1459 4032 1524 4086 Et
1554 4038 1641 4087 est
1664 4051 1788 4089 sen-

145 4130 239 4169 sus
268 4132 281 4169 :
314 4116 419 4180 Qui
470 4117 753 4189 spiritum
785 4118 884 4171 Dei
940 4117 1131 4184 habet,
1168 4118 1312 4173 nihil
1347 4137 1683 4191 perversum
1716 4123 1786 4177 de

142 4202 379 4261 Domino
408 4205 591 4262 sentit
620 4222 632 4271 ;
667 4209 725 4259 et
772 4205 871 4276 qui
904 4212 1055 4261 recte
1086 4206 1302 4277 aliquid
1358 4210 1429 4263 de
1458 4209 1556 4264 illo
1588 4212 1783 4282 sentit,

145 4306 249 4347 non
274 4294 383 4349 nisi
406 4312 508 4367 per
528 4293 781 4367 gratiam
805 4294 1058 4365 Spiritus
1080 4297 1266 4351 sancti
1292 4298 1785 4371 agnoscit.Sequi-

144 4386 233 4436 tur
263 4400 275 4437 :
308 4386 371 4439 Et
402 4400 568 4439 nemo
601 4388 775 4450 potest
804 4383 1007 4453 dicere,
1040 4386 1300 4439 Dominus
1341 4387 1514 4453 Iesus,
1542 4393 1649 4443 etc.
1684 4390 1785 4445 Hic

143 4472 317 4526 oritur
344 4473 593 4544 quaestio
618 4489 795 4543 quare
821 4474 994 4538 dicat,
1023 4477 1192 4528 Nemo
1219 4484 1387 4544 potest
1415 4476 1614 4541 dicere,
1650 4494 1782 4533 cum

1912 569 1966 619 et
2000 565 2205 619 Filium
2232 566 2515 620 minorem
2538 570 2726 633 Patre,
2751 570 2807 619 et
2829 563 3112 632 Spiritum
3140 566 3407 615 sanctum
3433 576 3556 614 am-

1911 653 2097 707 bobus
2140 655 2410 708 asseruit.
2447 655 2606 720 Quod
2641 654 2768 707 ideo
2818 652 3161 706 conlirmare
3196 648 3556 717 nitebantur,

1911 743 2065 811 quod
2100 758 2330 814 semper
2364 743 2530 797 Pater
2572 744 2626 796 in
2659 742 2847 812 primo
2903 740 3024 793 loco
3056 742 3389 808 poneretur,
3422 752 3557 790 cum

1912 829 2003 884 hic
2038 831 2093 884 in
2130 832 2317 902 primo
2371 832 2623 902 Spiritus
2668 834 2930 895 sanctus,
2962 831 3020 882 et
3048 826 3105 881 in
3158 826 3360 880 ultimo
3393 826 3559 880 Pater

1911 926 2181 990 ponatur.
2212 921 2314 975 Per
2346 921 2659 974 divisiones
2690 919 3033 989 gratiarum,
3058 913 3556 970 ministrationum

1914 1013 2087 1078 atque
2122 1011 2545 1081 Operatiouum,
2574 1011 2721 1063 forte
2750 1008 2980 1061 diversa
3011 1006 3064 1059 in
3092 1003 3347 1059 Ecclesia
3378 1001 3560 1057 voluit

1913 1096 2157 1168 intelligi
2202 1100 2412 1163 ol'ﬁcia,
2446 1115 2695 1170 quorum
2746 1096 3081 1150 varietatem
3115 1092 3389 1160 ostendit,
3422 1108 3555 1146 cum

1915 1203 2043 1241 mox
2064 1188 2193 1258 subj
2206 1188 2395 1257 ungit:
2421 1190 2720 1261 Unicuique
2736 1187 2896 1240 datur
2924 1184 3300 1253 manifestatio
3318 1182 3556 1252 Spiritus

1911 1277 1980 1330 ad
2012 1277 2325 1343 utilitatem,
2361 1276 2445 1331 vel
2477 1295 2593 1331 sua:
2627 1276 2857 1341 salutis,
2894 1274 2977 1329 vel
3012 1271 3271 1329 Ecclesiae
3303 1270 3552 1326 aediﬁca-

1911 1364 2107 1419 tionis.

1984 1454 2258 1523 Sequitur
2287 1472 2301 1510 :
2337 1457 2448 1509 Alii
2480 1454 2698 1527 quidem
2746 1471 2841 1526 per
2869 1453 3149 1523 Spiritum
3178 1451 3349 1505 datur
3377 1463 3556 1505 sermo

1907 1545 2214 1613 sapientizc,
2246 1545 2350 1599 alii
2378 1561 2556 1599 sermo
2579 1546 2843 1600 scientia).
2872 1541 3185 1597 Dicitenim
3218 1540 3423 1594 beatus
3442 1539 3555 1591 Au-

1908 1632 2183 1701 gustinus
2215 1634 2369 1703 quod
2403 1633 2577 1688 distet
2606 1634 2756 1687 inter
2772 1630 3120 1704 sapientiam
3153 1634 3211 1684 et
3226 1627 3553 1683 scientiam.

1909 1721 2226 1791 Sapientia,
2259 1723 2468 1793 inquit,
2502 1728 2590 1777 est
2621 1723 2950 1777 divinarum
2982 1718 3255 1792 cognitio,
3287 1714 3551 1779 scientia,

1909 1810 2324 1879 humanarum,
2368 1817 2624 1866 attamen
2677 1828 2791 1865 non
2826 1810 3062 1865 illarum
3109 1824 3256 1878 quas
3304 1804 3549 1869 scimus,

1909 1898 2047 1968 quid
2080 1900 2200 1953 auri
2235 1900 2443 1969 quidve
2474 1900 2718 1970 argenti,
2753 1903 2894 1969 quot
2922 1897 3095 1952 etiam
3129 1900 3186 1949 et
3216 1892 3419 1965 quales
3450 1891 3549 1946 ha-

1908 1988 2114 2042 bemus
2148 1988 2493 2053 fundos,sed
2525 1987 2623 2042 illa
2644 1992 2729 2041 est
2762 2004 2888 2057 qua:
2912 1984 3180 2040 consistit
3204 1982 3262 2036 in
3296 1984 3549 2051 quatuor

1907 2075 2243 2141 virtutibus,
2278 2076 2494 2147 quibus
2543 2075 2624 2129 nil
2676 2075 2879 2129 utilius
2931 2074 2987 2127 in
3020 2072 3137 2125 vita
3182 2068 3544 2131 hominibus,

1910 2164 2017 2219 hoc
2048 2170 2156 2233 est,
2190 2182 2305 2236 qua
2336 2171 2389 2219 et
2422 2164 2739 2236 prudentia}
2764 2163 3049 2217 discimus
3080 2157 3459 2221 intellectum,
3494 2160 3550 2209 et

1900 2254 2146 2324 justitite
2178 2255 2564 2324 sanctitatem,
2601 2260 2656 2307 et
2687 2250 3043 2307 fortitudinis
3078 2248 3273 2313 robur,
3307 2262 3372 2302 ac
3402 2249 3549 2299 tem-

1908 2342 2181 2413 perantize
2214 2344 2409 2397 decus.

1981 2432 2295 2503 Sequitur:
2336 2433 2503 2486 Alteri
2531 2432 2681 2500 ﬁdes.
2716 2430 2822 2484 Illa
2859 2428 3125 2483 videlicet
3161 2443 3294 2497 qua,
3329 2423 3549 2495 pudore

1908 2520 2153 2590 abjecto,
2178 2520 2354 2575 libere
2384 2519 2721 2575 conﬁteatur
2749 2519 2903 2590 quod
2934 2516 3197 2572 credidit.
3225 2514 3339 2569 Alii
3362 2512 3551 2582 gratia

1906 2610 2205 2664 sanitatum
2230 2628 2241 2664 :
2269 2627 2385 2681 qua
2416 2609 2785 2664 inﬁrmitates
2808 2612 2968 2662 curet
2999 2624 3063 2661 ac
3094 2605 3347 2659 morbos.
3382 2601 3545 2657 Unde

1908 2698 2111 2753 Petrus
2145 2716 2155 2752 :
2190 2701 2390 2764 zEnca,
2424 2705 2582 2753 sanat
2616 2701 2664 2753 te
2696 2698 2977 2753 Dominus.
3008 2696 3122 2750 Alii
3152 2693 3391 2765 operatio
3424 2692 3539 2745 vir-

1906 2789 2084 2840 tutum
2128 2788 2278 2857 (.—tct.
2335 2806 2407 2854 1x,
2444 2790 2570 2857 3-2);
2608 2786 2846 2852 scilicet,
2881 2791 2945 2841 ut
2991 2786 3282 2841 daemones
3312 2780 3549 2852 ejiciant

1905 2876 2018 2930 Alii
2041 2878 2370 2947 praplictia;
2414 2882 2477 2931 ut
2510 2877 2704 2932 futura
2738 2875 3133 2948 pronuntient.
3160 2872 3273 2927 Alii
3301 2870 3551 2925 discretio

1904 2967 2237 3036 spirituum;
2271 2971 2492 3031 ut,cum
2526 2966 2721 3037 aliqua
2746 2964 3027 3029 audit,vel
3058 2961 3410 3033 legit,possit
3430 2958 3548 3014 dis-

1906 3070 2139 3109 cernere
2172 3056 2340 3126 cujus
2372 3056 2491 3111 sint
2520 3055 2783 3126 Spiritus.
2820 3055 2931 3108 .llii
2958 3068 3160 3123 genera
3190 3052 3544 3118 linguarum;

1905 3148 1969 3197 ut
1998 3143 2243 3198 diversis
2274 3142 2492 3215 linguis
2526 3142 2947 3215 loquatur.Alii
2964 3140 3337 3210 interpretatio
3353 3151 3549 3191 sermo-

1905 3248 2082 3292 num;
2118 3237 2179 3285 ut
2231 3249 2364 3286 cum
2416 3232 2615 3302 aliqua
2664 3231 2959 3300 leguntur,
2994 3227 3078 3281 vel
3124 3226 3421 3289 dicuntur,
3474 3222 3545 3277 ad

1904 3320 2225 3391 profectum
2250 3319 2498 3374 aliorum
2532 3317 2923 3375 salubriterin
2957 3317 3196 3371 alteram
3230 3310 3546 3386 possitlin-

1904 3425 2083 3479 guam
2117 3408 2451 3463 transferre.

1978 3497 2254 3567 Sequitur
2287 3514 2297 3549 :
2333 3502 2467 3553 Haec
2504 3504 2687 3551 autem
2715 3498 2903 3550 omnia
2934 3496 3189 3566 operatur
3216 3508 3359 3546 unus
3389 3495 3551 3562 atque

1902 3586 2045 3640 idem
2078 3587 2333 3656 Spiritus,
2353 3594 2460 3640 etc.
2480 3585 2581 3640 His
2612 3584 2803 3640 verbis
2832 3582 3089 3639 ostendit
3112 3582 3393 3636 unitatem
3418 3579 3547 3635 Tri-

1902 3674 2184 3742 nitatis,et
2215 3674 2537 3729 trinitatem
2564 3672 3112 3745 unitatis,quoniam
3145 3670 3359 3726 dicitur
3380 3668 3550 3724 Pater

1900 3762 2074 3832 Deus,
2110 3768 2165 3817 et
2198 3762 2377 3817 Filius
2414 3768 2583 3827 Deus,
2618 3768 2673 3817 et
2702 3762 2951 3835 Spiritus
3002 3766 3241 3817 sanctus
3271 3759 3445 3829 Deus,
3480 3776 3545 3814 ac

1900 3852 2149 3923 singulis
2182 3853 2429 3924 quisque
2448 3853 2694 3917 Deus,et
2723 3859 2919 3908 tamen
2942 3856 3059 3907 tres
3090 3866 3244 3906 unus
3270 3851 3541 3916 Deus.Ac,

1900 3957 2001 4012 per
2025 3941 2150 4005 hoc,
2177 3942 2331 4012 quod
2354 3947 2629 4013 operatur
2651 3942 2837 4005 Pater,
2860 3944 3132 4013 operatur
3151 3939 3330 3995 Filius
3346 3942 3401 3993 et
3422 3938 3547 4009 Spi-

1898 4029 2043 4083 ritus
2067 4036 2333 4097 sanctus;
2366 4048 2501 4102 ergo
2534 4036 2589 4084 et
2622 4029 2797 4085 totius
2828 4029 3131 4085 Trinitatis
3155 4045 3269 4083 una
3300 4032 3387 4082 est
3408 4044 3545 4098 ope-

1898 4118 2082 4184 ratio;
2120 4118 2270 4173 unde
2302 4135 2435 4172 cum
2487 4117 2756 4189 superius
2802 4118 3046 4172 dixisset
3078 4121 3255 4171 Deum
3289 4120 3543 4185 Patrem,

1896 4211 1951 4262 et
1982 4207 2165 4261 Deum
2200 4206 2438 4268 Filium,
2467 4223 2579 4260 non
2603 4210 2796 4259 tamen
2829 4205 3015 4277 piguit
3042 4204 3227 4259 dicere
3260 4202 3543 4274 Spiritum

1896 4300 2164 4352 sanctum
2198 4296 2392 4350 omnia
2418 4296 2692 4350 dividere.
2718 4299 2835 4351 Hac
2866 4295 3039 4350 etiam
3073 4293 3364 4349 sententia
3391 4292 3544 4349 Deus

1897 4383 2263 4456 apertissime
2296 4385 2752 4451 demonstratur,
2788 4400 2921 4438 cum
2963 4382 3161 4438 omnia
3190 4382 3393 4437 dividit
3423 4398 3538 4438 non

1896 4474 1969 4529 ad
2000 4473 2335 4546 imperium,
2365 4474 2465 4529 sed
2494 4472 2809 4528 voluntate.
2836 4472 2997 4527 Unde
3029 4472 3204 4526 etiam
3236 4470 3541 4525 attenden-

142 4555 414 4616 Dominus
446 4562 607 4617 dicat
642 4578 654 4618 :
688 4562 803 4616 Non
852 4564 1030 4616 omnis
1063 4564 1160 4632 qui
1186 4562 1318 4616 dicit
1367 4565 1531 4629 mihi,
1564 4565 1792 4623 Domine
1821 4578 1865 4642 Ι)
1898 4564 2038 4617 dum
2072 4567 2159 4617 est
2190 4580 2368 4634 quare
2421 4563 2521 4634 qui
2556 4563 2753 4617 minus
2801 4562 3026 4633 accipit,
3058 4558 3145 4617 vel
3179 4576 3239 4615 se
3271 4559 3542 4630 dejicere,

141 4647 337 4717 (Matth.
368 4668 469 4718 VU,
498 4652 618 4721 21),
671 4655 779 4706 etc.
810 4651 920 4706 Sed
969 4651 1048 4705 ibi
1085 4652 1276 4706 dicere
1334 4670 1437 4723 pro
1468 4671 1628 4710 sono
1659 4660 1787 4712 tan-

138 4738 282 4801 tum,
316 4737 407 4792 hic
438 4755 541 4809 pro
576 4738 763 4793 facere
793 4738 1142 4810 intelligitur
1169 4741 1445 4811 positum.
1472 4744 1783 4814 Sequitur:

137 4822 440 4881 Divisiones
468 4830 781 4898 gratiarum
834 4832 982 4897 sunt,
1016 4833 1127 4883 etc.
1163 4828 1263 4884 His
1311 4832 1501 4886 verbis
1533 4835 1788 4891 ostendit

133 4913 441 4985 Apostolus
472 4933 589 4971 non
612 4916 900 4987 Spiritum
922 4922 1215 4982 sanctum,
1236 4919 1335 4973 sed
1360 4920 1512 4974 dona
1541 4922 1669 4992 ejus
1693 4924 1785 4977 di-

132 5001 265 5072 vidi,
298 5004 453 5058 verhi
485 5003 697 5076 gratia,
732 5020 835 5059 ceu
863 5004 972 5076 sol,
997 5004 1097 5076 qui
1128 5006 1236 5061 etsi
1270 5024 1373 5077 per
1402 5009 1629 5064 diversa
1660 5010 1785 5066 loca

133 5091 316 5148 radios
348 5108 490 5148 suos
540 5093 841 5158 diffundit,
873 5111 988 5149 non
1038 5098 1236 5150 tamen
1286 5096 1585 5151 dividitur.
1624 5099 1691 5152 Et
1722 5104 1786 5154 ut

132 5177 311 5249 ipsius
348 5182 506 5236 dona
539 5196 657 5236 non
707 5182 1071 5250 hominibus,
1104 5185 1204 5239 sed
1239 5184 1354 5239 Deo
1388 5186 1780 5254 ascribantur,

132 5260 319 5329 gratim
350 5265 659 5316 vocantur.
697 5261 855 5318 Facit
886 5262 979 5318 hic
1009 5262 1175 5319 locus
1207 5265 1487 5320 adversus
1519 5267 1779 5322 Macedo-

135 5345 313 5416 nium,
344 5350 448 5420 qui
478 5349 717 5420 negavit
762 5350 1048 5423 Spiritum
1098 5358 1368 5409 sanctum
1400 5369 1528 5409 esse
1571 5354 1777 5415 Deum.

200 5505 345 5578 (631)
374 5507 531 5563 Nota
577 5508 952 5569 ecclesiastici
1000 5514 1224 5571 ordinis
1277 5514 1652 5571 traditionem
1705 5519 1777 5573 ab

138 5579 409 5635 apostolis
438 5579 711 5635 derivari.

172 5591 409 5646 pomus
438 5591 711 5637 derivari.

205 5649 349 5722 (332)
382 5656 449 5709 In
482 5654 683 5724 autog.
716 5670 900 5729 marg.
932 5656 1025 5714 hic
1055 5656 1268 5734 legitur
1299 5674 1425 5733 cap.
1459 5656 1569 5716 LX.

1898 4652 1983 4707 vel
2014 4651 2179 4707 alteri
2214 4652 2469 4708 invidere
2502 4670 2615 4707 non
2648 4653 2871 4722 debeat,
2897 4652 3062 4723 quasi
3092 4650 3373 4722 majorem
3407 4666 3539 4721 par-

1897 4743 2015 4795 tem
2050 4741 2557 4812 praeoccupaverit,
2593 4758 2726 4796 cum
2760 4741 2886 4813 ipse
2918 4745 3089 4813 prout
3118 4739 3242 4794 vult
3268 4738 3543 4794 omnibus

1897 4829 2135 4884 dividat.
2169 4830 2224 4884 Si
2259 4831 2410 4886 enim
2446 4830 2824 4887 invidendum
2856 4834 3028 4900 esset,
3054 4829 3247 4903 potius
3276 4828 3543 4885 inviden-

1895 4917 2036 4972 dum
2069 4919 2185 4973 Deo
2220 4937 2394 4991 quam
2430 4920 2676 4977 homini.

1969 5007 2113 5073 Quia
2146 5009 2316 5080 cozpit
2357 5009 2520 5081 loqui
2566 5010 2636 5065 de
2670 5012 2943 5067 varietate
2975 5011 3329 5083 spiritalium
3362 5011 3543 5067 dono-

1898 5112 2053 5161 rum,
2088 5101 2153 5150 ut
2178 5113 2245 5151 ea
2276 5098 2491 5153 arctius
2524 5102 2980 5167 commendaret,
3006 5101 3310 5172 subjunxit
3338 5100 3544 5156 simili-

1893 5185 2156 5239 tudinem
2190 5186 2451 5255 corporis
2483 5192 2537 5240 et
2571 5189 2991 5244 membrorum.
3025 5189 3120 5244 Ait
3148 5191 3303 5245 enim
3339 5205 3351 5243 :
3384 5187 3542 5244 Sicut

1892 5275 2042 5329 enim
2070 5289 2261 5345 corpus
2292 5290 2466 5327 unum
2495 5280 2589 5343 est,
2620 5280 2669 5331 et
2716 5280 2962 5333 membra
3012 5278 3171 5334 habet
3199 5279 3394 5343 multa,
3430 5281 3537 5332 etc.

1891 5366 1959 5417 Et
1989 5366 2077 5418 est
2107 5377 2316 5417 sensus
2350 5376 2362 5415 :
2396 5360 2451 5415 Si
2482 5364 2710 5419 tantum
2767 5383 2950 5421 unum
2993 5371 3148 5423 esset
3180 5366 3535 5439 membrum,

1960 5520 2109 5593 (633)
2138 5519 2201 5573 In
2232 5522 2427 5589 autog.
2465 5534 2646 5588 marg.
2679 5519 2773 5575 hic
2823 5521 3038 5593 legitur
3066 5524 3354 5583 Dominioa
3378 5534 3538 5586 vacat

1882 5596 2005 5665 post
2030 5592 2167 5647 Pen.
