3990 6224
402 361 518 425 383

1417 364 1753 427 ATTONIS
1799 365 2383 428 VERCELLENSIS
2430 367 2786 429 EPISCOPI

3702 365 3846 427 384

398 503 524 574 jam
555 517 671 556 non
713 505 865 558 esset
913 518 1144 574 corpus,
1179 501 1286 557 hoc
1335 507 1441 570 est,
1478 521 1610 576 pars
1643 521 1754 559 non
1805 509 1957 560 esset
1987 505 2046 558 in
2075 503 2130 567 Α
2163 502 2282 556 haec
2334 502 2593 556 abundat
2643 503 2956 570 frumento,
2991 503 3092 555 aut
3141 498 3298 564 vino,
3329 497 3430 552 illa
3480 513 3613 554 vero
3668 497 3841 565 oleo,

406 595 564 647 toto:
603 596 660 646 at
690 608 822 647 vero
853 592 993 662 quia
1025 592 1210 647 multa
1231 598 1370 648 sunt
1403 596 1683 660 membra,
1715 599 1771 650 et
1800 595 2049 663 diversa,

411 695 479 734 ex
512 679 656 750 ipsis
677 680 926 735 diversis
949 681 1395 751 compaginatur
1416 699 1595 737 unum
1625 701 1871 754 corpus;
1898 686 2052 738 unde

411 773 467 823 et
497 768 710 822 dicitur
739 784 969 840 corpus,
994 769 1078 822 vel
1110 775 1259 822 certe
1282 772 1433 838 quod
1469 778 1805 843 corruptum
1835 777 2047 844 pereat.

411 857 735 927 Sequitur:
770 862 855 912 Ita
903 864 952 912 et
985 859 1247 912 Christus.
1283 860 1456 922 Quasi
1505 861 1748 914 dixisset
1804 888 1816 916 ;
1873 861 2053 915 Multa

411 951 549 1001 sunt
570 947 830 1001 membra
853 946 1224 1011 Christi,cum
1251 948 1941 1018 quibusChristusunum
1966 954 2055 1004 est

410 1051 641 1106 corpus.
666 1035 1043 1106 QuaprOpter,
1066 1038 1402 1106 exponendo
1429 1039 1578 1106 quod
1603 1037 1702 1102 ait,
1729 1042 1804 1093 ita
1822 1044 1872 1093 et
1895 1040 2052 1094 Chri-

409 1128 541 1188 stus,
571 1124 912 1195 subjungit:
940 1127 1168 1179 Etenim
1197 1128 1255 1179 in
1286 1143 1395 1181 uno
1425 1130 1628 1198 spiritu
1659 1144 1839 1182 omnes
1867 1146 1960 1182 nos
1995 1132 2055 1182 in

407 1227 576 1266 unum
609 1228 801 1281 corpus
833 1215 1106 1284 baptizati
1134 1231 1340 1269 sumus.
1375 1216 1442 1270 Et
1480 1222 1568 1270 est
1602 1234 1811 1271 sensus
1846 1235 1857 1270 :
1895 1218 2056 1272 Sicut

407 1316 523 1354 uno
545 1300 754 1358 soiritu
777 1303 973 1357 omnia
1000 1303 1636 1374 viviﬁcanturcorporis
1672 1308 1952 1368 membra,
1971 1308 2054 1360 sic

409 1393 681 1444 etomnes
700 1391 796 1460 qui
814 1407 914 1461 per
930 1391 1174 1462 gratiam
1205 1393 1570 1463 baptismatis
1595 1393 1776 1448 renati
1793 1395 1849 1448 in
1874 1411 2054 1448 unum

412 1477 766 1532 conveniunt
804 1496 1034 1550 corpus,
1069 1497 1185 1535 uno
1218 1482 1426 1552 spiritu
1478 1483 1860 1537 viviﬁcantur.
1897 1483 2058 1538 Unde

412 1571 502 1622 est
531 1567 670 1638 quia
702 1567 750 1621 si
782 1567 1015 1638 aliquod
1051 1570 1379 1624 membrum
1413 1572 1669 1643 corporis
1700 1572 2058 1639 abscidatur,

414 1671 531 1709 non
556 1655 680 1725 jam
702 1656 772 1710 ab
796 1656 922 1727 ipso
944 1657 1151 1729 spiritu
1169 1659 1529 1726 viviﬁcatur;
1566 1662 1647 1715 sic
1671 1666 1726 1716 et
1747 1662 1844 1731 qui
1874 1678 1906 1714 a
1927 1677 2057 1714 ror-

417 1759 554 1814 pore
585 1744 853 1799 Ecclesiae
885 1746 1226 1816 absciditur,
1263 1766 1372 1803 non
1398 1750 1523 1818 jam
1557 1749 1846 1804 viviﬁcare
1879 1765 2058 1804 mere-

2161 591 2243 646 sic
2275 596 2330 645 et
2361 592 2429 645 de
2461 591 2700 645 caeteris.
2763 589 3055 644 Invenitur
3100 588 3484 644 nihilominus
3514 587 3573 642 in
3610 589 3839 643 mundi

2162 680 2484 735 elementis.
2524 680 2683 734 Unde
2719 681 2977 733 mundus
3002 696 3174 745 unus,
3201 677 3312 732 nisi
3337 695 3404 732 ex
3435 678 3691 732 diversis
3715 677 3844 733 ele-

2165 769 2425 823 mentis?
2455 769 2598 823 Nam
2634 770 2680 823 si
2736 785 2965 839 semper
3012 769 3170 821 calor
3198 773 3371 832 esset,
3408 773 3471 820 ut
3502 768 3560 820 in
3590 773 3838 833 aestate,

2163 863 2263 912 aut
2293 875 2519 929 semper
2553 858 2757 927 frigus,
2796 861 2856 910 ut
2890 861 2944 911 in
2997 856 3206 920 hieme,
3242 865 3395 909 terra
3427 854 3652 909 fructus
3689 871 3838 926 pro-

2163 947 2374 1002 ducere
2405 964 2519 1001 non
2562 952 2779 1017 posset.
2827 947 3190 1016 Quapropter
3214 945 3340 1015 ipsa
3371 943 3682 998 diversitas
3717 942 3844 999 ele-

2165 1043 2494 1091 mentorum
2518 1036 2835 1106 quamdam
2862 1035 2999 1088 facit
3022 1033 3387 1104 temperiem.
3415 1033 3506 1086 Sic
3528 1032 3666 1087 etin
3693 1049 3835 1088 me-

2165 1125 2338 1184 tallis.
2370 1126 2509 1178 dum
2545 1123 2865 1192 aurum,vel
2899 1126 3207 1192 argentum
3236 1121 3552 1192 pretiosius
3584 1127 3676 1176 est
3708 1122 3836 1176 fer-

2166 1231 2248 1282 ro,
2287 1215 2499 1268 ferrum
2533 1230 2665 1267 vero
2701 1212 2907 1266 utilius
2941 1218 3026 1266 est
3055 1211 3363 1266 ambobus.

2239 1321 2530 1391 Sequitur.
2567 1321 2624 1373 Si
2653 1321 2858 1373 dixerit
2907 1320 3059 1372 auris
3089 1336 3105 1370 :
3138 1319 3254 1372 Non
3303 1334 3428 1371 sum
3465 1319 3674 1382 oculus,
3711 1324 3834 1373 etc.

2167 1410 2272 1464 Per
2304 1409 2554 1470 oculum,
2593 1413 2647 1462 et
2694 1425 2934 1462 manum
2987 1405 3269 1461 sublimes
3321 1406 3378 1460 in
3430 1405 3693 1461 Ecclesia
3727 1408 3838 1462 de-

2170 1497 2477 1569 signantur
2505 1515 2516 1563 ;
2554 1514 2652 1568 per
2674 1496 3235 1561 aurem,mediocres
3263 1514 3274 1562 ;
3311 1512 3412 1566 per
3435 1497 3642 1566 pedem
3667 1513 3832 1562 vero,

2171 1587 2420 1640 minimi.
2471 1585 2534 1640 lli
2587 1602 2840 1656 quoque,
2887 1584 3023 1655 quia
3074 1600 3307 1654 parvam
3360 1584 3612 1654 gratiam
3666 1601 3834 1640 acce-

2167 1683 2399 1746 perunt,
2433 1692 2545 1730 non
2599 1691 2660 1728 se
2700 1675 2911 1728 debent
2958 1674 3229 1743 dejicere,
3279 1689 3466 1743 neque
3497 1673 3828 1744 deSpicere,

2169 1780 2354 1835 neque
2385 1764 2616 1818 credere
2673 1780 2784 1817 non
2819 1762 3061 1816 attinere
3092 1761 3162 1815 ad
3193 1777 3405 1831 corpus
3440 1779 3452 1815 :
3486 1777 3646 1830 nam,
3684 1762 3829 1832 quia

417 1836 544 1934 in”:
563 1832 777 1931 V919“
823 1835 1035 1906 ίῖυίρρθ
1057 1838 1415 1934 ,ῥείθῐξᾴθτξ
1437 1839 2059 1934 υηξῖθαφῐηρᾶἓξίηθῖυ-Ῑ·
2087 1871 2134 1934 Β
2170 1832 2434 1907 membra
2464 1857 2621 1918 sunt,
2659 1852 2728 1906 ad
2764 1867 2976 1921 corpus
2994 1850 3195 1922 utique
3218 1850 3485 1904 attinent.
3513 1851 3825 1920 Sequitur:

417 1921 685 1975 Ecclesiae
718 1939 948 1993 corpus,
981 1925 1317 1993 subjunxit:
1356 1927 1478 1980 Sive
1504 1928 1705 1993 Judzei,
1738 1930 1852 1982 sive
1880 1931 2055 1997 genti-

418 2009 512 2078 les,
546 2014 655 2065 etc.
693 2011 882 2066 Pauca
913 2017 1103 2067 tamen
1137 2013 1281 2067 dixit
1311 2016 1410 2069 sed
1458 2032 1560 2080 per
1590 2015 1709 2070 haec
1742 2034 1928 2087 pauca
1956 2033 2059 2070 vo-

416 2097 523 2152 luit
551 2098 795 2171 intelligi
843 2101 1040 2156 omnia
1069 2119 1191 2171 quze
1223 2104 1293 2158 ad
1328 2105 1798 2174 conjunctionem
1831 2111 1886 2159 et
1916 2122 2057 2160 con-

415 2187 719 2243 nexionem
755 2187 934 2259 hujus
959 2192 1216 2262 corporis
1247 2191 1770 2264 attinent,excepto
1803 2199 2058 2264 peccato.

489 2294 763 2366 Sequitur
795 2312 807 2350 :
841 2297 904 2350 Et
931 2313 1112 2351 omnes
1144 2315 1250 2351 uno
1281 2300 1484 2369 spiritu
1511 2302 1684 2370 potati
1711 2318 1919 2369 sumus,
1953 2300 2062 2355 hoc

419 2387 510 2438 est
541 2384 846 2454 potionati.
875 2385 1022 2438 Sane
1053 2385 1380 2455 sciendum,
1407 2388 1545 2458 quia
1576 2388 1722 2443 solet
1752 2388 1966 2459 aliquis
1996 2405 2064 2442 ex

419 2487 538 2524 una
567 2471 798 2539 potione
832 2472 1032 2527 multis
1062 2473 1191 2527 aliis
1225 2475 1518 2546 propinari
1555 2494 1567 2531 :
1599 2477 1754 2532 verbi
1785 2477 1991 2548 gratia,
2013 2477 2067 2532 si

419 2557 632 2614 habeat
662 2559 847 2614 multa
893 2559 1146 2628 vascula,
1181 2567 1235 2617 et
1285 2563 1553 2634 imparia,
1587 2581 1717 2619 cum
1770 2567 2062 2637 potionem

419 2647 714 2713 diffundit,
746 2649 1118 2705 vasculorum
1151 2651 1480 2707 considerat
1527 2653 1939 2724 capacitatem;
1979 2655 2063 2709 sic

421 2740 478 2792 et
507 2741 658 2791 Deus
703 2736 955 2807 singulis
992 2738 1161 2806 juxta
1189 2741 1566 2811 capacitatem
1601 2759 1768 2796 suam
1815 2743 2060 2813 gratiam

421 2825 850 2880 subministrat.
882 2825 1184 2897 Sequitur:
1203 2828 1341 2883 Nam
1368 2834 1420 2883 et
1440 2846 1627 2900 corpus
1657 2848 1764 2885 non
1787 2840 1863 2886 est
1892 2849 2064 2886 unum

422 2915 750 2979 membrum,
781 2914 875 2971 sed
903 2916 1182 2971 multa.Et
1211 2921 1299 2972 est
1329 2919 1641 2973 sensus:Si
1677 2936 1860 2974 unum
1884 2936 2064 2974 mem-

416 3002 588 3057 brum
638 3007 813 3072 esset,
854 3005 982 3075 jam
1048 3021 1160 3060 non
1218 3011 1372 3060 esset
1419 3024 1650 3079 corpus,
1703 3008 1807 3062 hoc
1853 3013 1962 3074 est,
2013 3008 2061 3062 si

418 3091 824 3162 unusquisque
854 3092 1053 3148 omnia
1103 3094 1274 3165 dona,
1306 3112 1624 3167 omnesque
1671 3097 1889 3167 gratias
1921 3096 2064 3152 acci-

419 3183 598 3251 peret,
635 3197 747 3236 non
781 3198 963 3237 unum
996 3187 1149 3238 esset
1178 3200 1410 3256 corpus,
1445 3185 1543 3240 sed
1579 3185 1784 3240 multa.

489 3286 766 3358 Sequitur
797 3305 808 3344 :
839 3288 900 3344 Si
942 3289 1146 3346 dixerit
1189 3307 1304 3361 pes,
1339 3296 1446 3346 etc.
1481 3291 1630 3347 Dicit
1677 3293 1882 3347 beatus
1913 3309 2062 3363 papa

418 3376 731 3448 Gregorius
763 3377 902 3448 quia
933 3395 1033 3449 per
1079 3380 1416 3434 varietatem
1466 3381 1746 3452 corporis,
1780 3398 1845 3436 ac
1877 3397 2060 3436 mem-

419 3465 680 3532 brorum,
709 3466 962 3522 varietas
992 3468 1333 3540 designatur
1363 3469 1716 3541 spiritalium
1750 3471 2061 3525 donorum.

417 3553 600 3608 Habet
646 3571 903 3626 namque
934 3556 1187 3612 Ecclesia
1217 3557 1550 3625 nonnullos,
1585 3558 1684 3628 qui
1717 3563 1855 3613 sunt
1887 3558 2061 3625 oculi,

419 3642 617 3697 futura
664 3644 1082 3713 praevidendo:
1136 3651 1274 3701 sunt
1319 3650 1375 3700 et
1423 3663 1612 3715 aures,
1647 3647 2063 3717 magistrorum

423 3735 708 3801 praecepta
757 3731 1060 3788 humiliter
1105 3734 1498 3804 suscipiendo,
1531 3740 1587 3790 et
1625 3751 1815 3801 nares,
1851 3736 2002 3790 bona
2033 3751 2066 3788 a

421 3815 594 3872 malis
647 3817 1050 3885 discernendo,
1085 3825 1141 3875 et
1191 3839 1254 3876 os
1303 3823 1540 3894 quidem
1590 3823 1957 3878 admonendo
2008 3827 2066 3877 et

422 3905 801 3972 exhortando,
816 3913 873 3962 et
897 3909 1263 3977 manus,aliis
1284 3910 1672 3966 ministrando
1698 3930 1710 3978 ;
1737 3911 1912 3982 pedes
1933 3928 2064 3966 vero

423 3999 584 4060 sunt,
621 4011 722 4066 pro
755 3995 942 4051 salute
973 3997 1217 4053 aliorum
1267 3999 1669 4056 discurrendo.
1707 3999 1806 4055 Ille
1857 4016 2065 4071 nempe

422 4099 716 4155 supernus
746 4085 1045 4141 ordinator
1079 4087 1161 4142 sic
1193 4089 1530 4160 qualitatem
1565 4088 1851 4144 ordinavit
1883 4105 2064 4143 mem-

421 4171 684 4242 brorum,
717 4177 782 4229 ut
811 4174 1056 4230 invicem
1103 4176 1212 4232 sibi
1245 4178 1442 4232 omnia
1471 4178 1883 4233 subderentur.
1920 4177 2065 4231 Nam

421 4260 573 4317 oculi
622 4279 735 4318 non
770 4262 880 4318 sibi
929 4263 1118 4320 solum
1165 4265 1380 4334 vident,
1414 4267 1515 4322 sed
1566 4266 1842 4320 omnibus
1891 4282 2070 4321 mem-

421 4349 564 4431 bris.
597 4349 689 4406 Sic
740 4357 795 4407 et
825 4356 1048 4408 caetera.
1083 4354 1364 4410 Similiter
1393 4359 1451 4410 et
1492 4353 1835 4424 qualitatem
1868 4354 2065 4425 dispo-

419 4439 540 4493 suit
580 4439 930 4508 animarum,
969 4447 1032 4497 ut
1081 4458 1184 4513 per
1232 4442 1625 4497 humilitatem
1676 4442 1923 4496 invicem
1954 4443 2066 4496 sibi

417 4527 615 4582 omnia
647 4529 910 4585 membra
938 4530 1204 4586 Ecclesia;
1227 4531 1618 4585 subderentur
1637 4545 1648 4583 :
1667 4530 1823 4584 verbi
1855 4530 2065 4601 gratia,

2166 1939 2226 1995 Si
2277 1945 2449 1995 totum
2493 1957 2687 2012 corpus
2731 1941 2939 2002 oculus,
2999 1943 3108 1993 etc.
3169 1939 3232 1992 Et
3283 1943 3371 1993 est
3419 1954 3626 1992 sensus
3687 1957 3700 1992 :
3762 1938 3827 1993 Si

2170 2046 2324 2083 unus
2357 2045 2560 2083 omnes
2592 2029 2811 2100 gratias
2863 2028 3201 2096 accepisset,
3237 2027 3528 2097 quomodo
3560 2025 3830 2081 Ecclesia

2171 2135 2381 2189 corpus
2413 2117 2629 2170 Christi
2663 2117 2866 2172 ﬁeret?
2897 2115 3171 2187 Sequitur
3200 2134 3211 2170 :
3238 2116 3393 2170 Nunc
3424 2120 3606 2170 autem
3635 2117 3828 2185 posuit

2176 2211 2318 2262 Deus
2348 2208 2612 2273 membra,
2646 2211 2755 2260 etc.
2789 2205 2927 2269 Quis
2968 2207 3094 2275 jam
3125 2222 3238 2259 non
3272 2204 3464 2258 videat
3488 2220 3600 2274 quo
3630 2206 3826 2273 Apos-

2172 2295 2272 2349 toli
2306 2295 2549 2350 intentio
2599 2296 2851 2349 tendat?
2881 2293 3160 2348 Videlicet
3192 2310 3224 2346 a
3274 2292 3668 2347 similitudine
3699 2308 3828 2346 cor-

2173 2384 2329 2456 poris
2366 2383 2632 2448 humani,
2661 2382 2872 2438 transit
2900 2383 2971 2437 ad
2995 2381 3488 2436 manil'estandam
3521 2381 3824 2435 veritatem

2174 2473 2433 2544 corporis
2483 2471 2785 2542 spiritalis,
2822 2471 2879 2526 id
2929 2475 3039 2540 est,
3073 2469 3361 2525 Ecclesiae.
3401 2469 3829 2541 Unumquodque

2173 2578 2383 2626 eorum,
2419 2561 2580 2625 dicit,
2616 2562 2759 2615 sicut
2790 2560 2998 2621 voluit;
3031 2560 3170 2630 quia
3201 2558 3518 2631 unicuique
3551 2559 3824 2630 gratiam,

2174 2668 2349 2722 quam
2381 2649 2582 2719 voluit,
2618 2649 2884 2704 contulit.

2246 2757 2522 2827 Sequitur
2553 2775 2564 2812 :
2605 2757 2753 2824 Quod
2782 2758 2832 2811 si
2860 2761 3036 2812 essent
3068 2757 3251 2811 omnia
3292 2772 3466 2810 unum
3494 2755 3824 2821 membrum,

2172 2848 2268 2901 ubi
2297 2850 2535 2916 corpus?
2585 2845 2701 2900 Hoc
2749 2851 2883 2900 est:
2920 2846 2978 2900 Si
3038 2861 3242 2900 omnes
3292 2845 3490 2899 omnia
3537 2845 3691 2899 dona
3721 2843 3825 2899 ha-

2173 2935 2394 2998 berent,
2428 2935 2580 2989 unde
2619 2951 2687 2988 ex
2740 2934 2984 2989 diversis
3035 2932 3314 2988 membris
3363 2949 3548 2988 unum
3605 2949 3821 3003 corpus

2174 3024 2337 3078 fieret
2385 3022 2693 3078 Ecclesia)?
2748 3024 2812 3077 Et
2868 3023 2996 3078 ideo
3046 3023 3368 3095 sequitur:
3429 3023 3583 3076 Nunc
3635 3028 3822 3076 autem

2171 3113 2350 3166 multa
2397 3111 2611 3182 quidem
2659 3112 2928 3181 membra,
2978 3116 3084 3168 etc.
3132 3111 3444 3183 sequitur:
3487 3113 3604 3166 Non
3652 3116 3825 3182 potest

2172 3201 2356 3256 dicere
2401 3202 2589 3255 oculus
2635 3203 2834 3255 manui
2861 3219 2880 3255 :
2915 3206 3098 3272 Opera
3127 3204 3225 3256 tua
3275 3216 3386 3256 non
3434 3201 3660 3268 indigeo
3690 3219 3711 3254 :
3741 3199 3822 3254 vi-

2173 3288 2402 3354 delicet,
2447 3289 2586 3360 quia
2617 3306 2830 3344 manus
2862 3306 2972 3345 non
3005 3289 3118 3345 sibi
3146 3289 3363 3357 solum,
3395 3290 3495 3345 sed
3547 3289 3825 3344 omnibus

2174 3377 2454 3433 membris
2480 3377 2766 3432 laborant.
2793 3379 2887 3433 Sic
2919 3381 2975 3432 et
3005 3379 3181 3448 pedes
3201 3395 3315 3433 non
3349 3377 3457 3434 sibi
3482 3377 3820 3434 ambulant:

2173 3467 2328 3521 unde
2375 3472 2431 3520 et
2480 3483 2612 3520 mox
2663 3467 2976 3538 sequitur:
3012 3468 3114 3520 Aut
3163 3475 3330 3535 caput
3377 3465 3603 3537 pedibus
3633 3484 3652 3520 :
3701 3470 3822 3522 Non

2171 3558 2298 3611 estis
2329 3555 2639 3610 necessarii.
2674 3556 2780 3610 Per
2819 3555 3053 3610 oculum
3085 3555 3370 3620 videlicet,
3405 3559 3461 3609 et
3495 3559 3692 3626 caput,
3727 3571 3823 3609 su-

2173 3643 2382 3700 blimes
2433 3645 2490 3698 in
2535 3643 2786 3699 Ecclesia
2816 3645 3236 3716 designantur;
3273 3661 3374 3714 per
3405 3659 3668 3715 manum,
3702 3661 3822 3699 me-

2174 3733 2435 3800 diocres;
2473 3738 2528 3788 et
2579 3750 2681 3804 per
2711 3734 2908 3804 pedes,
2957 3733 3207 3787 minimi.
3240 3733 3349 3788 Sed
3400 3733 3498 3804 qui
3532 3732 3818 3788 sublimes

2174 3827 2331 3891 sunt,
2367 3839 2480 3877 non
2509 3827 2756 3894 possunt
2787 3823 2978 3878 dicere
3010 3821 3424 3886 mediocribus,
3449 3827 3551 3876 aut
3581 3823 3773 3894 parvis
3804 3838 3816 3876 :

2175 3910 2298 3964 Non
2331 3911 2472 3965 estis
2521 3909 2689 3965 nobis
2737 3910 3084 3977 necessarii;
3119 3911 3279 3980 quia,
3314 3909 3424 3965 nisi
3472 3909 3672 3964 adsint
3702 3910 3823 3976 isti,

2177 3996 2276 4068 qui
2295 3998 2572 4062 serviant,
2588 4015 2788 4053 eorum
2812 3998 3323 4070 deciditdignitas:
3343 3998 3592 4053 istorum
3611 4013 3819 4070 nempe

2175 4086 2446 4140 exercitio
2478 4085 2560 4140 illi
2625 4087 3026 4157 sublevantur,
3059 4092 3116 4142 et
3145 4087 3424 4158 obsequio
3455 4104 3468 4142 :
3502 4087 3661 4141 verbi
3693 4102 3823 4158 gra-

2175 4175 2279 4240 tia,
2334 4175 2509 4230 habet
2556 4191 2655 4230 rex
2713 4193 2948 4246 corpus,
3012 4177 3190 4232 duces
3244 4175 3531 4242 videlicet,
3580 4167 3824 4231 comites

2178 4268 2351 4328 atque
2382 4264 2648 4319 tribunos
2675 4281 2688 4319 :
2723 4265 2876 4319 inter
2907 4264 3027 4320 haec
3052 4265 3320 4321 membra
3340 4262 3516 4319 habet
3537 4267 3596 4319 et
3627 4263 3822 4335 pedes,

2177 4352 2432 4420 milites;
2468 4353 2567 4408 sed
2602 4370 2715 4407 non
2749 4358 2940 4424 potest
2972 4353 3197 4408 dicere:
3225 4353 3349 4410 Non
3383 4352 3524 4408 estis
3549 4351 3692 4406 mihi
3721 4368 3823 4406 ne-

2177 4441 2435 4511 cessarii,
2488 4459 2619 4496 cum
2671 4443 2859 4513 magis
2903 4441 2995 4496 his
3043 4441 3321 4512 indigeat,
3351 4440 3510 4496 velut
3556 4441 3820 4512 pedibus,

2178 4531 2278 4602 qui
2335 4547 2448 4601 pra:
2499 4531 2629 4584 aliis
2681 4532 2963 4586 membris
3014 4531 3440 4586 necessariores
3489 4535 3648 4594 sunt,
3680 4547 3821 4602 quo-

416 4613 514 4670 ille
562 4615 918 4689 quicunque,
968 4619 1110 4674 dum
1165 4619 1351 4672 cernit
1408 4623 1463 4672 te
1519 4617 1733 4671 habere
1789 4617 2060 4690 gratiam,
2096 4599 2142 4664 D
2175 4619 2358 4684 niam,
2392 4619 2438 4672 si
2474 4635 2576 4673 nec
2627 4619 2846 4689 oculos,
2881 4635 2986 4674 nec
3033 4635 3226 4688 aures,
3259 4624 3361 4674 aut
3390 4635 3560 4674 nares
3593 4619 3818 4689 habeat,

416 4719 593 4774 quam
624 4703 748 4776 ipse
799 4723 912 4761 non
961 4707 1152 4769 habet,
1205 4707 1479 4761 subditur
1528 4705 1658 4773 tibi,
1710 4704 1978 4760 similiter
2009 4713 2066 4762 et

417 4797 481 4846 tu
512 4791 616 4848 illi.
652 4793 813 4849 Unde
846 4795 1051 4850 Petrus
1081 4793 1417 4864 Apostolus,
1439 4795 1832 4863 unusquisque,
1852 4794 2061 4866 inquit,

413 4882 557 4936 sicut
585 4885 790 4954 accepit
836 4885 1095 4952 gratiam
1143 4883 1186 4948 (I
1237 4883 1380 4936 Petr.
1436 4899 1510 4946 1v,
1561 4882 1669 4951 10),
1720 4887 1830 4938 etc.
1867 4883 2065 4941 Multis

415 4969 620 5025 formis
649 4971 858 5042 gratia,
892 4987 1020 5041 quae
1052 4974 1189 5023 tunc
1238 4974 1388 5024 recte
1419 4969 1650 5038 dicitur,
1685 4971 2062 5029 administra-

412 5063 532 5124 tur,
566 5059 613 5113 si
646 5059 854 5129 gratia,
888 5074 1066 5128 quam
1103 5057 1304 5128 habes,
1339 5075 1439 5130 per
1468 5059 1863 5116 humilitatem
1897 5061 2064 5116 alteri

413 5147 714 5202 tribuitur.
763 5145 904 5201 Hine
955 5145 1110 5199 idem
1162 5145 1376 5201 Paulus
1407 5148 1487 5202 ait
1539 5167 1550 5203 :
1603 5155 1709 5204 Per
1737 5150 2065 5205 charitatem

414 5235 656 5306 Spiritus
684 5234 886 5289 servits
934 5235 1168 5290 invicem
1201 5235 1339 5305 (Gal.
1372 5255 1424 5307 γ,
1463 5239 1567 5308 13).
1603 5239 1764 5293 Tunc
1795 5256 1901 5294 nos
1931 5256 2062 5310 per—

414 5323 565 5377 fecte
595 5321 852 5376 charitas
883 5340 917 5378 a
939 5323 1084 5394 jugo
1118 5325 1335 5395 peccati
1388 5325 1616 5391 liberat,
1647 5344 1780 5382 cum
1813 5327 2062 5382 aliorum

415 5411 661 5484 gratias,
686 5411 853 5480 quasi
882 5415 1147 5484 proprias
1177 5414 1550 5485 deputamus,
1576 5421 1633 5470 et
1655 5421 1886 5472 nostras
1910 5415 2063 5482 aliis,

415 5497 587 5570 quasi
620 5497 850 5555 illorum
892 5501 1156 5574 preprias
1189 5503 1693 5561 administramus.
1727 5510 1856 5561 Haec
1885 5505 2062 5562 etiam

415 5587 691 5658 qualitas,
724 5596 961 5662 propter
992 5591 1273 5646 unitatem
1306 5609 1371 5648 ac
1401 5595 1792 5662 concordiam,
1829 5597 1900 5650 ab
1933 5595 2059 5666 ipso

415 5673 746 5734 ordinatore
776 5678 833 5735 in
867 5678 1204 5752 regionibus
1242 5680 1527 5752 disposita
1570 5682 1885 5752 invenitur,
1916 5683 2057 5739 dum

2175 4707 2421 4779 pedibus
2470 4707 2770 4762 ambulare
2819 4713 3028 4778 potest,
3079 4713 3135 4762 et
3183 4708 3379 4763 cibum
3429 4723 3710 4779 quaerere.
3752 4709 3820 4763 Et

2172 4795 2302 4850 ideo
2333 4794 2663 4864 subjunxit:
2685 4795 2790 4850 Sed
2819 4798 2988 4851 multo
3019 4798 3194 4866 magis
3224 4811 3348 4867 quae
3376 4796 3632 4852 videntur
3649 4813 3815 4852 mem-

2176 4886 2273 4938 bra
2301 4886 2545 4953 corporis
2575 4887 2748 4938 nostri
2779 4883 3095 4956 inﬁrmiora
3124 4901 3256 4953 esse,
3277 4887 3646 4940 necessariam
3674 4893 3818 4951 sunt,

2173 4981 2228 5027 et
2275 4987 2401 5042 quae
2447 4975 2705 5042 putamus
2759 4974 3100 5046 ignobiliora
3151 4989 3284 5038 esse,
3334 4978 3442 5028 etc.
3499 4973 3821 5029 Inﬁrmiora

2173 5065 2231 5116 et
2261 5060 2610 5131 ignobiliora
2663 5061 2926 5117 membra
2957 5063 3134 5132 pedes
3180 5061 3452 5133 appellat,
3487 5077 3658 5132 quos,
3691 5078 3820 5117 cum

2173 5150 2484 5204 videantur
2511 5167 2638 5206 esse
2669 5152 2739 5204 ad
2785 5151 3283 5220 comparationem
3318 5149 3570 5206 aliorum
3605 5151 3819 5205 inﬁrmi

2173 5244 2230 5293 et
2259 5237 2983 5309 ignobiles,abundantiore
3000 5239 3206 5294 honore
3235 5239 3658 5308 circumdamus,
3683 5255 3818 5310 quo-

2175 5327 2333 5381 niam
2365 5333 2422 5382 et
2452 5329 2662 5400 pannis
2693 5333 2750 5383 et
2795 5327 3206 5383 calceamentis
3238 5327 3510 5398 tegimus.
3546 5327 3822 5382 Similiter

2173 5419 2229 5469 et
2260 5416 2358 5485 qui
2413 5433 2515 5487 per
2563 5418 2739 5487 pedes
2789 5415 3116 5487 signantur,
3151 5433 3488 5488 quanquam
3538 5416 3818 5488 ignobiles

2176 5503 2499 5570 videantur,
2525 5504 2922 5560 exhortatione
2950 5509 3148 5561 tamen
3179 5511 3236 5561 et
3259 5505 3662 5560 admonitione
3692 5521 3815 5576 pro-

2171 5591 2414 5646 vocandi
2447 5598 2606 5661 sunt,
2639 5611 2711 5650 ne
2755 5594 2900 5649 forte
2947 5609 3010 5649 se
3040 5593 3337 5666 dejiciant,
3370 5593 3673 5651 credentes
3704 5611 3813 5650 non

2173 5677 2423 5739 attinere
2455 5683 2526 5739 ad
2575 5699 2788 5755 corpus
2820 5702 2834 5743 :
2869 5682 3083 5754 quibus
3113 5700 3230 5740 non
3261 5683 3434 5742 debet
3482 5699 3614 5742 esse
3644 5701 3810 5755 curae,
