3990 6224
385 400 500 462 387

1400 383 1740 444 ATTONIS
1786 377 2369 440 VERCELLENSIS
2415 373 2762 435 EPISCOPI

3675 371 3820 433 388

384 531 702 598 invenitur,
736 530 790 582 et
819 524 965 580 forte
996 521 1145 586 ideo,
1170 517 1308 590 quia
1333 515 1493 571 nulla
1523 515 1632 571 erit
1660 509 1990 586 ignorantia
2015 533 2030 575 ;
2063 511 2113 575 Α
2133 510 2343 572 credit,
2370 508 2427 561 id
2459 512 2565 598 est,
2601 505 2917 598 implenda,
2951 504 3008 559 in
3037 502 3248 559 divinis
3275 501 3441 557 libris
3471 517 3600 598 qua
3655 519 3820 598 pro-

381 637 520 678 nam
551 617 809 674 ofﬁcium
840 612 1052 684 linguae
1084 609 1211 664 ideo
1254 620 1602 660 concessum
1635 608 1744 669 est,
1789 605 1854 654 ut
1900 615 2053 654 suos

395 715 556 767 actus
589 705 855 762 homines
887 699 1018 756 aliis
1052 693 1605 763 manifestent,quia
1651 693 1995 761 ignorantur
2022 703 2034 740 :

392 807 535 855 tunc
559 811 692 850 vero
723 809 839 848 non
871 791 980 845 erit
1008 801 1263 849 necesse,
1295 783 1433 854 quia
1463 781 1647 835 deerit
1685 776 2036 850 ignorantia.

461 889 656 942 Factus
682 899 801 939 sum
829 879 973 934 velut
1003 893 1074 931 aes
1104 889 1326 941 sonans,
1361 875 1473 925 etc.
1520 871 1614 924 Ais
1665 868 1823 922 enim
1895 866 2041 918 irra-

389 973 669 1036 tionabile
682 971 1031 1026 elementum
1048 967 1220 1030 est,st
1232 959 1344 1016 nisi
1363 963 1660 1030 tangatur,
1677 972 1790 1010 non
1831 956 2002 1008 sonat
2028 959 2042 1009 ἲ

391 1052 1189 1125 cumverosonuerit,nullius
1205 1047 1608 1105 aadilicationis
1621 1051 1796 1114 atque
1821 1041 2041 1097 utilita-

387 1158 467 1227 tis
496 1149 728 1214 existit;
760 1144 1032 1201 similiter
1061 1141 1160 1212 qui
1194 1138 1472 1227 omnibus
1505 1133 1724 1227 lingu—is
1783 1132 2047 1227 loquitur

387 1221 610 1313 absque
640 1235 924 1293 charitate
955 1230 1179 1285 nullius
1208 1233 1297 1282 est
1326 1225 1620 1313 utilitatis.
1652 1224 1717 1276 Et
1744 1224 1796 1313 si
1817 1221 2046 1313 habeam

378 1307 746 1404 prophetiam,
776 1322 834 1376 id
868 1324 976 1384 est,
1006 1321 1071 1372 ut
1097 1317 1298 1404 futura
1325 1311 1658 1384 pradicam,
1699 1312 1752 1362 et
1801 1307 2046 1404 noverim

382 1395 644 1492 mysteria
686 1412 894 1478 omnia,
928 1407 985 1460 id
1021 1410 1131 1471 est,
1164 1401 1386 1464 divina,
1416 1407 1467 1454 et
1495 1413 1708 1454 omnem
1737 1395 2041 1459 scientiam,

387 1484 733 1565 humanam,
764 1507 815 1554 et
840 1497 1066 1551 habeam
1098 1508 1313 1547 omnem
1343 1489 1524 1560 ﬁdem.
1559 1487 1705 1541 Nota
1725 1484 1863 1555 quia
1892 1499 2045 1538 eam-

390 1598 525 1652 dem
559 1586 1001 1663 appellatlidem
1018 1594 1454 1649 omnem,quam
1471 1575 1753 1630 Dominus
1776 1574 1834 1626 in
1861 1572 2043 1663 Evan-

394 1683 546 1757 gelio
600 1660 778 1752 grano
836 1671 1058 1742 sinapis
1117 1666 1408 1724 assimilat
1460 1665 1666 1757 (Matth.
1751 1678 1884 1757 )EVII,
1936 1660 2039 1757 t9;

395 1750 522 1828 ius.
548 1750 768 1838 xv11,6),
796 1780 910 1819 non
944 1764 1178 1833 propter
1199 1750 1785 1818 mediocritatem,sed
1810 1753 2046 1838 propter

2152 598 2480 651 mittuntur.
2515 596 2710 651 Omnia
2739 597 2920 664 sperat
2953 610 3087 647 vera
3142 607 3270 647 esse
3328 608 3454 661 quas
3513 590 3825 646 dicuntur

2149 686 2316 755 (641).
2343 685 2592 739 Charitas
2620 699 2905 754 nunquam
2936 680 3170 750 excidet,
3203 680 3259 734 id
3293 690 3401 746 est,
3434 697 3550 734 non
3573 680 3830 751 patitur

2152 790 2352 828 casum
2388 771 2475 828 vel
2510 773 2781 839 ruinam;
2811 787 2943 825 nam
2966 769 3268 824 humilitas
3291 785 3594 840 nunquam
3617 769 3821 840 cadit,

2154 863 2408 917 charitas
2432 878 2684 933 namque
2709 861 2930 931 absque
2953 857 3282 913 humilitate
3303 875 3431 914 esse
3469 875 3584 913 non
3608 863 3826 930 potest

2153 951 2468 1004 Humilitas
2499 951 2679 1015 enim,
2707 966 2821 1020 quo
2853 947 3109 1003 ccnlestia
3140 952 3496 1018 penetrat,eo
3527 964 3590 1002 se
3617 952 3821 1004 terre-

2154 1040 2246 1093 nis
2277 1039 2557 1094 inhaarere
2588 1044 2792 1109 putat;
2824 1043 2877 1092 et
2908 1053 3023 1107 quo
3054 1035 3631 1105 altioraconscendit,
3649 1053 3722 1092 eo
3748 1053 3820 1092 se

2155 1128 2214 1182 in
2246 1128 2467 1183 inﬁmis
2498 1128 2813 1182 consistere
2842 1125 3174 1181 aestimatﬁi
3207 1126 3364 1180 enim
3387 1125 3814 1196 superioribus

2149 1217 2453 1288 jungatur,
2486 1216 2686 1271 excidit
2715 1216 2862 1286 (642)
2893 1215 3206 1286 legendum
3233 1231 3246 1280 ;
3279 1214 3543 1269 siautem
3566 1213 3818 1269 inferio-

2155 1304 2339 1371 ribus,
2357 1305 2592 1360 excidet.

2223 1394 2348 1450 Sive
2397 1395 2698 1465 prophetiae
2744 1393 3180 1461 evacuabuntur,
3238 1395 3346 1447 etc.
3402 1391 3585 1448 Aliter
3641 1392 3814 1448 enim

2153 1484 2448 1554 praphetiz
2478 1483 2904 1547 evacuabuntur,
2937 1481 3106 1536 aliter
3133 1483 3430 1536 cessabunt
3484 1482 3712 1551 tinguat,
3749 1487 3815 1536 et

2156 1571 2326 1626 aliter
2353 1573 2582 1626 scientia
2613 1571 2945 1626 destruetur.
2993 1571 3111 1624 Duo
3144 1569 3420 1640 prmdicta
3457 1571 3814 1635 cessabunt,

2153 1660 2291 1730 quia
2317 1660 2375 1714 in
2408 1660 2513 1715 hac
2545 1660 2811 1731 praesenti
2843 1659 2960 1714 vita
3007 1659 3317 1726 ﬁnientur;
3374 1657 3620 1714 scientia
3669 1675 3814 1714 vero

2153 1750 2503 1812 destruetur,
2531 1749 2668 1820 quia
2696 1748 2754 1802 in
2788 1750 2980 1803 futuro
3012 1747 3506 1819 augmentabitur.
3539 1747 3609 1802 Et
3657 1763 3813 1820 qua-

391 1837 782 1931 integritatem
815 1857 872 1907 et
887 1843 1434 1940 vivacitatemlltiﬂta
1457 1843 1550 1896 hic
1573 1839 1788 1895 mentio
1825 1837 2042 1892 montis
2073 1875 2121 1940 Β
2153 1838 2573 1940 1ἰῑθιιηξιξ1π1ἱιὶ
2602 1839 2684 1892 Ea:
2705 1841 2862 1940 parte
2891 1839 3038 1940 enim
3059 1838 3456 1940 cognoscimus,
3501 1841 3810 1940 etc.ﬂBe.ne

393 1951 478 2017 fit,
509 1944 688 2002 veluti
719 1947 776 1998 et
801 1941 879 1994 ibi
913 1936 1122 2008 (Matth.
1155 1952 1286 2002 xvu,
1329 1933 1432 1999 19).

467 2016 802 2091 Charitatem
859 2035 1041 2082 autem
1097 2040 1206 2078 non
1260 2023 1510 2088 habeam,
1562 2017 1709 2072 nihil
1735 2033 1880 2071 sum.
1915 2016 2038 2069 Non

391 2129 564 2196 negat
593 2138 655 2177 se
685 2113 1152 2175 substantialiter
1179 2109 1436 2175 esse,sed
1469 2108 1526 2162 in
1558 2106 1882 2196 ministerio
1898 2120 2039 2174 prte-

389 2195 700 2269 dicationis
724 2205 870 2262 nihil
903 2221 965 2260 se
997 2218 1127 2258 esse
1161 2200 1318 2255 dicit.
1353 2199 1417 2252 Et
1446 2199 1500 2251 si
1527 2195 1875 2258 distrihum‘o,
1926 2198 2038 2246 etc.

389 2303 538 2360 Nota
565 2300 704 2373 quia
729 2291 1205 2351 distributionem
1235 2287 1575 2343 facultatum
1604 2283 1881 2373 martyrio
1903 2297 2038 2373 con-

383 2369 624 2464 jungitv;
657 2387 752 2441 ubi
767 2381 1093 2440 ostenditur
1106 2379 1304 2449 magni
1319 2375 1506 2464 meriti
1522 2390 1649 2464 esse
1679 2369 2037 2427 distributio.

393 2461 678 2547 Sediquia
709 2473 897 2528 solent
927 2469 1166 2540 quidam
1197 2463 1473 2520 simulate
1495 2462 1601 2516 hoc
1628 2461 1819 2531 ipsum
1848 2474 2038 2529 agere,

392 2568 523 2622 ideo
553 2562 858 2633 subjunxit
883 2577 894 2614 :
929 2558 1270 2612 Charitatem
1299 2556 1481 2608 autem
1508 2549 1878 2608 nonhabeam.
1897 2549 2040 2602 nihil

390 2656 534 2711 mihi
550 2648 898 2725 prodest.Sed
931 2643 1206 2700 simulate
1245 2641 1475 2696 duobus
1521 2638 1710 2692 modis
1743 2634 2036 2707 intelligo:

391 2743 531 2816 quia
559 2757 668 2798 sua
697 2737 1033 2801 tribuit,aut
1064 2731 1407 2802 martyrium
1422 2725 1655 2796 adit,vel
1695 2730 1846 2816 certe
1865 2741 2039 2796 appe-

390 2815 502 2889 titu
536 2832 807 2886 humana:
837 2823 1050 2887 laudis,
1085 2825 1186 2876 aut
1217 2818 1485 2886 ﬁngendo
1517 2833 1579 2871 se
1603 2815 1879 2880 amicum,
1905 2830 2036 2868 cum

396 2922 472 2978 sit
502 2918 801 2975 inimicus.

469 3009 726 3064 Charitas
754 3005 972 3077 patiens
999 3009 1095 3062 est,
1135 3003 1244 3055 etc.
1305 2995 1713 3051 Nominaverat
1763 2991 2037 3063 superius

393 3098 734 3155 charitatem
759 3115 772 3161 ς
791 3110 942 3148 nunc
955 3107 1086 3146 vero
1102 3087 1367 3143 membra
1379 3083 1683 3140 charitatis
1697 3082 2032 3149 ostendens,

393 3189 572 3244 dicit:
608 3185 861 3240 Charitas
887 3183 1102 3253 patiens
1128 3181 1226 3241 est,
1259 3181 1367 3230 etc.
1406 3173 1658 3235 Patiens,
1692 3169 1848 3224 mala
1907 3185 2032 3240 per-

2153 1927 2260 1982 hoc
2290 1927 2451 1993 dicit,
2477 1926 2615 1997 quia
2645 1926 2843 1981 nullus
2876 1925 3158 1994 mortalis,
3193 1942 3258 1980 ac
3286 1926 3342 1979 in
3371 1925 3642 1997 praesenti
3672 1926 3806 1981 vita

2151 2015 2400 2085 positus,
2435 2016 2682 2086 perfecte
2705 2030 3052 2085 cognoscere
3075 2019 3263 2085 potest
3282 2031 3302 2073 ,·
3327 2013 3508 2068 multa
3529 2014 3684 2068 enim
3701 2014 3807 2068 hic

2151 2109 2606 2170 cognoscuntur,
2641 2105 2739 2157 sed
2773 2109 2966 2157 tamen
2994 2120 3106 2157 non
3130 2104 3328 2157 omnia
3353 2121 3365 2169 ;
3390 2108 3445 2158 et
3472 2103 3595 2157 ideo
3616 2101 3802 2168 dicit;

2151 2196 2190 2247 li
2209 2212 2234 2240 η
2259 2198 2415 2264 parte
2471 2195 2866 2260 cognoscimus,
2917 2200 2967 2247 et
2995 2209 3066 2245 ex
3111 2195 3268 2263 parte
3299 2193 3707 2262 prophetamus,
3741 2191 3805 2245 id

2151 2288 2257 2350 est,
2289 2282 2484 2335 futura
2516 2280 2924 2350 praedicimus:
2960 2279 3096 2333 Cum
3133 2287 3319 2333 autem
3375 2280 3588 2333 venerit
3649 2279 3804 2348 quod

2146 2372 2450 2442 perfectum
2482 2370 2939 2434 est,evacuabitur
2967 2368 3107 2440 quod
3128 2377 3372 2439 exparte
3391 2377 3472 2422 est
3491 2385 3511 2428 ,·
3530 2384 3643 2423 non
3676 2368 3810 2438 ipsa

2150 2458 2413 2527 scientia,
2447 2476 2571 2529 quae
2602 2459 3056 2534 nuncahabetur,
3089 2457 3147 2511 in
3181 2457 3376 2512 futuro
3420 2456 3809 2512 evacuabitur

2151 2549 2304 2620 quod
2333 2565 2400 2603 ex
2432 2555 2593 2618 parte
2624 2547 2836 2612 est,sed
2863 2547 3225 2617 imperfectio
3247 2547 3515 2616 ejusdem
3541 2545 3802 2600 scientias

2149 2639 2502 2701 destruetur,
2537 2636 2675 2706 quia
2705 2636 3199 2705 augmentabitur.
3235 2636 3300 2689 Et
3352 2634 3489 2689 talis
3540 2639 3631 2690 est
3689 2633 3806 2688 ista

2147 2725 2383 2793 locutio,
2417 2725 2914 2795 quemadmodum
2947 2724 2994 2779 si
3019 2725 3204 2779 nubes
3234 2727 3563 2795 Opponatur
3610 2721 3806 2791 soli,et

2146 2813 2276 2883 ipsa
2292 2811 2527 2866 claritas
2551 2811 2925 2865 abstrahatur
2949 2829 2960 2877 ;
2985 2812 3034 2865 si
3059 2827 3189 2866 vero
3211 2810 3597 2866 subtrahatur
3613 2811 3802 2865 nubes

2147 2905 2338 2972 potest
2367 2900 2500 2971 quis
2531 2899 2756 2954 dicere:
2791 2900 3074 2956 Evacuata
3105 2905 3194 2954 est
3219 2899 3472 2954 charitas
3495 2898 3660 2964 solis;
3685 2915 3802 2953 non

2147 2990 2301 3061 quod
2334 2989 2462 3060 ipsa
2491 2989 2727 3044 claritas
2761 2989 2836 3043 sit
2883 2993 3180 3056 evacuata,
3234 2989 3335 3043 sed
3396 2986 3798 3059 augmentatio

2143 3079 2424 3133 claritatis
2444 3078 2620 3133 dicitu
2633 3097 2658 3132 r
2673 3095 2985 3132 evacuasse
3010 3077 3504 3148 imperfectionem
3527 3076 3796 3145 ejusdem

2144 3168 2448 3223 claritatis.
2475 3168 2541 3222 Et
2576 3167 2683 3222 hoc
2714 3167 2905 3237 ipsum
2939 3165 3640 3222 submissasimilitudine
3663 3182 3795 3220 ma-

390 3240 663 3341 fe—rendo;
699 3240 956 3340 benigna.
990 3269 1140 3322 bona
1173 3240 1778 3319 tribuendo.Charitas
1804 3259 2036 3312 Graecus
2067 3240 2108 3305 C
2147 3257 2403 3324 nifestat,
2439 3256 2669 3311 dicens:
2708 3255 2840 3310 Cum
2889 3272 3057 3310 essem
3104 3256 3392 3324 parvulus,
3443 3261 3552 3310 etc.
3619 3254 3780 3309 Hanc

387 3381 580 3422 sermo
611 3367 720 3427 est,
753 3364 809 3415 et
838 3359 1251 3428 interpretatur
1277 3352 1515 3406 dilectio.
1566 3347 1804 3402 Dilectio
1835 3352 2030 3400 autem

390 3455 627 3520 dicitur,
657 3468 723 3506 eo
757 3448 910 3520 quod
944 3447 1093 3500 duos
1125 3445 1278 3496 inter
1315 3457 1376 3494 se
1433 3439 1589 3508 liget.
1624 3436 1874 3491 Charitas
1923 3449 2033 3488 non

389 3543 705 3604 aemulatur,
739 3539 796 3592 id
829 3539 938 3603 est,
971 3550 1088 3588 non
1125 3530 1366 3594 invidet,
1427 3527 1564 3598 quia
1615 3524 1868 3579 visibilia
1896 3540 2031 3577 con-

381 3630 639 3696 ‘temnit;
674 3628 794 3682 sive
827 3640 941 3677 non
973 3619 1302 3680 aemulatur,
1337 3617 1391 3671 id
1416 3620 1525 3679 est,
1557 3627 1672 3668 non
1708 3611 2035 3682 inflat,quia

393 3722 552 3774 caret
580 3711 1066 3786 superbia.Mater
1095 3707 1253 3763 enim
1285 3703 1605 3759 inﬂationis
1641 3700 1917 3772 superbia
1947 3704 2036 3755 est

392 3808 511 3863 Non
534 3805 648 3876 agit
670 3816 982 3873 perperam,
1016 3797 1073 3852 id
1104 3799 1215 3858 est,
1246 3791 1623 3865 perversa,vel
1654 3791 2031 3855 distortuosa,

391 3895 535 3967 quia
565 3893 623 3947 in
656 3891 820 3946 illum
847 3885 1227 3942 intentionem
1260 3900 1426 3938 suam
1460 3880 1723 3943 collocat,
1758 3879 1816 3931 in
1866 3878 2034 3967 cujus

390 3966 611 4056 regulis
643 3980 724 4036 nil
756 3979 1176 4034 distortuosum
1215 3972 1529 4028 invenitur.
1588 3969 1706 4024 Non
1762 3969 1944 4038 inﬂat,
1977 3966 2033 4020 id

391 4077 506 4140 est,
540 4087 652 4127 non
685 4067 968 4140 superbit.
995 4066 1111 4120 Non
1163 4067 1239 4118 est
1278 4061 1539 4129 ambiosa,
1571 4058 1629 4112 id
1669 4062 1777 4122 est,
1809 4062 2032 4126 tempo-

392 4161 536 4218 ralia
565 4154 1325 4224 contemnit,sivehonorem
1357 4146 1662 4220 regiminis
1711 4144 1866 4217 parvi
1895 4160 2033 4215 pen-

389 4252 505 4307 det.
535 4251 653 4306 Non
675 4247 876 4320 quaerit
899 4261 1014 4317 qua:
1041 4260 1142 4298 sua
1167 4245 1320 4308 sunt,
1355 4239 1410 4294 id
1443 4243 1550 4304 est,
1605 4233 1952 4306 temporalia
1977 4237 2036 4288 et

393 4339 734 4396 transitoria
762 4352 877 4392 non
903 4332 1286 4405 concupiscit,
1320 4328 1460 4396 sive,
1479 4325 1891 4397 quiasua,quo's
1910 4322 2036 4378 sine

393 4428 712 4486 oti‘ensione
758 4425 975 4481 habere
1030 4425 1278 4494 poterat,
1334 4416 1603 4487 largitur.
1660 4414 1779 4467 Non
1833 4413 2037 4478 cogitat

391 4518 620 4573 malum.
654 4516 866 4586 Magna
897 4517 985 4567 est
1031 4512 1214 4564 virtus
1245 4504 1569 4571 charitatis,
1603 4499 1885 4572 quoniam
1920 4515 2034 4553 non

2141 3350 2483 3417 praesentem
2516 3345 2692 3400 vitam
2725 3345 3032 3400 assimulat
3061 3347 3213 3400 aetati
3251 3343 3492 3415 parvuli,
3521 3344 3779 3398 futuram

2139 3451 2272 3488 vero
2304 3434 2456 3488 aetati
2488 3435 2614 3488 viri.
2649 3435 2714 3488 Et
2745 3435 2910 3500 bene,
2941 3435 3079 3505 quia
3109 3440 3336 3488 tantum
3390 3433 3571 3487 distat
3649 3433 3803 3488 inter

2143 3524 2291 3577 hanc
2323 3528 2665 3594 praesentem
2698 3524 2871 3577 vitam
2901 3529 2956 3577 et
2979 3525 3256 3584 futuram,
3286 3528 3574 3594 quantum
3636 3523 3796 3577 inter

2142 3616 2367 3666 atatem
2403 3611 2558 3682 parvi
2590 3617 2648 3666 et
2670 3611 3094 3682 magni.sSicut
3147 3611 3304 3666 enim
3367 3611 3616 3682 pueritia
3677 3628 3793 3666 non

2141 3700 2391 3755 destruit
2421 3700 2750 3766 infantiam,
2782 3706 2839 3754 et
2869 3700 3264 3756 adolescentia
3293 3700 3635 3772 pueritiam,
3687 3701 3789 3755 sed

2143 3787 2289 3841 vires
2323 3793 2702 3858 augmentat:
2739 3788 2818 3842 ita
2849 3805 2952 3843 nec
2983 3789 3226 3843 scientia
3280 3789 3478 3843 futura
3531 3787 3785 3842 destruit

2143 3875 2338 3941 istam,
2371 3875 2470 3929 sed
2520 3881 2878 3946 augmentat.
2941 3877 3257 3945 Subjunxit
3303 3876 3478 3932 etiam
3539 3875 3788 3931 alteram

2144 3962 2591 4017 similitudinem
2622 3966 2692 4018 ad
2727 3965 3065 4034 praadictum
3120 3965 3464 4020 attinentem
3523 3980 3788 4032 sensum,

2141 4052 2376 4105 dicens:
2407 4051 2654 4107 Videmus
2673 4069 2818 4107 nunc
2841 4069 2939 4124 per
2955 4054 3237 4124 speculum
3268 4055 3322 4108 in
3347 4055 3784 4122 cenigmate,etc.

2146 4140 2245 4195 llle
2275 4140 2430 4194 enim
2463 4142 2564 4212 qui
2597 4158 2698 4212 per
2727 4141 3030 4214 speculum
3061 4143 3215 4198 videt
3247 4159 3358 4198 non
3393 4159 3512 4196 rem
3560 4157 3774 4204 veram,

2145 4229 2245 4284 sed
2280 4245 2399 4283 rem
2428 4247 2572 4285 verae
2598 4231 3002 4286 similitudinis
3035 4232 3329 4303 prospicit.
3394 4229 3679 4286 Similiter
3722 4233 3778 4284 et

2145 4316 2393 4386 amigma
2421 4317 2580 4373 aliud
2611 4319 2833 4390 aliquid
2883 4321 3156 4376 ostendit.
3218 4320 3362 4378 Nam
3411 4320 3662 4390 aenigma
3690 4322 3775 4374 est

2143 4407 2394 4462 obscura
2423 4409 2713 4463 sententia
2742 4409 3045 4479 quodlibet
3075 4409 3231 4464 aliud
3264 4411 3693 4473 demonstrans,
3719 4405 3772 4461 id

2145 4500 2252 4564 est,
2288 4512 2398 4550 non
2423 4496 2652 4566 veritas,
2686 4497 2784 4552 sed
2816 4497 3138 4552 similitudo
3192 4503 3281 4552 est
3339 4497 3440 4563 rei,
3503 4501 3566 4550 ut
3649 4499 3782 4550 sunt

392 4607 580 4662 solum
617 4621 730 4660 non
755 4583 1036 4674 operatur
1067 4598 1310 4663 malum,
1343 4590 1740 4646 verumetiam
1763 4603 1866 4642 nec
1889 4586 2039 4658 cogi-
2068 4606 2113 4669 D
2147 4583 2440 4654 allegorici
2469 4602 2696 4640 sensus.
2732 4587 2876 4657 Ergo
2911 4603 3011 4656 per
3040 4585 3343 4657 speculum
3377 4587 3438 4642 in
3461 4584 3784 4655 aenigmate

390 4699 510 4758 tat;
546 4701 761 4760 tamen,
796 4692 844 4748 si
876 4690 947 4745 ad
980 4692 1234 4743 mentem
1257 4674 2038 4741 veniret,resecat.Quoniam

391 4787 532 4839 sunt
561 4780 823 4837 nonnulli
860 4780 960 4850 qui
991 4793 1107 4831 non
1139 4773 1480 4844 operantur,
1521 4767 1620 4820 sed
1655 4769 1847 4818 tamen
1882 4764 2039 4835 cogi-

390 4871 567 4927 tando
601 4874 866 4943 pereunt.
901 4867 1019 4922 Non
1075 4860 1280 4935 gaudet
1329 4870 1492 4943 super
1548 4853 1867 4943 iniquitate,
1921 4859 2039 4943 tam

393 4940 660 5016 facient—is
693 4973 866 5026 quam
902 4941 1594 5025 patientis,quiaillorum
1629 4941 1839 4996 damna
1862 4940 2038 4997 veluti

394 5067 504 5106 sua
533 5050 792 5119 deputat.
829 5038 1148 5111 Ccngaudet
1181 5038 1366 5090 autem
1385 5032 1752 5097 veritati,tam
1777 5030 2042 5086 facientis

391 5155 569 5210 quam
602 5131 975 5191 sustinentis.
1011 5126 1217 5181 Omnia
1247 5123 1458 5193 suffert,
1491 5120 1578 5175 vel
1637 5120 1912 5183 sustinet,
1941 5125 2044 5175 aut

388 5207 682 5300 patienter
695 5215 1168 5290 perferendo,aut
1187 5208 1666 5300 exspectando,ut
1681 5207 2042 5300 impleantui

385 5296 454 5373 ea
471 5331 599 5386 quae
621 5302 1152 5383 promittuntur.Et
1178 5301 1286 5356 hoc
1306 5305 1395 5355 est
1425 5299 1580 5371 quod
1605 5296 1826 5366 subdit,
1854 5297 2043 5352 omnia

468 5487 618 5561 (641)
651 5482 842 5561 Yerba
889 5479 1476 5561 omnia...-dicun‘tur,
1517 5475 1717 5557 aliqua
1777 5473 2045 5561 videntur

389 5548 882 5629 transp'ositione,
908 5554 1128 5629 vitia-ta.
1155 5552 1484 5629 Legendum
1501 5548 1673 5629 enim
1734 5548 2042 5629 putarem}

395 5619 605 5700 Omnia
633 5627 1019 5697 sperat.'id;est
1047 5619 1343 5700 implenda,
1372 5625 1429 5700 in
1451 5619 1679 5700 divinis.
1704 5622 1837 5700 etc?
1861 5619 2047 5700 omnia

401 5685 578 5770 credit
599 5685 727 5757 ve'ra
753 5713 890 5770 esse,
1046 5685 1349 5759 dicuntur}
1372 5693 1480 5750 hoc
1503 5689 1660 5748 enim
1681 5686 1853 5746 modo
1873 5685 2050 5746 verba

2146 4672 2437 4742 videmus,
2469 4674 2609 4744 quia
2638 4691 2750 4729 non
2788 4676 3036 4746 perfecte
3066 4676 3351 4746 gaudium
3409 4674 3538 4728 vitae
3582 4673 3785 4728 futuras

2149 4761 2583 4831 cognoscimus.
2648 4763 2792 4816 Tunc
2842 4771 3024 4816 autem
3079 4762 3226 4834 [acie
3279 4763 3348 4816 ad
3381 4761 3624 4830 faciem;
3658 4759 3794 4830 quia

2151 4852 2414 4904 nostrum
2433 4848 3003 4920 gaudium,lmtitiam
3033 4855 3088 4903 et
3109 4850 3284 4905 finem
3309 4849 3494 4904 nostri
3515 4845 3790 4902 desiderii

2148 4936 2500 4992 videbimus.
2536 4936 2796 5007 Idipsum
2840 4939 3198 5001 manifestat,
3260 4936 3606 4992 subdendo:
3639 4938 3797 4989 Nunc

2150 5018 2523 5084 cognoscimus
2543 5033 2612 5072 ex
2637 5025 2814 5088 parte,
2846 5023 2954 5072 etc.
2992 5018 3049 5072 ld
3079 5022 3187 5083 est,
3231 5033 3582 5089 cognoscam
3643 5014 3790 5070 sicut

2149 5121 2488 5176 cognoscor,
2523 5112 2578 5162 et
2602 5107 2807 5161 videbo
2839 5111 2903 5160 ut
2931 5107 3150 5171 videor,
3183 5112 3249 5161 ut
3274 5110 3530 5162 Joannes
3561 5122 3572 5159 :
3633 5105 3797 5159 Vide-

2155 5195 2334 5250 bimus
2357 5212 2505 5265 eum,
2538 5198 2703 5250 sicuti
2731 5203 2808 5252 est
2840 5197 2884 5265 (l
2907 5197 3064 5250 Joan.
3101 5213 3182 5262 Ill,
3213 5197 3289 5267 2).

2233 5293 2388 5347 Nunc
2441 5291 2623 5342 autem
2681 5288 2926 5355 manent,
2973 5284 3125 5354 fides,
3184 5289 3296 5340 etc.
3354 5284 3547 5353 idest,
3606 5280 3799 5338 hacin

2155 5469 2327 5527 credit
2355 5477 2406 5524 et
2429 5473 2614 5538 sperat
2639 5463 2981 5520 relationem
3025 5479 3194 5519 suam
3255 5461 3553 5534 propriam
3612 5459 3803 5517 sortiri

2159 5544 2456 5615 poterant-

2229 5611 2377 5686 (642)
2410 5613 2476 5664 Et
2509 5608 2590 5664 ita
2616 5605 2787 5679 Vulg.
2819 5605 3014 5678 habet,
3045 5602 3252 5662 excidit
3307 5619 3540 5677 nempe.
