3990 6224
179 341 295 402 389

761 333 1172 395 EXPOSITIO
1219 333 1295 393 ΙΝ
1342 332 1762 392 EPISTOLAS
1807 331 2063 395 PAULI.
2099 368 2173 377 —
2207 336 2280 394 ΙΝ
2329 336 2577 396 EPIST.
2627 337 2648 397 Ι
2694 339 2795 397 AD
2842 341 3014 400 COR.

3465 349 3582 406 390

181 471 444 548 przesenti
473 469 594 524 vita
618 485 632 534 ;
653 468 710 522 in
735 467 932 521 futura
951 482 1104 530 vero,
1130 465 1361 519 duabus
1401 463 1668 528 sublatis,
1693 464 1827 518 cha-
1860 467 1911 531 Α
1944 466 2010 520 ad
2050 467 2271 534 majora
2299 485 2396 521 vos
2433 485 2696 539 provoco,
2734 475 2795 524 ut
2827 471 3055 526 minora
3086 490 3198 527 non
3217 474 3582 544 prohibeam.

181 565 320 620 ritas
345 565 567 624 manet,
596 567 649 613 et
682 556 801 612 ideo
831 557 1029 623 maior.
1059 555 1204 609 Nam
1233 555 1363 608 ﬁdei
1391 553 1649 607 succedit
1673 571 1827 624 spes,

180 654 296 726 spei
325 667 458 705 vero
492 647 663 711 visio,
691 662 821 717 quae
850 643 998 698 visio
1030 643 1290 698 charitas
1321 648 1429 710 est,
1463 649 1518 695 et
1549 643 1674 696 ideo
1709 660 1829 696 ma-

175 744 286 814 jor,
314 739 451 811 quia
481 739 596 792 ista
626 735 720 790 hic
754 733 1067 800 ﬁniuntur;
1101 732 1200 786 illa
1230 749 1360 786 vero
1387 737 1601 785 manet.
1625 732 1830 785 Notan-

187 832 342 894 dum,
374 828 513 897 quia
535 841 750 895 magna
771 822 1054 877 distantia
1080 827 1167 875 est
1196 821 1348 874 inter
1371 837 1460 874 res
1485 818 1833 890 temporales

188 923 242 974 et
271 914 600 989 spiritales:
637 911 990 983 temporales
1022 910 1339 978 enim,cum
1376 927 1487 962 non
1523 909 1833 972 habentur,

190 1006 440 1062 multum
465 1002 906 1063 desiderantur;
935 999 981 1053 si
1006 1015 1137 1053 vero
1162 999 1508 1063 habeantur,
1533 997 1839 1049 lastidiunt

195 1093 692 1167 atquevilescunt:
712 1088 1007 1160 spiritales
1027 1092 1383 1151 autem,cum
1402 1103 1514 1140 non
1532 1085 1838 1152 habentur,

199 1187 398 1251 minus
419 1181 854 1244 desiderantur;
879 1193 1013 1232 cum
1041 1192 1170 1231 vero
1195 1175 1703 1244 habentur,magis
1720 1190 1839 1227 ma—

208 1273 414 1343 gisque
432 1267 848 1324 desideriumin
877 1266 1044 1319 nobis
1062 1264 1408 1320 accendunt.
1429 1263 1566 1317 Inde
1582 1261 1843 1317 animad-

208 1360 541 1414 vertendum
564 1356 722 1427 quia,
747 1355 794 1409 si
817 1371 993 1420 nunc,
1014 1370 1148 1407 cum
1173 1369 1289 1407 non
1320 1353 1609 1416 videntur,
1644 1356 1698 1405 et
1729 1367 1842 1404 non

211 1449 510 1512 habentur,
537 1450 728 1500 tamen
753 1443 1080 1514 diliguntur
1105 1459 1116 1507 ;
1137 1445 1422 1512 quantum
1444 1446 1580 1493 tum:
1605 1439 1846 1509 diligen-

205 1541 317 1606 tur,
351 1552 484 1590 cum
519 1535 768 1606 quisque
797 1549 896 1586 eas
924 1531 1239 1585 electorum
1298 1529 1612 1583 habuerit?
1644 1528 1708 1581 Et
1741 1528 1846 1581 hoc

207 1627 505 1681 sciendum
540 1624 680 1695 quia
709 1623 903 1690 majus
935 1619 1184 1690 quisque
1217 1619 1537 1672 electorum
1573 1616 1846 1684 inveniet,

209 1731 375 1787 quam
411 1714 646 1768 credere
677 1727 743 1765 ac
776 1725 1007 1780 sperare
1058 1706 1263 1779 possit.
1325 1707 1393 1760 Et
1446 1706 1574 1760 ideo
1617 1720 1850 1760 necesse

208 1810 294 1859 est
313 1809 375 1858 ut
396 1818 568 1857 nemo
593 1799 855 1854 ﬁdelium
881 1814 942 1852 se
962 1801 1190 1850 tantum
1216 1795 1464 1849 azstimet
1491 1795 1853 1863 credere,aut

210 1908 433 1965 sperare
465 1891 558 1944 hic
590 1903 785 1960 posse,
821 1895 1106 1957 quantum
1139 1885 1256 1939 illic
1291 1884 1564 1938 inveniet.

278 1981 419 2051 (643)
455 1983 608 2046 (CAP.
645 1975 1140 2045 XlV.)Sequitur:
1175 1975 1476 2028 Sectamini
1502 1974 1851 2027 charitatem.

215 2075 348 2125 Post
378 2069 615 2123 laudem
650 2064 970 2132 charitatis,
1004 2063 1270 2116 hortatur
1299 2067 1353 2117 et
1387 2066 1599 2131 monet,
1637 2066 1698 2116 ut
1729 2079 1856 2115 scc-

215 2163 409 2215 tentur
440 2155 810 2215 charitatem,
830 2151 997 2223 quasi
1029 2151 1278 2205 diceret:
1315 2150 1445 2206 Jarn
1467 2151 1603 2221 quia
1634 2155 1855 2205 tantam

217 2264 280 2304 ac
309 2247 488 2301 talem
522 2241 843 2315 agnovistis
891 2240 1256 2305 charitatem,
1304 2244 1365 2294 ut
1415 2240 1472 2292 in
1532 2239 1659 2308 ejus
1709 2239 1859 2292 bono

220 2336 420 2392 omnia
449 2335 604 2388 bona
631 2331 971 2398 consistant,
1005 2333 1061 2383 et
1091 2329 1217 2382 sine
1259 2345 1327 2384 ea
1376 2327 1606 2382 nullum
1640 2329 1859 2381 bonum

225 2441 352 2480 esse
373 2427 584 2494 queat:
609 2420 893 2488 hortor,ut
916 2419 1217 2473 sectemini
1251 2434 1401 2472 eam.
1439 2420 1573 2472 Post
1596 2415 1860 2470 admoni-

221 2514 441 2569 tionem
494 2510 777 2574 hortatur,
826 2514 890 2562 ut
944 2509 1117 2561 etiam
1171 2505 1455 2578 spiritalia
1493 2506 1862 2560 seniulentur.

219 2601 610 2662 fEmulamini,
645 2597 850 2668 inquit,
899 2597 1176 2666 spiritalia
1224 2595 1722 2662 (subaudiendum
1757 2598 1864 2660 est,

219 2691 410 2761 dona).
447 2686 751 2759 Spiritalia
781 2702 1034 2756 namque
1057 2684 1390 2738 varietatem
1417 2684 1734 2754 gratiarum
1771 2699 1865 2735 vo-

219 2787 326 2836 cat.
349 2779 457 2834 Sed
491 2777 630 2848 quia
653 2775 733 2829 illi
756 2773 1059 2829 audientes
1083 2772 1636 2844 spiritalia,possent
1659 2787 1873 2841 genera

219 2869 559 2941 linguarum
579 2863 1057 2934 intelligere,quae
1082 2879 1194 2934 prie
1217 2861 1491 2916 omnibus
1509 2860 1873 2915 charismati-

223 2959 331 3014 bus
362 2957 596 3026 majora
619 2952 988 3024 judicabant,
1022 2954 1076 3005 et
1108 2966 1245 3021 erga
1276 2967 1343 3004 ea
1374 2949 1692 3020 plurimum
1721 2947 1873 3002 avidi

225 3051 388 3103 erant
412 3065 427 3109 ;
449 3045 585 3099 ideo
613 3058 750 3096 mox
768 3040 966 3095 Sllbdlt
993 3056 1004 3094 :
1033 3041 1206 3111 Magis
1237 3043 1506 3106 auteni,ut
1527 3037 1872 3108 prophetelis.

241 3135 250 3142 “
299 3132 608 3208 Sequitur:
646 3133 765 3203 Qui
783 3131 936 3184 enim
960 3129 1205 3198 loquitur
1236 3129 1446 3197 lingua,
1468 3133 1600 3192 ctc.,
1636 3128 1744 3182 iste
1772 3143 1879 3180 non

1883 1839 1930 1900 B

2013 553 2289 624 Sequitur
2319 571 2329 607 :
2357 556 2492 608 Nam
2513 558 2699 625 major
2727 566 2806 611 est
2833 560 2931 627 qui
2959 559 3266 629 prOphetat,
3295 578 3461 631 quam
3492 579 3583 632 qui

1943 642 2187 712 loquitur
2217 644 2442 712 linguis.
2479 644 2722 698 Multum
2753 647 2967 716 quippe
3025 664 3161 718 erga
3193 649 3346 704 hunc
3395 649 3587 705 locum

1944 731 2148 785 beatus
2182 732 2541 801 Augustinus
2571 731 2814 786 laborat.
2851 733 3176 790 Dicitenim
3211 737 3458 809 intelligi
3491 739 3590 793 de-

1945 818 2099 880 bere,
2135 836 2234 889 per
2291 819 2541 888 linguas,
2605 822 2660 873 in
2721 823 3038 892 Scripturis
3097 825 3330 895 divinis,
3365 827 3592 882 occulta

1947 910 2120 973 atque
2157 909 2441 974 profunda
2473 925 2484 972 ;
2518 907 2719 974 lingua
2750 926 2902 976 vero,
2964 913 3294 967 membrum
3334 917 3594 986 corporis

1949 994 2472 1058 denominaus,aut
2496 997 2835 1066 signiﬁcans
2861 1016 2950 1052 res
2970 999 3218 1071 aliquas,
3240 1018 3351 1056 non
3377 1012 3593 1058 tamem

1950 1083 2243 1137 efficiens:
2281 1101 2414 1154 ergo
2448 1102 2549 1155 per
2582 1086 2823 1139 membri
2861 1095 3085 1142 motum
3105 1089 3342 1146 occulta:
3373 1110 3468 1148 res
3497 1093 3597 1148 de-

1952 1171 2281 1242 signantur.
2313 1173 2454 1227 .‘iam
2485 1174 2677 1227 multm
2703 1181 3027 1246 suntres,et
3059 1179 3517 1248 signiﬁcationes
3541 1183 3598 1236 in

1953 1261 2270 1331 Scripturis
2302 1260 2535 1328 divinis,
2561 1280 2687 1333 qum
2718 1282 2828 1318 non
2859 1265 3113 1336 idipsum
3139 1275 3300 1337 sunt,
3326 1271 3425 1325 sed
3442 1270 3597 1326 aliud

1955 1349 2312 1420 signiﬁcant.
2357 1350 2450 1404 Ilze
2484 1368 2714 1422 quoque
2747 1371 2846 1423 per
2879 1354 3139 1426 linguam
3177 1358 3597 1430 designantur;

1956 1439 2093 1508 quia
2125 1438 2250 1508 ipsa
2283 1440 2622 1494 translative
2657 1442 2907 1512 ponitur.
2945 1449 3088 1516 Ergo
3112 1448 3298 1516 major
3352 1453 3442 1503 est
3472 1449 3590 1515 ille,

1957 1528 2054 1597 qui
2092 1528 2419 1599 prophetat,
2447 1529 2551 1583 hoc
2573 1539 2682 1596 est,
2718 1532 2816 1601 qui
2853 1534 3080 1588 occulta
3105 1536 3409 1592 diducidat
3430 1544 3606 1609 atque

1961 1617 2317 1682 manifestat,
2367 1635 2542 1688 quam
2599 1620 2697 1689 qui
2749 1619 2952 1692 lingua
3004 1624 3285 1694 loquitur,
3347 1626 3455 1682 hoc
3494 1633 3606 1690 est,

1962 1704 2060 1774 qui
2123 1705 2375 1774 proferre
2435 1705 2669 1774 quidem
2745 1708 2989 1776 occulta,
3070 1713 3170 1765 sed
3234 1714 3609 1770 manifestam

1963 1809 2076 1845 non
2113 1797 2319 1861 potest.
2383 1794 2531 1845 Sunt
2591 1811 2841 1866 namque
2898 1799 3289 1868 corporalium
3322 1801 3605 1873 imagina-

1967 1880 2191 1944 tiones;
2271 1881 2368 1932 sed
2451 1882 2637 1950 major
2713 1889 2818 1947 est,
2911 1885 3010 1954 qui
3059 1903 3158 1940 eas
3242 1888 3609 1957 interpretari

1967 1973 2174 2038 potest,
2224 1986 2397 2039 quam
2433 1969 2530 2040 qui
2568 1971 2756 2024 videt:
2791 1973 2946 2025 verbi
2978 1975 3185 2044 gratia,
3219 1977 3361 2029 vidit
3392 1978 3613 2033 Pharao

1967 2057 2412 2127 imaginationes
2448 2060 2595 2127 (Gen.
2633 2076 2720 2124 χι,
2752 2062 2862 2125 41),
2917 2062 3059 2115 vidit
3116 2069 3171 2117 et
3233 2066 3526 2134 pincerna,
3560 2072 3616 2121 et

1969 2146 2253 2216 pistorum
2291 2147 2594 2216 princeps;
2626 2147 2723 2201 sed
2746 2148 2961 2210 Joseph
2989 2149 3080 2204 his
3103 2153 3379 2207 omnibus
3404 2156 3613 2223 major.

1972 2235 2071 2288 llle
2103 2233 2298 2306 etiam,
2335 2235 2431 2304 qui
2461 2236 2514 2288 in
2545 2242 2791 2306 utraque
2824 2254 2881 2291 re
2916 2237 3208 2310 viget,non
3243 2240 3431 2296 solum
3461 2241 3614 2312 aliis,

1972 2325 2069 2378 sed
2102 2341 2166 2376 eo
2200 2325 2404 2393 major,
2438 2324 2536 2394 qui
2599 2329 2825 2379 tantum
2859 2327 3400 2398 interpretationem
3451 2331 3616 2396 dicit,

1975 2413 2130 2465 velut
2155 2411 2375 2474 Daniel.
2401 2412 2498 2483 qui
2523 2414 2580 2466 in
2606 2419 2848 2484 utroque
2867 2415 3110 2486 polluit:
3147 2418 3270 2490 ipse
3316 2420 3530 2474 etenim
3564 2425 3620 2474 et

1977 2502 2338 2572 sapientibus
2364 2500 2674 2572 Babylonis
2690 2504 2893 2558 mortis
2908 2507 3254 2561 sententiam
3271 2507 3622 2563 incurrenti-

1979 2591 2110 2657 bus,
2145 2591 2283 2660 quia
2314 2592 2536 2660 probati
2572 2597 2728 2660 sunt,
2789 2595 2941 2663 quod
3003 2596 3400 2665 conjecturam
3434 2597 3625 2653 dicere

1980 2680 2312 2749 nequirent,
2347 2696 2478 2733 cum
2511 2680 2805 2735 somnium
2833 2685 3412 2749 nescirent,ostenilit
3432 2686 3624 2741 Nabu-

1982 2769 2347 2823 chodonosor
2378 2786 2488 2822 non
2525 2769 2716 2824 solum
2750 2772 3313 2843 interpretationem,
3343 2777 3442 2830 sed
3476 2793 3628 2831 som-

1986 2857 2169 2922 nium,
2222 2863 2298 2923 et,
2348 2859 2499 2927 quod
2556 2859 2644 2912 his
2692 2861 2884 2929 majus
2934 2867 3042 2928 est,
3105 2863 3504 2934 cogitationes.
3538 2865 3631 2919 Ait

1985 2947 2138 3001 enim
2168 2963 2179 2999 :
2218 2948 2310 3013 Tu,
2344 2963 2463 3016 rex,
2497 2949 2749 3015 c0gilasli
2777 2951 2835 3002 in
2864 2954 3045 3004 strata
3073 2954 3167 3006 tuo
3221 2952 3352 3023 quid
3379 2955 3631 3023 futurum

1985 3041 2119 3090 esset
2148 3044 2262 3106 post
2296 3041 2344 3090 te
2374 3037 2532 3105 (Dan.
2568 3054 2628 3106 ιι,
2657 3041 2770 3108 29),
2804 3049 2908 3092 etc.
2968 3039 3069 3094 Ille
3121 3041 3319 3107 etiam,
3368 3041 3468 3112 qui
3499 3042 3636 3098 licet

1992 3125 2265 3195 loquatur
2285 3123 2504 3194 lingua,
2531 3131 2722 3179 tamen
2745 3125 3112 3196 interpretari
3138 3129 3638 3199 potest,propheta

233 3205 546 3282 hominibus
583 3223 872 3292 loquitur;
897 3219 1032 3287 quia
1063 3235 1174 3271 non
1209 3218 1279 3272 ab
1314 3217 1650 3271 hominibus
1677 3215 1882 3270 intelli-
1913 3205 1955 3270 C
1997 3214 2236 3266 interior
2254 3230 2366 3267 non
2390 3217 2477 3267 est
2506 3238 2517 3277 ς
2550 3219 2605 3266 et
2629 3213 2754 3268 ideo
2778 3214 3118 3283 subjunxit:
3154 3216 3273 3270 Nisi
3298 3222 3440 3286 forte
3471 3220 3639 3272 inter-

234 3316 410 3388 gitur,
442 3313 538 3369 sed
576 3318 685 3367 Deo
719 3329 732 3377 ;
768 3309 908 3380 quia
940 3310 1009 3362 ab
1043 3308 1170 3378 ipso
1204 3305 1678 3376 intelligitur,qui
1712 3306 1886 3359 etiam

238 3404 466 3459 occulta
496 3399 693 3458 cordis
721 3399 896 3453 novit.
933 3397 998 3451 Et
1019 3397 1148 3450 ideo
1178 3395 1481 3467 subjungit
1504 3414 1520 3448 :
1553 3396 1718 3449 Nemo
1739 3396 1888 3448 enim

234 3493 419 3559 audit,
451 3493 566 3546 hoc
599 3494 685 3543 est
713 3487 990 3558 intelligit
1016 3488 1256 3556 :spiiitu
1285 3490 1486 3550 autem,
1525 3485 1574 3538 id
1613 3491 1722 3552 est,
1757 3500 1890 3538 voce

241 3583 391 3643 sola,
414 3580 666 3650 loquitur
698 3578 974 3648 mysteria.
1013 3579 1223 3628 Verum
1258 3574 1355 3645 qui
1390 3573 1888 3643 lingualoquitur,

245 3667 672 3739 Deoloquitur;
704 3665 949 3736 ideoque
980 3663 1277 3731 adjunxit:
1303 3663 1440 3717 Nam
1470 3661 1890 3732 quiprophetat,

241 3758 558 3813 hominibus
593 3757 830 3826 loquitur
852 3772 872 3816 ,·
905 3751 1042 3825 quia
1064 3753 1133 3807 ab
1152 3751 1494 3806 hominibus
1526 3750 1890 3822 intelligitur.

237 3849 384 3915 Quid
419 3847 604 3902 etiam
637 3844 934 3914 loquatur,
999 3841 1335 3896 manifestat
1389 3841 1806 3910 :edi/icationem
1845 3844 1895 3894 et

236 3937 700 3998 exhortationem,
758 3937 806 3987 et
882 3933 1309 3986 consolationem
1368 3930 1615 3984 Multum
1679 3929 1897 3984 scilicet

237 4025 612 4079 aediﬁcantur
641 4019 928 4088 homines,
953 4019 1092 4072 dum
1118 4017 1506 4088 quznstionum
1543 4015 1894 4071 solutionem

238 4114 516 4180 audiunt;
544 4109 793 4181 capiunt
813 4108 990 4162 etiam
1019 4107 1574 4171 exbortationem,ut
1594 4105 1899 4176 proﬁciant

235 4203 294 4256 in
311 4201 556 4267 melius;
584 4214 858 4270 magnam
879 4194 1262 4252 nihilominus
1285 4199 1529 4249 sumunt
1550 4193 1896 4249 consolatio-

238 4307 394 4356 nem,
428 4293 581 4362 quia
614 4303 717 4358 spe
751 4287 1080 4341 futurorum
1106 4285 1389 4340 bonorum
1413 4283 1700 4355 patienter
1722 4284 1900 4354 perfe-

234 4387 374 4436 runt
405 4381 688 4435 adversa.
723 4375 886 4430 Unde
915 4375 1069 4429 idern
1104 4375 1161 4427 in
1195 4372 1444 4444 epistola
1475 4372 1542 4426 ad
1572 4373 1896 4426 Romanos:

243 4471 302 4527 Ut
350 4487 450 4541 per
509 4467 858 4540 patientiam
886 4468 935 4519 et
1000 4463 1428 4518 consolationem
1494 4461 1902 4530 Scripturarum

235 4575 387 4630 spem
419 4558 734 4613 habeamus
765 4555 937 4624 (Rom.
970 4570 1063 4621 xv,
1098 4553 1169 4622 4).

310 4649 641 4719 Sequitur:
681 4645 788 4712 Qui
817 4643 1064 4712 loquitur
1094 4641 1303 4710 lingua,
1327 4641 1675 4709 semetipsum
1721 4638 1908 4707 aedi/i-

240 4745 348 4791 cat.
375 4737 457 4791 De
487 4735 592 4790 illo
620 4732 786 4799 dicit,
814 4730 934 4802 qui,
970 4729 1124 4800 quod
1158 4727 1440 4799 loquitur,
1478 4726 1769 4798 intelligit.
1804 4727 1906 4794 Qui

238 4833 426 4880 autem
447 4825 768 4895 prephetat,
796 4819 1098 4876 Ecclesium
1115 4818 1374 4886 aediﬁcat.
1400 4817 1500 4872 His
1525 4833 1754 4889 quoque
1785 4833 1906 4870 ver-

238 4915 332 4969 bis
366 4912 636 4969 ostendit
667 4909 924 4964 multum
962 4907 1198 4978 quidem
1232 4907 1449 4961 distare
1481 4905 1908 4976 interlinguam

238 5007 294 5059 et
326 5000 737 5074 prophetiam,
766 5001 994 5052 tantum
1019 4995 1282 5050 videlicet
1306 4995 1909 5065 interesse,quantum

240 5094 419 5148 refert
436 5093 602 5145 inter
616 5087 868 5142 salutem
883 5086 1148 5149 unius,et
1163 5083 1631 5149 multorum,imo
1648 5083 1911 5137 omnium

235 5177 756 5250 Verumquiaipsc
769 5174 1039 5248 superius
1052 5174 1297 5245 gratiam
1316 5173 1646 5243 linguarum
1662 5170 1812 5225 inter
1825 5189 1915 5226 va-

237 5271 516 5326 rietatem
539 5267 837 5321 donorum
853 5262 1284 5326 annumeravit;
1303 5261 1430 5316 ideo
1445 5261 1916 5316 condescendens

237 5353 668 5416 conceditillis
701 5353 860 5422 loqui
889 5352 1130 5424 linguis,
1165 5350 1364 5404 dicens
1392 5367 1404 5404 :
1444 5349 1563 5404 Volo
1594 5352 1780 5403 autem
1828 5366 1918 5404 vos

239 5463 429 5503 omnes
444 5447 608 5516 loqui
624 5441 923 5512 linguis.Et
936 5446 1001 5496 ut
1015 5440 1119 5494 hoc
1133 5437 1552 5494 minusdonum
1569 5437 1918 5502 ostenderet,

241 5537 477 5593 addidit
504 5552 516 5589 :
550 5531 741 5600 Magis
757 5537 936 5585 autem
949 5528 1311 5601 prophetare;
1336 5525 1506 5598 quasi
1537 5527 1752 5582 diceret
1779 5544 1793 5586 :
1826 5527 1920 5582 Sic

313 5660 473 5742 (643)
507 5658 580 5715 In
616 5657 816 5727 autog.
848 5652 1382 5732 marg,bielogitur
1418 5666 1544 5726 cap.
1579 5651 1743 5709 LXII.

1993 3312 2253 3372 pretelur.
2291 3302 2362 3354 So
2393 3300 2585 3372 ipsum
2618 3302 2792 3354 etiam
2828 3300 2943 3355 illis
3001 3303 3244 3372 praebuit
3282 3304 3638 3376 exemplum,

1999 3392 2135 3444 dum
2170 3390 2508 3458 subjunxit:
2544 3394 2703 3443 Nunc
2733 3400 2934 3456 autem,
2967 3393 3185 3459 fratres,
3244 3395 3296 3447 si
3349 3409 3541 3448 venero
3573 3396 3641 3448 ad

1999 3496 2088 3533 vos
2121 3480 2327 3548 linguis
2359 3479 2600 3549 loquens,
2632 3485 2738 3532 etc.
2773 3521 2789 3543 ,
2820 3481 2986 3550 quasi
3018 3480 3254 3536 diceret.
3301 3482 3362 3536 In
3397 3499 3490 3538 me
3518 3483 3640 3538 dis-

2001 3570 2110 3623 cite
2142 3568 2495 3638 exemplum,
2531 3568 2685 3637 quia,
2723 3569 2770 3622 si
2802 3585 3009 3623 venero
3036 3570 3103 3624 ad
3143 3587 3240 3626 vos
3280 3571 3497 3644 ignotis
3528 3571 3642 3628 lin-

2001 3658 2132 3730 guis
2163 3657 2425 3727 loqucns,
2475 3656 2617 3711 nihil
2650 3658 2812 3712 vobis
2861 3659 3126 3728 prodero,
3167 3660 3502 3734 nulliusque
3550 3679 3648 3718 ero

2003 3747 2421 3812 ωᾱὶίὶεᾶἰὶοηίε,
2458 3746 2566 3800 nisi
2601 3751 2700 3800 aut
2735 3748 3045 3818 prophetas
3102 3752 3265 3806 vobis
3297 3767 3642 3823 exposuero,

2004 3840 2104 3890 aut
2137 3835 2378 3889 moralia
2409 3835 2677 3902 docuero,
2704 3840 2804 3890 aut
2825 3836 3022 3908 aliqua
3044 3838 3270 3894 occulta
3294 3840 3636 3896 revelavero.

2007 3924 2071 3978 Et
2102 3925 2207 3979 hoc
2238 3927 2325 3979 est
2359 3926 2512 3995 quod
2547 3924 2724 3980 dicit:
2756 3927 2883 3983 Nisi
2932 3927 3126 3998 loquar
3180 3934 3275 3983 aut
3331 3932 3391 3984 in
3437 3930 3656 3984 revela-

2006 4016 2174 4084 tione,
2221 4023 2315 4068 aut
2356 4014 2611 4080 scientia,
2663 4019 2771 4069 etc.
2804 4016 2910 4069 Sed
2962 4015 3081 4069 haic
3129 4018 3328 4071 omnia
3359 4019 3429 4071 ad
3465 4034 3651 4073 unum

2007 4104 2331 4174 protectum
2367 4103 2718 4168 referuntur,
2744 4103 3022 4173 quoniam
3048 4103 3142 4158 ille
3166 4106 3332 4159 docet
3357 4105 3456 4174 qui
3481 4104 3652 4160 intel-

2005 4191 2154 4262 ligit,
2187 4196 2244 4245 et
2275 4189 2371 4244 ille
2403 4190 2711 4260 prophetat
2743 4190 2840 4260 qui
2903 4191 3116 4246 revelat
3173 4193 3485 4262 mysteria:
3521 4209 3652 4263 quas

2008 4280 2136 4334 ideo
2170 4278 2311 4350 agit,
2345 4277 2483 4347 quia
2515 4277 2816 4332 scientiam
2853 4278 3048 4333 habet.

2082 4369 2396 4438 Postquam
2421 4383 2481 4420 se
2500 4365 2745 4437 prmbuit
2766 4366 3394 4439 exemplum,adjunxit
3417 4374 3474 4425 et
3497 4368 3659 4426 aliud

2012 4459 2082 4513 de
2105 4454 2601 4510 irrationabilibus
2621 4471 2686 4510 ac
2709 4455 3174 4512 insensibilibus.
3207 4456 3658 4529 Tamen,inquit,

1938 4573 1980 4635 ι)
2012 4562 2137 4618 quw
2164 4548 2283 4600 sine
2312 4546 2503 4600 anima
2533 4553 2662 4599 sunt
2695 4560 2872 4600 vocem
2901 4545 3122 4612 dantia,
3178 4551 3286 4600 etc.
3348 4553 3424 4602 Ac
3448 4547 3495 4602 si
3527 4545 3664 4604 aliis

2015 4637 2207 4690 verbis
2237 4635 2488 4690 (liceret:
2527 4635 2584 4689 Si
2619 4635 2774 4703 tibia,
2837 4639 2938 4688 aut
2991 4635 3232 4702 cithara,
3293 4642 3395 4690 aut
3438 4635 3664 4707 aliquid

2017 4725 2154 4788 tale,
2181 4742 2292 4779 non
2317 4724 2682 4789 distinctum,
2715 4724 2814 4779 sed
2849 4724 3158 4780 contusum
3185 4725 3407 4781 dederit
3427 4742 3663 4798 sonum,

2019 4814 2237 4868 nullius
2269 4819 2440 4867 erunt
2473 4813 2764 4877 utilitatis,
2797 4814 2936 4885 quia
2965 4831 3137 4870 aures
3170 4831 3284 4870 non
3327 4815 3667 4871 demulcent

2021 4902 2407 4958 audientium.
2443 4902 2621 4956 Multo
2655 4903 2840 4969 magis
2871 4921 2971 4958 vos
2996 4903 3217 4960 nullius
3236 4905 3400 4960 eritis
3422 4904 3668 4959 aediﬁca-

2025 4992 2218 5055 tionis,
2251 4996 2352 5044 aut
2385 4991 2689 5059 utilitatis;
2726 4991 2838 5045 nisi
2872 4993 2951 5046 ita
2981 4991 3328 5064 loquamini,
3363 4998 3426 5048 ut
3459 4990 3670 5048 intelli-

2023 5080 2262 5153 gamini.
2298 5083 2605 5148 Sequitur:
2665 5080 2877 5134 Etenim
2935 5084 2987 5135 si
3039 5085 3307 5138 incertam
3361 5097 3546 5136 vocem
3574 5078 3667 5135 det

2025 5171 2171 5232 tuba,
2192 5172 2299 5221 etc.
2323 5165 2470 5220 Nota
2491 5168 2630 5236 quia
2653 5168 2934 5223 incertam
2959 5170 3408 5242 dicit,quoniam
3432 5169 3672 5241 quidem

2026 5257 2200 5311 variis
2216 5255 2402 5308 modis
2423 5253 2574 5307 soliti
2595 5263 2760 5310 erant
2777 5257 3044 5313 homines
3062 5260 3219 5314 tubis
3240 5275 3445 5314 canere
3471 5273 3674 5313 :cane-

2031 5347 2169 5398 bant
2201 5342 2378 5411 enim,
2403 5347 2466 5395 ut
2489 5341 2880 5398 ineitarentad
2905 5346 3272 5413 bellum,sive
3296 5351 3358 5401 ut
3380 5350 3678 5401 moverent

2029 5436 2240 5496 castra,
2273 5429 2358 5484 vel
2389 5431 2662 5500 ﬁgerent:
2697 5434 2852 5502 quod
2914 5439 3274 5491 monstratur
3318 5439 3374 5488 et
3433 5435 3492 5489 in
3524 5433 3674 5489 libro

2033 5518 2304 5591 Levitico,
2329 5522 2387 5574 et
2405 5517 2543 5575 Jesu
2567 5517 2742 5587 Nave,
2767 5524 2943 5594 atque
2965 5521 3592 5590 Machabmorum,sive
3613 5519 3675 5587 in
