3990 6224
374 327 484 388 391

1388 321 1725 382 ATTONIS
1775 317 2356 380 VEHCELLENSIS
2403 316 2753 379 EPISCOPI

3655 316 3783 376 392

377 457 542 512 mitio
602 455 820 510 mensis
874 458 929 510 et
981 453 1405 520 solemnitatis;
1468 455 1620 508 unde
1687 443 2016 508 Psalmista.
2049 451 2103 517 Α
2136 453 2360 522 poterat
2383 449 2537 505 idem
2567 449 2878 521 Apostolus
2931 448 3108 505 variis
3159 448 3377 521 linguis
3435 447 3618 520 loqui,
3652 452 3783 504 tam

377 547 584 615 Canite,
617 545 895 616 inquit,in
919 545 1081 598 initio
1097 545 1299 598 mensis
1322 544 1451 598 tuba
1477 543 1644 612 (614),
1676 547 1787 596 etc.
1829 542 1897 594 Et
1928 544 2017 594 est

378 651 614 691 sensus:
641 634 800 688 Sicut
820 633 1118 702 enim,nisi
1141 631 1284 686 tuba
1298 636 1517 686 certam
1538 630 1670 686 belli
1686 631 1782 685 det
1794 645 2013 696 vocem,

378 739 547 778 nemo
577 739 638 778 se
669 728 953 794 praeparat
975 722 1042 776 ad
1072 720 1288 775 bellum
1319 738 1332 788 ;
1358 721 1440 775 sic
1463 725 1520 773 et
1549 719 1710 773 vobis
1736 717 2018 788 loquenti-

376 813 509 878 bus,
541 811 654 866 nisi
687 812 766 865 ita
801 809 1141 882 loquamini,
1177 813 1239 863 ut
1270 807 1702 879 intelligamini,
1754 824 1923 861 nemo
1957 822 2017 861 se

377 904 663 972 praeparat
683 900 752 953 ad
769 897 1433 970 spiritalecertamen.Et
1453 896 1560 951 hoc
1575 900 1660 950 est
1675 895 1828 966 quod
1845 894 2012 949 dicit:

377 990 462 1044 Ita
489 992 541 1042 et
568 1004 677 1054 vos,
708 991 812 1042 etc.

447 1075 956 1147 SequiturzErilis
986 1075 1136 1129 enim
1197 1077 1257 1128 in
1303 1091 1431 1129 aere
1488 1075 1785 1144 loquentes,
1817 1072 1873 1126 id
1907 1075 2016 1134 est,

377 1165 543 1235 quasi
569 1169 734 1219 vento
756 1163 942 1219 inﬂati
966 1180 1164 1218 vocem
1189 1163 1546 1217 emittentes.
1568 1161 1873 1231 Sequitur:
1895 1162 2020 1214 Tam

373 1254 569 1319 multa,
595 1257 657 1307 ut
674 1255 829 1325 puta,
853 1269 1061 1324 genera
1085 1253 1434 1319 linguarum,
1458 1256 1564 1304 etc.
1591 1251 1757 1304 Etest
1774 1264 2014 1303 sensus:

377 1341 435 1396 Si
449 1342 624 1396 etiam
642 1341 916 1395 omnibus
931 1339 1244 1411 generibus
1260 1338 1594 1409 linguarum
1612 1336 2018 1408 loqueremini,

377 1429 524 1485 nihil
545 1430 848 1501 prodesset
867 1429 1052 1498 vobis,
1079 1427 1192 1481 nisi
1214 1425 2016 1499 intelligeremini.Sequitur:

377 1519 439 1574 Si
457 1535 584 1588 ergo
605 1519 850 1572 nesciero
866 1518 1127 1572 virtutem
1149 1518 1319 1583 vocis,
1339 1520 1445 1571 etc.
1470 1515 1686 1569 Verum
1710 1519 1799 1570 est
1823 1532 1835 1568 :
1858 1514 2018 1585 quia,

379 1607 429 1663 si
456 1607 657 1679 ignota
679 1605 940 1677 qualibet
966 1604 1169 1676 lingua
1202 1603 1304 1659 tibi
1335 1603 1633 1674 loquatur,
1660 1608 1715 1657 et
1740 1603 1864 1674 ipse
1892 1602 2017 1667 tibi,

377 1699 435 1750 et
466 1699 526 1748 tu
562 1693 644 1747 illi
677 1694 963 1749 barbarus.
997 1692 1063 1747 Et
1091 1698 1179 1747 est
1209 1709 1448 1747 sensus:
1475 1691 1517 1746 Ο
1563 1690 1869 1760 Corinthii,
1903 1707 2017 1744 non

377 1783 733 1875 studendum
765 1787 852 1875 est
873 1780 1657 1875 linguis,u_tignotislin-guis
1680 1780 2013 1875 loquentes,
2053 1812 2097 1875 Β

378 1872 626 1926 invicem
658 1871 884 1925 barbari
918 1869 1253 1938 videamini,
1284 1869 1382 1924 sed
1415 1868 1609 1940 potius
1647 1868 1938 1931 charitati,
1960 1874 2022 1920 ut

381 1961 438 2015 in
463 1960 758 2016 communi
779 1957 1070 2013 intellectu
1095 1957 1390 2012 laetemini.
1418 1960 1782 2027 Quapropter
1812 1957 2020 2025 adjun-

380 2050 496 2104 xit:
530 2050 620 2104 Sic
643 2056 694 2104 et
723 2064 830 2114 vos,
861 2050 1120 2118 quoniam
1168 2047 1516 2101 :emulatores
1545 2048 1848 2116 spirituum
1875 2048 2019 2111 estis,

380 2137 437 2192 id
466 2142 554 2193 est
575 2137 1019 2209 linguarum,ad
1049 2135 1479 2203 aediﬁcationem
1527 2135 1763 2188 Ecclesia
1794 2136 2024 2204 quazrite

380 2235 440 2282 ut
460 2226 844 2292 abundetis,id
865 2230 973 2290 est,
1000 2224 1361 2296 prophetetis
1387 2243 1399 2290 ;
1422 2240 1485 2278 ac
1515 2223 1562 2276 si
1586 2224 1827 2278 dixisset
1854 2228 2022 2279 :Pro-

379 2315 576 2388 phetia
600 2320 688 2370 est
712 2313 1071 2369 abundantia
1102 2312 1501 2367 adiﬁcationis
1527 2317 1584 2367 et
1607 2312 2023 2376 utilitatis,non

379 2404 439 2459 in
470 2404 746 2460 varietate
769 2401 1124 2473 linguarum.
1164 2403 1525 2472 Quapropter
1557 2417 1689 2455 mox
1720 2401 2022 2472 sequitur:

383 2495 446 2547 Et
471 2492 594 2547 ideo
615 2494 710 2562 qui
731 2491 1204 2560 loquilurlingua,
1237 2498 1354 2544 oret
1386 2489 1442 2543 id
1477 2493 1586 2555 est,
1620 2488 1893 2559 loquatur
1926 2490 2024 2553 ita,

383 2588 450 2636 ut
479 2581 928 2651 interpretetur;
964 2577 1083 2632 sive
1114 2583 1247 2647 oret,
1278 2578 1330 2631 id
1365 2583 1474 2645 est,
1509 2584 1775 2649 precetur
1807 2579 2016 2632 Deum.

377 2669 653 2742 Sequitur
679 2686 692 2724 ε
717 2669 850 2722 Nam
881 2669 932 2722 si
958 2683 1106 2722 orem
1138 2669 1348 2736 lingua,
1382 2665 1437 2720 id
1492 2671 1600 2732 est,
1659 2665 1885 2737 loquar,
1916 2668 2027 2738 spi-

383 2762 522 2814 ritus
541 2773 711 2823 meus,
736 2756 792 2810 id
816 2761 926 2821 est,
948 2773 1057 2810 vox
1079 2771 1208 2809 mea
1231 2755 1506 2825 loquitur,
1531 2771 1684 2809 mens
1707 2759 1891 2808 autem
1911 2771 2028 2808 mea

385 2851 504 2904 sine
521 2849 711 2918 fructu
741 2853 837 2900 est.
863 2845 942 2899 De
976 2843 1074 2898 illo
1107 2843 1368 2916 loquitur
1397 2842 1731 2914 Apostolus,
1766 2842 1864 2912 qui
1899 2843 2028 2907 hoc,

386 2937 542 3008 quod
574 2951 839 2990 sermone
870 2933 1106 3006 profert,
1168 2950 1281 2987 non
1314 2931 1586 3002 intelligit
1631 2937 1840 2996 mente,
1875 2931 2030 2986 velut

387 3025 576 3081 Latini
611 3023 865 3080 assolent
895 3021 1166 3077 delectari
1199 3037 1339 3076 sono
1395 3019 1604 3091 lingua:
1657 3020 1884 3084 Griecm,
1927 3019 2028 3090 qui

387 3131 520 3171 cum
543 3111 810 3168 delectati
835 3111 1208 3182 sono,lingua
1226 3110 1418 3164 Graeca
1440 3109 1778 3180 loquuntur,
1800 3114 2024 3164 mentes

2127 556 2229 609 per
2274 543 2570 604 naturam,
2623 543 2686 593 ut
2735 538 2993 605 Hebraea,
3060 539 3224 610 Syra,
3283 536 3572 607 Chaldaaa,
3603 542 3789 610 atque

2129 628 2346 695 Graeca,
2379 644 2556 698 quam
2589 632 2645 682 et
2677 627 2808 682 aliis
2841 643 2941 697 per
2969 627 3218 699 gratiam
3270 625 3524 697 Spiritus
3567 628 3784 693 sancti,

2128 723 2190 770 ut
2221 716 2406 771 czeteri
2439 714 2705 788 apostoli,
2741 716 2891 772 sicut
2923 716 2979 769 in
3016 715 3175 770 Actis
3205 732 3408 770 eorum
3443 714 3679 786 legitur.
3716 716 3791 770 Et

2128 805 2266 876 quia
2291 806 2478 875 gratia
2500 804 2832 876 linguarum
2855 806 3094 859 domum
3114 809 3200 860 est
3219 804 3474 875 Spiritus
3495 805 3792 872 sancti,ut

2126 894 2251 965 ipse
2277 912 2454 965 supra
2486 894 2762 959 ostendit,
2795 893 2922 948 ideo
2958 894 3101 948 bene
3130 892 3349 964 gratias
3383 893 3494 947 Deo
3525 891 3666 964 agit.

2199 982 2476 1054 Sequitur
2499 1000 2512 1045 ;
2533 983 2641 1038 Sed
2662 984 2720 1036 in
2743 981 2986 1038 Ecclesia
2999 983 3119 1036 volo
3149 983 3386 1054 quinque
3415 983 3580 1037 verba
3609 999 3787 1038 sensu

2127 1088 2243 1126 meo
2276 1072 2448 1141 loqui,
2482 1076 2588 1125 etc.
2623 1071 2978 1142 Simpliciter
3004 1071 3166 1126 locus
3198 1071 3307 1126 iste
3351 1071 3784 1144 intelligendus

2130 1164 2239 1216 est.
2275 1158 2360 1212 Illi
2394 1175 2548 1224 vero,
2583 1158 2683 1230 qui
2715 1158 3008 1213 subtiliter
3065 1159 3471 1224 discutientes,
3515 1161 3785 1232 quinque

2127 1249 2300 1303 verba
2331 1247 2531 1302 dicunt
2562 1247 2820 1318 quinque
2854 1247 3034 1318 Moysi
3066 1247 3247 1302 libros
3298 1248 3654 1320 significare,
3688 1249 3783 1304 di-

2130 1341 2265 1392 cant
2296 1353 2528 1391 necesse
2559 1341 2646 1390 est
2679 1335 2818 1407 quid
2850 1335 3029 1391 decem
3046 1334 3238 1390 millia
3256 1336 3772 1410 signiﬁcent.Ergo

2133 1443 2238 1481 nos
2268 1423 2610 1496 simpliciter
2640 1441 2741 1496 per
2770 1424 3031 1496 quinque
3059 1425 3232 1480 verba
3264 1425 3496 1481 brevem
3555 1425 3784 1482 intelli-

2129 1530 2338 1586 gamus
2372 1513 2731 1577 orationem;
2767 1528 2868 1583 per
2896 1513 3095 1568 decem
3130 1511 3334 1583 millia,
3367 1513 3676 1584 prolixam.
3714 1515 3787 1569 Et

2129 1607 2217 1658 est
2238 1619 2446 1658 sensus
2474 1618 2487 1658 :
2523 1599 2672 1656 Malo
2705 1601 2966 1672 quinque
2996 1602 3172 1657 verba
3199 1618 3375 1658 sensu
3409 1619 3559 1672 meo,
3585 1603 3643 1658 id
3665 1609 3779 1668 est,

2129 1693 2358 1747 brevem
2392 1691 2713 1746 orationem
2747 1690 3092 1762 simpliciter
3137 1695 3194 1747 et
3243 1691 3548 1748 manifeste
3592 1693 3786 1748 facere

2129 1781 2199 1835 ad
2233 1779 2466 1835 illorum
2509 1780 2950 1835 aediﬁcationem
2983 1784 3038 1834 et
3069 1779 3343 1844 salutem,
3376 1797 3555 1852 quam
3577 1781 3784 1836 decem

2132 1868 2316 1924 millia
2336 1869 2642 1923 verborum
2669 1869 2891 1940 lingua,
2926 1868 2980 1922 id
3012 1872 3120 1931 est,
3155 1867 3377 1923 occulte
3424 1869 3610 1924 facere
3655 1886 3788 1940 pro-

2131 1959 2330 2013 lixam.
2367 1957 2472 2011 Ubi
2507 1962 2820 2011 monentur
2873 1956 3208 2012 scholastici
3256 1957 3681 2028 praadicatores,
3717 1962 3786 2012 ut

2134 2049 2190 2102 in
2225 2047 2635 2119 praedicatione
2668 2063 2779 2099 non
2813 2063 2980 2100 suam
3014 2051 3276 2117 quierant
3307 2046 3780 2112 ostentationem,

2135 2156 2158 2190 ε
2203 2137 2234 2189 d
2284 2151 2522 2189 suorum
2569 2135 2899 2188 auditorum
2951 2134 3363 2206 perfectionem
3411 2139 3467 2189 et
3495 2134 3776 2200 salutem,

2207 2224 2481 2294 Sequitur
2506 2241 2517 2277 :
2553 2226 2785 2286 Fratres,
2809 2224 3150 2294 nolitepueri
3173 2225 3320 2294 efﬁci
3369 2223 3640 2294 sensibus,
3670 2229 3783 2278 etc.

2137 2314 2282 2369 Puer
2305 2313 2462 2368 enim
2496 2312 2819 2367 imitandus
2841 2317 2928 2367 est
2951 2311 3324 2383 simplicitate
3345 2316 3402 2367 et
3431 2311 3786 2378 innocentia,

2129 2405 2294 2473 juxta
2327 2401 2453 2468 hoc,
2487 2401 2639 2472 quod
2675 2401 2954 2456 Dominus
3003 2401 3059 2455 in
3119 2401 3424 2473 Evangelia
3482 2402 3602 2458 ait:
3655 2404 3788 2457 Nisi

2134 2493 2383 2547 conversi
2411 2491 2738 2560 cfﬁciamini
2766 2494 2822 2544 ut
2850 2491 3080 2561 parvuli
3107 2489 3332 2558 (Matth.
3363 2507 3524 2561 xvm,
3556 2491 3634 2560 3),
3668 2495 3782 2546 etc.

2135 2581 2348 2634 Verum
2383 2596 2508 2650 qua:
2531 2580 2617 2634 sit
2648 2579 2981 2634 innocentia
3013 2577 3259 2650 parvuli,
3285 2580 3410 2649 jam
3446 2584 3642 2650 patet;
3676 2580 3781 2634 sed

2136 2669 2246 2724 hoc
2279 2668 2598 2735 sciendum,
2633 2667 2771 2737 quia
2799 2667 2900 2721 illa
2931 2673 3020 2722 est
3050 2684 3181 2723 vera
3203 2666 3572 2738 simplicitas,
3606 2684 3786 2738 quam

2139 2756 2449 2812 comitatur
2479 2755 2822 2828 prudentia:
2860 2757 3012 2810 unde
3045 2757 3112 2811 de
3170 2757 3425 2826 quodam
3473 2756 3599 2811 viro
3623 2757 3788 2825 justo

2138 2846 2358 2900 dictum
2381 2849 2468 2899 est
2493 2860 2504 2898 :
2533 2845 2776 2914 Simplex
2803 2849 2852 2898 et
2904 2853 3079 2899 rectus
3120 2845 3263 2914 (Job.
3315 2862 3374 2910 II,
3423 2845 3504 2916 3),
3539 2844 3789 2917 simplex

2139 2937 2372 3006 propter
2402 2933 2818 2998 innocentiam,
2853 2937 3045 2988 rectus
3081 2940 3316 3005 propter
3373 2933 3787 3004 prudentiam:

2139 3040 2272 3077 nam
2299 3039 2414 3077 una
2435 3023 2560 3076 sine
2593 3020 2774 3076 altera
2797 3021 2995 3076 haberi
3022 3038 3135 3077 non
3163 3027 3370 3093 potest.
3403 3027 3468 3077 Et
3485 3023 3614 3078 ideo
3638 3029 3794 3078 utra-

2137 3129 2248 3183 que
2280 3111 2547 3166 habenda
2581 3116 2736 3177 sunt,
2761 3116 2825 3165 ut
2852 3110 3202 3182 simplicitas
3229 3111 3512 3167 relevetur
3533 3112 3790 3184 pruden-

387 3219 587 3260 eorum
604 3201 803 3257 aliena:
825 3172 1069 3257 afructu
1093 3172 1443 3254 ‘redduntur.
1470 3172 1722 3252 Fuerunt
1744 3172 1842 3268 qui
1869 3197 2025 3252 dixe-
2059 3172 2100 3238 C
2141 3172 2240 3266 tia,
2273 3205 2329 3253 et
2355 3199 2665 3270 prudentia
2697 3172 3052 3270 temperetur
3109 3199 3509 3271 simplicitate.
3534 3172 3705 3256 .Hinc
3736 3206 3795 3256 et

387 3297 525 3348 runt
553 3289 894 3363 Apostolum
926 3289 996 3344 de
1019 3288 1115 3344 illo
1141 3288 1348 3360 spiritu
1371 3287 1608 3356 dixisse,
1634 3286 1733 3357 qui
1754 3285 1812 3340 in
1839 3285 2026 3356 bapti-

383 3385 570 3438 smate
597 3379 897 3435 tribuitur.

453 3470 768 3542 Sequitur:
821 3468 969 3536 Quid
996 3482 1119 3536 ergo
1161 3469 1285 3520 est?
1313 3465 1490 3520 Orabo
1522 3465 1747 3536 spiritu,
1782 3464 1950 3517 orabo
1977 3470 2028 3516 et

385 3568 584 3627 mente,
603 3563 746 3614 etc.:
776 3556 1071 3626 nisi,quod
1097 3572 1193 3609 ore
1215 3554 1439 3625 loquar,
1466 3553 1787 3624 intelligam
1815 3555 2031 3618 mente,

390 3655 448 3706 et
479 3647 633 3719 quod
654 3662 791 3700 voce
813 3643 1082 3716 psallam,
1104 3642 1368 3713 cogitabo
1391 3648 1448 3696 et
1467 3643 1637 3696 corde
1661 3643 1687 3694 ‘t
1709 3641 1872 3695 Tunc
1895 3655 2030 3694 vero

391 3737 525 3808 quis
548 3736 697 3790 bene
728 3732 944 3805 psallit,
979 3737 1080 3786 aut
1112 3735 1257 3795 orat,
1291 3732 1522 3803 quando
1578 3747 1684 3785 vox
1724 3729 2030 3783 intentioni

393 3824 726 3881 concordat.
760 3825 1140 3892 Quapropter,
1175 3819 1312 3890 quia
1333 3819 1643 3891 Apostolus
1666 3818 1922 3873 ostendit
1945 3833 2031 3872 re-

395 3913 678 3977 medium,
710 3915 774 3966 ut
807 3928 971 3966 mens
1004 3926 1115 3964 non
1144 3909 1221 3964 sit
1253 3910 1377 3964 sine
1409 3911 1623 3973 fructu,
1649 3913 1920 3963 monetur
1940 3905 2033 3960 his

393 4001 585 4057 verbis
609 3999 1256 4072 unusquisque,utdum
1284 3998 1612 4070 procumbit
1637 3997 1705 4052 ad
1723 3995 2031 4063 orandum,

395 4090 513 4146 sive
543 4094 678 4156 stat,
705 4087 790 4143 vel
815 4088 988 4143 etiam
1015 4088 1082 4142 ad
1109 4085 1499 4158 psallendum,
1524 4085 1756 4156 colligat
1779 4088 2033 4138 mentem

395 4195 586 4245 suam,
611 4183 667 4233 et
689 4193 803 4233 non
824 4177 978 4232 sinat
999 4192 1126 4232 eam
1146 4193 1248 4248 per
1263 4175 1494 4232 diversa
1507 4160 2035 4246 vagare,quatenus

394 4285 508 4324 non
541 4267 730 4322 fructu
754 4267 1033 4339 privetur.

467 4359 772 4428 Sequitur:
809 4355 1078 4413 Caeterum
1126 4357 1180 4410 si
1237 4353 1606 4410 benedixeris.
1671 4351 2039 4406 Benedicitur

396 4445 682 4519 quidquid
708 4446 1030 4501 secundum
1050 4443 1342 4515 aequitatis
1358 4441 1620 4513 regulam
1647 4439 1892 4506 dicitur;
1918 4439 2036 4495 sive

2137 3288 2500 3343 Dominusin
2552 3287 2899 3359 Evangelio:
2959 3289 3134 3344 Estote
3176 3289 3471 3360 prudentes
3501 3291 3646 3344 sicut
3675 3305 3793 3344 ser-

2134 3386 2316 3448 pentes
2349 3376 2556 3447 (Matth.
2591 3394 2645 3446 x,
2682 3377 2793 3446 16),
2826 3382 2933 3431 etc.
2961 3377 3026 3430 Et
3048 3378 3188 3448 quia
3207 3394 3351 3449 puer
3381 3376 3629 3445 malitia,
3666 3393 3791 3433 non

2139 3483 2313 3520 sensu
2334 3465 2654 3520 imitandus
2674 3470 2780 3530 est,
2804 3465 3142 3536 subjunxit:
3170 3467 3426 3522 Sensibus
3446 3470 3634 3522 autem
3658 3482 3796 3538 per-

2138 3557 2267 3626 fecti
2296 3559 2476 3609 estote.

2211 3643 2523 3714 Sequitur:
2559 3644 2621 3697 ln
2659 3643 2772 3713 lege
2819 3643 3080 3714 scriptum
3111 3653 3231 3700 est:
3266 3647 3539 3712 Quoniam
3570 3647 3632 3699 in
3661 3646 3797 3701 aliis

2142 3734 2366 3802 linguis,
2400 3735 2448 3786 et
2478 3731 2610 3785 aliis
2640 3732 2804 3786 labiis
2835 3732 3034 3802 loquar
3079 3734 3214 3803 (lsa.
3276 3751 3475 3800 xxvm,
3532 3735 3646 3804 11)⁹
3678 3740 3792 3790 etc.

2140 3821 2281 3875 Aliis
2302 3819 2521 3891 linguis
2553 3823 2609 3874 et
2641 3819 2810 3875 labiis
2836 3820 3096 3892 loquitur
3115 3821 3421 3891 Dominus,
3447 3824 3616 3892 juxta
3635 3825 3794 3893 quod

2143 3926 2243 3980 per
2274 3907 2619 3981 prophetam
2653 3908 2832 3963 dicit:
2867 3909 3084 3964 Feriam
3139 3926 3259 3964 cum
3317 3911 3474 3966 domo
3530 3914 3711 3966 Israel
3742 3915 3796 3966 et

2143 3999 2304 4054 domo
2333 3997 2476 4050 Juda
2505 3999 2721 4066 pactum
2747 3998 2876 4064 (Jer.
2913 4015 3068 4064 xxxx,
3099 3999 3209 4070 31),
3243 4004 3351 4054 etc.
3405 3999 3574 4055 Videt
3624 4016 3803 4054 nam-

2145 4103 2256 4159 que
2289 4085 2506 4155 aliquis
2531 4085 2770 4139 Judazus
2804 4089 2982 4140 Deum
3018 4086 3146 4142 aliis
3178 4087 3396 4159 linguis
3439 4087 3623 4160 loqui,
3656 4089 3800 4144 dum

2145 4173 2649 4230 circumcisionem
2669 4172 2832 4227 audit
2851 4173 2994 4228 nihil
3019 4175 3316 4245 prodesse,
3338 4177 3664 4232 Sabbatum
3685 4195 3803 4233 non

2147 4263 2460 4333 observari,
2485 4263 2810 4336 prohibitos
2834 4263 2994 4319 cibos
3018 4263 3258 4321 licenter
3278 4266 3525 4332 comedi,
3548 4265 3798 4322 Neome-

2148 4355 2399 4419 niarum,
2425 4356 2601 4423 atque
2623 4351 3508 4427 Kalendarum,czeterarumque
3524 4354 3805 4411 solemni-

2148 4447 2335 4497 tatum
2358 4441 2776 4496 celebrationes
2837 4448 3167 4510 evacuatus,
3203 4460 3268 4499 ac
3311 4444 3525 4500 diversi
3557 4446 3804 4516 generis

395 4535 690 4592 benedicis
721 4536 861 4590 dum
887 4533 1164 4606 precaris,
1199 4531 1284 4585 vel
1312 4547 1504 4602 rogas,
1539 4527 1625 4583 vel
1647 4531 1799 4582 certe
1823 4529 2038 4583 sancti-
2069 4537 2116 4600 D
2148 4531 2433 4587 sacrificia
2461 4530 2532 4584 ad
2567 4529 2840 4601 mysteria
2864 4531 3126 4603 corporis
3158 4537 3216 4586 et
3245 4533 3554 4605 sanguinis
3609 4534 3806 4607 ipsius

398 4627 558 4680 ﬁcas.
594 4625 739 4696 Ergo
768 4625 818 4678 si
850 4624 1122 4679 benedicis
1150 4621 1373 4692 spiritu,
1407 4618 1463 4671 id
1497 4621 1586 4671 est
1613 4631 1768 4683 voce,
1794 4617 1932 4686 quia
1961 4616 2042 4672 al-

397 4719 485 4768 ter
515 4730 629 4767 non
654 4712 946 4784 intelligit,
973 4712 1098 4782 quis
1127 4708 1341 4778 supplet
1375 4707 1551 4760 locum
1600 4703 1810 4769 idiota},
1845 4703 1898 4758 id
1932 4710 2041 4771 est,

401 4801 533 4872 quis
563 4801 906 4870 orationem,
941 4800 1144 4868 quisve
1166 4800 1298 4848 tuas
1321 4791 1691 4846 conﬁrmabit
1715 4807 1912 4861 preces
1931 4792 1958 4846 ?
1980 4793 2046 4847 Et

401 4889 510 4945 hoc
540 4893 629 4945 est
657 4890 811 4961 quod
882 4888 1059 4942 dicit:
1121 4881 1394 4950 Quomodo
1446 4881 1602 4948 dicet,
1657 4897 1837 4950 amen,
1881 4898 2048 4953 super

403 4983 556 5034 tuam
591 4978 1014 5034 benedictionem
1036 4977 1060 5025 .9
1089 4976 1206 5025 Hoc
1237 4975 1344 5034 est,
1406 4986 1519 5024 non
1579 4968 1728 5024 dicet
1759 4971 1876 5040 fiat,
1910 4988 2044 5042 quo-

401 5070 566 5124 niam
596 5069 766 5122 nescit
795 5064 936 5136 quid
975 5062 1148 5116 dicas.
1203 5057 1512 5130 Sequitur:
1549 5059 1687 5114 Nam
1741 5063 1800 5114 tu
1829 5061 2046 5130 quidem

404 5158 540 5212 bene
567 5156 783 5225 gratias
813 5152 933 5220 agis
963 5149 1021 5203 id
1053 5153 1160 5216 est,
1197 5148 1342 5203 bene
1372 5165 1559 5220 rogas,
1583 5149 1725 5203 bene
1758 5147 2044 5220 precaris;

402 5245 495 5301 sed
524 5245 669 5299 alter
691 5257 801 5294 non
829 5239 1158 5308 aediﬁcatur,
1191 5237 1289 5310 qui
1322 5254 1434 5292 non
1493 5235 1787 5308 intelligit.
1840 5236 2047 5307 Sequi-

403 5337 540 5389 tur:
576 5329 792 5384 Gratias
851 5342 950 5398 ago
980 5332 1114 5395 Deo,
1173 5331 1281 5382 etc.
1339 5327 1488 5382 Sane
1553 5326 1876 5381 notandum
1910 5325 2050 5396 quia

477 5487 804 5559 (64/1)Psal.
858 5505 977 5555 vm,
1002 5490 1054 5559 4,
1113 5490 1404 5544 Buccinate
1435 5489 1514 5559 Ain
1572 5486 1864 5559 neomenia
1893 5488 2046 5541 tuba.

405 5557 926 5645 Neomre‘niaﬁrasca
945 5557 1178 5645 vox‘est,
1205 5577 1330 5645 quos
1361 5557 1609 5645 primum
1643 5557 1862 5640 mensis
1892 5559 2048 5639 diem

408 5628 722 5708 signiﬁcat,
755 5648 932 5707 quam
963 5628 1184 5691 Hebraei
1207 5628 1524 5705 cujus—libet
1553 5628 1776 5684 mensis
1797 5629 2050 5686 maxime

2151 4619 2451 4675 transisse.
2477 4618 2587 4673 Sed
2611 4635 2791 4689 quare
2821 4617 2951 4674 aliis
2983 4620 3446 4693 linguislocutus
3470 4627 3560 4679 est
3579 4622 3607 4677 ‘l
3627 4623 3802 4680 Vide-

2153 4709 2304 4778 licet,
2336 4712 2399 4762 nt
2426 4706 2744 4761 crederent.
2805 4708 2967 4772 Quod
3027 4709 3384 4777 manifestat,
3440 4727 3576 4765 cum
3623 4711 3803 4768 dicit:

2153 4799 2256 4854 Nec
2302 4798 2380 4850 sic
2436 4794 2693 4849 exaudiet
2740 4813 2844 4862 me,
2901 4796 3034 4851 dicit
3083 4799 3360 4855 Dominus.
3415 4805 3543 4871 Ipse
3596 4817 3810 4873 nempe

2157 4883 2410 4958 populus
2441 4883 2657 4954 sprevit
2689 4877 3086 4956 Evangelium,
3119 4887 3507 4943 nihilominus
3537 4895 3808 4944 contem-

2155 4974 2292 5046 psit.
2319 4973 2507 5043 Itaque
2537 4971 2748 5040 lingua:
2779 4975 2839 5026 in
2861 4975 3081 5044 signum
3109 4984 3259 5051 sunt,
3291 4981 3398 5031 etc.
3432 4976 3810 5033 Consuetudo

2160 5077 2412 5132 namque
2435 5061 2544 5114 fuit
2564 5060 2620 5114 in
2651 5061 2973 5132 primordio
2997 5063 3810 5139 Ecclesiae,utgratialingua-

2159 5167 2288 5204 rum
2313 5150 2551 5204 daretur
2580 5150 3272 5223 credentibus,quatenus
3303 5153 3570 5210 infideles
3602 5155 3813 5210 incita-

2158 5244 2358 5293 rentur
2383 5239 2453 5292 ad
2486 5238 2682 5292 fidem.
2719 5239 2828 5292 Sed
2863 5238 3241 5311 dilatatajam
3276 5241 3411 5310 fide,
3441 5247 3500 5296 et
3522 5242 3814 5316 multipli-

2159 5327 2303 5383 catis
2348 5326 2640 5396 fidelibus,
2696 5327 2942 5381 cessavit
2990 5329 3119 5400 ipsa
3166 5331 3548 5387 consuetudo.
3587 5332 3660 5388 Et
3687 5332 3818 5388 ideo

2161 5486 2452 5560 colebant,
2489 5484 2773 5560 sacrificia
2823 5486 3114 5560 praecipue
3161 5505 3196 5545 a
3247 5488 3443 5560 Moyse
3472 5491 3820 5548 constituta.

2161 5558 2334 5616 Num.
2368 5574 2462 5630 xx,
2499 5559 2585 5627 11,
2614 5557 2938 5614 οίῐθιδθῐηθε.
