3990 6224
145 293 259 354 393

728 289 1147 350 EXPOSITIO
1192 289 1269 349 ΙΝ
1317 288 1736 350 EPISTOLAS
1782 288 2038 349 PAULI.
2071 321 2147 332 —-
2179 289 2253 349 ΙΝ
2302 290 2549 351 EPIST.
2596 293 2616 349 Ι
2664 293 2767 351 AD
2814 292 2990 351 COH.

3445 301 3561 359 394

144 425 282 481 dicit
310 424 635 496 Apostolus
670 440 680 477 :
726 424 959 493 Lingua:
988 425 1047 476 in
1078 424 1319 493 signum,
1355 427 1494 489 etc.;
1524 422 1808 493 prophetia
1838 422 1890 488 Α
1927 422 2112 477 noluit
2144 423 2410 478 funditus
2440 440 2537 477 eos
2570 424 2639 479 ab
2673 424 2781 479 hoc
2814 424 3139 496 prohibere,
3174 442 3243 480 nc
3274 427 3418 481 forte
3463 431 3564 483 sti-

143 524 321 571 autem
374 530 481 569 non
533 512 876 585 inﬁdelibus,
910 514 1003 568 sed
1051 512 1324 580 ﬁdelibus.
1359 513 1583 577 Quibus
1614 513 1805 566 verbis

144 604 397 659 ostendit
428 619 704 675 magnam
730 617 860 657 esse
884 600 1226 655 distantiam
1261 601 1411 655 inter
1435 601 1722 672 linguam,
1748 605 1806 655 et

145 693 535 764 prephetiam,
568 690 841 747 videlicet
874 707 986 745 non
1022 689 1216 745 solum
1249 690 1307 744 in
1339 690 1672 757 utilitatem,
1703 689 1803 743 sed

146 782 315 837 etiam
373 782 431 835 in
483 780 962 852 perpetuitatem.
1014 779 1075 833 1n
1132 777 1447 833 utilitatem
1496 778 1807 849 prophetia

146 870 437 942 precellit,
472 870 614 940 quia
666 868 779 922 illis
830 884 932 937 pro
985 866 1343 933 inﬁdelibus,
1377 867 1499 921 hinc
1530 866 1804 921 ﬁdelibus

149 962 350 1026 datur;
382 961 436 1015 in
463 955 1097 1032 perpetuitatem,quia
1121 956 1230 1011 illa)
1254 961 1505 1025 cessant,
1532 956 1651 1012 haec
1672 972 1803 1010 vero

152 1050 432 1114 manebit,
467 1046 730 1121 quandiu
766 1044 1233 1117 peregrinabitur
1263 1045 1535 1101 Ecclesia.

216 1137 496 1209 Sequitur
528 1154 540 1191 :
597 1136 657 1191 Si
693 1151 818 1205 ergo
859 1136 1146 1190 conveniat
1177 1137 1435 1189 universa
1463 1135 1712 1189 Ecclesia
1744 1134 1803 1187 in

152 1244 348 1297 unum,
380 1232 488 1282 etc.
519 1226 588 1280 Et
616 1229 702 1279 est
732 1240 943 1279 sensus
972 1240 985 1277 :
1024 1223 1083 1278 Si
1115 1240 1318 1278 omnes
1352 1223 1407 1277 in
1444 1240 1631 1277 unum
1664 1239 1800 1277 con-

152 1316 424 1380 veniatis,
456 1320 512 1369 et
541 1330 739 1369 omnes
769 1313 989 1384 linguis
1021 1312 1347 1385 loquamini
1380 1312 1617 1383 ignotis,
1651 1329 1799 1367 nun-

158 1404 296 1475 quid
330 1420 439 1459 non
470 1402 681 1458 dabitis
712 1402 1077 1458 occasionem
1112 1401 1572 1472 reprehendendi
1598 1400 1624 1453 Ῥ
1655 1403 1802 1466 Quo-

152 1493 308 1547 niam
340 1493 389 1547 si
420 1492 637 1547 intrent
666 1491 880 1557 idiotas,
904 1496 1004 1545 aut
1033 1490 1324 1554 inﬁdeles,
1356 1491 1552 1546 dicent
1580 1508 1679 1545 vos
1710 1490 1797 1545 in-

152 1581 339 1637 sanire
370 1584 428 1635 et
454 1584 721 1636 amentes
750 1596 899 1635 esse.
936 1582 993 1635 Si
1027 1583 1223 1634 autem
1258 1595 1460 1634 omnes
1492 1579 1797 1651 prophete-

151 1668 243 1734 tis,
274 1671 330 1723 et
378 1668 601 1723 intrent
649 1666 859 1735 idiotis,
893 1671 994 1721 aut
1040 1666 1327 1734 inﬁdeles,
1360 1669 1701 1722 convincitur
1732 1669 1798 1722 ab

1918 511 2122 565 mulati
2158 512 2475 567 deteriores
2523 514 2746 581 ﬁerent,
2782 531 2846 568 eo
2898 515 3051 585 quod
3103 515 3403 570 crederent
3454 518 3564 572 dici

1916 600 2023 654 hoc
2056 600 2409 655 invidentia:
2444 604 2916 657 condescendens
2948 605 3240 658 concessit
3267 604 3381 659 illis
3404 604 3565 677 loqui

1916 688 2156 759 linguis,
2186 706 2317 744 cum
2352 690 2470 744 ait:
2505 692 2631 744 Sive
2654 692 2845 760 lingua
2878 694 2996 762 quis
3018 692 3280 762 loquitur.
3306 694 3375 748 Et
3404 699 3562 763 nota,

1917 795 2091 848 quam
2128 784 2465 850 temperate.
2500 779 2810 834 Secundum
2849 780 3003 847 duos,
3036 782 3246 851 inquit,
3279 792 3375 838 aut
3420 785 3563 838 mul-

1916 870 2033 921 tum
2063 870 2191 929 tres,
2216 873 2271 922 et
2302 867 2407 922 hos
2438 886 2549 922 non
2580 867 2776 935 simul,
2801 870 2901 923 sed
2929 886 3028 940 per
3051 879 3254 939 partes.
3282 872 3414 927 Ideo
3446 889 3559 928 non

1917 972 2120 1011 omnes
2152 958 2455 1026 concessit,
2492 974 2562 1011 ne
2592 958 2797 1013 darent
2830 958 3163 1014 inﬁdelibus
3194 960 3559 1017 occasionem

1914 1044 2375 1115 reprehendendi
2407 1062 2418 1099 :
2453 1045 2696 1117 ideoque
2727 1063 2842 1101 non
2874 1047 3046 1101 etiam
3079 1051 3198 1103 tres
3228 1048 3426 1119 simul,
3456 1051 3556 1105 sed

1914 1132 2109 1203 potius
2139 1138 2202 1187 ut
2232 1134 2411 1188 altero
2444 1133 2734 1204 loquente,
2769 1134 2915 1189 alter
2946 1140 3149 1200 taceat,
3184 1152 3254 1191 ne
3296 1138 3439 1193 forte
3471 1143 3556 1193 to-

1912 1225 2037 1274 tum
2071 1227 2421 1293 occuparent
2448 1222 2623 1289 diem,
2660 1228 2715 1277 et
2747 1240 2861 1277 non
2896 1224 3131 1278 daretur
3175 1226 3419 1281 facultas
3471 1226 3557 1281 lo-

1915 1310 2128 1381 quendi
2163 1312 2233 1365 ad
2264 1310 2729 1367 mdiﬁcationem.
2756 1313 2821 1366 Et
2844 1317 2997 1379 nota,
3024 1314 3161 1385 quia
3183 1314 3263 1368 ita
3289 1314 3395 1369 hoc
3422 1332 3558 1371 con-

1912 1399 2082 1465 cedit,
2108 1405 2171 1453 ut
2192 1401 2345 1455 adsit
2366 1400 2461 1471 qui
2488 1402 2894 1471 interpretetur,
2920 1401 3201 1474 alioquin,
3228 1404 3351 1469 sibi,
3376 1412 3426 1458 et
3454 1405 3559 1460 soli

1912 1488 2016 1542 Deo
2042 1488 2317 1560 loquatur.
2340 1490 2505 1555 Nota,
2533 1490 2670 1562 quia
2700 1490 2971 1545 similiter
2992 1496 3216 1547 certum
3244 1510 3556 1549 numerum

1912 1578 2073 1646 ponit
2104 1578 2175 1631 de
2209 1578 2530 1649 prophetis.
2568 1579 2874 1651 PrOphetse,
2910 1580 3120 1649 inquit,
3154 1581 3280 1648 duo,
3312 1591 3409 1636 aut
3452 1591 3557 1638 tres

1908 1664 2091 1720 dicant
2120 1668 2285 1735 (647).
2314 1670 2501 1732 Quare
2536 1685 2647 1722 non
2674 1685 2877 1724 omnes
2899 1670 2925 1722 ‘3
2956 1668 3259 1738 Videlicet,
3279 1674 3343 1724 ut
3368 1670 3555 1725 cazteri

152 1757 413 1823 omnibus,
441 1756 791 1828 dijudicatur
820 1756 888 1811 ab
916 1757 1172 1812 omnibus
1199 1775 1217 1809 :
1249 1756 1537 1822 videlicet,
1563 1756 1796 1813 convin-
1827 1792 1875 1855 Β
1910 1754 2285 1827 interrogent.
2322 1756 2385 1809 Et
2416 1756 2523 1811 hoc
2552 1762 2657 1821 est,
2693 1759 2844 1827 quod
2880 1758 3149 1827 adjunxit
3182 1776 3192 1813 ε
3243 1758 3439 1815 Ca’teri
3465 1761 3553 1816 di-

153 1848 315 1913 citur,
348 1851 404 1901 et
432 1846 819 1917 dijudicatur,
853 1846 992 1915 quia
1022 1844 1297 1916 intelligit
1329 1861 1390 1901 se
1440 1845 1705 1915 intelligi,
1740 1852 1797 1901 et
1829 1842 1874 1855 ’¹
1898 1842 2147 1913 judicent
2178 1861 2195 1896 :
2230 1844 2336 1897 hoc
2368 1850 2473 1909 est,
2508 1846 2553 1898 si
2588 1845 2807 1916 aliquid
2840 1846 3153 1915 occultum,
3189 1854 3291 1902 aut
3322 1854 3549 1904 contra-

156 1935 449 1991 manifeste
480 1935 680 1990 omnia
710 1951 845 1989 vera
872 1951 999 1989 esse
1040 1935 1306 2006 agnoscit
1334 1951 1460 2005 qua:
1495 1935 1792 1990 dicuntur.

156 2024 467 2095 Sequitur:
524 2026 589 2079 Et
639 2023 849 2078 occulta
899 2022 1081 2079 cordis
1136 2026 1428 2092 manifesta
1484 2024 1643 2092 ﬁunt.
1695 2024 1795 2079 His

157 2112 481 2169 manifestat
505 2112 717 2175 verbis,
742 2113 882 2182 quia
902 2111 1206 2183 prophetia
1228 2129 1342 2167 non
1366 2116 1454 2167 est
1475 2111 1794 2167 solummo-

155 2203 222 2256 do
254 2203 445 2257 futura
478 2202 813 2273 praedicere,
845 2202 947 2256 sed
997 2200 1173 2256 etiam
1206 2201 1454 2267 occulta,
1488 2201 1796 2271 praesentia

154 2293 474 2346 monstrare
508 2307 521 2344 :
576 2306 733 2355 nam,
768 2288 922 2344 sicut
951 2289 1022 2343 ab
1067 2288 1253 2345 oculis
1286 2288 1502 2346 nostris
1535 2306 1651 2344 rem
1684 2289 1797 2344 ali-

153 2395 327 2449 quam
370 2382 637 2449 tempora
682 2378 879 2432 futura
926 2377 1222 2433 occultant
1272 2378 1355 2433 sic
1404 2382 1461 2433 et
1509 2376 1794 2433 mentium

155 2464 517 2531 abscondita,
543 2470 600 2518 et
620 2464 875 2519 locorum
896 2465 1180 2520 absentia.
1206 2465 1350 2519 Hinc
1376 2470 1465 2521 est
1485 2466 1637 2536 quod
1668 2466 1797 2521 hea-

153 2558 247 2608 tus
268 2570 417 2625 papa
431 2552 1007 2624 Gregoriusloquens
1024 2554 1094 2607 de
1119 2554 1431 2624 generibus
1454 2553 1792 2625 prophetiae,

152 2658 327 2696 unum
348 2658 539 2713 genus
561 2657 688 2696 esse
718 2642 861 2696 dicit
882 2642 1172 2711 ejusdem,
1198 2641 1425 2697 occulta
1445 2641 1637 2697 cordis
1671 2659 1793 2697 ma-

152 2731 415 2787 nifestare
439 2757 453 2797 ;
488 2729 591 2801 qui
619 2729 794 2786 etiam
829 2731 900 2785 ad
924 2730 1427 2786 conﬁrmationem
1456 2748 1574 2786 suae
1600 2749 1796 2787 narra-

156 2820 317 2875 tionis
344 2819 451 2875 hoc
472 2818 744 2890 Apostoli
764 2835 962 2887 assum
974 2819 1090 2890 psit
1109 2819 1461 2891 exemplum.
1488 2820 1796 2891 Prophetia

153 2914 237 2963 est
263 2910 435 2975 enim,
460 2926 592 2980 qus
618 2907 757 2962 alibi
785 2912 1086 2979 geruntur,
1112 2925 1243 2962 cum
1272 2925 1387 2963 non
1416 2908 1491 2963 sit
1517 2926 1792 2979 praesens,

155 2999 464 3053 ostendere.
492 2998 663 3053 Sicut
694 2997 765 3051 de
792 2996 979 3052 Eliseo
1006 2996 1235 3068 legitur,
1262 2998 1357 3068 qui
1384 2996 1523 3052 alibi
1546 2998 1791 3069 positus,

155 3086 287 3156 quid
309 3085 444 3141 alibi
472 3102 684 3141 servus
706 3086 837 3155 ejus
856 3085 1009 3140 Giezi
1033 3086 1278 3158 gesserit
1300 3088 1533 3157 agnovit
1555 3089 1645 3157 (IV
1665 3089 1787 3157 Reg.

153 3191 203 3241 v,
235 3176 343 3245 26).
375 3175 654 3247 Sequitur
689 3191 701 3228 :
734 3174 799 3229 Et
829 3176 908 3228 ita
938 3176 1132 3230 cadens
1162 3177 1221 3229 in
1253 3179 1456 3231 terram
1488 3176 1635 3245 (645)
1666 3175 1794 3230 ado-
1829 3159 1869 3223 C

155 3264 294 3318 rabit
314 3265 476 3319 Deum
498 3283 523 3329 ;
557 3263 698 3335 quia
727 3261 873 3317 nihil
906 3264 1067 3318 audit
1088 3264 1428 3329 obscurum,
1460 3264 1605 3318 nihil
1641 3268 1797 3319 tene-

156 3351 402 3420 brosum,
420 3352 574 3408 nihil
594 3353 880 3416 fucatam,
897 3350 1158 3422 nihilque
1181 3352 1600 3422 duplum,nihil
1621 3353 1797 3408 etiam

150 3439 415 3506 velatum,
441 3459 553 3498 ceu
588 3442 648 3495 in
681 3440 969 3496 idolorum
1008 3441 1177 3495 fanis.
1214 3441 1506 3496 Idolorum
1542 3458 1797 3513 namque

151 3532 471 3586 sacerdotes
514 3530 707 3585 solent
747 3530 936 3584 velare
985 3529 1159 3585 facies
1208 3529 1537 3595 hominum,
1571 3536 1634 3585 ut
1680 3549 1792 3586 non

150 3617 380 3673 videant
404 3618 746 3685 falsitatem;
773 3635 802 3672 e
825 3619 1113 3674 contrario
1128 3618 1402 3687 Ecclesia,
1418 3619 1556 3690 quia
1572 3618 1794 3675 nullam

154 3706 326 3761 habet
354 3706 694 3776 falsitatem,
728 3708 827 3763 sed
860 3724 1095 3762 omnem
1126 3707 1453 3777 veritatem,
1488 3726 1602 3763 non
1648 3709 1797 3764 velat

154 3794 345 3851 oculos
363 3813 525 3860 suos,
546 3796 644 3850 sed
670 3795 863 3867 potius
880 3800 1045 3866 rogat
1063 3801 1127 3850 ut
1144 3797 1501 3867 aperiantur,
1517 3798 1790 3853 dicendo:

150 3885 332 3940 Revela
356 3889 550 3942 oculos
578 3889 788 3941 nostros
819 3884 998 3955 (Psal.
1025 3901 1221 3952 cxvm,
1255 3886 1364 3955 18),
1400 3892 1509 3941 etc.

216 3974 480 4046 Sequitur
514 3994 535 4030 :
594 3975 735 4042 Quid
781 3990 907 4043 ergo
951 3978 1051 4044 est,
1082 3976 1286 4043 fratres
1312 3978 1337 4028 ?
1368 3976 1481 4031 Hoc
1511 3981 1619 4041 est,
1652 3976 1791 4048 quid

150 4061 468 4132 dicendum,
517 4064 668 4134 quid
723 4062 1075 4135 eligendum,
1109 4068 1335 4135 quodve
1389 4066 1791 4137 accipiendum

150 4151 440 4209 consilium
463 4154 490 4208 ‘t
528 4152 699 4215 Quod
733 4152 1047 4209 consilium
1069 4152 1231 4208 vobis
1264 4154 1342 4209 sit
1372 4155 1793 4222 necessarium,

148 4254 244 4309 ego
272 4243 609 4297 ostendam.
644 4240 777 4296 Cum
812 4243 1139 4309 convenitis,
1182 4242 1395 4312 inquit,
1428 4246 1795 4314 unusquisque

144 4332 371 4384 vestrum
393 4331 694 4402 psalmum
728 4330 908 4399 habet,
932 4334 1039 4386 etc.
1067 4330 1136 4384 Et
1165 4334 1255 4384 est
1275 4347 1482 4386 sensus
1507 4348 1519 4384 :
1553 4332 1658 4395 Qui
1691 4332 1791 4387 ha-

144 4415 234 4472 bet
264 4419 567 4489 psalmum
612 4418 827 4485 laudis,
862 4419 1138 4490 loquatur
1188 4417 1460 4486 laudem;
1494 4422 1593 4491 qui
1635 4420 1794 4476 habet

150 4504 442 4563 doctrinam
464 4507 1421 4575 exhortationis,exhortationem;
1449 4513 1505 4562 et
1531 4508 1627 4579 qui
1651 4510 1793 4580 Apo-
1824 4529 1872 4591 D

147 4593 414 4665 calypsin,
438 4596 855 4654 revelationem
878 4614 892 4664 ;
918 4601 977 4652 et
997 4597 1097 4667 qui
1127 4597 1404 4667 linguam,
1425 4600 1481 4651 et
1503 4597 1600 4667 qui
1626 4600 1794 4654 inter-

146 4686 495 4749 pretationem
513 4683 823 4751 similiter;
841 4690 896 4739 et
914 4684 1323 4755 unusquisque
1340 4685 1796 4756 gratiam,quam

148 4770 385 4840 accepit,
412 4772 711 4845 loquatur,
740 4777 1143 4827 verumtamen
1167 4772 1239 4827 ad
1263 4771 1628 4843 singulorum
1651 4776 1798 4830 sedi-

146 4857 492 4923 ﬁcationem;
526 4863 686 4918 unde
717 4862 912 4933 inquit
943 4878 955 4917 :
1011 4860 1209 4917 Omnia
1258 4862 1328 4916 ad
1378 4863 1799 4933 aediﬁcationem

148 4943 295 5011 ﬁant.

212 5040 282 5089 At
330 5055 482 5105 vero,
528 5039 674 5111 quia
722 5039 913 5111 gratia
966 5038 1301 5109 linguarum
1354 5039 1505 5094 inter
1552 5042 1799 5097 varieta-

150 5124 257 5177 tem
281 5124 571 5183 donorum
601 5133 969 5193 annumerat,
989 5144 1123 5182 cum
1150 5128 1393 5183 vidisset
1414 5145 1511 5184 eos
1533 5146 1669 5200 erga
1691 5130 1799 5186 hoc

150 5209 358 5269 donum
390 5218 569 5286 (646),
628 5223 683 5273 et
735 5217 846 5272 hoc
893 5217 1085 5286 majus
1118 5234 1231 5287 prae
1262 5216 1487 5272 caeteris
1509 5218 1797 5287 judicare,

235 5318 358 5394 645)
392 5321 565 5393 Vulg.
601 5325 666 5378 in
695 5326 917 5394 faciem.

148 5390 358 5515 dig“)
392 5390 543 5465 Erga
593 5390 702 5451 hoc
741 5396 943 5451 donum
985 5411 1282 5467 propensos
1337 5395 1653 5467 legendum
1695 5398 1796 5468 ju-

392 5536 590 5611 lzlicin
622 5542 818 5610 autog.
856 5554 1037 5608 marg.
1070 5537 1286 5611 legitur
1314 5556 1442 5611 cap.
1478 5538 1673 5594 LXIII.

216 5603 359 5681 (648)
392 5606 659 5665 Verbum
690 5603 1072 5682 supermittas,
1106 5603 1262 5684 q'uod
1317 5603 1623 5685 perperam
1669 5615 1801 5685 post

464 5736 737 5808 Pareat.
784 5736 1101 5803 CXXXIV.

1907 1934 2059 1986 rium
2092 1932 2281 1987 visum
2318 1934 2508 2003 fuerit,
2544 1934 2921 2005 interrogent.

1981 2022 2257 2092 Sequitur
2290 2038 2301 2075 :
2364 2023 2521 2092 Quod
2550 2024 2600 2075 si
2626 2023 2731 2076 alii
2760 2023 3059 2077 rsrelalum
3087 2026 3275 2093 luerit,
3309 2030 3415 2080 etc.
3454 2026 3548 2080 Ri-

1907 2114 2033 2164 tum
2054 2115 2389 2181 namque,et
2412 2127 2628 2165 morem
2651 2126 2957 2182 synagogas
2975 2112 3249 2181 gentibus
3267 2112 3548 2180 insinuat,

1908 2198 2127 2269 quibus
2161 2198 2525 2269 loquebatur.
2561 2200 2875 2271 Synagogae
2928 2215 3135 2271 nempe
3187 2203 3549 2257 consuetudo

1906 2291 2049 2354 erat,
2075 2292 2138 2341 ut
2167 2287 2571 2343 convenientes
2594 2288 2651 2341 in
2678 2304 2881 2355 unum,
2913 2288 3167 2343 seniores
3198 2290 3433 2360 quidem
3459 2308 3549 2347 se-

1906 2376 2110 2429 derent
2139 2375 2197 2429 in
2231 2375 2542 2445 cathedris,
2566 2377 2833 2447 juniores
2862 2393 2995 2431 vero
3026 2379 3084 2431 in
3118 2376 3408 2447 scabellis,
3441 2380 3550 2434 mi-

1908 2464 2052 2518 nimi
2077 2480 2311 2536 quoque
2344 2464 2398 2519 in
2433 2465 2762 2536 pavimento
2786 2466 2953 2536 (648).
2980 2467 3096 2521 Hoc
3119 2467 3391 2534 ostendit,
3415 2484 3549 2523 cum

1906 2552 2047 2607 dicit
2072 2570 2084 2607 :
2114 2554 2263 2621 Quod
2282 2555 2331 2609 si
2349 2555 2453 2609 alii
2474 2556 2774 2610 revelatum
2796 2558 2993 2625 fuerit,
3012 2561 3121 2611 etc.
3147 2555 3343 2625 Monet
3368 2557 3548 2626 enim,

1906 2646 1970 2696 ut
2001 2648 2187 2697 taceat
2216 2642 2414 2713 prior,-
2445 2644 2584 2714 quia
2609 2644 2757 2699 sicut
2780 2645 2902 2716 ipse
2926 2662 3039 2700 non
3066 2646 3263 2701 omnia
3284 2662 3546 2718 compre-

1904 2730 2155 2786 hendere
2178 2736 2385 2803 potest,
2403 2732 2484 2786 sic
2506 2736 2561 2786 et
2582 2733 2690 2788 iste
2712 2750 2826 2788 non
2848 2734 2919 2788 ab
2944 2734 3218 2790 omnibus
3237 2735 3544 2791 alienatur.

1906 2820 1972 2873 Et
2004 2820 2142 2891 quia
2173 2836 2321 2891 saepe
2352 2820 2505 2876 Deus
2536 2820 2682 2876 solet
2713 2822 2965 2877 revelare
2989 2823 3214 2893 juniori
3243 2825 3395 2895 quod
3430 2842 3545 2879 non

1906 2908 2120 2963 revelat
2151 2908 2376 2980 majori,
2411 2909 2675 2980 sequitur
2709 2929 2722 2965 ;
2770 2913 3006 2967 Potestis
3053 2915 3200 2967 enim
3237 2929 3421 2968 omnes
3447 2930 3549 2985 per

1903 2998 2151 3065 singulos
2178 2999 2505 3067 prophetare
2532 3016 2550 3059 ;
2585 2999 2751 3070 quasi
2784 3000 2998 3055 diceret
3029 3018 3040 3056 :
3075 3002 3290 3058 Omnes
3322 3002 3548 3058 habetis

1905 3086 2148 3156 gratiam
2184 3086 2519 3159 prephetire.
2549 3089 2610 3142 Et
2638 3091 2870 3159 spiritus
2898 3090 3291 3161 prapbelarum
3316 3094 3547 3163 prophe-

1910 3177 1978 3228 tis
2006 3175 2232 3240 subiecti
2258 3184 2403 3230 sunt.
2438 3175 2685 3231 Pulchre
2716 3176 2856 3230 dicit
2888 3194 2901 3231 ε
2933 3178 3169 3249 Subjecli
3202 3185 3327 3233 sunt
3356 3199 3372 3241 ;
3406 3197 3549 3250 quo-

1906 3264 2063 3317 niam
2097 3263 2349 3334 Spiritus
2380 3269 2619 3319 sanctus
2651 3265 2732 3318 sic
2764 3281 2966 3319 omnes
3000 3266 3200 3337 replet,
3226 3272 3289 3321 ut
3320 3268 3429 3323 sibi
3462 3269 3549 3322 in-

1904 3353 2089 3408 vicem
2121 3370 2325 3407 omnes
2355 3353 2719 3419 subdantur;
2753 3354 2907 3408 verbi
2932 3354 3137 3424 gratia,
3162 3355 3244 3409 sic
3266 3361 3321 3410 te
3346 3355 3548 3427 replet,

1906 3446 1972 3495 ut
1999 3458 2101 3512 per
2126 3440 2521 3497 humilitatem
2545 3441 2818 3495 subdaris
2842 3441 3015 3509 illi,et
3039 3442 3228 3511 illum,
3254 3449 3318 3498 ut
3340 3445 3551 3499 subda-

1904 3535 2002 3584 tur
2025 3530 2149 3585 tibi.
2186 3530 2441 3601 Respicit
2466 3530 2638 3584 ctiam
2674 3530 2793 3585 haec
2818 3533 3106 3586 sententia
3135 3532 3205 3586 ad
3237 3532 3365 3600 hoc,
3391 3534 3547 3603 quod

1906 3620 1987 3674 ait
2017 3619 2290 3690 superius
2324 3635 2334 3673 :
2371 3620 2429 3673 Si
2459 3620 2755 3674 revelatum
2785 3623 2959 3690 [uerit
2982 3622 3219 3691 juniori,
3253 3627 3359 3677 etc.
3388 3622 3548 3677 Unde

1906 3712 1961 3762 et
2010 3724 2141 3761 mox
2192 3708 2539 3777 subjunxit:
2590 3710 2707 3763 Non
2756 3714 2833 3763 est
2878 3710 3228 3766 dissensionis
3268 3713 3424 3778 Deus,
3457 3711 3548 3766 sed

1901 3798 2075 3868 pacis.
2108 3796 2230 3850 Non
2259 3802 2347 3851 est
2368 3797 2522 3853 Deus
2554 3797 2973 3867 dissensionis;
3009 3799 3145 3871 quia
3174 3802 3229 3855 in
3264 3800 3548 3872 propheta

1906 3902 2019 3941 non
2052 3891 2139 3939 est
2170 3885 2480 3953 dissensio,
2516 3886 2668 3941 sicut
2699 3888 2757 3941 in
2789 3886 3122 3959 linguarum
3156 3891 3450 3945 varietate.

1976 3974 2251 4044 Sequitur
2291 3992 2303 4029 :
2355 3976 2511 4030 Sicut
2561 3977 2621 4030 in
2668 3978 2923 4031 omnibus
2957 3980 3205 4033 Ecclesits
3233 3990 3549 4036 sanctorum

1902 4062 2087 4118 doceo.
2120 4066 2251 4117 Haec
2276 4064 2403 4117 ideo
2436 4063 2582 4117 dixit
2609 4065 2941 4135 Apostolus,
2968 4071 3030 4120 ut
3060 4072 3115 4121 et
3144 4084 3269 4136 quae
3300 4068 3546 4137 scripse-

1904 4157 1995 4207 rat
2028 4150 2247 4207 arctius
2272 4168 2471 4206 eorum
2505 4152 2778 4206 cordibus
2802 4153 3271 4221 inculcarentur;
3307 4160 3381 4220 et,
3406 4160 3550 4210 dum

1903 4257 1971 4295 ea
2001 4239 2271 4294 audirent
2300 4240 2499 4308 scribi,
2535 4256 2659 4310 qua:
2690 4241 2747 4293 in
2781 4240 2916 4295 aliis
2950 4241 3219 4298 Ecclesiis
3252 4244 3548 4310 docuerat,

1904 4328 2146 4400 puderet
2175 4345 2273 4383 eos
2304 4345 2335 4381 a
2365 4326 2740 4398 generalitate
2771 4328 2889 4382 fore
2921 4328 3159 4385 alienos.

1976 4418 2121 4488 (649)
2153 4417 2405 4471 Mulieres
2438 4418 2492 4471 in
2525 4418 2749 4472 ecclesia
2779 4422 3011 4472 taceant.
3045 4420 3127 4473 Ad
3162 4425 3410 4490 emptam
3461 4420 3550 4475 in-

1905 4506 2224 4562 tentionem
2246 4506 2571 4563 revertitur.
2589 4506 3056 4579 Reprehenderat
3072 4507 3341 4579 superius
3358 4508 3554 4564 Corin-

1908 4596 2079 4665 thios,
2114 4612 2178 4651 eo
2230 4596 2383 4668 quod
2441 4596 2629 4651 criniti
2684 4596 3035 4667 incederent,
3078 4602 3134 4652 et
3186 4596 3453 4663 feminas,
3487 4615 3555 4654 eo

1905 4686 2055 4753 quod
2083 4685 2302 4756 absque
2324 4684 2627 4740 velamine.
2654 4686 2958 4757 Deinceps,
2986 4686 3340 4758 quibusdam
3374 4687 3557 4742 inser-

1906 4773 2003 4838 tis,
2032 4774 2102 4828 ad
2127 4779 2371 4845 emptam
2396 4776 2774 4831 intentionem
2804 4780 3118 4842 revertens,
3150 4780 3212 4831 ut
3243 4777 3398 4848 quod
3423 4777 3554 4832 dee-

1907 4867 2016 4931 rat,
2052 4864 2367 4934 suppleret,
2402 4864 2708 4935 subjunxit
2740 4882 2751 4918 :
2808 4866 3075 4921 Mulieres
3108 4868 3161 4921 in
3203 4869 3437 4923 ecclesia
3466 4876 3557 4922 ta-

1906 4961 2059 5013 ceat;
2090 4954 2233 5007 sicut
2258 4962 2307 5008 et
2338 4954 2429 5008 lea:
2452 4955 2581 5009 dicit
2612 4955 2711 5021 ibi,
2738 4954 2837 5009 ubi
2875 4954 3086 5027 legitur
3112 4975 3123 5011 :
3159 4957 3272 5012 Sub
3297 4962 3559 5028 potestate

1906 5043 2019 5095 viri
2047 5043 2181 5111 eris,
2213 5050 2263 5095 et
2296 5044 2407 5112 ipse
2437 5042 2812 5097 dominabitur
2840 5048 2925 5099 tui
2974 5044 3126 5117 (Gen.
3176 5063 3260 5117 ιιι,
3309 5048 3387 5118 6),
3440 5046 3560 5101 sive

1908 5130 2055 5197 ideo,
2092 5130 2229 5201 quia
2260 5132 2482 5184 auctrix
2517 5132 2625 5186 fuit
2666 5132 2863 5203 prima:
2896 5135 3405 5205 transgressionis,
3439 5135 3559 5189 sive

1909 5218 2047 5289 quia
2072 5219 2142 5272 de
2167 5221 2324 5271 costa
2346 5216 2449 5270 viri
2476 5219 2723 5274 formata
2748 5225 2853 5275 est.
2884 5220 3046 5276 Unde
3070 5228 3125 5276 et
3151 5224 3291 5278 Sara
3314 5221 3558 5292 loquens

1908 5326 2219 5406 pavimento
2250 5322 2462 5402 legitur
2484 5322 2539 5376 in
2570 5330 2795 5406 autog,
2822 5328 2954 5395 jure
2985 5329 3207 5406 optimo
3229 5344 3561 5406 expungen-

1908 5393 2049 5522 gupi
2077 5393 2499 5515 judigpavimus,
2525 5394 2637 5448 nisi
2666 5393 2840 5467 super
2856 5393 3039 5454 muros
3070 5400 3257 5471 legere
3288 5393 3557 5469 velimus,
3607 5422 3611 5427 ·

1960 5484 1987 5521 c
2023 5506 2035 5518 .
2070 5481 2164 5522 xx.
2239 5503 2250 5515 .

1960 5481 2035 5521 et.
2070 5481 2164 5529 xx,
2196 5481 2250 5515 υ.

1982 5536 2137 5608 (649)
2169 5533 2233 5588 In
2265 5534 2461 5603 autog.
2494 5548 2680 5607 marg.
2714 5536 2809 5592 hic
2839 5538 3053 5613 legitur
3084 5556 3210 5614 cap.
3247 5540 3437 5601 LXIV.

3168 5745 3243 5814 13
