3990 6224
405 297 522 357 395

1447 294 1782 355 ΑΤΤΟΝ18
1829 291 2405 355 VERCELLENSIS
2449 291 2797 354 EPlSCOPl

3713 295 3835 354 396

407 429 480 485 ad
506 428 824 494 Abraham,
851 427 1155 484 dominum
1179 445 1313 483 eum
1335 431 1516 482 vocat.
1541 428 1651 482 Sed
1675 428 1861 482 oritur
1892 443 2048 497 quzev
2083 425 2138 491 Α
2170 430 2278 479 rat.
2311 429 2442 479 Erat
2463 425 2640 480 etiam
2667 427 2821 497 apud
2845 426 2976 481 illos
2998 426 3121 481 hzec
3153 443 3330 498 prava
3355 427 3594 482 traditio
3621 443 3633 482 :
3669 429 3833 492 Quo-

407 515 512 583 tio,
544 533 723 588 quare
754 515 910 571 dicat
963 515 1235 572 mulieres
1284 516 1342 570 in
1397 515 1643 571 ecclesia
1674 521 1884 584 tacere,
1920 530 2052 570 cum

409 603 546 661 alibi
572 605 775 660 doceat
804 621 902 660 eas
927 621 1153 661 servare
1185 621 1332 676 opus
1365 605 1599 675 pietatis
1633 605 1684 658 in
1719 605 1916 659 eadem
1951 604 2052 658 do-

411 693 738 749 ctrina.Sed
761 693 1003 749 solvitur
1027 693 1141 748 ita:
1169 693 1228 747 In
1255 691 1529 748 Ecclesiis
1553 693 1880 764 prohibuit;
1915 691 2053 745 alibi

411 783 719 838 concessit.
755 783 820 838 Et
850 782 958 838 hoc
987 786 1092 852 est,
1127 782 1280 853 quod
1315 781 1456 836 dicit
1489 797 1501 836 :
1554 783 1712 837 Domi
1751 784 1896 837 viros
1925 798 2054 835 suos

410 872 769 942 interrogent.
797 871 1166 943 Superﬂuum
1188 870 1479 925 videretur
1504 870 1561 924 in
1585 870 1845 925 ecclesiis
1869 870 2053 940 prohi-

411 959 568 1028 bere,
597 960 706 1016 nisi
739 959 875 1015 alibi
906 959 1309 1016 concessisset.
1339 961 1510 1031 Turpe
1541 968 1620 1014 est
1646 961 1793 1014 enim
1825 961 2054 1014 mulieri

410 1050 468 1103 in
501 1047 751 1114 ecclesia,
785 1055 892 1104 etc.
926 1048 1048 1104 Non
1097 1048 1291 1104 solum
1347 1048 1486 1115 illis,
1520 1051 1619 1104 sed
1671 1051 1846 1104 etiam
1885 1049 2047 1104 viris.

409 1135 475 1191 Et
505 1137 554 1192 si
587 1136 831 1192 subditas
857 1137 1070 1193 debent
1097 1154 1226 1194 esse
1251 1137 1411 1207 viris,
1438 1138 1620 1193 multo
1650 1138 1838 1209 magis
1861 1154 2048 1193 sacer-

406 1224 662 1281 dotibus.

475 1315 559 1369 An
588 1333 621 1370 α
650 1315 800 1371 vobis
823 1317 1052 1371 verbum
1069 1317 1162 1371 De:
1182 1319 1482 1387 processit?
1503 1320 1611 1372 etc.
1632 1316 1866 1370 Tumidi
1893 1332 2052 1370 nam-

405 1419 518 1475 que
572 1409 737 1460 erant
783 1404 1090 1471 Corinthii,
1123 1404 1382 1460 dicentes
1431 1405 1831 1460 credulitatem
1884 1421 2048 1459 suam

406 1492 596 1565 magis
614 1493 891 1564 prodesse
908 1493 1208 1565 apostolis,
1224 1509 1400 1564 quam
1420 1493 1801 1565 sibimetipsis
1821 1519 1834 1561 ;
1854 1510 2052 1564 quem-

407 1582 726 1636 admodum
749 1581 798 1637 si
817 1582 950 1653 quis
975 1582 1186 1638 habeat
1207 1599 1328 1637 rem
1347 1583 1602 1653 aliquam
1627 1582 1886 1638 venalem
1916 1599 2050 1636 con-

406 1672 690 1741 temptam
711 1671 782 1725 ab
805 1670 1102 1736 omnibus,
1118 1676 1346 1742 emptor
1365 1676 1657 1726 extremus
1677 1688 1782 1742 pro
1810 1686 2049 1725 munere

409 1759 668 1830 deputet.
698 1759 923 1861 Adhoc
954 1759 1208 1861 respicit,
1243 1777 1376 1861 cum
1428 1760 1568 1861 dicit
1602 1777 1616 1815 :
1672 1762 1750 1814 An
1780 1761 2046 1861 cenabis,
2079 1795 2128 1861 B

407 1851 549 1916 etc.;
582 1849 750 1919 quasi
775 1848 1024 1904 diceret:
1054 1849 1177 1904 Non
1208 1848 1576 1904 solummodo
1597 1866 1695 1904 vos
1719 1850 2048 1906 credidistis

406 1937 478 1992 ad
503 1953 692 1992 meam
721 1937 1210 2009 praedicationem,
1227 1940 1324 1993 sed
1349 1938 1544 2005 etiam,
1561 1945 1670 1993 etc.
1692 1940 1760 1993 Et
1776 1940 2050 2011 jungitur

406 2023 490 2080 illi
515 2024 638 2081 loco
669 2025 976 2098 superiori,
1001 2027 1099 2081 ubi
1126 2026 1376 2098 legitur:
1408 2028 1562 2082 Sicut
1589 2029 1649 2082 in
1676 2029 1927 2082 omnibus
1948 2029 2046 2082 Ec-

400 2114 589 2170 clesiis
617 2117 928 2171 sanctorum
957 2116 1133 2172 doceo.
1166 2117 1235 2171 Et
1264 2133 1335 2170 ne
1367 2116 1636 2171 doctrina
1662 2115 1840 2184 illius,
1870 2117 2049 2172 veluti

403 2203 532 2276 puri
556 2203 835 2272 hominis,
858 2209 1348 2273 contemneretur,
1373 2206 1675 2276 subjunxit
1699 2224 1711 2260 :
1737 2206 1802 2262 Si
1821 2209 1944 2276 quis
1965 2208 2044 2261 vi-

397 2292 559 2348 detur
576 2295 854 2365 propheta
874 2310 1004 2362 esse,
1020 2299 1161 2362 etc.;
1186 2295 1354 2366 quasi
1377 2294 1618 2360 diceret;
1645 2295 1832 2351 Nolite
1855 2312 2044 2350 meam

399 2381 747 2451 doctrinam,
780 2382 957 2438 veluti
1013 2384 1141 2454 puri
1191 2383 1466 2450 hominis,
1520 2389 1910 2451 contemnere,
1944 2385 2043 2440 sed

404 2469 574 2541 quasi
597 2469 699 2526 Dei
721 2471 992 2543 recipite;
1017 2471 1156 2543 quia
1175 2472 1405 2527 Domini
1430 2477 1568 2528 sunt
1593 2473 2048 2528 mandata.Tan-

398 2559 486 2631 git
502 2557 679 2614 etiam
696 2560 1341 2632 peeudoapostolos,qui
1359 2578 1473 2616 non
1488 2561 1740 2627 Domini,
1757 2563 1855 2617 sed
1877 2579 2045 2618 suam

401 2647 922 2704 docebant.Terret
942 2648 1122 2705 etiam
1145 2649 1294 2720 illos,
1311 2650 1616 2706 subdendo
1637 2667 1648 2704 :
1672 2651 1733 2706 Si
1753 2653 1871 2723 quis
1893 2653 2045 2722 igno-

398 2742 515 2804 rat,
547 2738 902 2806 ignorabitur
918 2754 940 2800 ;
969 2739 1028 2793 id
1059 2743 1166 2806 est,
1200 2740 1625 2812 reprobabitur.

472 2827 690 2899 Itaque,
720 2829 940 2897 fratres.
974 2832 1113 2883 Post
1144 2828 1359 2884 multas
1390 2831 1804 2901 correptiones,
1841 2831 2047 2888 fratres

402 2931 501 2972 eos
525 2916 798 2988 appellat,
815 2922 879 2972 ut
899 2917 1293 2974 subleventur.
1316 2919 1682 2974 {EmuIamini
1693 2921 2043 2992 prophetare,

407 3012 458 3059 et
486 3004 638 3075 loqui
667 3006 873 3076 linguis
901 3006 1073 3062 nolite
1101 3007 1406 3078 prohibere.
1441 3008 1586 3063 Vide
1615 3025 1791 3080 quam
1825 3014 2043 3082 tempe-

403 3097 526 3149 rate
555 3092 834 3165 loquitur.
861 3099 950 3151 lta
979 3095 1133 3151 enim
1166 3097 1237 3152 ad
1270 3096 1634 3169 prophetiam
1663 3104 1954 3169 provocat,
1981 3104 2069 3154 ut-

2168 514 2324 569 niam
2360 513 2622 568 nonnulli
2656 532 2856 570 eorum
2882 514 3178 571 Christum
3211 517 3606 572 resurrexisse
3627 519 3827 573 crede-

2166 602 2327 670 bant,
2353 604 2422 658 de
2453 602 2701 658 aliorum
2734 605 3156 660 resurrectione
3189 605 3558 660 dubitabant.
3592 607 3824 662 Pseudo

2164 696 2357 746 tamen
2373 693 2617 763 apostoli
2632 693 2929 749 Christum
2951 710 3080 750 resu
3094 694 3340 750 rrexisse
3361 695 3825 768 negabant,quia

2163 786 2220 834 et
2250 785 2453 835 natum
2486 799 2597 836 non
2633 783 2779 853 (651)
2815 783 3149 837 credebant.
3183 789 3550 855 Quapropter
3581 789 3816 855 tractat,

2162 874 2219 924 et
2249 875 2514 924 versatur
2545 871 2786 925 intentio
2819 870 3077 941 Apostoli
3109 888 3245 942 erga
3276 873 3817 930 manifestationem

2163 959 2446 1025 mandati,
2471 964 2526 1013 et
2555 959 2817 1030 disputat
2839 961 3118 1014 adversus
3141 977 3259 1029 eos,
3286 961 3384 1032 qui
3417 967 3538 1016 tam
3569 963 3810 1033 Christi,

2162 1064 2338 1117 quam
2367 1047 2613 1102 aliorum
2649 1049 2938 1119 negabant
2971 1049 3455 1104 resurrectionem
3488 1068 3500 1118 ;
3556 1051 3812 1106 maxime

2159 1140 2352 1190 tamen
2379 1137 2655 1192 adversus
2675 1153 2793 1201 eos,
2818 1138 2914 1208 qui
2938 1137 3231 1193 Christum
3263 1139 3579 1194 credebant
3608 1157 3804 1196 resur-

2163 1225 2399 1292 rexisse,
2416 1225 2486 1279 de
2510 1225 2756 1280 aliorum
2777 1230 2970 1281 tamen
2998 1228 3420 1282 resurrectione
3438 1227 3811 1285 dubitabant.

2163 1314 2356 1367 Bonus
2389 1315 2692 1385 magister,
2725 1315 2826 1385 qui
2859 1331 2972 1370 non
3004 1320 3238 1371 veretur
3266 1333 3334 1371 ea
3371 1333 3504 1387 quae
3534 1317 3816 1374 docuerat

2161 1403 2286 1456 suis
2319 1402 2596 1474 replicare
2629 1402 2952 1474 discipulis.
2992 1405 3116 1458 Haec
3155 1405 3312 1459 enim
3343 1403 3661 1462 liberalitas
3693 1424 3811 1462 non

2161 1491 2355 1556 datur,
2380 1491 2491 1546 nisi
2515 1491 2784 1562 perfectis
2805 1492 3129 1563 magistris.
3154 1497 3433 1548 Caeterum
3458 1493 3808 1566 imperfecti,

2160 1595 2224 1632 ac
2249 1578 2408 1645 mali,
2435 1579 2493 1634 in
2527 1579 2924 1635 recordatione
2955 1596 3181 1651 eorum,
3210 1598 3336 1652 quas
3367 1589 3698 1654 gesserunt,
3722 1585 3811 1640 vel

2160 1667 2502 1735 docuerunt,
2527 1669 2987 1723 contunduntur.
3016 1673 3083 1723 Et
3115 1674 3269 1736 nota,
3305 1670 3444 1740 quia
3476 1671 3811 1742 promiscue

2161 1753 2420 1825 loquitur
2452 1772 2464 1808 :
2499 1757 2769 1826 quadam
2803 1756 3152 1812 conveniunt
3182 1758 3610 1824 recedentibus,
3645 1777 3804 1832 quaa-

2159 1843 2293 1898 dam
2325 1861 2458 1899 vero
2491 1846 2548 1898 in
2583 1845 2694 1899 ﬁde
2727 1846 3224 1917 permanentibus.
3259 1847 3427 1918 Nam,
3454 1849 3609 1920 quod
3643 1849 3806 1917 dicit,

2156 1938 2347 1987 notum
2375 1936 2540 2004 facio,
2572 1933 2688 1989 illis
2721 1934 2822 2004 qui
2853 1940 3211 1990 recesserant
3240 1953 3252 2002 ;
3289 1937 3442 2007 quod
3475 1936 3574 2004 ait,
3610 1940 3666 1992 in
3699 1955 3806 2009 quo

2157 2025 2333 2091 statis,
2367 2021 2485 2078 illis
2517 2023 2616 2092 qui
2650 2022 2708 2076 in
2739 2024 2851 2078 ﬁde
2882 2030 3347 2094 permanserant,
3381 2026 3663 2081 convenit.
3698 2027 3806 2083 Ve-

2159 2128 2312 2177 rum,
2339 2128 2409 2165 ne
2440 2127 2501 2166 se
2522 2117 2826 2166 excusatus
2850 2113 3178 2176 redderent,
3203 2114 3371 2185 quasi
3401 2131 3512 2169 non
3538 2115 3799 2187 accepis-

2158 2206 2308 2266 sent,
2324 2201 2461 2271 quia
2481 2201 2832 2271 praedicavit,
2850 2202 3152 2271 subjunxit
3170 2221 3188 2256 :
3235 2204 3383 2271 Quod
3406 2208 3456 2258 et
3477 2207 3759 2275 accepistis
3783 2222 3802 2257 :

2159 2295 2235 2356 et,
2271 2305 2342 2344 ne
2374 2295 2675 2361 acceptum
2709 2290 2978 2358 reiecisse
3029 2291 3384 2358 viderentur,
3419 2293 3643 2348 addidit
3674 2313 3687 2349 :
3738 2296 3803 2350 In

2159 2395 2262 2449 quo
2309 2385 2359 2434 et
2406 2382 2602 2439 statis;
2654 2379 2916 2434 subdidit
2955 2381 3130 2435 etiam
3165 2398 3178 2436 :
3229 2387 3336 2436 Per
3365 2383 3511 2454 quod
3538 2386 3591 2437 et
3619 2385 3802 2439 salva-

2156 2470 2339 2528 mini;
2371 2468 2480 2524 hoc
2511 2472 2617 2531 est,
2646 2484 2748 2539 per
2773 2469 2927 2540 quod
2958 2468 3209 2524 salutem
3237 2471 3517 2541 consequi
3545 2488 3648 2528 vos
3679 2489 3801 2528 cre-

2157 2557 2317 2611 ditis.

2226 2646 2540 2715 Sequitur:
2574 2647 2691 2713 Qua
2711 2648 2924 2701 ratione
2944 2647 3552 2717 przedicaverintuobis,
3586 2653 3695 2706 etc.
3731 2651 3802 2706 Et

2156 2737 2244 2789 est
2273 2750 2482 2789 sensus
2516 2752 2528 2788 :
2582 2735 2658 2789 Ea
2689 2738 2840 2789 certe
2884 2734 3048 2789 vobis
3079 2736 3401 2807 praedicavi,
3435 2742 3500 2792 ut
3529 2741 3796 2795 omnium

2157 2822 2465 2877 crederetis
2497 2822 2978 2878 resurrectionem
2999 2849 3012 2889 ;
3035 2828 3110 2892 et,
3127 2826 3178 2880 si
3205 2828 3417 2891 tenetis,
3449 2843 3560 2883 non
3589 2831 3801 2899 frustra

2155 2911 2459 2966 credidistis
2478 2929 2498 2973 ,·
2530 2912 2578 2966 si
2613 2915 2806 2967 autem
2831 2928 2943 2967 non
2968 2913 3249 2980 retinetis,
3271 2915 3505 2984 frustra,
3530 2916 3799 2988 inquam,

2154 3001 2483 3056 credidistis.
2509 2999 2614 3055 Ubi
2646 3001 2902 3056 ostendit
2923 3001 3180 3057 fructum
3212 3002 3418 3058 salutis
3452 3005 3705 3069 maxime
3737 3007 3797 3062 in

2155 3089 2268 3144 ﬁde
2326 3089 2607 3144 contineri
2666 3090 3129 3146 resurrectionis.
3189 3092 3516 3163 Sequitur:
3578 3095 3806 3151 Tradidi

401 3181 559 3255 loqui
581 3164 801 3256 linguis
832 3202 945 3241 non
975 3164 1301 3256 prohibeat.
1326 3164 1442 3241 Nos
1472 3186 1626 3242 enim
1651 3164 1806 3244 soliti
1831 3164 2040 3244 sumus

2156 3181 2303 3234 enim
2324 3179 2470 3232 vobis
2503 3180 2562 3232 in
2590 3180 2803 3249 primis,
2829 3183 2937 3233 etc.
2965 3179 3127 3242 Quod
3154 3196 3286 3235 vero
3308 3180 3469 3248 dicit,
3494 3183 3553 3237 in
3569 3184 3799 3253 primis,

397 3273 587 3330 dicere
623 3291 635 3329 :
668 3274 1048 3330 Emulamini
1078 3275 1318 3343 bonum,
1353 3281 1410 3331 et
1439 3276 1740 3348 prohibete
1772 3277 1992 3332 malum
2025 3296 2037 3346 ;

394 3363 494 3419 sed
514 3363 828 3436 Apostolus
853 3380 1034 3436 supra
1053 3365 1390 3420 varietatem
1414 3364 1748 3438 linguarum
1773 3367 1923 3421 inter
1942 3383 2044 3422 cm-

392 3455 517 3508 tera
538 3453 693 3508 dona
717 3453 1073 3522 dinumerat,
1091 3455 1245 3524 quod
1267 3455 1486 3509 donum
1512 3457 1705 3526 majus
1727 3473 1854 3511 esse
1877 3463 2042 3529 puta-

393 3541 556 3597 bant.
577 3540 775 3598 Noluit
797 3542 927 3598 illos
956 3542 1288 3613 prohibere,
1313 3561 1384 3598 ne
1415 3544 1526 3614 ipsi
1557 3545 1842 3600 stimulati
1869 3552 2036 3617 puta-

394 3635 526 3684 rent
573 3647 707 3685 eum
759 3630 1087 3686 invidentias
1140 3648 1318 3687 causa
1357 3633 1700 3706 semetipsos
1732 3635 2039 3707 prohibere

392 3718 558 3774 velle.
584 3722 651 3774 Et
672 3719 800 3774 ideo
822 3719 930 3774 hoc
951 3719 1111 3786 dicit,
1137 3721 1305 3792 quasi
1331 3721 1544 3778 diceret
1572 3739 1583 3778 :
1613 3725 1698 3778 Ita
1719 3725 1787 3778 ad
1814 3727 2038 3796 majora

394 3823 664 3880 provoco,
697 3811 762 3862 ut
807 3808 1034 3864 minora
1061 3825 1176 3864 non
1207 3811 1624 3867 contradicam.

469 3896 667 3953 Omnia
712 3900 895 3952 autem
932 3897 1167 3967 honeste,
1199 3905 1253 3953 et
1297 3900 1612 3968 secundum,
1646 3905 1753 3957 etc.
1789 3905 2033 3973 Honeste,

395 3987 550 4043 sicut
600 3987 724 4060 ipse
773 3987 1008 4055 docuit;
1057 3989 1357 4044 secundum
1411 3989 1688 4059 ordinem,
1721 3992 1871 4047 sicut
1912 3995 2035 4064 ipse

393 4075 546 4133 fecit.
573 4077 640 4132 Et
669 4077 717 4133 si
748 4076 1068 4132 viderimus
1091 4076 1344 4148 aliquem
1373 4079 1430 4134 in
1463 4079 1707 4135 ecclesia
1735 4081 2036 4152 quodlibet

391 4166 638 4238 operari,
655 4183 970 4239 possumus
994 4167 1076 4222 uti
1096 4166 1222 4234 hoc,
1237 4168 1294 4222 id
1320 4173 1424 4234 est,
1441 4172 1632 4224 omnia
1648 4171 1882 4237 honeste,
1898 4176 2030 4226 etc.:

389 4272 524 4311 nam
558 4272 674 4311 non
707 4255 896 4311 solum
928 4257 987 4311 in
1022 4257 1112 4312 his
1148 4274 1272 4330 quas
1303 4259 1374 4312 ad
1406 4259 1591 4314 Deum
1625 4259 1895 4325 attinent,
1925 4260 2033 4316 iste

387 4345 526 4399 ordo
550 4346 869 4402 servandus
899 4350 1006 4414 est,
1032 4347 1129 4402 sed
1159 4347 1415 4402 etiamin
1450 4347 1544 4403 his
1569 4364 1695 4419 qua:
1720 4349 1790 4403 ad
1821 4349 2029 4405 huma-

388 4449 525 4488 nam
557 4435 1041 4491 consuetudinem
1073 4436 1319 4491 attinere
1348 4436 1643 4490 videntur.

2153 3268 2381 3321 duobus
2405 3266 2593 3321 modis
2618 3269 2804 3337 potest
2824 3267 3007 3337 accipi
3035 3284 3048 3321 :
3081 3266 3166 3323 vel
3198 3267 3254 3322 in
3291 3268 3498 3340 primis
3528 3271 3794 3340 tradidit,

2151 3356 2305 3427 quod
2326 3355 2385 3409 in
2413 3355 2619 3426 primis
2642 3354 2860 3426 accepit
2885 3373 2898 3421 ;
2932 3354 3018 3410 vel
3049 3357 3204 3427 quod
3234 3357 3292 3412 in
3315 3358 3521 3430 primis
3543 3362 3795 3433 accepit,

2151 3462 2264 3500 non
2295 3444 2352 3498 in
2380 3443 2606 3516 primis,
2631 3445 2730 3498 sed
2753 3461 2868 3515 quo
2891 3445 3092 3499 ordine
3112 3445 3316 3511 voluit,
3341 3448 3602 3504 tradidit.
3627 3449 3797 3513 Quod

2149 3538 2344 3588 autem
2377 3532 2538 3597 dicit,
2561 3532 2762 3603 accepi,
2789 3531 3230 3605 intelligendum
3255 3541 3372 3604 est,
3391 3536 3478 3592 vel
3509 3554 3614 3609 per
3634 3555 3800 3594 reve-

2149 3621 2444 3687 lationem,
2477 3619 2566 3676 vel
2599 3637 2700 3693 per
2729 3621 3117 3693 prophetiam,
3149 3623 3238 3678 vel
3272 3641 3375 3696 per
3403 3624 3612 3698 legem.
3647 3628 3800 3693 Quid

2148 3710 2291 3765 illud
2323 3710 2421 3778 sit,
2451 3709 2706 3765 ostendit
2741 3726 2752 3764 :
2805 3713 2954 3782 Quia
2998 3711 3247 3768 Christus
3277 3723 3524 3770 mortuus
3551 3719 3649 3783 est,
3683 3721 3799 3772 etc.

2147 3800 2290 3854 Cum
2321 3814 2451 3852 vero
2485 3797 2623 3852 dicit
2648 3814 2660 3851 :
2695 3800 2801 3854 Pro
2825 3801 3058 3870 peccatis
3081 3803 3298 3868 nostris,
3325 3803 3580 3858 ostendit
3607 3804 3687 3858 nil
3720 3806 3798 3862 ad

2146 3905 2279 3943 eum
2313 3891 2562 3942 mortem
2594 3887 2922 3954 attinuisse,
2955 3888 3055 3943 sed
3107 3894 3316 3944 nostris
3370 3892 3800 3964 redemptionis

2146 3993 2324 4032 causa
2345 3980 2642 4030 mortuum
2667 3975 2866 4031 fuisse.
2882 3976 3191 4033 Secundum
3214 3978 3532 4051 Scriptura:
3555 3981 3710 4049 dicit,
3731 3987 3799 4039 ut

2145 4064 2412 4119 ostendat
2441 4064 2807 4119 concordiam
2843 4065 2983 4120 Novi
3013 4071 3069 4120 et
3107 4067 3331 4122 Veteris
3377 4071 3740 4126 Testamenti
3777 4089 3794 4128 :

2144 4154 2241 4226 qui
2267 4153 2452 4208 noluit
2481 4153 2574 4208 hic
2608 4170 2775 4208 suam
2803 4155 3198 4210 narrationem
3222 4158 3569 4214 conﬁrmare
3593 4176 3795 4216 exem-

2142 4245 2287 4315 plis;
2312 4243 2448 4314 quia
2469 4243 2740 4314 cupebiat
2760 4242 3010 4300 transire
3037 4244 3108 4299 ad
3132 4245 3623 4304 manifestandam
3649 4248 3797 4305 alio-

2139 4349 2270 4386 rum
2305 4332 2824 4401 resurrectionem;
2859 4334 3178 4403 praesertim
3224 4336 3363 4406 quia
3409 4336 3480 4391 de
3528 4353 3794 4394 resurre-

2140 4421 2329 4476 ctione
2359 4421 2568 4476 Christi
2602 4438 2716 4476 non
2751 4421 3101 4478 haesitabant
3133 4439 3146 4477 :
3199 4429 3257 4478 at
3306 4441 3436 4480 vero
3486 4426 3558 4480 de
3601 4432 3799 4485 morte

455 4523 603 4594 (650)
645 4523 802 4595 (CAP,
852 4525 992 4590 XV.)
1042 4525 1320 4597 Sequitur
1353 4543 1364 4580 ε
1420 4525 1615 4579 Notum
1669 4527 1818 4580 υοὸίδ
1864 4530 2028 4597 βιαιο,
2059 4538 2106 4601 D
2136 4509 2325 4601 ipsius
2356 4509 2622 4601 praedixit
2653 4510 2834 4566 Isaias
2868 4527 2882 4566 :
2934 4511 3085 4567 Sicut
3114 4514 3248 4580 ovis,
3285 4513 3495 4584 inquit,
3528 4515 3599 4569 ad
3646 4518 3792 4573 occi-

379 4615 608 4683 fratres,
632 4614 1008 4684 Evangelium,
1031 4620 1139 4670 etc.
1165 4618 1484 4683 Postquam
1516 4612 1873 4669 instruxerat
1903 4632 2027 4671 mo-

384 4717 499 4772 res,
532 4707 590 4756 et
617 4703 794 4758 vitam
826 4703 1279 4767 Corinthiorum,
1314 4700 1688 4772 reprehendit
1719 4707 1776 4756 et
1819 4721 2026 4775 pravas

381 4791 835 4848 consuetudines
864 4809 1066 4848 eorum
1102 4807 1114 4844 :
1151 4790 1209 4844 in
1242 4806 1358 4860 qua
1389 4788 1667 4844 hactenus
1702 4790 2024 4850 intentione

382 4886 728 4952 perseverat.
755 4881 1056 4952 Superius,
1081 4895 1196 4934 non
1219 4877 1388 4947 longe
1410 4881 1625 4944 tamen,
1654 4880 2024 4952 reprehendit

379 4984 500 5038 eos,
531 4970 669 5040 quia
695 4971 922 5026 feminas
947 4982 1171 5032 eorum,
1200 4970 1256 5020 et
1285 4981 1399 5020 non
1426 4965 1623 5021 velatae
1654 4968 2019 5045 incedebant,

379 5061 434 5113 et
460 5075 573 5113 non
599 5060 799 5114 velatis
828 5060 1004 5112 Deum
1030 5057 1296 5122 orabant,
1317 5059 1371 5109 et
1393 5055 1526 5127 quia
1547 5055 1722 5114 libere
1747 5060 2020 5118 mulieres

376 5162 577 5202 eorum
603 5148 661 5202 in
685 5145 929 5202 ecclesia
949 5143 1356 5214 loquebantur,
1372 5150 1428 5199 et
1446 5146 1581 5216 quia
1602 5149 1660 5202 in
1682 5166 1860 5204 unum
1888 5167 2023 5206 con-

374 5235 676 5291 venientes
698 5231 1043 5304 pugnaciter
1068 5234 1344 5304 mysteria
1362 5236 1616 5306 corporis
1634 5242 1690 5293 et
1713 5240 2018 5312 sanguinis

371 5322 610 5379 Domini
632 5321 966 5377 sumebant.
989 5323 1050 5378 In
1078 5321 1185 5378 hac
1207 5321 1524 5381 intentione
1543 5325 1734 5382 adhuc
1761 5345 2019 5400 perseve-

620 5536 680 5615 [η
716 5536 910 5615 autog.
949 5537 1260 5615 ma_rg.'_hic
1289 5537 1504 5615 legitur
1543 5558 1670 5615 cap.
1704 5544 1867 5603 LXV.

2135 4600 2344 4654 sionem
2390 4598 2619 4654 ducetur
2671 4600 2795 4671 (Isa.
2843 4617 2960 4669 Lm,
3007 4604 3080 4668 7),
3131 4606 3272 4668 etc.;
3322 4607 3380 4657 et
3427 4601 3566 4657 item
3605 4621 3618 4658 :
3670 4605 3795 4675 [pse

2135 4691 2318 4742 autem
2337 4688 2664 4742 vulneratus
2679 4697 2757 4743 est
2774 4693 2996 4760 propter
3017 4692 3332 4760 iniquitates
3353 4699 3565 4746 nostras
3592 4692 3786 4763 (lbid.,

2132 4777 2209 4846 5),
2242 4780 2384 4842 etc.;
2419 4776 2542 4845 ipse
2575 4776 2750 4830 etiam
2783 4778 2854 4832 de
2901 4778 3203 4850 sepultura
3249 4780 3378 4850 ejus
3413 4797 3426 4836 :
3475 4780 3658 4848 Dabit,
3693 4781 3789 4837 in-

2135 4865 2279 4936 quit,
2313 4865 2512 4930 impios
2538 4881 2636 4934 pro
2663 4865 2955 4936 sepultura
2981 4867 3169 4936 (lbid.,
3200 4867 3280 4936 9),
3313 4873 3424 4923 etc.
3452 4886 3464 4936 ;
3502 4873 3561 4923 et
3590 4869 3735 4925 item
3769 4888 3785 4926 :

2131 4955 2251 5008 Erit
2277 4954 2582 5023 sepulcrum
2615 4955 2728 5015 eius
2756 4956 3056 5023 gloriosum
3086 4957 3217 5027 (Isa.
3261 4974 3337 5027 χι,
3395 4959 3504 5024 10).
3559 4957 3640 5014 De
3693 4976 3792 5016 re—

2131 5041 2488 5097 surrectione
2519 5047 2714 5098 autem
2746 5044 2922 5100 Oseas
2958 5062 2970 5099 :
3007 5048 3126 5112 Die,
3160 5045 3374 5116 inquit,
3409 5049 3595 5118 tertia,
3629 5064 3790 5104 resu-

2129 5133 2345 5186 scitabit
2376 5147 2473 5186 nos
2499 5132 2642 5200 (Ose.
2675 5149 2752 5200 νε,
2793 5134 2869 5203 3),
2917 5139 3026 5189 etc.

2198 5221 2518 5292 Sequitur:
2570 5223 2635 5276 Et
2681 5223 2811 5293 quia
2859 5225 3007 5277 uisus
3055 5227 3133 5278 est
3181 5223 3388 5296 Cephea.
3434 5228 3606 5295 Nota,
3640 5227 3789 5298 quia

2127 5326 2242 5366 non
2259 5309 2399 5365 dicit
2417 5310 2708 5382 primo,ne
2726 5313 3054 5369 contrarius
3071 5312 3444 5386 evangelistis
3459 5312 3788 5387 videretur,

2124 5548 2414 5632 ἰώγα-901.
2445 5550 2579 5632 399,
2607 5571 2721 5613 non
2754 5550 2924 5632 longe
2967 5556 3037 5616 ab
3085 5555 3278 5630 initio,
3309 5555 3392 5617 ibi
3429 5577 3442 5616 :
3493 5553 3784 5623 Pseudoc-

463 5529 591 5673 65οζ
620 5536 680 5587 [n
716 5536 910 5616 autog.
949 5537 1260 5666 margfhic
1289 5537 1504 5624 legitur
1543 5558 1670 5615 cap.
1704 5544 1867 5603 LXV.
2124 5551 2276 5608 intra
2306 5548 2414 5609 col.
2445 5550 2572 5624 399,
2607 5571 2721 5613 non
2754 5550 2924 5632 longe
2967 5556 3037 5616 ab
3085 5555 3097 5616 i

463 5600 561 5656 651
621 5607 827 5663 Partic.
851 5622 960 5664 non
986 5609 1055 5664 ad
1103 5609 1322 5668 idimus
1343 5629 1411 5668 ex
1433 5612 1546 5685 his,
1571 5631 1698 5688 quae
1721 5618 2015 5677 habentur
2118 5626 2382 5703 postoli...
2411 5628 2696 5701 negabant
2723 5645 2847 5687 eum
2876 5641 3097 5690 natum.
