3990 6224
186 386 301 445 397

188 516 473 589 Sequitur
528 532 543 570 :

188 606 448 661 Thomas
479 607 663 673 (Joan.
699 622 791 673 xx,
824 605 935 674 25).

259 694 543 766 Sequitur
577 710 589 749 :
630 694 845 749 Deinde
878 695 1175 765 plusquam
1223 697 1529 767 quingentis
1556 697 1849 767 fratribus.

188 784 551 853 Notandum,
576 783 716 855 quia
744 783 865 837 haec
897 783 1181 855 apparitio
1200 802 1314 839 non
1346 784 1559 857 legitur
1587 785 1643 839 in
1667 786 1851 840 Evan-

189 873 384 947 geliis.
417 872 805 945 Evangelistm
839 889 1072 944 quoque
1102 873 1294 928 decies
1327 874 1694 929 solummodo
1729 890 1854 928 nar-

190 968 330 1019 rant
345 980 479 1018 eum
495 962 872 1035 apparuisse;
901 962 1057 1016 unde
1078 962 1301 1033 liquido
1329 963 1853 1033 monstratur,quia

192 1052 404 1107 multis
421 1051 552 1106 aliis
573 1051 800 1106 vicibus
816 1051 1088 1122 apparuit
1110 1068 1283 1122 quam
1309 1052 1675 1123 evangelista:
1694 1068 1852 1107 com-

194 1149 548 1196 memorent.
582 1139 670 1194 Illi
711 1156 848 1212 ergo
880 1156 977 1194 eas
1011 1139 1200 1194 solum
1255 1140 1581 1195 describere
1615 1157 1849 1195 curave-

194 1235 365 1290 runt.
400 1246 547 1300 quas
579 1229 647 1283 ad
695 1228 1165 1291 instructionem,
1200 1233 1257 1283 et
1306 1230 1570 1284 omnium
1603 1230 1851 1283 salutem

200 1318 485 1373 sufﬁcere
517 1318 908 1372 decreverunt.
946 1317 1105 1383 Quod
1140 1318 1221 1371 ait
1254 1336 1265 1371 :
1299 1318 1489 1384 simul,
1526 1324 1721 1373 utrum
1751 1334 1854 1371 un-

202 1406 420 1472 decim,
446 1422 514 1460 an
536 1406 754 1460 viritim
777 1405 1004 1477 viginti,
1030 1423 1143 1462 non
1168 1408 1311 1461 satis
1332 1406 1533 1462 claret.
1554 1407 1849 1479 Sequitur:

197 1497 288 1551 Ea:
309 1496 507 1567 quibus
536 1496 705 1551 mulli
730 1499 953 1550 manent
974 1512 993 1555 .·
1026 1496 1193 1567 quasi
1225 1496 1503 1551 dixisset:
1538 1497 1642 1561 Qui
1677 1497 1853 1550 inter-

194 1584 412 1656 rogati,
446 1584 748 1639 veritatem
782 1586 1084 1639 ostendere
1107 1591 1346 1655 queunt.
1382 1587 1581 1640 Deinde
1610 1588 1758 1640 visus
1778 1589 1856 1640 est

195 1673 422 1730 Iacobo.
458 1673 676 1728 Revera
708 1690 821 1728 non
846 1673 944 1728 illa
966 1681 1053 1729 est
1084 1675 1203 1728 haec
1235 1674 1541 1745 apparitio,
1574 1691 1690 1746 qua
1720 1690 1853 1728 cum

196 1761 335 1817 aliis
367 1777 499 1817 eum
530 1761 776 1827 viderat,
801 1763 901 1817 sed
934 1761 1270 1834 singularis.
1299 1764 1426 1834 Ipse
1454 1779 1586 1818 vero
1619 1764 1676 1818 in
1702 1762 1855 1817 mul-

197 1851 280 1906 tis
311 1849 675 1921 argumentis
696 1867 758 1905 se
783 1852 1086 1907 ostendere
1112 1850 1296 1907 voluit
1323 1869 1335 1917 ;
1369 1851 1476 1907 hoc
1506 1857 1616 1919 est,
1638 1852 1853 1907 viritim
1889 1890 1935 1954 Β

200 1941 396 2007 Petro,
445 1956 603 1995 nunc
656 1940 894 2005 Jacobo,
948 1956 1102 1995 nunc
1150 1941 1325 1995 etiam
1373 1940 1739 2009 mulieribus,
1792 1958 1857 1996 ac

198 2028 414 2083 deinde
445 2028 755 2101 discipulis
786 2028 1079 2093 omnibus,
1114 2032 1169 2084 et
1198 2028 1330 2083 aliis
1374 2030 1614 2095 caeteris,
1651 2034 1713 2083 ut
1744 2045 1859 2101 quo

198 2120 332 2189 ejus
381 2118 731 2172 resurrectio
785 2117 1095 2172 manit’esta
1144 2118 1324 2183 fieret,
1359 2135 1425 2173 eo
1473 2119 1531 2172 in
1585 2118 1859 2173 cordibus

201 2207 566 2263 credentium
600 2206 763 2262 nulla
794 2206 1064 2261 dubietas
1091 2212 1434 2262 remaneret.
1459 2207 1665 2262 Deinde
1694 2223 1858 2277 apos-

199 2297 329 2352 tolis
360 2296 631 2350 omnibus.
665 2295 831 2350 Forte
854 2299 909 2350 et
940 2312 1118 2367 supra
1133 2296 1360 2350 dixerat
1378 2296 1649 2350 undecim
1683 2312 1857 2368 apos-

197 2384 346 2441 tolis
380 2402 393 2438 :
424 2384 521 2438 hic
572 2384 947 2456 septuaginta
993 2383 1119 2439 vult
1168 2384 1415 2456 intelligi
1470 2386 1749 2455 quoniam
1803 2392 1859 2441 et

205 2472 328 2545 ipsi
360 2472 547 2527 missi.

286 2561 614 2633 Sequitur:
646 2562 941 2617 Novissime
995 2570 1178 2618 autem
1224 2565 1493 2631 omnium,
1530 2568 1636 2618 etc.
1688 2564 1855 2635 Nam,

205 2651 353 2724 quia
384 2649 527 2706 dicit
571 2652 885 2717 novissime,
918 2667 1122 2707 omnes
1165 2651 1278 2706 illae
1310 2651 1432 2706 alite
1464 2653 1859 2724 apparitiones

204 2745 342 2796 ante
391 2739 556 2794 facta:
604 2739 904 2794 credenda!
958 2744 1114 2808 sunt,
1169 2740 1289 2795 sive
1349 2746 1503 2807 ante,
1554 2741 1675 2797 sive
1726 2746 1859 2813 post

205 2828 636 2885 ascensionem.
663 2827 987 2884 Novissime
1010 2827 1311 2895 videlicet;
1337 2829 1476 2901 quia
1498 2835 1629 2901 post
1652 2846 1859 2885 omnes

207 2916 551 2983 credidit,et
582 2917 868 2988 quiajam
901 2934 1016 2973 non
1040 2918 1099 2973 in
1132 2918 1419 2983 terra,sed
1453 2918 1510 2973 in
1544 2917 1685 2973 ccelo
1709 2936 1860 2991 prae-

208 3008 430 3063 sidens.
465 3006 807 3061 Abortivum
832 3005 1102 3073 dicimus,
1131 3007 1285 3079 quod
1320 3024 1435 3062 non
1469 3024 1575 3062 suo
1599 3012 1860 3079 tempore

211 3096 492 3157 nascitur.
527 3094 871 3149 Abortivum
903 3110 963 3150 se
1014 3094 1159 3149 dicit
1190 3095 1536 3167 Apostolus;
1574 3097 1712 3168 quia
1742 3113 1859 3151 non

209 3187 276 3241 in
309 3184 614 3256 praesentia
663 3183 897 3238 Domini
938 3183 1204 3250 credidit,
1240 3184 1326 3239 vel
1375 3191 1548 3249 certe,
1580 3186 1719 3256 quia
1750 3186 1859 3240 im-

761 383 1181 445 EXPOSITIO
1226 385 1304 445 IN
1352 385 1779 447 EPISTULAS
1825 383 2083 447 PAULI.
2119 417 2195 430 —-
2226 385 2303 445 IN
2352 384 2601 446 EPIST.
2649 386 2671 444 I
2720 388 2822 445 AD
2868 387 3044 446 COR.

604 520 673 572 Et
715 523 834 587 post
881 516 1019 582 haec,
1052 517 1323 585 undecim,
1375 519 1607 588 quando
1664 517 1850 573 abfuit
1879 522 1931 585 Α
2031 518 2350 590 Sequitur:
2400 520 2595 575 Gratia
2642 521 2739 575 Dei
2781 536 2902 575 sum
2951 519 3005 572 id
3054 518 3193 591 quod
3244 536 3403 581 sum;
3438 521 3607 591 quasi

3490 389 3607 448 398

1965 608 2179 662 diceret
2215 626 2226 662 :
2264 608 2445 662 Multa
2476 614 2615 664 sunt
2648 608 2872 677 merita,
2902 608 3002 663 sed
3032 607 3303 679 malazet,
3339 608 3478 681 quia
3504 626 3607 680 pro

1965 696 2118 750 malo
2152 698 2438 751 redditum
2470 703 2559 752 est
2588 696 2672 751 illi
2710 698 2948 763 bonum,
2973 696 3054 750 ait
3087 713 3098 751 :
3133 695 3321 753 Gratia
3353 699 3457 753 Dei
3485 713 3609 752 sum

1966 785 2019 840 id
2050 786 2191 855 quod
2218 803 2339 840 sum
2360 804 2378 846 ,·
2410 785 2467 840 id
2517 791 2625 853 est,
2660 786 2813 857 quod
2857 803 2988 841 sum
3023 785 3228 851 ﬁdelis,
3274 787 3428 858 quod
3460 788 3606 859 Apo-

1964 874 2171 941 stolus,
2199 876 2350 945 quod
2376 875 2574 929 doctor
2595 875 2857 947 gentium
2885 874 2941 927 in
2968 875 3102 941 fide,
3125 880 3182 929 et
3204 874 3465 944 veritate,
3490 890 3606 928 non

1966 963 2077 1017 mei
2108 968 2197 1017 est
2228 964 2441 1029 meriti,
2476 964 2575 1018 sed
2626 963 2832 1018 divinas
2865 963 3085 1035 gratias.
3121 963 3219 1017 His
3249 962 3439 1019 verbis
3471 980 3609 1019 con-

1964 1052 2222 1117 demnat,
2276 1058 2329 1106 et
2380 1052 2644 1122 reprimit
2690 1069 2889 1107 eorum
2941 1051 3349 1119 temeritatem,
3404 1051 3505 1123 qui
3553 1056 3611 1106 et

1962 1140 2144 1197 libero
2170 1143 2547 1212 sejactantur
2577 1142 2853 1197 arbitrio:
2883 1147 2940 1196 at
2962 1141 3077 1207 ille,
3104 1141 3199 1212 qui
3234 1141 3431 1196 divina
3452 1157 3610 1195 com-

1966 1231 2273 1285 mendatur
2302 1230 2507 1302 gratia,
2540 1246 2611 1285 ne
2642 1230 2867 1285 alienus
2900 1248 2933 1285 a
2961 1230 3141 1285 libero
3172 1229 3436 1284 videatur
3461 1227 3611 1284 arbi-

1962 1318 2094 1382 trio,
2128 1318 2319 1390 inquit
2351 1336 2363 1373 :
2399 1321 2459 1373 Et
2507 1322 2689 1388 gratia
2720 1321 2834 1389 eius
2867 1321 2925 1373 in
2972 1335 3058 1373 me
3106 1334 3285 1374 vacua
3331 1334 3439 1373 non
3465 1318 3607 1387 ,fuit,

1964 1408 2082 1463 sive
2115 1424 2315 1478 egena.
2368 1411 2555 1473 Quare
2605 1426 2719 1463 non
2772 1407 2998 1463 vacua?
3026 1407 3173 1472 Quia
3221 1424 3417 1462 meum
3464 1404 3610 1461 velle

1964 1498 2331 1566 preavenienti
2364 1498 2562 1568 gratiae
2597 1497 2809 1552 sociavi
2845 1498 3011 1568 (635).
3052 1496 3367 1567 Subjunxit
3397 1500 3454 1550 et
3483 1512 3609 1550 ver-

1966 1585 2038 1639 ba
2070 1585 2138 1639 ad
2172 1587 2441 1640 eumdem
2483 1603 2722 1641 sensum
2754 1586 3060 1641 attinentia
3094 1604 3106 1640 :
3142 1585 3247 1641 Sed
3275 1586 3398 1656 plus
3427 1584 3612 1639 omni-

1967 1674 2062 1727 bus
2097 1674 2357 1728 laborari.
2396 1675 2456 1728 In
2489 1691 2554 1729 eo
2588 1690 2861 1745 namque,
2895 1674 3049 1746 quod
3082 1674 3242 1739 dicit,
3273 1675 3419 1746 plus,
3446 1688 3612 1727 mon-

1968 1766 2190 1816 stratur
2222 1762 2358 1833 quia
2409 1763 2593 1831 major
2623 1767 2711 1817 est
2742 1762 2825 1817 illi
2868 1764 3003 1817 data
3034 1763 3260 1818 occasio
3306 1760 3613 1818 laborandi

1967 1867 2142 1922 quam
2159 1850 2379 1905 caeteris
2402 1850 2773 1920 apostolis,eo
2800 1852 2951 1921 quod
2969 1850 3227 1906 ofﬁcium
3252 1850 3613 1923 apostolatus

1969 1940 2191 2010 accepit
2237 1940 2293 1993 in
2344 1938 2637 2010 gentibus.
2690 1940 2887 1993 Cmteri
2939 1940 3154 2011 quippe
3206 1938 3477 2010 apostoli,
3512 1938 3613 2010 qui

1968 2029 2227 2083 officium
2252 2026 2610 2099 apostolatus
2634 2028 2691 2081 in
2715 2028 3221 2082 circumcisionem
3244 2031 3613 2098 acceperant,

1972 2135 2103 2173 cum
2124 2118 2310 2173 Judaei
2340 2116 2607 2171 notitiam
2627 2116 2853 2187 legis,et
2869 2116 3283 2188 prophetarum
3308 2115 3612 2183 haberent,

1969 2212 2025 2262 et
2058 2222 2240 2260 unum
2275 2206 2456 2261 Deum
2490 2220 2618 2260 esse
2652 2209 2909 2274 nossent,
2945 2203 3172 2260 facilius
3200 2208 3467 2276 poterant
3487 2220 3614 2259 cer-

1970 2295 2143 2349 dibus
2174 2310 2374 2349 eorum
2430 2292 2719 2348 inculcare
2750 2292 2933 2348 Deum
2984 2292 3197 2348 habere
3244 2292 3479 2360 Filium,
3511 2290 3613 2363 qui

1970 2385 2189 2439 missus
2220 2401 2253 2437 a
2282 2388 2471 2451 Patre,
2492 2398 2726 2438 carnem
2758 2383 3101 2453 susceperit,
3132 2386 3190 2437 et
3220 2381 3493 2453 patiendo
3515 2396 3616 2453 ge-

1969 2491 2082 2529 nus
2113 2473 2437 2528 humanum
2489 2471 2798 2527 redemerit
2832 2490 2845 2537 ;
2877 2488 3005 2527 esse
3035 2471 3210 2526 etiam
3243 2476 3299 2526 et
3330 2469 3617 2542 Spiritum

1969 2566 2260 2618 sanctum.
2294 2560 2438 2615 Huic
2484 2560 2704 2615 scilicet
2730 2560 2919 2631 prima
2962 2560 3282 2615 necessitas
3310 2559 3617 2615 incumbe-

1969 2651 2089 2714 bat,
2121 2653 2183 2703 ut
2236 2647 2391 2703 idola
2421 2648 2784 2717 destrueret;
2818 2647 3023 2703 deinde
3056 2665 3239 2702 unum
3272 2664 3400 2703 esse
3434 2646 3617 2703 Deum

1970 2743 2289 2793 creatorem
2322 2736 2588 2793 omnium
2630 2738 2962 2792 ostenderet
2989 2756 3001 2803 ;
3036 2736 3241 2792 exinde
3268 2736 3479 2791 Filium
3511 2735 3616 2791 ha-

1971 2828 2125 2899 bere,
2150 2826 2251 2898 qui
2282 2827 2501 2882 missus
2523 2827 2698 2881 etiam
2723 2844 2756 2880 a
2788 2826 2973 2892 Patre,
2997 2830 3269 2898 suscepta
3294 2842 3489 2896 carne,
3514 2842 3615 2897 pa-

1968 2918 2185 2987 tiendo,
2220 2932 2405 2988 genus
2450 2916 2776 2971 humanum
2810 2916 3156 2984 redemerit;
3187 2932 3316 2971 esse
3346 2919 3402 2971 et
3431 2914 3615 2987 Spiri-

1970 3010 2096 3061 tum
2150 3010 2419 3060 sanctum
2473 3022 2484 3055 :
2536 3005 2648 3059 tria
2695 3005 2996 3071 vocabula,
3030 3010 3264 3076 tresque
3313 3020 3615 3076 personas,

1973 3112 2157 3151 unum
2191 3099 2386 3149 tamen
2412 3109 2540 3149 esse
2571 3094 2775 3149 Deum.
2800 3100 2879 3147 Ac
2912 3110 3013 3165 per
3042 3094 3150 3148 hoc
3187 3093 3317 3164 plus
3341 3092 3617 3147 omnibus

1969 3184 2273 3240 laboravit.
2309 3183 2693 3254 Quapropter,
2724 3197 2793 3236 ne
2813 3182 3049 3237 sibihoc
3081 3182 3368 3237 ascribere
3387 3181 3613 3236 videre-

210 3275 531 3349 perfectum
565 3290 723 3341 eum,
757 3273 815 3327 id
849 3277 939 3329 est
964 3277 1261 3327 mortuum
1294 3290 1591 3346 synagoga
1620 3275 1857 3347 genuit;
1893 3256 1935 3323 C
1975 3279 2090 3341 tur,
2128 3290 2261 3328 mox
2286 3272 2510 3326 addidit
2542 3289 2554 3325 :
2588 3271 2707 3325 Non
2738 3274 2923 3325 autem
2951 3286 3044 3341 ego
3076 3289 3091 3323 :
3125 3270 3246 3335 ubi,
3280 3286 3413 3323 cum
3446 3268 3614 3339 dicit,

210 3364 333 3419 sive
392 3362 529 3433 quia
588 3360 843 3417 Ecclesia
902 3362 971 3416 de
1028 3362 1157 3432 ejus
1206 3363 1582 3418 conversione
1631 3364 1860 3419 difﬁde-

211 3453 336 3507 bat.

288 3538 574 3610 Sequitur
605 3555 617 3593 :
658 3542 808 3595 Visus
839 3547 916 3595 est
944 3540 1083 3593 mihi
1112 3539 1170 3594 in
1202 3540 1295 3595 via
1326 3542 1460 3613 (Act.
1488 3559 1559 3609 ιχ,
1594 3542 1668 3612 3).
1702 3542 1866 3598 visus

217 3632 314 3684 est
347 3627 408 3680 in
459 3626 695 3698 templo.
744 3627 1020 3698 Sequitur
1052 3644 1064 3682 :
1099 3629 1204 3699 Ego
1234 3632 1386 3683 enim
1433 3646 1557 3685 sum
1602 3633 1868 3686 minimus

220 3713 607 3788 apostolorum
624 3732 645 3776 ,·
676 3733 787 3771 non
814 3717 1043 3783 merito,
1078 3717 1343 3789 inquam,
1379 3736 1492 3773 non
1526 3736 1717 3790 opere,
1755 3736 1869 3774 non

221 3802 434 3879 gratia,
486 3805 587 3859 sed
637 3809 914 3878 tempore.
966 3807 1071 3874 Qui
1115 3822 1226 3862 non
1262 3824 1386 3862 sum
1441 3807 1640 3877 dignus
1690 3810 1875 3865 vocari

218 3894 515 3966 apostolus.
569 3896 757 3959 Quare
792 3894 819 3947 ?
866 3894 1005 3961 Quia
1048 3904 1364 3967 persecutus
1406 3913 1526 3951 sum
1584 3899 1879 3954 Ecclesium

222 3984 340 4040 Dei.
373 3982 540 4045 Nota,
575 3981 734 4052 quia,
769 3998 901 4036 cum
935 3999 1049 4038 non
1105 3984 1499 4039 commisisset
1531 3991 1661 4057 post
1690 3986 1877 4059 bapti-

226 4087 422 4126 smum
446 4087 575 4143 quae
596 4069 924 4141 deﬂeret,ea
944 4087 1069 4143 quae
1092 4077 1227 4127 ante
1252 4073 1611 4145 baptismum
1635 4076 1879 4131 commi-

224 4165 406 4230 serat,
426 4162 550 4229 jam
576 4159 824 4215 dimissa
843 4160 1109 4216 deflebat.
1136 4161 1883 4235 Meminerat,inquam,Do-

224 4248 373 4304 mini
395 4248 648 4304 dicentis
671 4264 773 4320 per
794 4248 1137 4321 prophetam
1162 4251 1332 4321 (652):
1353 4254 1459 4321 Ego
1482 4269 1720 4324 sum,ego
1736 4271 1881 4320 sum,

226 4340 324 4411 qui
354 4338 507 4393 deleo
556 4342 619 4392 ut
664 4338 920 4393 nebulam
971 4344 1203 4410 peccata
1257 4342 1374 4401 tua,
1426 4350 1479 4395 et
1540 4347 1884 4412 peccatorum

227 4436 453 4483 tuorum
483 4442 595 4483 non
633 4427 961 4482 recordabar
1009 4429 1246 4500 amplius
1281 4429 1428 4499 (Isai.
1464 4446 1623 4497 XLIII,
1655 4432 1743 4501 25)
1773 4448 1784 4497 ;
1819 4435 1884 4485 tu

226 4532 362 4572 vero
417 4531 645 4570 memor
693 4520 835 4572 esto.
872 4515 979 4571 Ubi
1025 4516 1272 4572 solerter
1320 4517 1740 4572 attendendum
1775 4524 1883 4587 est,

1968 3380 2075 3419 non
2109 3378 2223 3433 ego,
2257 3378 2371 3415 non
2404 3377 2464 3415 se
2495 3360 2752 3414 ostendit
2781 3376 2896 3413 non
2940 3358 3223 3427 laborare,
3258 3358 3356 3412 sed
3390 3358 3614 3428 absque

1972 3452 2160 3524 gratia
2188 3450 2452 3505 laborare
2492 3464 2608 3502 non
2659 3464 2849 3519 posse.
2884 3447 3044 3503 Unde
3073 3451 3131 3502 et
3176 3463 3309 3502 mox
3340 3444 3565 3501 addidit
3602 3462 3615 3501 :

1978 3542 2077 3597 Sed
2107 3542 2304 3613 gratia
2322 3539 2419 3593 Dei
2448 3554 2680 3593 mecum.
2709 3536 2931 3601 Quibus
2961 3536 3152 3591 verbis
3170 3536 3424 3591 ostendit
3447 3534 3620 3606 (654),

1981 3631 2118 3704 quia
2149 3646 2253 3684 nec
2281 3628 2471 3701 gratia
2514 3628 2640 3683 sine
2688 3625 2867 3681 libero
2920 3625 3182 3693 arbitrio,
3218 3640 3322 3680 nec
3373 3624 3625 3680 liberum

1983 3718 2289 3777 arbitrium
2338 3718 2464 3772 sine
2513 3717 2701 3789 gratia
2731 3716 2987 3771 hominis
3038 3718 3286 3772 salutem
3332 3718 3627 3787 operatur.

1984 3814 2257 3867 Attamen
2335 3811 2609 3879 operatur
2677 3808 2866 3877 gratia
2918 3806 3045 3861 sine
3124 3804 3305 3861 libero
3365 3804 3631 3872 arbitrio,

1988 3898 2414 3973 praeveniendo,
2466 3896 2967 3967 quemadmodum
3018 3897 3197 3951 istum
3245 3894 3318 3950 de
3362 3893 3501 3950 casio
3535 3909 3635 3949 vo-

1992 3989 2195 4044 cando.

2062 4077 2340 4148 Sequitur
2371 4091 2384 4129 :
2420 4075 2542 4129 Sive
2572 4076 2721 4128 enim
2762 4090 2884 4143 ego,
2940 4075 3050 4127 sive
3099 4073 3210 4139 illi,
3242 4076 3349 4128 etc.
3386 4071 3466 4125 De
3499 4071 3630 4142 qui-

1992 4168 2102 4221 bus
2135 4163 2319 4219 dicit?
2350 4163 2427 4217 De
2469 4162 2585 4216 illis
2633 4160 2921 4228 videlicet,
2955 4162 3168 4232 quibus
3198 4177 3259 4215 se
3310 4162 3439 4231 plus
3472 4159 3635 4213 dixe-

1992 4260 2082 4310 rat
2112 4253 2394 4308 laborare.
2429 4249 2651 4313 Quibus
2681 4248 2873 4303 verbis
2904 4248 3179 4317 ostendit,
3204 4248 3343 4319 quia
3374 4263 3486 4302 non
3521 4246 3636 4301 sibi

1994 4344 2187 4398 minor
2217 4340 2533 4394 auctoritas
2581 4337 2726 4392 foret
2754 4337 2813 4390 in
2867 4335 3295 4407 praedicatione,
3327 4338 3410 4392 sic
3434 4334 3639 4407 pradi-

1993 4447 2200 4497 camus,
2244 4432 2305 4483 ut
2354 4428 2640 4494 omnium,
2675 4428 2939 4497 inquam,
2992 4424 3474 4481 resurrectionem
3524 4440 3645 4479 cre-

2000 4520 2233 4575 deretis.
2270 4518 2394 4572 Sive
2424 4533 2540 4587 ego,
2574 4518 2687 4572 sive
2732 4516 2841 4583 illi,
2875 4516 3003 4570 ideo
3034 4514 3197 4583 dicit,
3229 4518 3293 4568 ut
3322 4531 3355 4569 a
3385 4512 3643 4585 generali

229 4609 525 4677 quantum
576 4621 684 4659 nos
734 4608 997 4676 oporteat
1043 4621 1130 4670 ea,
1167 4620 1296 4675 quae
1346 4610 1477 4676 post
1525 4605 1885 4675 baptismum
1920 4626 1964 4689 Ι)
1996 4609 2259 4665 omnium
2317 4605 2599 4674 doctrina,
2633 4611 2690 4661 et
2749 4606 2861 4660 {ide
2910 4605 3153 4677 puderet
3201 4620 3299 4659 eos
3345 4604 3463 4659 fore
3511 4600 3649 4657 alie~

228 4692 669 4763 commisimus,
692 4692 926 4747 deflere.
954 4692 1163 4749 Melius
1187 4698 1276 4748 est
1296 4694 1451 4749 enim
1484 4710 1571 4760 ea,
1605 4710 1734 4766 quas
1756 4699 1889 4749 ante

230 4782 603 4853 baptismum
651 4781 1080 4847 commisimus,
1135 4783 1366 4850 deﬂere,
1402 4799 1576 4855 quam
1627 4800 1712 4849 ea,
1762 4801 1889 4855 quae

231 4874 373 4943 post
422 4870 780 4941 baptismum
832 4869 1261 4941 commisimus,
1315 4870 1586 4927 oblivioni
1641 4872 1888 4929 tradere.

231 4960 354 5015 Hoc
388 4974 669 5031 magnum
716 4960 942 5015 malum
992 4964 1099 5025 est,
1135 4959 1279 5014 illud
1312 4977 1444 5015 vero
1476 4977 1757 5033 magnum
1790 4963 1891 5017 bo-

234 5064 402 5102 num.
440 5046 557 5102 Hoc
588 5049 744 5103 enim
777 5048 988 5120 agebat
1016 5047 1351 5119 Apostolus,
1384 5050 1523 5121 quia
1553 5049 1785 5104 Domini
1810 5068 1892 5105 re-

236 5137 663 5192 miniscebatur
692 5136 1019 5202 sententiae,
1053 5136 1301 5192 dicentis
1326 5153 1338 5193 :
1366 5138 1553 5193 Omnis
1584 5140 1682 5210 qui
1708 5155 1764 5194 se
1792 5139 1897 5194 hu-

233 5224 438 5294 miliat,
499 5224 840 5279 exaltabitur
892 5223 1099 5293 (Matth.
1159 5242 1318 5292 mn,
1381 5228 1446 5280 12
1496 5244 1507 5292 ;
1590 5228 1719 5282 Luc.
1780 5244 1893 5297 xxv,

243 5312 353 5382 11).
415 5317 505 5385 Et,
565 5312 669 5384 qui
728 5328 792 5366 se
870 5310 1199 5383 dejiciebat,
1257 5320 1322 5369 ut
1396 5314 1755 5371 exaltaretur
1806 5317 1900 5373 de-

243 5400 429 5457 cebat.

244 5563 463 5694 "256152)
496 5566 611 5621 Ῑεειο
643 5577 809 5627 XLIII,
840 5559 933 5629 25,
962 5562 1048 5620 26.
1104 5564 1274 5641 Vulg.
1310 5585 1322 5624 :
1357 5568 1536 5627 Reduc
1578 5586 1667 5627 me
1694 5570 1756 5627 in
1783 5585 1902 5627 me-

332 5654 499 5693 riam.

332 5654 499 5693 riam.

309 5709 457 5789 (653)
489 5709 748 5769 Notatur
777 5703 903 5761 haec
936 5710 1241 5771 sententia.

2002 4716 2126 4754 IIOS.

2072 4787 2348 4859 Sequitur
2384 4803 2395 4841 :
2434 4786 2495 4839 Si
2523 4793 2704 4841 autem
2755 4784 2997 4841 Christus
3024 4783 3357 4857 praedicatur
3385 4785 3443 4839 in
3476 4783 3646 4851 vobis,

2002 4877 2139 4949 quod
2169 4878 2479 4932 resurrexit
2526 4891 2557 4929 a
2588 4876 2842 4946 mortuis,
2897 4880 3002 4931 etc.
3040 4872 3281 4947 Egregie
3311 4890 3445 4930 vero
3478 4887 3649 4946 argu-

2004 4972 2199 5022 mento
2232 4965 2529 5021 concludit
2558 4980 2677 5036 eos,
2703 4970 2766 5019 ut
2794 4969 2893 5019 aut
2925 4968 3240 5035 utrumque
3271 4968 3512 5035 negent;
3542 4962 3651 5017 hoc

2004 5061 2112 5121 est,
2134 5060 2217 5119 ut,
2241 5054 2291 5109 si
2313 5053 2610 5109 Christum
2636 5054 2881 5107 credunt
2907 5052 3314 5115 resurrexisse,
3340 5052 3579 5107 credant
3595 5054 3653 5104 et

2006 5144 2254 5200 aliorum
2288 5142 2807 5207 resurrectionem;
2837 5148 2915 5207 et,
2944 5143 2991 5196 si
3025 5146 3240 5213 negant
3260 5140 3529 5205 aliorum,
3550 5153 3650 5191 ne-

2007 5237 2147 5305 gent
2176 5238 2229 5287 et
2260 5230 2495 5287 Christi.
2533 5229 2715 5284 Unam
2751 5244 3005 5299 namque
3035 5246 3103 5283 ex
3134 5229 3313 5283 altero
3344 5228 3655 5283 confirmat

2006 5320 2340 5393 Apostolus.
2369 5326 2481 5375 Iste
2499 5318 2653 5373 enim
2674 5316 3053 5390 syllogismus
3076 5334 3191 5373 non
3217 5322 3307 5372 est
3327 5314 3657 5371 dialectico-

2010 5425 2164 5475 rum,
2198 5408 2298 5462 sed
2345 5408 2668 5476 rhetorum,
2718 5412 2776 5461 et
2824 5405 3040 5460 dicitur
3088 5405 3484 5476 imperfectus,
3518 5402 3659 5473 quia

2083 5565 2330 5640 (65/1)En
2363 5564 2714 5640 sententiam
2739 5565 2853 5621 divi
2886 5566 3199 5640 Augustini
3223 5565 3379 5621 circa
3407 5561 3661 5636 gratiam

2014 5645 2071 5699 et
2090 5634 2354 5696 liberum
2386 5634 2715 5694 arbitrium.
