3990 6224
341 349 457 408 399

1366 341 1703 403 ATTONIS
1748 341 2328 404 VERCELLENSIS
2377 339 2731 401 EPISCOPI

3632 339 3758 399 400

338 480 568 533 constat
597 491 667 532 ex
697 474 1111 547 propositione,
1136 474 1540 545 assumptione
1568 477 1625 529 et
1656 472 1981 528 conclusio-
2011 475 2067 540 Α
2095 474 2239 529 citer
2266 475 2620 528 remunerat.
2652 472 2790 525 Nam
2814 471 2865 525 si
2884 471 2945 524 in
2974 469 3074 523 hac
3095 472 3312 523 tantum
3337 469 3449 522 vita
3473 472 3761 540 sperantes

342 582 434 623 ne.
471 565 766 621 Perfectus
796 562 1173 636 syllogismus
1219 567 1449 617 constat
1479 579 1547 617 ex
1592 562 1993 636 pr0positione

339 658 396 710 et
444 652 862 719 conclusione;
918 656 984 706 ut
1033 652 1081 706 si
1136 651 1346 706 dicas:
1408 655 1507 706 Est
1563 652 1757 706 omnis
1807 651 1993 705 virtus

344 741 555 798 utilis?
586 742 654 796 Et
684 741 1057 813 respondeas,
1092 738 1289 807 utilis;
1324 742 1382 794 et
1412 756 1685 795 assumas
1720 756 1731 793 :
1767 741 1868 794 Est
1898 756 1991 793 ca-

345 831 514 887 stitas
560 829 768 886 utilis?
799 830 865 884 Et
911 827 1266 899 respondeas
1301 846 1312 883 :
1360 827 1568 896 Utilis;
1603 833 1661 882 et
1706 832 1839 899 post
1869 827 1992 881 haec

349 920 667 977 concludas
700 935 713 974 :
746 923 892 990 Ergo
922 921 980 972 et
1026 916 1267 971 castitas
1292 916 1477 971 virtus
1533 921 1643 971 est.
1682 914 1992 987 Apostolus

350 1023 582 1081 quoque
613 1006 936 1080 prOposuit,
967 1017 1021 1060 et
1050 1000 1355 1076 conclusit,
1380 1004 1549 1077 quasi
1583 1004 1825 1059 dixisset
1851 1022 1862 1059 :
1888 1003 1992 1057 Re-

350 1097 600 1153 surrexit
627 1094 933 1149 Christus?
970 1092 1059 1148 Illi
1094 1092 1142 1147 si
1174 1094 1456 1160 dicerent,
1489 1093 1827 1159 resurrexit,
1853 1110 1989 1147 con-

347 1185 605 1241 cluderet
632 1183 758 1255 ipse
790 1198 804 1238 :
836 1181 1166 1254 Resurgent
1194 1186 1250 1237 et
1279 1181 1491 1237 caeteri.
1527 1182 1596 1236 Et
1641 1182 1778 1236 itcm
1814 1199 1826 1237 :
1866 1181 1990 1235 Non

349 1276 659 1346 resurgant
688 1270 832 1327 alii?
861 1269 922 1325 Si
968 1270 1413 1343 responderent,
1446 1286 1585 1337 non,
1612 1269 1711 1324 ille
1762 1268 1993 1325 conclu-

346 1365 508 1421 deret
538 1378 552 1417 :
584 1361 785 1432 Neque
830 1358 1100 1416 Christus
1149 1358 1488 1414 resurrexit.
1519 1358 1745 1415 Pseudo
1780 1358 1997 1430 quippe

345 1450 591 1526 apostoli
621 1450 916 1523 negabant
954 1447 1253 1503 Christum
1303 1448 1691 1503 resurrexisse
1725 1463 1737 1501 :
1776 1447 1913 1518 quia
1943 1451 1999 1500 et

348 1541 641 1613 negabant
689 1553 825 1593 eum
884 1541 1138 1592 natum:
1199 1536 1321 1608 qui,
1378 1553 1448 1592 ne
1506 1536 1577 1591 ab
1638 1535 1998 1591 amatoribus

347 1631 623 1685 humanae
666 1625 963 1699 sapientia
1012 1624 1468 1697 despicerentur,
1501 1624 1601 1696 qui
1632 1623 1881 1679 stultum
1916 1625 1999 1693 iu-

351 1717 625 1776 dicabant
659 1717 838 1772 Deum
867 1714 1161 1770 hominem
1198 1714 1436 1786 factum,
1465 1718 1521 1769 et
1548 1730 1811 1787 passum,
1845 1712 1998 1767 deci-

352 1807 592 1880 piebant
621 1802 941 1876 simplices,
976 1807 1035 1857 et
1061 1820 1180 1857 suae
1231 1803 1414 1874 partis
1456 1801 1762 1857 faciebant.
1797 1800 1877 1856 De
1908 1805 1998 1855 ta—

351 1896 511 1951 libus
541 1894 682 1949 dicit
708 1893 964 1948 Joannes
997 1907 1009 1946 :
1043 1891 1149 1959 Qui
1176 1906 1284 1945 non
1306 1892 1593 1960 conﬁtetur
1618 1889 1906 1947 Christum
1925 1890 1998 1955 in

352 1999 520 2041 carne
564 1983 791 2049 venisse,
825 1980 914 2035 hic
940 1983 1018 2035 est
1064 1979 1421 2034 antichristus
1452 1981 1498 2050 (I
1524 1981 1679 2035 Joan.
1711 1996 1785 2049 iv,
1819 1978 1894 2049 3).
1929 1977 1997 2032 Et

350 2074 491 2129 item
526 2088 539 2127 :
574 2072 680 2139 Qui
706 2073 866 2140 negat
901 2069 1127 2136 Filium,
1159 2084 1258 2124 nec
1298 2070 1527 2124 Patrem
1574 2068 1736 2123 habet
1767 2067 1813 2138 (I
1836 2068 1993 2123 Joan.

353 2179 413 2229 ιι,
442 2161 555 2233 23).
589 2159 656 2215 Hi
687 2158 925 2225 etenim,
959 2157 1094 2213 licet
1113 2156 1342 2229 aliquos
1375 2157 1767 2230 decepissent,
1800 2161 1855 2211 et
1878 2172 1995 2211 suae

349 2249 534 2323 partis
581 2262 681 2304 eos
730 2246 1023 2315 fecissent,
1072 2251 1238 2300 erant
1286 2251 1481 2301 tamen
1532 2244 1797 2301 nonnulli
1848 2244 1998 2299 inter

348 2353 468 2406 eos,
502 2337 603 2409 qui
632 2336 931 2392 Christum
963 2335 1351 2389 resurrexisse
1383 2334 1722 2404 credebant,
1748 2333 1818 2388 de
1848 2331 1995 2388 alio-

350 2443 482 2483 rum
513 2423 935 2481 resurrectione
984 2422 1351 2477 dubitabant.
1385 2423 1465 2477 De
1492 2421 1612 2477 illis
1643 2422 1784 2476 dicit
1816 2438 1828 2476 :
1865 2422 2000 2489 Quo.

348 2515 505 2572 modo
534 2514 783 2587 quidam.
813 2511 941 2567 Non
976 2527 1201 2579 omnes,
1234 2511 1331 2566 sed
1383 2510 1551 2567 multi
1604 2516 1801 2565 tamen
1834 2512 1999 2565 erant

350 2606 463 2662 hoe
489 2618 684 2661 errore
712 2602 958 2673 decepti.

426 2711 727 2785 Sequitur:
748 2709 809 2765 Si
822 2712 1007 2764 autem
1029 2706 1270 2763 Christus
1294 2722 1404 2764 non
1426 2708 1732 2762 resurrexit
1758 2705 1998 2785 (subau-

357 2780 539 2871 ditur,
569 2814 758 2871 neque
787 2795 1001 2865 caeteri)
1038 2812 1051 2850 :
1084 2800 1162 2863 et,
1196 2795 1244 2850 si
1295 2795 1376 2850 ita
1406 2801 1512 2863 est,
1547 2796 1736 2850 inanis
1767 2780 2001 2865 estergo

347 2889 686 2963 praedicatio
732 2890 939 2954 nostra,
968 2889 1079 2941 etc.
1114 2901 1127 2939 :
1162 2883 1301 2941 facit
1329 2884 1484 2941 enim
1533 2884 1814 2941 adversus
1845 2882 1997 2939 illos.

354 2979 503 3036 Nam
534 2976 669 3050 quis
697 2975 946 3031 libenter
973 2974 1173 3030 audiat
1204 2973 1311 3030 hoc
1343 2990 1405 3029 se
1435 2989 1668 3046 negare,
1701 2978 1759 3028 et
1790 2971 2000 3028 inutile

347 3062 634 3141 judicare,
659 3065 813 3138 quod
844 3063 1011 3137 prius
1031 3062 1375 3131 crediderat,
1398 3067 1456 3118 et
1475 3063 1694 3118 bonum
1719 3063 2000 3134 approba-

355 3152 562 3215 verat?
587 3156 655 3212 Et
672 3153 802 3211 ideo
824 3152 967 3209 dicit
992 3169 1006 3208 :
1032 3151 1224 3207 Inanis
1249 3154 1330 3207 est
1369 3151 1499 3221 ﬁdes
1538 3154 1735 3218 vestra,
1769 3155 1835 3205 ut
1860 3166 1994 3206 cum

354 3246 465 3304 hoc
494 3241 1371 3314 audirent,confunderentur,et
1391 3240 1463 3295 ad
1485 3240 1796 3312 pristinam
1820 3240 1855 3294 fi

356 3338 799 3393 reverterentur.
831 3332 917 3387 Ad
949 3330 1059 3386 hoc
1079 3330 1255 3386 etiam
1283 3329 1540 3402 respicit,
1564 3331 1719 3401 quod
1752 3330 1998 3386 inferius

356 3426 439 3483 ait
469 3441 482 3481 :
517 3422 715 3481 Adhuc
740 3422 866 3478 estis
898 3422 955 3476 in
982 3421 1217 3492 peccatis
1231 3420 1448 3475 vestris.
1470 3418 1610 3484 Quis
1643 3418 1799 3474 enim
1823 3418 2003 3474 liben-

357 3519 447 3572 ter
475 3512 675 3570 audiat
704 3528 774 3567 se
804 3525 934 3566 esse
982 3509 1041 3564 in
1074 3508 1348 3581 peccatis,
1381 3524 1633 3580 quorum
1682 3525 1742 3564 se
1772 3509 2001 3564 veniam

362 3600 610 3661 credidit
640 3596 1065 3656 consecutum?
1093 3597 1160 3651 Et
1189 3595 1404 3652 idcirco
1435 3595 1581 3651 dixit
1613 3614 1626 3651 :
1660 3597 1849 3653 Adhuc
1876 3598 2003 3654 estis

368 3690 429 3749 in
457 3692 708 3764 peccatis,
742 3692 808 3742 ut
839 3685 924 3741 illi
955 3688 1070 3742 non
1119 3702 1281 3757 teque
1313 3686 1547 3757 ferrent,
1575 3691 1632 3742 et
1676 3687 1899 3743 confusi
1933 3686 2004 3742 ad

364 3780 680 3858 pristinam
709 3776 884 3834 ﬁdem
932 3778 1378 3831 reverterentur.
1410 3774 1770 3849 Quapropter
1818 3775 1959 3831 dicit
1991 3794 2004 3832 :

362 3870 691 3943 .Invenimur
717 3871 770 3923 et
795 3866 931 3938 falsi
955 3868 1110 3920 testes
1139 3866 1257 3936 Dei,
1285 3868 1393 3920 etc.
1419 3864 1544 3920 Non
1574 3865 1732 3934 dicit,
1758 3865 2004 3934 inimici,

368 3962 508 4036 quia
524 3954 1030 4025 inimicusdicitur
1049 3953 1147 4026 qui
1170 3953 1461 4010 contraria
1475 3955 1674 4022 sentit,
1700 3954 1788 4010 vel
1811 3954 2006 4010 minus

367 4051 528 4110 dicit.
564 4047 666 4105 Isti
694 4044 824 4104 falsi
867 4060 996 4102 esse
1046 4046 1332 4115 poterant,
1365 4042 1503 4115 quia
1533 4060 1747 4116 magna
1793 4044 1863 4098 de
1894 4048 2006 4100 Deo

364 4142 649 4207 dixerant,
681 4136 731 4192 si
761 4135 869 4191 hoc
899 4148 1098 4189 verum
1129 4136 1301 4202 esset,
1322 4133 1478 4205 quod
1511 4132 1593 4187 illi
1626 4132 1919 4199 dicebant,
1940 4148 2007 4188 ac

361 4230 413 4286 si
441 4228 575 4286 aliis
604 4225 797 4283 verbis
819 4223 975 4279 dicat
1006 4240 1019 4280 :
1053 4222 1169 4279 Nos
1201 4222 1438 4294 quidem
1464 4221 1615 4289 falsi,
1641 4220 1779 4293 quia
1804 4220 2004 4293 etipse

361 4318 547 4377 falsus
573 4336 587 4379 :
619 4315 759 4389 quia
807 4312 980 4370 tertia
1009 4313 1283 4386 promisit
1312 4312 1406 4367 die
1426 4314 1916 4377 resurrecturum,
1949 4314 2006 4367 et

356 4398 522 4466 vobis
550 4424 655 4480 per
682 4421 897 4477 aquam
929 4402 1298 4474 baptismatis
1327 4400 1555 4457 veniam
1588 4400 1866 4454 daturum
1901 4416 1913 4453 :
1952 4398 2002 4454 si

354 4498 439 4555 ita
467 4503 575 4566 est,
610 4500 676 4553 ut
704 4494 919 4558 dicitis,
952 4491 1089 4564 quia
1117 4491 1310 4548 adhuc
1335 4489 1475 4545 estis
1508 4489 1565 4542 in
1599 4487 1871 4560 peccatis.
1907 4487 2002 4542 Se-

2101 579 2356 631 essemus,
2386 559 2821 615 miserabiliores
2849 558 3101 613 omnibus
3132 573 3371 613 essemus
3426 557 3752 615 hominibus

2103 652 2381 724 quoniam
2437 649 2645 721 pagani
2696 646 2898 703 saltem
2951 647 3044 701 hic
3097 646 3223 701 suis
3272 646 3762 704 delectationibus

2105 742 2411 807 fruuntur;
2447 737 2616 793 nobis
2638 754 2770 793 vero
2792 736 2931 808 quid
2957 736 3207 806 jejunis,
3225 736 3366 807 quid
3388 737 3597 805 oratio,
3614 739 3760 810 quid

2102 829 2330 903 vigilite,
2360 828 2499 902 quid
2552 832 2713 882 casta
2754 827 2872 881 vita
2922 825 3313 897 prodessent?
3341 826 3541 883 Solent
3587 828 3763 885 nobis

2102 920 2308 992 pegani
2341 919 2531 973 dicere
2566 934 2577 971 :
2610 916 2747 983 Vos,
2786 916 2884 987 qui
2916 914 2974 971 in
3007 914 3304 970 Christum
3331 915 3592 983 creditis,
3614 918 3761 989 quid

2104 1009 2294 1080 magis
2326 1007 2555 1063 habetis
2579 1006 2606 1060 ‘?
2636 1006 2823 1076 Hujus
2853 1004 2978 1058 vitae
3013 1003 3180 1060 bonis
3200 1021 3312 1060 non
3347 1006 3537 1079 magis
3568 1008 3762 1063 abun-

2103 1098 2276 1153 datis.
2314 1097 2426 1152 Sed
2474 1096 2682 1166 magis,
2736 1094 3000 1165 inquam,
3033 1093 3355 1161 habemus;
3390 1096 3530 1166 quia
3575 1096 3760 1155 vitam

2104 1187 2400 1241 credimus
2448 1184 2729 1251 futuram,
2781 1198 2910 1254 qua:
2957 1182 3494 1254 incomparabiliter
3551 1184 3763 1242 melior

2106 1280 2213 1345 est,
2248 1290 2426 1346 quam
2456 1272 2590 1328 ista.
2636 1323 2646 1333 ε

2177 1390 2493 1461 Postquam
2524 1403 2726 1443 eorum
2775 1385 3201 1442 confessionem
3234 1388 3623 1460 exprobravit,
3658 1406 3762 1463 ag-

2107 1494 2346 1550 gressus
2372 1481 2460 1533 est
2491 1476 2868 1532 manifestare
2898 1475 3408 1532 resurrectionem.
3442 1477 3542 1533 Ait
3560 1478 3759 1534 enim:

2107 1573 2266 1625 Nunc
2294 1570 2476 1623 autem
2504 1566 2746 1622 Christus
2791 1564 3121 1631 resurrexit,
3165 1565 3437 1636 primitiae
3479 1565 3765 1623 dormien-

2106 1658 2249 1711 tium
2272 1674 2290 1715 .·
2322 1654 2461 1727 quia
2490 1655 2723 1726 primus
2756 1653 2880 1725 ipse
2909 1654 2980 1709 ad
3012 1652 3519 1710 immortalitatem
3545 1657 3766 1713 transi-

2107 1744 2231 1813 vit;
2264 1745 2401 1816 quia
2430 1744 2540 1800 etsi
2581 1743 2680 1799 alii
2711 1748 2846 1799 ante
2875 1758 3011 1799 eum
3035 1747 3503 1811 resurrexerunt,
3538 1746 3611 1801 ad
3632 1762 3765 1802 cor-

2028 1847 2076 1912 B
2108 1835 2437 1905 ruptionem
2491 1833 2811 1888 redierunt.
2842 1831 3010 1899 Nota,
3044 1832 3185 1903 quia
3222 1850 3327 1903 per
3372 1832 3671 1906 hominem,
3705 1839 3765 1891 et

2107 1927 2352 1979 mortem
2384 1922 2527 1978 dicit
2551 1927 2608 1977 et
2638 1921 3146 1989 resurrectionem,
3168 1922 3268 1977 sed
3303 1939 3419 1977 non
3439 1926 3633 1980 tamen
3660 1940 3765 1996 per

2106 2010 2648 2076 eumresurrectio,
2682 2026 2784 2081 per
2813 2025 2989 2081 quem
3038 2026 3198 2066 mors
3232 2028 3244 2065 :
3274 2011 3412 2066 facit
3438 2013 3594 2068 enim
3636 2013 3759 2085 pri-

2108 2102 2210 2169 mi,
2243 2105 2301 2157 et
2329 2086 2741 2156 secundiiAda:
2764 2099 3145 2156 mentionem.
3179 2100 3408 2156 Primus
3428 2103 3607 2157 Adam
3641 2119 3754 2159 suo

2108 2194 2342 2261 peccato
2374 2188 2595 2244 invenit
2649 2192 2891 2244 mortem
2924 2206 2937 2255 ;
2993 2190 3289 2245 secundus
3317 2190 3521 2258 Adam,
3553 2191 3614 2246 id
3642 2196 3758 2259 est,

2106 2279 2394 2342 Christus,
2427 2295 2535 2334 sua
2549 2278 2781 2349 justitia
2804 2279 3311 2335 resurrectionem.
3338 2280 3447 2345 Qui
3473 2285 3675 2336 essent
3695 2280 3761 2338 hi

2107 2369 2244 2439 duo,
2277 2367 2550 2432 ostendit,
2570 2384 2706 2422 cum
2738 2366 3043 2437 subjunxit
3066 2383 3078 2421 :
3105 2368 3258 2423 Sicut
3284 2370 3344 2423 in
3374 2368 3549 2425 Adam
3569 2384 3764 2427 omnes

2106 2459 2444 2513 moriuntur.
2488 2458 2618 2528 Ipse
2666 2455 2806 2527 quia
2854 2457 3146 2528 peccando
3179 2462 3425 2514 mortem
3478 2458 3754 2531 incurrit,

2108 2563 2331 2615 omnes,
2364 2545 2462 2617 qui
2495 2561 2562 2601 ex
2583 2560 2649 2601 eo
2679 2545 3065 2611 descendunt,
3091 2551 3340 2602 mortem
3369 2547 3686 2605 incurrunt
3705 2553 3766 2606 et

2107 2636 2338 2702 animae,
2392 2639 2449 2690 et
2506 2635 2787 2707 corporis.
2848 2634 3010 2698 Quod
3054 2652 3188 2691 vero
3234 2635 3421 2691 dicit:
3470 2638 3556 2693 Ita
3599 2643 3653 2693 et
3702 2641 3767 2694 in

2111 2725 2318 2781 Christo
2348 2740 2531 2781 omnes
2574 2722 3026 2795 vivificabuntur,
3056 2741 3129 2779 ne
3173 2725 3531 2780 contrarium
3563 2726 3764 2783 videa-

2107 2818 2224 2881 tur,
2278 2813 2417 2885 quia
2464 2829 2581 2868 non
2630 2828 2836 2869 omnes
2878 2812 3263 2880 viviﬁcantur,
3297 2814 3382 2869 sic
3428 2814 3768 2888 intelligen-

2107 2901 2249 2957 dum
2280 2905 2370 2956 est
2400 2916 2415 2955 :
2449 2899 2589 2972 quia
2617 2916 2843 2969 omnes,
2877 2901 2976 2972 qui
3004 2901 3395 2972 vivificantur,
3427 2902 3488 2958 in
3526 2900 3765 2962 Christo

2105 2990 2491 3046 vivificantur.

2176 3106 2483 3162 Manifesta
2512 3106 2959 3174 resurrectione,
2993 3106 3130 3178 quia
3159 3107 3429 3179 ejusdem
3458 3108 3645 3165 voluit
3663 3126 3762 3166 or-

1862 3195 1995 3295 ἆὲῑῐ
2027 3209 2069 3277 C
2107 3196 2302 3252 dinem
2335 3196 2755 3266 demonstrare,
2785 3195 3127 3267 subjunxit:
3162 3197 3537 3269 Unusquisque
3566 3199 3626 3252 in
3655 3214 3762 3254 suo

2108 3286 2299 3342 ordine
2327 3304 2349 3340 .·
2374 3284 2474 3356 qui
2504 3284 2644 3340 ordo
2673 3300 2787 3340 non
2820 3284 3012 3351 malis,
3036 3285 3136 3341 sed
3167 3285 3405 3342 dabitur
3433 3287 3494 3341 in
3525 3286 3761 3345 Christo

2109 3374 2433 3430 viviﬁcatis.
2474 3374 2751 3429 Primitiz
2783 3374 3048 3445 Christus,
3080 3379 3146 3429 ut
3193 3392 3392 3445 supra.
3426 3376 3707 3447 Sequitur
3741 3394 3758 3433 :

2111 3463 2314 3520 Deinde
2353 3464 2451 3535 qui
2476 3467 2603 3517 sunt
2654 3462 2859 3517 Christi
2890 3482 2908 3517 :
2940 3463 3039 3535 qui
3088 3469 3247 3536 sunt,
3280 3467 3378 3537 qui
3424 3467 3485 3520 in
3511 3465 3764 3522 adventu

2114 3555 2229 3619 eius
2255 3552 2598 3608 crediderant
2627 3552 3020 3623 (subauditur,
3037 3555 3546 3627 resurgent).Cum
3579 3556 3762 3612 dicit:

2118 3642 2320 3697 Deinde
2347 3642 2493 3712 ﬁnis,
2528 3641 2785 3696 ostendit
2812 3640 2952 3713 quia
2971 3646 3028 3696 et
3058 3644 3426 3712 resurrectio,
3459 3648 3639 3716 atque
3662 3645 3765 3715 ju-

2116 3731 2334 3787 dicium
2368 3731 2679 3797 malorum,
2713 3731 2784 3785 ad
2816 3729 2989 3786 istam
3022 3730 3201 3785 vitam
3241 3732 3636 3804 pertinebunt.
3676 3734 3770 3789 Fi-

2117 3822 2210 3877 nis
2240 3838 2356 3876 non
2388 3819 2499 3875 erit
2537 3816 3025 3891 consumptionis,
3062 3819 3162 3875 sed
3213 3820 3767 3879 consummationis.

2189 3954 2466 4025 Sequitur
2525 3971 2539 4008 :
2601 3953 2738 4008 Cum
2803 3952 3107 4017 tradiderit
3152 3970 3386 4022 regnum
3439 3956 3548 4011 Deo
3603 3956 3772 4029 (quia

2117 4043 2335 4113 homo),
2366 4050 2417 4098 et
2463 4042 2621 4096 Patri
2652 4041 2813 4113 (quia
2858 4040 3082 4109 Filius).
3133 4041 3245 4097 Sed
3294 4042 3405 4100 iste
3453 4060 3670 4116 sermo,
3701 4045 3768 4103 id

2114 4137 2221 4203 est,
2256 4131 2574 4196 tradiderit,
2609 4129 2826 4186 multos
2874 4128 3287 4188 scandalizavit
3319 4132 3520 4190 minus
3547 4133 3766 4190 intelli~

2114 4225 2337 4294 gentes,
2370 4219 2472 4291 qui
2503 4218 2774 4274 dixerunt
2800 4219 2963 4291 quia,
2995 4235 3129 4274 cum
3173 4220 3501 4289 tradiderit,
3533 4222 3767 4282 desinet

2114 4324 2379 4382 regnare.
2413 4308 2576 4374 Quod
2608 4306 2656 4362 si
2708 4307 2789 4361 ita
2832 4311 2946 4374 est,
2978 4322 3116 4381 ergo
3164 4313 3219 4364 et
3249 4308 3420 4365 Pater
3464 4309 3642 4368 desiit
3671 4328 3766 4369 re-

2111 4414 2310 4471 gnare,
2344 4396 2482 4469 quia
2510 4395 2709 4451 omnia
2740 4394 2881 4452 Filio
2924 4396 3189 4463 tradidit,
3222 4397 3378 4455 sicut
3407 4398 3536 4471 ipse
3564 4400 3712 4456 dicit
3746 4417 3764 4459 :

2112 4487 2308 4542 Omnia
2359 4486 2501 4541 mihi
2545 4485 2764 4540 tradita
2806 4492 2936 4540 sunt
2983 4502 3018 4540 a
3060 4490 3230 4542 Patre
3276 4502 3394 4544 meo
3441 4487 3647 4558 (Matth.
3680 4507 3763 4561 xx,

356 4586 585 4661 quitur:
611 4586 765 4654 Ergo
794 4592 844 4638 et
866 4584 964 4653 qui
990 4581 1332 4637 dormierunt
1361 4579 1421 4631 in
1452 4576 1998 4645 Christo,perierunt.
2032 4584 2078 4651 ι)
2109 4576 2221 4647 27).
2254 4575 2359 4630 Sed
2394 4574 2528 4645 quis
2559 4590 2675 4629 non
2724 4578 3003 4645 agnoscat
3031 4591 3210 4645 quam
3259 4575 3510 4633 stultum
3542 4578 3621 4634 sit
3651 4577 3768 4636 hoc

354 4676 488 4732 Ideo
522 4675 631 4730 hoc
661 4672 820 4741 dicit,
855 4677 921 4726 ut
948 4670 1103 4726 sicut
1129 4685 1244 4724 non
1291 4682 1453 4737 aeque
1486 4666 1634 4718 ferre
1660 4670 1995 4734 potuerunt,

354 4765 670 4822 audierunt
698 4779 760 4819 se
790 4762 900 4817 hoe
938 4774 1171 4831 negare,
1204 4755 1359 4827 quod
1393 4754 1559 4825 prius
1590 4753 1993 4822 crediderant;

352 4855 410 4908 et
439 4852 631 4908 adhuc
661 4867 789 4908 esse
816 4851 876 4904 in
922 4843 1197 4919 peccatis,
1230 4856 1481 4913 quorum
1514 4839 1741 4895 veniam
1773 4858 1835 4897 se
1860 4858 1993 4897 con-

350 4946 579 4998 secutos
611 4940 960 5012 sperabant;
993 4934 1078 4989 sic
1109 4947 1224 4987 non
1255 4945 1417 4999 aeque
1455 4930 1686 4997 ferrent,
1721 4932 1859 4986 dum
1887 4949 1992 4987 au-

348 5031 563 5087 dierint
594 5031 937 5084 frustratam
970 5036 1136 5093 spem
1184 5034 1426 5073 suorum
1467 5017 1795 5075 charorum.
1829 5021 1991 5087 Quod

347 5119 509 5188 dicit,
540 5116 905 5180 dormierunt,
936 5108 1167 5165 duobus
1217 5107 1408 5162 modis
1441 5124 1454 5162 :
1488 5107 1577 5162 vel
1608 5108 1709 5179 qui
1740 5110 1850 5164 sub
1884 5109 1992 5166 hac

346 5224 450 5279 spe
470 5207 544 5263 ab
577 5205 686 5260 hac
703 5202 822 5255 vita
849 5196 1227 5266 transierunt,
1241 5194 1329 5251 vel
1357 5196 1457 5268 qui
1480 5213 1723 5269 corpora
1752 5215 1861 5253 sua
1880 5200 1991 5255 sub

342 5296 455 5354 hac
489 5310 593 5365 spe
624 5286 901 5360 martyrio
929 5283 1314 5341 tradiderunt.

413 5398 693 5470 Sequitur
727 5410 739 5447 :
775 5394 835 5451 Si
847 5397 924 5450 in
972 5393 1076 5450 hac
1101 5394 1215 5448 vita
1254 5401 1466 5449 tantum
1513 5396 1576 5449 in
1626 5394 1839 5451 Christo
1867 5410 1989 5463 spe-

340 5492 533 5546 rantes
559 5498 815 5553 essemus,
847 5488 955 5541 etc.
989 5483 1060 5538 Et
1112 5487 1200 5538 est
1228 5499 1437 5539 sensus
1465 5498 1477 5536 :
1508 5483 1634 5538 Non
1664 5488 1896 5538 tantum
1929 5484 1989 5539 in

340 5573 583 5646 bac,sed
606 5572 799 5644 potius
821 5588 1030 5631 sumus
1050 5571 1111 5627 in
1132 5571 1329 5628 futura
1345 5574 1681 5642 sperantes:
1707 5572 1988 5643 quoniam

341 5662 611 5745 Christus
640 5665 698 5721 et
717 5661 776 5721 in
796 5663 903 5725 hac
932 5663 1055 5724 vita
1080 5678 1219 5723 suos
1240 5659 1448 5735 salvat,
1464 5664 1522 5717 et
1543 5664 1678 5735 post
1697 5660 1850 5718 hanc
1870 5661 1989 5718 felis

2109 4663 2296 4719 dicere
2324 4663 2352 4717 ?
2381 4663 2528 4734 Ergo
2572 4662 2814 4718 tradidit
2868 4667 3058 4734 Pater,
3093 4670 3151 4720 et
3198 4681 3314 4721 non
3367 4666 3589 4733 amisit,
3622 4668 3768 4739 quia

2105 4769 2238 4808 cum
2273 4750 2416 4807 Filio
2470 4750 2766 4821 possidet;
2799 4754 2987 4808 tradet
3018 4752 3219 4824 Filius,
3265 4759 3324 4809 et
3354 4771 3475 4811 non
3506 4755 3763 4813 amittet.

2105 4842 2251 4908 Quid
2284 4840 2463 4912 igitur
2489 4843 2579 4895 est
2628 4840 2854 4896 tradere
2875 4841 2903 4895 ?
2948 4841 3339 4911 Manifestare,
3374 4844 3619 4916 inquam
3647 4863 3662 4914 ;
3695 4849 3766 4903 ut

2105 4930 2205 5002 qui
2236 4929 2402 5001 prius
2440 4927 2498 4983 in
2533 4928 2659 4985 suis
2710 4930 2991 5002 regnabat
3040 4946 3141 5002 per
3191 4930 3387 5003 ﬁdem,
3421 4938 3627 5006 regnet
3656 4950 3765 5007 per

2103 5022 2367 5090 apertam
2417 5017 2973 5086 manifestationem,
3004 5025 3064 5076 et
3094 5020 3192 5091 qui
3214 5021 3390 5092 prius
3430 5039 3563 5078 eum
3596 5024 3762 5080 vide-

2104 5109 2246 5163 bant
2274 5124 2378 5180 per
2405 5105 2713 5180 speculum
2743 5112 2801 5163 et
2847 5109 3180 5181 aenigmata,
3212 5114 3356 5167 tunc
3387 5111 3537 5168 iacio
3565 5113 3639 5169 ad
3672 5112 3762 5170 fa-

2101 5214 2269 5254 ciem.

2170 5311 2450 5384 Sequitur
2480 5328 2494 5366 :
2529 5311 2666 5367 Cum
2712 5317 3059 5370 evacuaverit
3087 5331 3308 5372 omnem
3346 5317 3759 5389 principatum,

2100 5405 2208 5457 etc.
2263 5399 2577 5455 Evacuabit
2628 5400 3047 5472 principatum,
3097 5409 3207 5459 etc.
3251 5422 3265 5473 ;
3311 5404 3453 5475 quia
3498 5405 3765 5463 ostendit

2101 5505 2283 5544 unum
2315 5504 2444 5544 esse
2474 5488 2892 5560 principem,et
2922 5507 3117 5565 regem
3144 5517 3158 5560 ;
3189 5495 3247 5548 et
3274 5508 3514 5549 omnem
3538 5496 3764 5567 princi-

2099 5581 2322 5651 patum,
2357 5579 2490 5646 etc.,
2525 5575 2646 5632 sive
2697 5577 2756 5634 in
2806 5577 2985 5647 caelis,
3020 5581 3141 5636 sive
3187 5579 3249 5635 in
3293 5580 3495 5650 terris,
3549 5582 3760 5643 abillo

2098 5678 2258 5737 esse;
2291 5666 2349 5721 et
2375 5679 2493 5720 non
2545 5662 2686 5737 illis,
2719 5666 2831 5725 sed-
2870 5666 2930 5725 in
2972 5668 3095 5728 solo
3136 5668 3252 5727 isto
3288 5683 3421 5731 esse
3457 5672 3758 5741 conﬁden-
