3990 6224
296 384 416 450 403

1320 379 1658 443 ATTONIS
1702 377 2282 441 VERCELLENSIS
2328 379 2680 443 EPISCOPI

3592 379 3728 442 404
3744 439 3746 441 .

377 517 657 594 Sequitur
689 536 702 574 :
738 519 922 589 Quam
953 517 1118 574 habeo
1149 532 1206 572 tn
1241 515 1458 572 Christo
1486 517 1604 572 Jesu
1640 533 1651 570 :
1688 530 1754 570 ac
1777 512 1825 570 si
1862 511 1946 567 di-
1978 512 2033 579 Α
2064 511 2190 567 sola
2219 511 2921 584 hominesjustiﬁcantur.
2945 511 3052 570 Illa
3067 517 3176 582 est,
3200 513 3464 586 inquam,
3489 511 3721 584 divina,

306 616 398 669 cat
432 629 445 666 :
478 611 596 684 Ego
627 609 862 681 quidem
896 625 998 680 per
1052 605 1299 662 salutem
1350 609 1602 660 vestram
1661 603 1948 660 sollicitus

309 717 442 758 sum
477 717 613 768 ;vos
647 703 842 754 autem
874 699 992 753 sive
1020 696 1208 752 velitis
1230 694 1652 768 perﬁcere,sive
1684 711 1820 762 non,
1845 710 1949 765 ego

305 793 504 846 tamen
537 786 650 843 mei
700 786 918 843 laboris
975 785 1298 841 mercedem
1352 783 1560 849 habeo,
1611 783 1855 856 gloriam
1891 783 1949 837 in

309 877 539 934 Christo
559 877 696 933 Jesu
744 875 1078 947 repositam.
1132 873 1455 944 Sequitur:
1517 873 1595 939 Si,
1653 872 1953 928 secundum

312 967 612 1030 hominem,
641 967 714 1022 ad
743 967 932 1021 bestias
956 965 1204 1035 pugnavi
1232 963 1447 1034 Ephesi,
1504 967 1614 1016 etc.
1675 960 1953 1017 Bestiales

319 1055 532 1128 quippe
553 1054 840 1116 homines,
864 1052 1082 1108 bestias
1103 1051 1380 1124 appellat,
1415 1052 1536 1123 qui,
1570 1068 1702 1106 cum
1738 1049 1950 1104 intelli-

313 1149 514 1218 gerent
545 1144 616 1198 ad
647 1141 1118 1215 praedicationem
1141 1138 1399 1213 Apostoli
1431 1139 1715 1212 templum
1759 1140 1953 1194 Dianae

313 1231 1059 1304 evertendum,popularem
1094 1231 1372 1286 adversus
1398 1247 1530 1285 eum
1559 1229 1958 1285 excitaverunt

314 1320 656 1377 seditionem
685 1338 698 1387 ;
735 1322 853 1376 sive
885 1319 1016 1375 illos
1047 1318 1301 1391 appellat
1331 1318 1568 1387 bestias,
1613 1319 1683 1373 de
1743 1317 1958 1390 quibus

313 1409 456 1466 dicit
504 1409 816 1466 Psalmista
851 1393 973 1466 z'Ne
1001 1409 1190 1463 tradas
1222 1409 1399 1462 bestiis
1446 1410 1662 1463 animas
1708 1408 1962 1476 conﬁten-

314 1501 455 1555 tium
479 1499 588 1554 sibi
616 1499 793 1571 (Psal.
827 1515 1018 1565 Lxxm,
1056 1499 1164 1567 19).
1211 1496 1434 1552 Bestias
1480 1513 1611 1552 vero
1669 1497 1960 1552 damones

315 1593 502 1644 vocat.
537 1587 748 1643 Anima
795 1603 1028 1659 quoque
1081 1587 1350 1642 szeviores
1382 1587 1530 1656 (658)
1580 1585 1797 1641 bestias
1847 1603 1960 1640 non

317 1676 668 1732 habet.Nam
703 1677 822 1732 sive
851 1675 978 1743 hos,
1013 1676 1132 1731 sive
1159 1675 1291 1730 illos
1323 1673 1633 1746 intelligas,
1682 1676 1962 1730 adversus

319 1771 600 1837 utrosque
622 1764 1081 1838 pugnabis.Quid
1114 1764 1269 1820 enim
1294 1763 1584 1829 mirum,si
1609 1763 1827 1820 feroces
1857 1763 1960 1819 ho-

2059 617 2187 671 quae
2220 618 2331 655 non
2359 600 2550 657 solum
2577 601 2767 658 aliena
2789 619 2902 657 non
2925 603 3096 675 rapit,
3130 604 3231 659 sed
3257 620 3364 659 sua
3383 602 3576 675 potius
3601 603 3725 659 lar—

2060 688 2235 761 gitur.
2261 690 2430 754 Nota,
2463 690 2602 762 quia
2632 708 2746 746 non
2771 690 2963 746 solum
2989 693 3219 747 monuit
3252 708 3350 748 eos
3372 693 3533 762 justo
3564 691 3722 765 vigi-

2062 777 2205 846 lare,
2229 779 2329 834 sed
2349 779 2525 834 etiam
2553 778 2704 836 nolle
2728 795 2989 852 peccare.
3014 781 3109 836 Sic
3131 781 3288 836 enim
3320 781 3496 837 dicit:
3531 782 3726 838 Nolite

2059 884 2300 939 peccare.
2327 868 2568 924 Duobus
2600 868 2837 939 quidem
2871 868 3059 924 modis
3112 869 3380 925 homines
3433 875 3718 942 peccant:

2063 956 2268 1011 illicita
2289 957 2794 1023 committendo,et
2812 959 2984 1029 jussa
3003 975 3116 1014 non
3137 957 3465 1030 implendo;
3491 963 3550 1014 et
3575 959 3725 1031 quia

2063 1044 2156 1100 his
2185 1046 2375 1102 modis
2395 1046 2677 1101 Corinthii
2710 1049 3048 1118 peccabant,
3077 1048 3367 1103 monendo
3384 1047 3561 1104 dicit:
3602 1049 3722 1104 No-

2071 1133 2169 1190 lite
2190 1151 2433 1206 peccare.

2139 1223 2452 1294 Sequitur:
2484 1227 2866 1296 Ignorantzam
2915 1227 3062 1280 enim
3110 1226 3212 1281 Dei
3234 1226 3464 1296 quidam
3494 1226 3719 1283 habent.

2067 1313 2154 1366 Ad
2188 1311 2297 1367 hoc
2319 1313 2578 1386 respicit,
2604 1315 2758 1386 quod
2783 1314 2956 1386 paulo
2979 1315 3254 1387 superius
3276 1315 3460 1370 dixit:
3493 1316 3725 1371 Mandu-

2068 1417 2250 1456 cemus
2302 1411 2353 1457 et
2401 1404 2668 1470 bibamus,
2701 1408 2853 1460 etc.:
2912 1404 3135 1477 pseudo
3192 1419 3426 1476 quoque
3470 1404 3729 1476 apostoli

2071 1490 2463 1562 ignorantiam
2496 1493 2597 1548 Dei
2628 1493 2865 1562 habent,
2895 1494 3034 1565 quia
3065 1493 3286 1548 amissa
3312 1493 3426 1548 fide
3456 1510 3722 1550 resurre-

2071 1579 2302 1649 ctionis,
2337 1581 2482 1636 nihil
2535 1587 2666 1654 post
2695 1583 2844 1638 hanc
2878 1582 3055 1637 vitam
3089 1599 3217 1638 esse
3248 1583 3589 1639 credebant.
3620 1587 3724 1639 Se-

2073 1669 2308 1740 quitur:
2370 1671 2458 1726 Ad
2505 1673 2904 1728 verecundiam
2935 1673 3084 1743 (661)
3128 1671 3277 1727 vobis
3335 1673 3545 1744 loquor.
3597 1671 3728 1730 Illis

2071 1773 2224 1829 vero,
2259 1759 2398 1830 quia
2423 1759 2536 1825 his,
2570 1761 2670 1832 qui
2701 1760 3093 1833 ignorantiam
3126 1759 3228 1816 Dei
3274 1761 3512 1831 habent,
3543 1762 3726 1818 ﬁdem

317 1854 509 1912 mines
539 1854 757 1909 bestias
799 1852 1068 1925 appellat,
1105 1870 1238 1908 cum
1291 1853 1418 1925 ipse
1466 1853 1752 1909 Neronem
1804 1857 1965 1908 vocet
1994 1875 2042 1940 Β
2075 1849 2839 1917 accommodaverunt;ideo
2855 1849 3124 1906 dicitzAd
3143 1849 3676 1918 verecundiam,etc.
3709 1866 3723 1906 :

319 1943 546 2000 leonem
569 1943 598 1998 ?
620 1944 900 2008 Dominus,
934 1942 1145 2014 inquit,
1207 1944 1411 2014 eripuit
1439 1959 1528 1997 me
1557 1943 1624 1998 de
1652 1959 1823 1998 manu
1853 1944 1961 1999 leo-

326 2035 416 2089 nis
449 2033 521 2106 (11
550 2033 684 2087 Tim.
719 2049 794 2097 Iv,
831 2032 944 2103 17);
988 2031 1096 2087 hoc
1155 2036 1264 2097 est,
1329 2032 1574 2089 Neronis
1608 2049 1621 2099 ;
1688 2033 1965 2103 quoniam

321 2121 414 2177 bis
445 2122 632 2177 fuerat
661 2119 711 2175 ei
744 2119 1165 2184 oblatus.Quod
1189 2138 1324 2177 vero
1356 2122 1761 2188 ait,secundum
1797 2122 1968 2177 homi-

318 2209 918 2282 nem,intelligendum
931 2213 1020 2265 est
1038 2211 1360 2266 secundum
1384 2210 1712 2267 humanum
1728 2227 1968 2268 sensum

319 2304 378 2356 et
410 2297 881 2356 aestimationem.

394 2388 675 2460 Sequitur
705 2404 718 2440 :
743 2390 1132 2442 Manducemus
1163 2390 1214 2441 et
1258 2389 1528 2454 bibamus,
1569 2393 1674 2444 etc.
1736 2389 1852 2445 Hoc
1911 2389 1970 2443 in

325 2475 857 2548 Isaialegitur(lsa.
891 2492 1030 2542 xxn,
1067 2476 1177 2546 13).
1213 2476 1499 2548 Loquitur
1547 2478 1831 2550 propheta
1879 2477 1973 2533 his

332 2563 526 2621 verbis
557 2565 835 2620 adversus
857 2563 1190 2636 Epicureos,
1223 2565 1324 2636 qui
1357 2567 1840 2623 resurrectionem
1884 2584 1978 2622 ne-

334 2653 553 2727 gabant
572 2653 740 2724 (659).
772 2652 1058 2724 Epicurus
1082 2669 1334 2724 namque
1352 2654 1520 2709 dixit:
1544 2654 1686 2710 Cum
1712 2659 1978 2711 mortuus

335 2742 516 2803 fuero,
547 2743 672 2812 jam
707 2759 822 2797 non
853 2758 950 2796 ero
985 2759 998 2797 :
1041 2741 1140 2812 qui
1166 2742 1341 2798 etiam
1397 2761 1699 2800 summum
1761 2747 1978 2800 bonum

336 2847 464 2888 esse
497 2831 936 2896 dixit,homines
967 2831 1092 2886 suis
1122 2832 1454 2888 satisfacere
1476 2833 1802 2904 desideriis,
1848 2852 1976 2907 pro-

335 2924 465 2992 pter
495 2919 648 2991 quod
681 2924 738 2975 et
771 2935 983 2991 porcus
1006 2919 1330 2991 appellatus
1356 2924 1463 2976 est.
1499 2921 1722 2977 Pseudo
1749 2939 1979 2994 quoque

337 3006 720 3080 apostoli,etsi
743 3007 952 3064 Christi
973 3009 1456 3065 resurrectionem
1481 3012 1981 3078 credebant,czete-

336 3113 535 3152 rerum
568 3095 783 3168 quippe
815 3097 1224 3170 negabantzet
1279 3097 1409 3153 ideo
1460 3099 1694 3155 illorum
1737 3117 1980 3158 sumens

334 3202 531 3242 vocem
562 3185 704 3241 dicit
735 3204 748 3241 :
780 3186 1161 3242 Manducemus
1187 3191 1240 3242 et
1265 3189 1532 3254 bibamus;
1594 3195 1702 3244 etc.
1742 3208 1755 3258 ;
1807 3207 1872 3246 ac
1930 3189 1977 3245 si

2076 1941 2361 2006 quatenus
2393 1939 2698 1994 audientes
2727 1940 3281 2010 verecundarentur,
3309 1943 3366 1994 et
3385 1938 3616 1994 confusi
3646 1941 3724 1995 ad

2076 2025 2384 2097 pristinam
2419 2027 2594 2082 ﬁdem
2655 2032 3094 2084 reverterentur.
3151 2027 3487 2099 Assumpsit
3526 2027 3724 2097 itaque

2077 2113 2313 2170 illorum
2343 2132 2540 2172 vocem
2598 2117 2932 2189 Apostolus,
2993 2134 3140 2189 quos
3198 2116 3584 2188 ignorantiam
3616 2116 3723 2173 Dei

2079 2203 2294 2259 habere
2325 2205 2566 2274 dixerat,
2600 2211 2657 2261 et
2687 2207 2766 2261 ait
2795 2225 2808 2262 :
2842 2207 2947 2262 Sed
2993 2207 3124 2262 dicit
3173 2207 3411 2277 aliquis:
3449 2206 3729 2274 Quomodo

2081 2303 2369 2364 resurgent
2398 2299 2646 2365 mortui?
2675 2301 2786 2367 etc,
2810 2296 2927 2352 Hoc
2948 2296 3160 2353 etenim
3209 2295 3399 2352 solent
3447 2311 3728 2367 quaerere,

2084 2382 2182 2454 qui
2215 2385 2699 2440 resurrectionem
2728 2389 2966 2458 negant.
2997 2385 3308 2458 Sequitur:
3342 2385 3637 2456 Insipiens,
3673 2388 3733 2439 tu

2086 2473 2228 2543 quod
2255 2475 2492 2528 seminus
2514 2474 2540 2528 ?
2571 2479 2678 2530 etc.
2705 2475 2856 2530 Bene
2887 2491 3096 2547 nempe
3127 2491 3285 2539 eum,
3329 2473 3430 2546 qui
3464 2489 3734 2529 resurre-

2088 2561 2340 2618 ctionem
2373 2566 2568 2632 negat,
2600 2563 2975 2635 insipientem
3025 2569 3212 2632 vocat,
3273 2562 3552 2636 quoniam
3585 2562 3732 2617 nihil

2087 2649 2462 2722 insipientius
2495 2668 2672 2722 quam
2701 2668 2856 2723 eum,
2889 2652 2989 2724 qui
3022 2652 3219 2708 omnia
3247 2669 3316 2707 ex
3355 2649 3541 2707 nihilo
3573 2667 3732 2706 crea-

2087 2738 2187 2804 vit,
2213 2745 2575 2796 mortuorum
2598 2757 2838 2813 corpora
2859 2743 2929 2796 de
2961 2746 3125 2798 terra
3149 2741 3384 2814 pulvere
3415 2739 3735 2806 resuscita-

2090 2844 2151 2884 re
2183 2845 2352 2900 posse
2384 2845 2614 2901 negare.
2651 2829 2796 2886 Illud
2858 2847 2996 2886 sane
3053 2832 3400 2900 notandum,
3449 2828 3589 2901 quia
3619 2845 3734 2884 non

2089 2916 2518 2989 legalibus,non
2542 2919 2716 2975 etiam
2744 2920 3099 2992 prepheticis
3122 2921 3405 2976 adversus
3426 2934 3526 2975 eos
3553 2917 3738 2973 utitur

2090 3006 2392 3078 exemplis,
2416 3008 2693 3078 quoniam
2723 3014 2888 3064 erant
2919 3008 3282 3081 insipientes,
3317 3009 3416 3064 sed
3449 3007 3520 3062 de
3546 3007 3740 3062 insen-

2091 3095 2380 3164 sibilibus,
2414 3102 2470 3151 et
2502 3097 3004 3155 irrationabilibus
3033 3097 3336 3154 creaturis.
3375 3098 3437 3154 Ut
3487 3098 3638 3152 enim
3654 3105 3736 3163 tu,

2095 3185 2236 3258 quod
2251 3187 2506 3257 seminas,
2532 3191 2639 3242 etc.
2674 3188 2848 3251 Quasi
2881 3187 3134 3243 diceret:
3169 3187 3333 3242 Sicut
3379 3184 3546 3252 illud,
3581 3186 3738 3257 quod

232 3320 240 3340 ,
337 3275 529 3331 dicat:
561 3275 620 3330 Si
644 3275 990 3331 resurrectio
1014 3281 1380 3332 mortuorum
1414 3295 1528 3334 non
1560 3283 1666 3347 est,
1700 3296 1835 3353 ergo
1879 3282 1979 3336 do-
2013 3239 2056 3308 Ο
2096 3278 2161 3330 tu
2184 3275 2637 3348 seminas,prius
2659 3277 2992 3343 moritur,et
3013 3281 3142 3348 post
3161 3275 3508 3345 viviﬁcatur,
3568 3275 3655 3330 sic
3683 3278 3739 3330 et

339 3381 444 3420 nec
471 3363 966 3432 vivimus,nostris
998 3366 1303 3423 desideriis
1335 3367 1789 3425 satisfaciamus.
1820 3371 1887 3424 Et
1912 3387 1983 3426 ne

339 3467 544 3508 eorum
576 3453 986 3524 deciperentur
1013 3454 1661 3527 doctrinis,subjunxit:
1697 3459 1878 3514 Nolite
1906 3475 1985 3515 se-

340 3542 484 3598 duci.
519 3542 630 3598 Sed
677 3542 817 3614 quia
863 3547 1134 3615 poterant
1173 3545 1408 3601 dicere:
1474 3546 1557 3603 lta
1613 3564 1720 3603 nos
1777 3565 1985 3620 parvos

340 3630 694 3696 astimasmt
721 3631 911 3703 decipi
941 3649 1048 3688 nos
1083 3649 1254 3705 posse
1289 3637 1490 3690 credas
1523 3636 1550 3690 ‘?
1579 3637 1703 3708 ipse
1735 3639 1981 3695 addidit:

344 3719 717 3790 Corrumpunt
746 3735 922 3775 mores
955 3720 1113 3776 bonos
1132 3723 1402 3794 colloquia
1428 3725 1830 3789 mala.Quibus
1867 3744 1987 3783 ver-

343 3807 437 3862 bis
469 3807 888 3878 ostendit,quia
917 3825 1069 3880 saape
1100 3810 1391 3866 consortia
1430 3830 1740 3883 pravorum
1799 3816 1986 3872 homi-

347 3899 839 3966 num,sanctos,et
869 3898 1081 3968 probos
1112 3915 1302 3955 mores
1334 3901 1659 3975 dissipant;
1693 3907 1747 3960 et
1773 3904 1987 3962 idcirco

344 3983 583 4039 vitanda
612 3985 1031 4049 sunt,maxime
1062 3992 1257 4045 tamen
1290 3989 1348 4045 in
1382 3992 1699 4063 primordio
1741 3994 1898 4063 ﬁdei,
1935 4001 1991 4050 et

347 4072 601 4144 alicujus
632 4073 1008 4146 religionis,et
1041 4077 1326 4135 bonorum
1359 4097 1635 4152 operum;
1670 4083 1810 4154 quia
1839 4085 1993 4139 dona

346 4169 548 4220 tenera
578 4168 735 4232 sunt,
770 4181 870 4220 ceu
901 4166 1159 4235 arbusta,
1194 4173 1248 4224 et
1271 4169 1461 4240 paries
1509 4171 1760 4228 necdum
1793 4191 1827 4228 a
1884 4191 1990 4230 suo

349 4254 671 4310 exsiccatus
701 4253 1141 4324 humore,facile
1171 4259 1407 4330 quidem
1442 4267 1689 4331 possunt
1721 4263 1917 4320 everti.

421 4343 743 4414 Sequitur:
803 4345 1078 4416 Evigilate
1121 4349 1268 4418 juste
1327 4350 1494 4421 (660).
1545 4349 1818 4422 Vigiliam
1876 4353 1991 4409 sci-

351 4431 630 4497 licet,non
659 4436 776 4487 tam
809 4435 1090 4505 corporis,
1123 4452 1300 4506 quam
1358 4437 1574 4494 mentis
1633 4440 1818 4496 docet.
1875 4445 1993 4497 Hoc

351 4521 507 4577 enim
538 4527 754 4593 monet,
779 4528 844 4577 ut
871 4523 1071 4579 oculos
1101 4527 1314 4581 mentis
1341 4542 1574 4597 semper
1602 4533 1832 4599 apertos
1891 4529 1994 4585 ha-

2092 3363 2289 3419 homo.
2315 3363 2626 3436 Sequitur:
2665 3370 2732 3421 Et
2758 3367 3164 3438 quodseminas,
3198 3381 3307 3420 non
3353 3380 3566 3436 corpus,
3598 3363 3740 3436 quod

2091 3455 2343 3523 futurum
2371 3461 2471 3524 est,
2502 3456 2762 3526 seminas,
2796 3459 2904 3510 etc.
2937 3456 3006 3511 Et
3054 3459 3145 3510 est
3188 3469 3434 3510 sensus:
3486 3453 3646 3508 Sicut
3674 3457 3734 3509 tu

2093 3559 2211 3597 non
2233 3559 2462 3614 corpus,
2487 3543 2586 3598 sed
2611 3544 2834 3598 nudum
2856 3560 3102 3616 granum
3127 3543 3428 3609 seminas,-
3455 3545 3513 3598 et
3537 3547 3736 3614 postea

2097 3648 2229 3687 cum
2248 3649 2508 3701 corpore,
2532 3632 2639 3688 hoc
2665 3636 2772 3700 est,
2800 3631 3183 3705 multiplicate
3231 3632 3519 3704 resurgit;
3572 3631 3657 3686 sic
3687 3635 3741 3687 et

2097 3721 2323 3776 nudum
2355 3738 2567 3794 corpus
2599 3723 2660 3777 in
2689 3721 2956 3794 sepulcro
2990 3723 3247 3794 ponitur,
3279 3726 3336 3777 et
3364 3720 3740 3793 postmodum

2097 3826 2232 3865 cum
2257 3809 2743 3882 multiplicatione
2767 3814 3050 3883 resurget,
3075 3827 3192 3867 non
3215 3825 3620 3878 numerorum,
3645 3809 3743 3864 sed

2098 3898 2536 3955 meliorationis.

2168 3987 2481 4059 Sequitur:
2520 3989 2654 4043 Deus
2681 3989 2774 4044 dat
2799 3989 2888 4044 illi
2916 4005 3116 4060 corpus
3133 3992 3298 4060 prout
3344 3988 3484 4054 vult,
3534 3989 3644 4043 etc.
3680 3988 3741 4043 In

2100 4094 2166 4133 eo
2187 4077 2366 4144 enim,
2390 4077 2544 4148 quod
2573 4078 2672 4146 ait,
2698 4080 2834 4145 vult,
2862 4078 2980 4134 sive
3003 4077 3322 4150 unicuique
3343 4076 3663 4143 seminum,
3686 4080 3750 4132 ut

2101 4166 2301 4237 voluit,
2336 4170 2735 4236 monstratur;
2769 4169 2907 4240 quia
2939 4185 3052 4223 non
3086 4167 3199 4223 alia
3219 4184 3285 4223 ex
3317 4172 3472 4222 terra
3493 4182 3748 4222 nascun-

2103 4260 2220 4322 tur,
2253 4273 2429 4327 quam
2465 4274 2590 4329 quea
2621 4257 2777 4313 Deus
2806 4257 2866 4312 in
2899 4257 3065 4314 initio
3097 4256 3311 4313 creavit
3339 4273 3352 4311 :
3395 4254 3668 4311 similiter
3696 4258 3751 4311 et

2105 4362 2218 4400 non
2251 4344 2362 4400 alia
2391 4361 2651 4418 corpora,
2671 4363 2848 4417 quam
2880 4363 3010 4419 qua:
3038 4347 3096 4402 in
3123 4344 3406 4417 sepulcris
3432 4348 3748 4416 ponuntur,

2105 4451 2235 4490 resu
2249 4440 2412 4507 rgent
2437 4453 2449 4491 ε
2484 4437 2638 4508 quod
2659 4435 2770 4491 Job
2788 4436 3086 4491 evidenter
3106 4434 3382 4502 ostendit,
3409 4450 3544 4489 cum
3577 4433 3748 4489 dicit:

2104 4525 2309 4579 Rursus
2365 4525 2747 4580 circumdabor
2791 4525 2936 4594 pelle
2965 4541 3089 4580 mea
3142 4524 3277 4595 (Job.
3321 4540 3439 4589 x1x,
3486 4523 3602 4594 26),
3643 4526 3748 4578 etc.

352 4611 486 4666 bere
517 4611 882 4678 studeamus,
908 4613 978 4668 ad
1010 4614 1310 4670 evitandas
1363 4615 1696 4670 daemonum
1754 4617 1998 4676 insidias
2030 4604 2074 4669 D
2183 4615 2328 4686 (662)
2351 4615 2668 4686 Sequitur:
2703 4615 2820 4670 Non
2847 4614 3024 4669 omnis
3055 4629 3201 4680 caro,
3233 4613 3430 4668 eadem
3465 4626 3617 4682 caro,
3642 4615 3748 4679 etc,

354 4699 418 4756 In
450 4701 805 4771 quibusdam
836 4718 968 4757 vero
999 4701 1428 4775 exemplaribus
1451 4703 1747 4759 invenitur
1779 4722 1792 4761 :
1823 4709 2000 4780 Evigi-

353 4792 460 4845 tate
483 4790 652 4859 justi,
677 4793 726 4846 et
747 4792 920 4847 sobrii
947 4791 1420 4856 estote,etc.'Sed,
1482 4791 1603 4846 sive
1649 4794 1822 4864 juste,
1881 4798 2002 4856 sive

354 4880 492 4942 iusti
520 4878 766 4951 legatur,
789 4897 967 4951 quam
988 4880 1283 4949 justitiam
1307 4881 1678 4937 commendet
1699 4887 1999 4944 attenden-

352 4969 492 5023 dum
524 4973 840 5040 est,utrum
874 4967 1154 5030 divinam,
1203 4985 1274 5022 an
1337 4967 1680 5026 humanam.
1735 4973 1998 5032 Bumana

351 5074 585 5130 quoque
611 5059 844 5126 justitia
874 5060 964 5111 est
981 5054 1168 5110 aliena
1187 5073 1302 5110 non
1328 5073 1528 5128 rapere
1553 5075 1565 5112 :
1614 5077 1740 5132 qua
1763 5063 2000 5134 justitia

350 5148 503 5203 sicut
532 5163 648 5201 non
691 5144 1162 5210 condemnat,sic
1197 5145 1372 5200 etiam
1396 5163 1511 5202 non
1531 5149 1996 5227 justiﬁcat.Ergo

353 5251 470 5290 non
503 5232 784 5300 hanc,sed
807 5229 1064 5286 divinam
1099 5235 1473 5292 commendat
1499 5239 1832 5314 Apostolus,
1884 5261 2000 5316 qua

432 5408 586 5490 (658)
612 5409 820 5490 A‘utog.
853 5408 1111 5490 seniores.
1143 5409 1410 5490 lj‘ortasse
1448 5416 1623 5473 etiam
1671 5424 1830 5476 recta
1877 5420 1999 5478 haec

355 5477 959 5604 lectio.Anlt‘iq)uitorem
981 5478 1132 5535 enim
1155 5482 1457 5541 inimicum
1490 5490 1853 5548 daemonibus
1870 5477 1996 5548 ani;

360 5567 457 5604 me
492 5563 605 5599 non
681 5564 711 5601 6
757 5566 784 5604 8
819 5593 829 5604 .

360 5567 457 5605 πιᾶ
492 5563 605 5599 non
642 5563 829 5604 ηειοεῐ.

602 5618 745 5708 iam
777 5621 934 5708 enim
963 5622 1377 5695 Epicureorum
1425 5632 1620 5708 opinio
1660 5649 1789 5708 esse
1828 5641 1998 5708 pote-

360 5694 746 5761 rat,quamvis
775 5694 1060 5770 Epicurus
1081 5711 1283 5759 eorum
1315 5694 1520 5760 auctor
1565 5722 1680 5764 non
1729 5694 1862 5764 nisi‘
1890 5706 1996 5765 ali-

2109 4708 2190 4758 Ac
2223 4703 2269 4759 si
2303 4704 2495 4760 dicat:
2529 4703 2673 4768 Quid
2710 4702 2947 4773 mirum,
2973 4703 3021 4758 si
3049 4718 3117 4757 ex
3147 4709 3313 4758 terrae
3342 4701 3579 4773 pulvere
3600 4716 3748 4756 mor-

2109 4797 2344 4848 tuorum
2368 4809 2613 4864 corpora
2628 4791 2780 4848 Deus
2801 4791 3129 4858 resuscitat,
3155 4791 3254 4864 qui
3287 4807 3357 4846 ex
3388 4806 3506 4845 una
3535 4806 3747 4855 massa,

2111 4887 2285 4954 atque
2315 4881 2601 4953 impensa,
2637 4881 2895 4936 diversas
2927 4898 3124 4937 rerum
3158 4879 3381 4952 species
3429 4878 3666 4945 creavit,
3696 4882 3750 4933 et

2108 4970 2418 5027 condidit?
2450 4971 2570 5034 Quo
2603 4970 2660 5025 in
2694 4970 2816 5027 loco
2849 4968 3313 5042 reprehendendi
3345 4972 3487 5025 sunt
3503 4966 3752 5039 philoso-

2107 5061 2209 5133 phi
2231 5059 2560 5132 gentilium,
2595 5061 2693 5132 qui
2728 5059 2932 5115 dicunt
2961 5076 3023 5115 se
3056 5058 3361 5115 stellarum
3393 5056 3520 5113 cmli
3549 5074 3752 5114 nume-

2109 5169 2264 5218 rum,
2287 5156 2460 5223 atque
2480 5167 2680 5206 terens:
2712 5149 2914 5216 maris,
2947 5152 3005 5204 et
3029 5152 3351 5220 guttarum,
3371 5146 3443 5202 ad
3465 5145 3752 5217 liquidum

2108 5240 2603 5313 comprehendere
2633 5255 2822 5312 posse.
2859 5237 2959 5293 Hic
2990 5237 3148 5292 enim
3179 5235 3464 5292 admoniti
3523 5239 3667 5291 sunt
3693 5239 3753 5291 ut

2109 5427 2251 5492 quot
2281 5419 2511 5492 saeculis
2543 5422 2674 5492 post
2690 5416 2908 5492 (Isaiam
2933 5415 2993 5471 in
3029 5415 3321 5470 mundum
3351 5411 3592 5469 venerit.

2178 5492 2325 5562 (660)
2357 5491 2529 5562 Vulg.
2560 5491 2713 5560 justi.

2179 5560 2328 5634 (661)
2355 5560 2528 5634 Vulg.
2560 5560 2944 5634 reverentiam.

2178 5626 2325 5706 (662)
2361 5635 2420 5691 In
2454 5626 2637 5706 marg.
2663 5631 2877 5704 legitur
2897 5627 3199 5686 Dominica
3218 5627 3288 5684 XI
3310 5630 3442 5700 post
3475 5626 3636 5683 Pent.
