3990 6224
196 431 329 493 409
800 425 1217 489 EXPOSITIO
1260 427 1336 487 ΙΝ
1384 426 1813 489 EPISTOLAS
1860 427 2118 491 PAULI.
2150 459 2228 475 -
2256 429 2335 491 IN
2386 430 2635 492 EPIST.
2683 428 2707 490 Ι
2752 427 2856 488 AD
2902 425 3078 486 COR.
3524 417 3646 480 HO

212 564 420 621 rebant
447 561 521 616 ad
547 560 731 633 pedes
762 559 1157 631 apostolorum
1175 560 1315 629 (Act.
1351 578 1423 626 1v,
1450 562 1537 629 34,
1563 563 1684 627 35),
1706 566 1763 616 et
1783 562 1869 615 di-
1901 563 1956 629 Α
1989 578 2099 617 non
2116 532 3644 628 venisse,stomacharentur,etindignarentur,scan'-

208 653 564 709 videhantur
610 649 951 720 unicuique,
1010 654 1183 720 prout
1233 667 1379 721 opus
1433 656 1573 705 erat.
1646 652 1872 714 Quibus
1983 650 2237 717 dalizati,
2269 652 2583 707 deteriores
2615 650 3015 705 redderentur.
3052 645 3117 699 Et
3162 645 3267 699 hoc
3312 647 3420 708 cst,
3470 639 3625 710 quod

204 742 419 815 pretiis
444 738 838 810 consumptis,
876 754 1158 809 pauperes
1186 739 1338 793 ultra
1372 740 1508 810 quid
1536 740 1870 809 venderent,
1984 740 2095 795 ait:
2132 742 2269 797 Nolo
2302 758 2389 795 vos
2411 758 2559 796 nunc
2588 745 2645 795 in
2670 738 2909 793 transitu
2937 734 3160 796 videre;
3193 750 3265 788 ne
3289 736 3433 788 forte
3454 748 3632 787 causa

210 832 304 887 vel
337 831 494 886 unde
554 833 1050 895 sustentarentur,
1097 844 1211 881 non
1260 828 1589 883 habebant:
1642 833 1697 883 et
1745 828 1873 882 ideo
1986 829 2231 895 itineris,
2265 836 2321 885 et
2354 848 2466 884 non
2519 828 2814 895 manendi,
2848 826 3141 881 videretur
3191 823 3261 877 ad
3304 839 3403 877 eos
3455 820 3632 875 decli-

215 922 605 976 decreverunt
661 915 848 971 sancti
910 914 1177 987 apostoli,
1226 916 1477 971 maxime
1550 916 1765 970 Paulus
1821 920 1876 970 et
1985 934 2175 973 nasse.
2213 919 2338 974 Alio
2369 936 2501 974 vero
2532 936 2729 979 sensu,
2773 918 2913 971 dum
2965 931 3026 969 se
3072 912 3463 967 Macedoniam
3511 928 3635 982 per-

1986 1008 2235 1063 transire
2275 1008 2431 1073 dicit,
2468 1014 2521 1061 et
2552 1008 2705 1079 apud
2738 1004 3066 1061 Corinthios
3096 1002 3193 1057 diu
3231 1017 3489 1065 manere,
3549 1000 3628 1055 la-

1986 1100 2176 1151 tenter
2203 1096 2333 1152 illos
2365 1097 2583 1165 laudat,
2617 1102 2672 1151 et
2701 1096 2844 1152 istos
2872 1092 3259 1165 reprehendit,
3285 1108 3349 1145 ac
3370 1090 3416 1145 si
3446 1090 3629 1144 dicat:

1992 1186 2053 1239 In
2089 1186 2485 1240 Masclioniam
2510 1186 2900 1257 pertransibo;
2927 1184 3065 1255 quia
3089 1180 3230 1236 nihil
3256 1179 3367 1235 tale
3389 1177 3629 1244 estillis,

1992 1278 2057 1327 ut
2086 1290 2264 1328 causa
2296 1276 2619 1343 corrigendi
2654 1290 2889 1328 necesse
2919 1273 2996 1327 sit
3029 1269 3261 1325 morari.
3307 1268 3473 1338 Apud
3533 1282 3634 1321 vos

1992 1362 2178 1417 multa
2209 1369 2363 1427 sunt,
2400 1381 2525 1435 qua:
2561 1364 2899 1433 corrigenda
2933 1366 3104 1428 sunt;
3138 1366 3194 1415 et
3224 1359 3350 1413 ideo
3383 1355 3632 1421 manebo,

1990 1451 2076 1506 vel
2111 1458 2261 1507 certe
2293 1453 2562 1507 hiemabo.

2064 1542 2378 1611 Sequitur:
2414 1544 2577 1613 Spero
2610 1548 2793 1597 autem
2839 1558 2929 1596 me
2963 1542 3313 1611 aliquantum
3374 1534 3634 1605 temporis

1990 1647 2214 1685 manere
2251 1633 2398 1703 apud
2438 1649 2549 1697 vos,
2607 1639 2716 1686 etc.
2778 1631 3185 1685 Animadverte
3244 1642 3419 1698 quam
3466 1628 3636 1678 caute

1996 1720 2329 1789 promiserit
2361 1721 2475 1775 illis
2507 1722 2798 1775 diutinam
2818 1719 3287 1790 suiprzesentiam
3310 1734 3321 1781 ;
3348 1713 3632 1769 aitenim:

1997 1808 2054 1862 Si
2083 1809 2344 1864 Dominus
2374 1812 2705 1880 permiserit.
2739 1811 2850 1864 Sed
2906 1824 3087 1879 quare
3141 1806 3250 1861 sub
3302 1809 3465 1859 tanta
3510 1818 3644 1857 cau-

1996 1897 2150 1952 tela?
2168 1898 2539 1963 Videlicet,ut
2559 1900 2605 1952 si
2632 1900 2701 1952 ad
2723 1915 2820 1953 eos
2844 1896 3288 1965 venisset,etdiu
3307 1892 3643 1955 mansisset,

1996 1985 2386 2058 intelligerent
2418 1989 2612 2043 divina
2642 1988 3079 2059 dispensatione
3105 1990 3299 2039 actum
3335 1983 3548 2043 fuisse;
3596 1979 3646 2034 si

1998 2092 2128 2130 vero
2163 2094 2276 2131 non
2311 2077 2582 2141 venissct,
2646 2076 2919 2131 similiter
2970 2074 3167 2128 divina
3209 2068 3647 2141 dispensatione

2000 2170 2194 2219 actum
2229 2165 2636 2237 intelligerent,
2660 2170 2715 2221 et
2734 2181 2847 2219 non
2866 2162 3162 2235 Apostolo,
3190 2160 3289 2216 sed
3314 2158 3425 2214 sibi
3448 2158 3642 2228 impu-

2000 2258 2209 2309 tarent.
2245 2256 2373 2310 Hinc
2402 2256 2576 2310 etiam
2609 2254 2835 2310 cautela
2866 2252 3033 2309 nobis
3065 2247 3646 2306 commendatur.Se-

2002 2342 2228 2413 quitur:
2285 2346 2619 2400 Permanebo
2680 2345 2893 2415 Ephesi,
2953 2347 3061 2397 etc.
3123 2338 3347 2404 Quare?
3399 2338 3640 2399 Ostium,

2000 2432 2212 2503 inquit,
2247 2439 2500 2504 apertum
2529 2438 2766 2498 est.etc.,
2788 2432 2956 2505 quasi
2981 2431 3199 2485 diceret
3224 2446 3236 2483 :
3265 2426 3449 2481 Multa
3472 2424 3649 2479 corda

2003 2521 2290 2589 ardentia,
2325 2528 2382 2577 et
2414 2522 2806 2577 desiderantis
2839 2522 3011 2575 {idem
3073 2519 3144 2573 ad
3208 2513 3647 2587 suspiciendam

2001 2610 2397 2681 evangelicam
2432 2612 2760 2666 doctrinam
2792 2614 2993 2682 parata
3021 2612 3183 2663 sunt.

2078 2717 2391 2787 Sequitur:
2425 2718 2526 2773 Sed
2557 2718 2863 2772 adversarii
2894 2716 3072 2770 multi.
3098 2714 3267 2782 Nam,
3302 2712 3454 2767 sicut
3481 2707 3651 2764 multi

2007 2806 2261 2877 Spiritus
2294 2808 2480 2861 sancti
2513 2806 2700 2879 gratia
2738 2806 3133 2861 incitabantur
3163 2803 3233 2859 ad
3268 2800 3648 2865 credendum,

2005 2895 2087 2949 ita
2120 2896 2283 2949 multi
2318 2896 2653 2951 diemonum
2687 2896 2988 2958 instinctu,
3022 2894 3093 2949 ad
3153 2889 3646 2963 persequendum.

2006 2985 2235 3039 Ostium
2269 2985 2481 3056 quippe
2513 2985 2637 3055 ipse
2666 2991 2753 3040 est
2798 2985 2896 3056 qui
2931 2984 3109 3038 dicit:
3144 2984 3252 3050 Ego
3280 2997 3403 3035 sum
3450 2980 3652 3034 ostium

217 1009 543 1072 Barnabas,
576 1010 642 1061 ut
673 1021 774 1077 per
797 1004 1057 1076 singulat
1086 1004 1349 1075 regiones
1402 1007 1657 1059 facerent
1704 1004 1874 1059 colle-

217 1105 370 1163 ctas,
405 1113 556 1168 quas
587 1096 881 1150 mitterent
903 1095 1143 1158 sanctis,
1169 1094 1267 1165 qui
1292 1094 1874 1167 eranthrosolymis:

214 1192 282 1243 "et
302 1187 377 1241 de
400 1186 548 1254 ipsis
573 1184 715 1238 dicit
744 1199 755 1235 :
784 1184 856 1237 De
885 1184 1126 1237 collectis
1158 1187 1363 1246 autem,
1399 1200 1521 1255 quae
1568 1184 1729 1253 ﬁunt,
1771 1183 1879 1237 hoc

222 1280 344 1339 est,
368 1290 472 1345 pro
495 1272 724 1327 sanctis.
750 1271 1052 1326 Primitiva
1083 1288 1315 1343 quoque
1338 1273 1593 1327 Ecclesia
1616 1274 1683 1327 ad
1708 1273 1876 1327 Jeru-

230 1364 421 1419 salem
447 1366 730 1432 cmperat;
764 1361 919 1415 unde
950 1361 1238 1431 scriptum
1270 1366 1359 1415 est
1388 1378 1399 1414 :
1438 1363 1507 1416 De
1540 1362 1667 1416 Sion
1708 1364 1883 1417 exibit

229 1454 325 1507 lex
354 1451 532 1517 (Mica.
568 1466 641 1512 iv,
663 1449 735 1513 2;
768 1451 869 1503 Isa.
905 1465 966 1514 ιι,
990 1450 1068 1519 3),
1094 1454 1203 1503 etc.
1229 1448 1483 1503 Gentiles
1536 1467 1687 1517 vero,
1743 1450 1883 1522 quia

226 1542 301 1597 ab
323 1540 531 1595 eadem
553 1538 818 1591 doctrina
838 1537 1230 1609 evangelicam
1253 1538 1519 1603 fidem,ac
1545 1545 1879 1594 sanctarum

227 1628 671 1699 Soripturarum
705 1627 971 1681 notitiam
994 1634 1355 1697 acceperant,
1380 1628 1623 1698 dignum
1652 1634 1795 1693 erat,
1821 1633 1883 1682 ut

225 1716 503 1772 collectas
526 1716 801 1782 facerent,
833 1716 1242 1770 eteorumdem
1270 1732 1593 1787 pauperum
1625 1716 1882 1789 inopiam

225 1810 651 1861 sustentarent.
690 1804 851 1859 Unde
876 1803 1032 1858 idem
1058 1803 1235 1858 alibi:
1280 1805 1341 1859 Si
1385 1806 1751 1876 spiritalium,
1800 1806 1885 1860 in-

228 1897 381 1967 quit,
403 1911 591 1951 eorum
622 1896 913 1966 participes
960 1896 1098 1964 facti
1126 1903 1255 1949 sunt
1288 1896 1517 1963 gentiles
1563 1897 1738 1966 (Joan.
1790 1914 1881 1962 xv,

226 1988 319 2055 27)
347 2004 359 2053 ;
391 1989 449 2039 et
477 1985 535 2038 in
569 1984 682 2038 hac
714 1981 1001 2054 Epistola:
1039 1984 1099 2038 Si
1144 1999 1239 2039 nos
1287 1985 1431 2039 vobis
1470 1986 1757 2056 spiritalia
1802 2002 1885 2040 se-

225 2076 567 2130 minavimus
598 2074 645 2144 (Ι
678 2073 800 2127 Cor.
836 2089 912 2141 ιχ,
948 2073 1058 2143 41),
1083 2076 1193 2127 etc.
1220 2078 1453 2127 Poterat
1477 2074 1593 2129 illis
1637 2091 1764 2131 esse
1796 2092 1887 2129 or-

229 2162 453 2218 dinatio
486 2160 878 2217 Ecclesiarum
912 2160 1149 2215 Galatiae
1202 2163 1272 2216 ad
1315 2163 1602 2229 salutem;
1655 2170 1711 2218 et
1760 2164 1889 2219 ideo

224 2254 399 2308 dicit:
438 2252 593 2306 Sicut
625 2251 898 2315 ordinavi,
924 2255 1034 2305 etc.
1068 2251 1179 2305 Sed
1213 2252 1351 2322 quia
1383 2252 1581 2307 minus
1606 2258 1741 2307 nota
1762 2270 1891 2309 esse

234 2346 488 2414 poterat,
520 2341 648 2394 ideo
706 2340 970 2393 eamdem
1039 2341 1412 2396 manifestare
1486 2343 1724 2397 curavit.
1798 2343 1892 2397 Ait

237 2430 431 2485 enim:
460 2434 567 2484 Per
592 2446 759 2482 unam
789 2429 1036 2494 Sabbati,
1065 2434 1171 2483 etc.
1225 2429 1411 2483 Unam
1462 2431 1716 2501 Sabbati,
1768 2431 1890 2503 pri-

241 2535 411 2574 mum
446 2518 685 2573 Sabbati
734 2523 916 2581 vocat,
978 2518 1086 2571 hoc
1134 2522 1223 2571 est
1274 2518 1428 2572 diem
1478 2519 1888 2576 Dominicum:

236 2607 491 2663 unde'in
527 2605 865 2677 Evangelio:
906 2607 1022 2662 Una
1050 2606 1279 2660 Sabbati
1325 2607 1535 2677 (Matth.
1590 2626 1788 2673 xxvm,
1826 2611 1847 2664 1
1879 2626 1892 2673 ;

232 2698 412 2752 'Marc.
465 2713 579 2761 xvi,
637 2698 703 2761 2;
770 2696 894 2749 Luc.
952 2712 1104 2760 xxxv,
1159 2696 1227 2763 1;
1286 2697 1442 2751 Joan.
1504 2715 1596 2765 xx,
1658 2701 1729 2767 1).
1796 2698 1896 2753 Die

242 2796 477 2858 quque
509 2784 815 2840 Dominico
848 2784 1077 2838 monuit
1100 2784 1222 2838 fieri
1244 2784 1537 2851 collectas,
1564 2788 1799 2857 quando
1823 2788 1894 2842 ad

242 2891 621 2931 communem
672 2873 1155 2941 exhortationem,
1205 2878 1262 2927 et
1314 2876 1635 2945 profectum
1690 2892 1895 2931 conve-

232 2966 501 3020 niebant.
534 2962 802 3027 Decebat,
839 2966 903 3016 ut
930 2979 994 3017 eo
1038 2962 1212 3017 etiam
1262 2962 1354 3018 die
1407 2965 1782 3019 convenirent
1825 2966 1897 3020 ad

228 3058 580 3109 sanctorum
636 3067 961 3123 pauperum
992 3050 1473 3107 sublevationem.
1506 3054 1690 3119 Quaeri
1724 3054 1898 3109 etiam

240 3146 456 3239 p°_t,88t_’
488 3157 816 3239 quflfeﬁon
840 3141 1001 3239 om,“
1022 3141 1256 3239 die’nui'
1278 3144 1737 3239 ίθωῖξοῗθᾶυδδξῖ
1774 3144 1898 3239 ﬁef'i
2008 3164 2121 3216 nisi
2148 3179 2249 3233 per
2272 3179 2357 3217 me
2388 3141 2564 3233 (Joan.
2599 3181 2714 3233 xxv,
2744 3164 2821 3232 6).
2873 3162 3021 3228 Quid
3084 3166 3175 3215 est
3235 3175 3395 3229 ergo,
3444 3158 3659 3219 dicere,

237 3230 536 3287 collectas.
566 3230 813 3295 Idcirco,
845 3230 980 3300 quia
1012 3235 1247 3285 noverat
1275 3232 1434 3302 quod
1462 3236 1518 3286 et
1558 3232 1746 3303 magis
1781 3231 1891 3287 col-

2011 3254 2215 3307 ostium
2270 3252 2414 3306 mihi
2473 3262 2717 3323 apertum
2759 3260 2854 3318 est,
2910 3251 3023 3305 nisi
3058 3248 3186 3304 aliis
3218 3248 3412 3301 verbis
3445 3245 3659 3300 dicere.

238 3321 541 3393 “geretur:
573 3324 631 3374 et
661 3319 858 3374 minus
890 3323 1159 3389 gravaret
1196 3335 1297 3389 Pe”
1350 3320 1649 3376 intervalla
1676 3327 1895 3393 tempo‘
1926 3305 1969 3373 α
2008 3340 2185 3395 Sinus
2208 3341 2413 3394 divinae
2449 3305 2836 3395 miserstionis
2868 3339 3093 3393 laxatus
3110 3335 3505 3406 estsuscipere
3534 3350 3655 3389 cre-

237 3425 399 3464 rum.
432 3408 741 3479 Sequitur:
782 3408 1162 3478 Unusquisque
1192 3408 1338 3478 apud
1355 3425 1411 3463 se
1428 3418 1613 3480 ponat,
1639 3410 1746 3466 hoc
1788 3416 1891 3478 est,

2011 3428 2255 3483 dentes?
2287 3429 2597 3500 Sequitur:
2634 3430 2692 3484 Si
2740 3430 2954 3484 venerit
2988 3426 3316 3489 Timotheus,
3350 3428 3458 3478 etc.
3520 3421 3653 3477 Pro-

242 3498 307 3553 in
341 3503 560 3552 secreto
588 3496 849 3551 thesauri
880 3495 974 3550 sui
1032 3496 1348 3552 recondens.
1402 3498 1469 3552 Et
1518 3499 1655 3569 quia
1702 3500 1903 3555 volun-

240 3584 470 3640 tarium
499 3601 713 3639 munus
742 3589 966 3640 certum
997 3589 1085 3640 est
1118 3590 1229 3641 Deo
1259 3603 1387 3641 esse
1420 3593 1743 3659 acceptum,
1768 3589 1898 3643 ideo

251 3674 316 3729 in
349 3689 551 3729 eorum
585 3674 776 3745 posuit
806 3674 1067 3741 arbitrio,
1123 3675 1355 3731 dicens:
1412 3678 1571 3744 Quod
1618 3679 1729 3731 sibi
1773 3679 1900 3749 pla-

244 3763 446 3818 cuerit.

2009 3074 2183 3141 (Joan.
2208 3092 2262 3139 χ,
2293 3077 2353 3141 7,
2383 3076 2459 3143 9),
2494 3079 2607 3131 etc.
2648 3092 2659 3141 ;
2694 3079 2749 3130 et
2770 3075 2929 3129 item:
2956 3074 3118 3128 Nemo
3148 3072 3295 3127 venit
3318 3070 3392 3125 ad
3413 3071 3654 3132 Patrem,

2008 3518 2171 3573 misit
2202 3534 2400 3583 suum,
2434 3518 2704 3589 promisit
2734 3523 2789 3573 et
2819 3515 3107 3572 Timothei
3143 3516 3492 3570 adventum:
3526 3512 3652 3582 ipse

2007 3606 2162 3662 enim
2198 3624 2311 3661 non
2344 3606 2590 3672 eratibi,
2649 3607 2787 3678 quia
2844 3605 3064 3661 missus
3124 3604 3313 3659 fuerat
3372 3602 3444 3657 ad
3504 3599 3649 3657 alias

2011 3696 2339 3763 Ecclesiae;
2372 3701 2654 3752 venturus
2681 3701 2875 3751 tamen
2909 3702 3032 3751 erat
3082 3692 3451 3750 Corinthum.
3505 3692 3652 3747 Nam

2010 3785 2150 3856 quia
2175 3785 2485 3857 episcopus
2517 3790 2641 3840 erat
2670 3795 2727 3840 et
2786 3785 2984 3856 magni
3045 3783 3233 3839 meriti
3294 3786 3656 3854 cooperator,

2009 3874 2341 3945 Apostolus,
2376 3875 2505 3929 ideo
2538 3873 2858 3945 plurimum
2892 3871 3178 3933 sollicitus
3210 3876 3334 3927 erat
3381 3888 3483 3943 pro
3544 3868 3665 3936 illo,

2011 3980 2081 4018 ne
2116 3964 2261 4018 forte
2293 3968 2396 4017 aut
2446 3962 2944 4035 pseudoapostoli,
3003 3967 3105 4017 aut
3160 3961 3309 4017 male
3360 3961 3663 4015 credentes

316 3867 628 3941 Sequitur:
666 3868 727 3924 Ut
758 3884 865 3923 non
896 3885 1020 3923 cum
1051 3886 1262 3938 venero,
1317 3876 1447 3925 tunc
1474 3874 1711 3930 collectae
1740 3876 1897 3945 ﬁant.

240 3956 425 4013 Multa
454 3973 690 4028 quoque
720 3962 883 4011 erant
913 3957 1065 4012 inter
1094 3975 1191 4013 eos
1236 3960 1610 4032 corrigenda;
1669 3968 1725 4017 ct
1772 3963 1901 4019 ideo

249 4047 494 4112 monuit,
528 4049 595 4100 ut
625 4046 789 4117 prius
813 4045 1245 4117 colligerentur,
1265 4065 1336 4103 ne
1356 4049 1411 4103 in
1437 4049 1554 4103 illis
1576 4051 1899 4123 occupatis,

237 4154 369 4209 qua
403 4135 753 4207 corrigenda
784 4140 969 4199 erant,
1006 4136 1313 4207 corrigere,
1350 4154 1463 4192 non
1499 4146 1714 4209 posset.
1767 4142 1899 4195 Cum

236 4230 429 4281 autem
455 4240 701 4295 praesens
732 4226 910 4293 fuero,
943 4229 1054 4279 etc.
1090 4225 1238 4281 Nota
1269 4225 1407 4297 quia
1440 4226 1498 4280 in
1559 4230 1900 4284 eorumdem

243 4314 440 4387 posuit
470 4312 736 4376 arbitrio,
773 4317 856 4381 ut,
890 4329 1039 4384 quos
1087 4312 1199 4384 ipsi
1253 4315 1584 4383 probarent,
1616 4316 1747 4371 illos
1798 4334 1903 4387 per

240 4402 527 4476 epistolas
541 4401 1133 4457 mitteretJerusalem
1157 4404 1411 4473 perferre
1435 4402 1726 4459 collectas.
1746 4406 1898 4468 Qua-

2008 4051 2255 4107 insidias
2284 4051 2367 4106 illi
2401 4057 2813 4122 praepararent,
2840 4056 2897 4106 et
2917 4049 3489 4121 laqueumincideret
3508 4064 3662 4103 mor-

2008 4142 2105 4195 tis.
2134 4141 2442 4211 Sequitur:
2478 4141 2621 4209 0pus
2671 4141 2816 4193 enim
2880 4139 3099 4193 Domini
3146 4144 3444 4201 operatur;
3490 4152 3556 4189 ac
3608 4136 3657 4189 si

2010 4230 2264 4283 diceret:
2296 4228 2489 4293 Illum,
2520 4228 2617 4297 qui
2651 4227 2796 4281 tanti
2834 4227 3026 4281 meriti
3060 4224 3370 4295 estquanti
3402 4228 3661 4293 etego,et

2010 4320 2111 4390 qui
2143 4316 2512 4387 coapostolus
2542 4331 2707 4370 meus
2738 4320 2845 4382 est,
2870 4314 3115 4385 dignum
3144 4319 3233 4368 est
3257 4319 3318 4367 ut
3343 4312 3663 4368 honoriﬁce

2010 4406 2374 4477 suscipiatis.

248 4498 423 4549 tenus
443 4490 759 4563 dupliciter
779 4491 928 4563 grati
952 4490 1327 4558 haberentur,
1343 4497 1399 4547 et
1422 4509 1733 4547 munerum
1758 4496 1898 4550 θ.εεὶ-

246 4581 549 4655 gnatione,
582 4583 641 4635 et
669 4579 1051 4651 epistolarum
1082 4582 1609 4637 commendatione.

2080 4495 2389 4567 Sequitur:
2449 4493 2701 4549 Deducite
2751 4496 2941 4548 autem
2988 4492 3153 4546 illum
3207 4493 3271 4545 in
3325 4505 3484 4561 pace,
3528 4493 3661 4559 etc.,

2010 4586 2181 4658 quasi
2212 4584 2428 4640 diceret
2456 4602 2467 4639 :
2498 4583 2689 4653 Illum,
2716 4599 2889 4654 quem
2921 4598 3051 4636 cum
3077 4581 3355 4635 fratribus
3385 4578 3665 4635 omnibus

321 4686 632 4759 Sequitur:
664 4686 813 4754 Quod
843 4688 895 4741 si
924 4686 1153 4757 dignum
1181 4689 1377 4758 fuerit,
1412 4694 1476 4742 ut
1513 4693 1563 4743 et
1617 4704 1712 4756 ego
1761 4706 1901 4745 eam,
1936 4675 1982 4739 D
2013 4679 2303 4747 exspecto,
2334 4679 2391 4729 et
2421 4672 2521 4744 qui
2555 4677 2725 4727 tanta:
2758 4676 2846 4726 est
2868 4670 3255 4740 auctoritatis0
3282 4670 3524 4759 dignum
3548 4670 3661 4734 est,

252 4782 367 4833 etc.
400 4776 470 4832 Et
498 4780 585 4831 est
616 4791 864 4830 sensus:
900 4775 960 4831 Si
995 4774 1247 4831 multum
1266 4775 1572 4833 collectum
1596 4778 1790 4842 fuerit,
1815 4779 1903 4833 di-

248 4880 441 4939 gnum
472 4864 577 4919 erit
605 4868 671 4919 ut
702 4869 759 4918 et
798 4879 904 4935 ego
955 4879 1106 4928 eam,
1160 4864 1298 4935 quia
1348 4866 1511 4921 decet
1559 4868 1900 4940 episcopum

249 4952 443 5009 multa
472 4969 669 5009 secum
699 4952 942 5021 deferre,
978 4957 1043 5006 ut
1074 4952 1395 5009 multorum
1437 4955 1634 5027 inopia
1674 4962 1904 5012 susten-

245 5048 425 5100 tetur.
458 5042 663 5097 Mecum
694 5042 840 5113 (669)
874 5042 1055 5107 ibunt,
1103 5042 1266 5108 dicit,
1308 5043 1638 5101 utlzetiores
1680 5046 1905 5113 fierent,

247 5134 389 5188 dum
423 5149 486 5187 se
516 5148 651 5186 cum
691 5129 963 5203 episcopo
1012 5131 1302 5202 proficisci
1359 5133 1565 5189 debere
1615 5135 1905 5191 audirent.

246 5222 555 5294 Sequitur:
594 5221 839 5275 Veniam
866 5229 1052 5275 autem
1097 5221 1168 5276 ad
1221 5237 1331 5288 vos,
1380 5226 1487 5276 etc.
1544 5222 1904 5293 Notandum,

2016 4768 2209 4820 utnon
2233 4762 2422 4817 solum
2441 4761 2758 4816 honorifice
2781 4759 3138 4831 suscipiatis,
3165 4759 3263 4813 sed
3290 4764 3354 4813 ut
3375 4758 3658 4814 comitatu

2014 4852 2086 4908 ad
2119 4867 2211 4906 me
2242 4852 2563 4918 deducatis,
2600 4855 2662 4905 ut
2692 4850 2750 4904 in
2785 4865 2924 4921 pace
2941 4849 3151 4904 veniat.

2086 4959 2229 5029 (670)
2264 4958 2575 5030 Sequitur:
2611 4958 2683 5012 De
2742 4957 2934 5028 Apollo
2993 4959 3178 5011 autem
3223 4955 3428 5029 fratres
3484 4955 3657 5027 (671),

2014 5056 2202 5103 notum
2233 5047 2377 5102 vobis
2405 5049 2568 5119 facio,
2603 5052 2711 5101 etc.
2745 5046 2847 5102 His
2880 5062 3137 5117 namque
3176 5045 3365 5101 verbis
3405 5043 3664 5100 ostendit

2017 5134 2325 5208 Apostolus
2356 5152 2416 5190 se
2448 5136 2787 5190 satisfacere
2846 5134 3103 5190 voluisse
3152 5136 3423 5205 precibus
3460 5131 3663 5187 Corin-

2015 5226 2299 5280 thiorum.
2335 5224 2662 5278 Manifestat
2688 5224 2887 5289 etiam,
2919 5224 3187 5295 quamvis
3230 5223 3477 5278 latenter
3525 5221 3667 5291 quia

245 5312 391 5384 quia
414 5328 539 5366 non
574 5308 766 5367 solum
799 5309 1112 5365 adventum
1145 5327 1319 5365 suum
1352 5311 1664 5382 promittit,
1696 5313 1795 5368 sed
1853 5317 1912 5369 et
2016 5313 2130 5386 ipsi
2165 5312 2475 5384 petierunt,
2508 5316 2573 5365 ut
2602 5313 2673 5365 ad
2697 5328 2796 5366 eos
2828 5312 3104 5385 dirigeret
3136 5310 3663 5383 Apolln,quoniam

247 5401 575 5457 diutinum.
611 5398 803 5463 Quare
832 5414 968 5469 ergo
984 5398 1283 5455 diutinum
1309 5400 1636 5472 promittit?
1657 5402 1810 5469 Ideo,
1835 5420 1909 5460 ne

249 5490 419 5561 forte,
456 5490 603 5545 dum
635 5485 909 5542 audirent
938 5502 1067 5543 eum
1089 5488 1261 5559 juxta
1284 5490 1591 5557 transisse,
1623 5495 1679 5547 et
1707 5492 1777 5548 ad
1810 5508 1909 5550 eos

326 5686 457 5758 (669
499 5685 720 5753 Autog.
754 5679 1016 5737 multum.

326 5686 478 5831 (6703
513 5758 578 5813 In
612 5755 813 5823 autog.
837 5766 1016 5826 marg.

326 5754 478 5833 (670)
513 5758 578 5813 In
612 5755 813 5823 autog.
837 5766 1020 5826 marg.
1043 5754 1139 5815 hic
1163 5758 1378 5833 legitur
1402 5773 1529 5831 cap.
1568 5754 1765 5815 LXVII

2020 5404 2089 5457 de
2129 5400 2274 5472 ipsis
2304 5405 2444 5455 erat.
2507 5401 2668 5463 Quod
2723 5416 2857 5455 vero
2909 5400 3141 5455 distulit
3175 5401 3371 5456 venire
3418 5399 3491 5453 ad
3539 5415 3662 5469 eos,

2020 5489 2276 5548 ostendit
2313 5488 2468 5543 idem
2498 5486 2809 5557 Apostolus
2840 5505 2955 5543 non
3001 5490 3071 5545 ad
3121 5505 3185 5545 se
3235 5488 3501 5555 attinere,
3557 5486 3660 5542 sed

2095 5685 2217 5757 (671
2250 5685 2423 5756 Vulg.
2453 5687 2648 5754 fratre.
