3990 6224
367 387 483 452 411

1386 392 1725 456 ATTONIS
1770 369 2358 459 VERCELLENSIS
2401 391 2756 455 EPISCOPI

3657 388 3797 451 413

371 523 569 595 potius
601 522 672 579 ad
707 522 946 595 ipsum;
978 526 1268 596 quatenus
1300 522 1420 580 hac
1452 525 1775 592 audientes,
1829 543 2007 598 quare
2039 531 2094 596 Α
2197 525 2508 597 Sequitur:
2565 525 2825 580 Salutant
2869 539 2960 580 vos
3015 537 3202 579 omnes
3275 520 3542 580 Ecclesia
3612 521 3793 582 Asia.

372 611 668 667 distulerit
717 613 787 667 ad
845 629 946 669 eos
999 614 1214 681 venire,
1265 613 1675 687 intelligerent,
1728 617 2013 683 videlicet,

376 701 530 773 quod
555 701 805 756 audierit
826 701 978 758 inter
998 719 1095 758 eos
1114 702 1534 772 dissensiones,
1563 710 1618 759 et
1641 706 1942 774 scandala;
1962 712 2017 761 et

371 790 588 846 idcirco
621 790 739 846 haec
771 791 1182 864 intelligentes,
1217 808 1358 848 suos
1389 810 1612 848 errores
1635 796 2012 866 corrigerent,

371 896 630 951 suosque
658 881 833 936 etiam
866 897 1056 936 mores
1087 887 1400 948 mutarent,
1435 889 1491 938 et
1521 883 1892 939 Timotheum
1928 902 2016 940 ve-

371 969 628 1025 nientem
664 969 981 1024 honorifice
1003 970 1391 1041 susciperent,
1418 977 1499 1038 ut,
1527 989 1752 1028 reverso
1775 990 1838 1028 eo
1862 975 2016 1028 bona

370 1057 441 1112 de
473 1056 588 1111 illis
621 1062 912 1123 narrante,
949 1057 1104 1113 idem
1127 1059 1330 1130 Apollo
1355 1061 1716 1116 occasionem
1740 1062 1916 1116 eundi
1941 1063 2012 1117 ad

367 1161 466 1201 eos
493 1149 768 1201 sumeret.

439 1235 585 1304 (672)
617 1234 922 1306 Sequitur:
963 1237 1206 1305 Vigilate.
1244 1238 1368 1293 Non
1402 1243 1520 1294 tam
1549 1240 2013 1312 corporis,quam

367 1323 562 1395 potius
575 1323 791 1378 mentis
807 1325 975 1379 docet
990 1325 1267 1396 vigiliam.
1292 1328 1599 1398 Sequitur:
1627 1330 1773 1384 State
1786 1331 1844 1383 in
1887 1331 2012 1399 ﬁde.

368 1416 499 1468 Hec
530 1413 684 1468 enim
720 1417 839 1467 tam
871 1412 990 1468 illis
1021 1415 1292 1470 convenit
1315 1417 1412 1486 qui
1437 1424 1812 1484 recesserant,
1836 1436 2010 1490 quam

367 1501 462 1557 his
495 1501 592 1573 qui
627 1501 687 1556 in
711 1503 911 1556 eadem
940 1512 1402 1574 permanserant.
1431 1506 1737 1577 Sequitur:
1771 1509 2016 1563 Viriliter

368 1592 532 1660 agite.
563 1590 678 1646 Viri
702 1607 936 1662 quoque
957 1592 1015 1647 in
1039 1593 1221 1648 sacris
1245 1594 1562 1666 Scripturis
1586 1612 1686 1666 pro
1723 1597 2009 1666 perfectis,

370 1678 646 1736 mulieres
669 1697 772 1751 pro
793 1680 1150 1752 imperfectis
1173 1684 1354 1754 accipi
1379 1683 1600 1739 solent:
1625 1690 1680 1740 et
1703 1687 1828 1740 ideo
1849 1686 2010 1755 dicit,

368 1768 625 1835 viriliter,
661 1786 796 1835 non,
823 1786 981 1825 more
1012 1770 1348 1836 mulierum,
1388 1773 1691 1841 enerviter,
1726 1791 1791 1828 ac
1822 1774 2010 1830 molli-

367 1862 484 1913 ter:
521 1857 939 1928 Con/ortamini,
972 1859 1080 1914 hoc
1110 1867 1218 1927 est,
1251 1861 1308 1915 in
1338 1877 1404 1916 ea
1435 1862 1568 1929 ﬁde,
1601 1879 1667 1917 ac
1700 1864 1823 1934 ipse
1864 1864 2010 1918 invi-

367 1963 493 2001 cem
508 1946 862 2002 consolando
879 1948 1447 2005 corroboramini.Ad
1465 1950 1584 2006 haec
1598 1952 1768 2006 etiam
1785 1953 2011 2020 attinet,

367 2036 520 2106 quod
545 2035 836 2106 sequitur:
869 2035 1065 2092 Omnia
1087 2043 1266 2094 vestra
1287 2040 1347 2094 in
1367 2041 1636 2095 charitate
1654 2041 1816 2109 ﬁant:
1844 2042 2011 2112 quasi

365 2124 632 2180 dixisset:
657 2124 1070 2197 Unusquisque
1094 2144 1207 2182 non
1222 2145 1389 2183 suam
1406 2127 1778 2184 solummodo
1791 2134 2014 2201 quaerat

365 2211 771 2290 salutem,lsed
796 2213 1042 2270 fratrum
1074 2217 1361 2271 omnium.

435 2300 582 2372 (673)
611 2302 914 2372 Sequitur:
951 2303 1186 2360 Obsecro
1213 2314 1395 2360 autem
1424 2323 1533 2374 vos,
1565 2311 1790 2378 [ratres,
1838 2311 2012 2365 nostis

363 2389 584 2444 domum
637 2394 952 2460 Slephanaa,
1012 2401 1063 2448 et
1117 2395 1428 2465 Fortunati,
1483 2402 1591 2452 etc.
1649 2398 1717 2453 Hi
1779 2416 2011 2471 quoque

359 2479 632 2550 primitiae
663 2479 884 2536 Achaia:
915 2480 1214 2552 dicuntur,
1249 2484 1388 2555 quia
1416 2485 1588 2557 primi
1619 2503 1687 2542 ex
1728 2505 1794 2543 ea
1825 2491 2011 2544 credi-

365 2567 579 2621 derunt
598 2585 610 2622 :
645 2569 708 2622 in
728 2569 1104 2626 ministerium
1122 2574 1289 2627 etiam
1301 2584 1615 2630 sanctorum
1627 2579 1678 2631 si
1692 2578 1832 2648 ipsos
1853 2579 2010 2633 ordi-

364 2659 653 2721 naverunt,
687 2656 825 2728 quia
855 2663 1126 2730 suppteto
1157 2678 1265 2716 sua
1287 2679 1646 2736 suorumque
1669 2667 2011 2722 necessitate

365 2760 612 2816 quaque
635 2745 845 2802 habere
874 2752 1164 2818 poterant,
1181 2753 1537 2822 pauperibus
1560 2770 1798 2826 erogare
1820 2757 2012 2811 decre-

365 2837 586 2888 verant.
615 2834 679 2889 In
706 2851 772 2890 eo
797 2852 952 2902 vera,
973 2839 1129 2907 quod
1162 2838 1319 2906 dicit,
1343 2845 1404 2896 ut
1434 2846 1486 2896 et
1517 2859 1606 2897 vos
1634 2845 1840 2899 subditi
1866 2848 2007 2911 sitis,

367 2937 482 2976 non
515 2926 633 2977 tam
705 2939 803 2979 eos
864 2925 1154 2996 subditos,
1205 2945 1383 2998 quam
1445 2931 1639 3002 potius
1688 2933 2008 2991 imitatores

365 3026 590 3076 eorum,
625 3016 688 3067 ut
719 3012 862 3069 alios
889 3013 1159 3070 subditos
1192 3015 1467 3086 habeant,
1492 3025 1671 3092 optat.
1697 3022 2005 3094 Sequitur:

368 3098 579 3154 Gaudeo
609 3109 794 3157 autem
825 3105 883 3158 in
912 3107 1214 3175 prasentia
1234 3109 1544 3178 Stephanze,
1577 3115 1683 3164 etc.
1714 3112 1810 3165 Isti
1852 3113 2006 3168 enim

365 3188 446 3257 id,
479 3191 630 3261 quod
663 3191 859 3248 deerat
887 3191 1026 3264 illis,
1060 3195 1450 3266 praedicando,
1482 3203 1538 3253 et
1569 3197 1626 3254 in
1659 3200 1773 3255 fine
1803 3202 2008 3257 conﬁr-

2126 615 2381 687 Dignum
2416 615 2631 686 quippe
2663 619 2770 680 est,
2799 617 2864 668 ut
2894 611 3162 684 specialis
3184 610 3442 666 Ecclesia
3462 629 3493 666 a
3517 612 3788 684 generali

2125 703 2409 775 suscipiat
2439 702 2872 758 salutationem.
2908 702 3216 756 Pramissa
3246 700 3503 773 generali
3548 699 3784 758 saluta-

2123 793 2302 860 tione,
2337 793 2647 863 subjunxit
2677 790 3012 864 specialem.
3046 791 3346 862 Sequitur:
3384 790 3639 845 Salutant
3684 807 3786 848 vos

2124 882 2358 936 multum
2391 882 2448 935 in
2473 881 2706 936 Domino
2728 878 2950 951 Aquila,
2972 888 3022 934 et
3047 879 3326 947 Priscilla,
3349 883 3458 934 etc.
3485 879 3585 933 Isti
3609 881 3776 935 enim

2125 970 2371 1024 maritus
2402 976 2457 1025 et
2487 987 2630 1025 uxor
2661 969 3019 1040 intelligendi
3054 973 3210 1024 sunt.
3249 968 3314 1022 Hi
3363 967 3539 1022 etiam
3584 967 3775 1024 Paulo

2124 1060 2418 1130 conjuncti
2451 1064 2730 1125 erant;et
2763 1059 2902 1130 quia
2959 1074 3183 1128 magnes
3241 1057 3398 1125 ﬁdei,
3452 1057 3780 1128 magnique

2123 1153 2290 1203 erant
2320 1147 2531 1213 meriti,
2564 1147 2694 1201 ideo
2726 1146 3135 1202 salutationem
3169 1161 3373 1200 eorum
3407 1144 3648 1201 direxit:
3669 1146 3778 1199 do-

2125 1237 2428 1291 mesticam
2461 1235 2694 1291 illorum
2726 1235 3032 1290 ecclesiam
3065 1250 3162 1290 eos
3195 1234 3469 1306 appellat,
3503 1235 3602 1306 qui
3647 1238 3774 1290 tam

2123 1327 2463 1380 eorumdem
2498 1324 2798 1392 doctrinis,
2831 1341 3009 1396 quam
3043 1328 3101 1378 et
3130 1322 3427 1379 alimoniis
3467 1327 3774 1378 sustenta-

2125 1414 2362 1468 bantur.

2195 1504 2499 1573 Sequitur:
2555 1504 2812 1558 Salutant
2869 1519 2959 1558 vos
3003 1505 3208 1573 fratres
3254 1517 3457 1557 omnes.
3514 1501 3777 1574 Dignum

2123 1600 2274 1647 certe
2304 1596 2412 1656 est,
2445 1598 2508 1646 ut
2537 1593 2608 1646 ab
2640 1591 2914 1646 omnibus
2968 1589 3246 1645 fratribus
3305 1589 3436 1644 aliis
3491 1591 3775 1646 omnibus

2121 1681 2398 1736 salutatio
2417 1680 2719 1752 dirigatur,
2741 1679 2797 1735 id
2812 1684 2918 1745 est,
2943 1679 3102 1735 salus
3123 1684 3374 1750 optetur.
3401 1683 3540 1734 Post
3560 1695 3769 1736 omnes

2122 1785 2354 1840 quoque
2385 1768 2786 1834 salutationes,
2820 1767 3126 1838 subjunxit
3179 1771 3238 1822 et
3284 1783 3474 1832 suam,
3529 1766 3763 1824 dicens:

2119 1859 2393 1913 Salutatio
2418 1874 2540 1912 mea
2586 1874 2756 1912 manu
2810 1857 2996 1912 Pauli.
3049 1859 3233 1921 Quam
3292 1855 3527 1927 propria
3585 1873 3769 1912 manu

2123 1948 2454 2013 confirmat,
2486 1963 2622 2002 cum
2653 1945 2985 2016 subjunxit:
3021 1945 3082 2000 Si
3101 1947 3222 2016 quis
3250 1961 3365 1998 non
3393 1954 3547 2000 amat
3574 1946 3772 2000 Domi-

2122 2052 2256 2090 num
2284 2038 2463 2091 Iesum
2516 2036 2809 2100 Christum,
2835 2040 2943 2090 etc.
2983 2034 3206 2100 Quibus
3237 2034 3425 2089 verbis
3473 2050 3570 2088 eos
3632 2049 3764 2104 per-

2121 2126 2286 2190 cutit,
2319 2125 2418 2196 qui
2451 2141 2646 2180 amore
2677 2123 2984 2179 hominum
3017 2122 3208 2191 divisi,
3242 2122 3341 2177 alii
3370 2121 3641 2192 Petriani,
3664 2121 3766 2177 alii

2122 2213 2386 2268 Pauliani
2411 2214 2772 2268 dicebantur.
2797 2213 3100 2268 Anathema
3131 2212 3404 2267 Hebraeus
3426 2227 3617 2266 sermo
3643 2215 3766 2280 est;

2121 2303 2535 2375 interpretatur
2566 2307 2760 2358 autem
2793 2302 3076 2372 perditus,
3109 2301 3227 2357 sive
3257 2299 3504 2356 alienus.
3568 2305 3768 2356 Maran

2121 2393 2259 2447 Atha-
2291 2408 2444 2457 vero,
2477 2409 2592 2446 non
2655 2396 2774 2446 tam
2827 2391 3121 2457 Hebraeus,
3174 2407 3352 2461 quam
3401 2393 3602 2461 Syrus.
3655 2390 3767 2445 Sed

2121 2486 2356 2553 pr0pter
2385 2481 2596 2552 lingua:
2629 2480 2912 2535 unitatem
2945 2480 3066 2535 ﬁeri
3101 2483 3312 2550 potest,
3346 2483 3411 2533 ut
3440 2478 3489 2534 si
3530 2495 3765 2551 compo-

2120 2569 2298 2625 situm
2333 2569 2542 2641 lingua:
2578 2569 2858 2624 unitatem
2893 2569 3014 2622 fieri
3046 2571 3257 2640 potest,
3303 2571 3368 2622 ut
3424 2567 3474 2623 si
3519 2584 3762 2639 compo-

2121 2659 2298 2714 situm
2330 2675 2399 2713 ex
2434 2658 2669 2713 Hebraeo
2699 2664 2756 2712 et
2811 2662 2972 2730 Syro,
3029 2661 3087 2712 et
3141 2657 3595 2728 interpretetur:
3655 2658 3758 2712 Do-

2119 2750 2302 2803 minus
2323 2755 2510 2803 noster
2531 2749 2708 2803 venit:
2743 2751 2804 2802 ut
2833 2747 2909 2802 sit
2938 2762 3180 2803 sensus:
3215 2746 3274 2800 Si
3302 2747 3437 2818 quis
3464 2763 3582 2801 non
3606 2749 3767 2802 amat

2117 2839 2449 2900 Dominum,
2484 2836 2560 2892 sit
2588 2835 2923 2901 anathema,
2957 2836 3157 2892 Maran
3189 2835 3368 2890 Atha:
3403 2835 3515 2891 hoc
3545 2839 3656 2906 est,
3706 2835 3765 2890 in

2119 2928 2371 2982 adventu
2402 2925 2562 2980 illius
2593 2925 2670 2980 sit
2701 2925 2982 2997 perditus,
3007 2929 3066 2980 et
3094 2941 3128 2980 a
3147 2924 3439 2980 consortio
3462 2925 3765 2995 justorum

2119 3015 2733 3072 alienatus.Adventus
2748 3013 2964 3085 quippe
2981 3014 3029 3084 ej
3040 3012 3284 3078 us,sicut
3297 3013 3408 3068 erit
3419 3013 3764 3085 gloriﬁcatio

2118 3105 2430 3168 honorum,
2463 3103 2543 3158 ita
2564 3103 2673 3158 erit
2694 3107 2752 3158 et
2780 3101 3187 3158 condemnatio
3219 3101 3529 3158 malorum.
3565 3102 3632 3156 Et
3658 3102 3767 3158 hoc

2118 3211 2234 3249 non
2258 3192 2515 3264 optantis
2537 3197 2666 3247 voto
2689 3190 2830 3246 dicit
2849 3191 3186 3263 Apostolus,
3210 3192 3310 3246 sed
3336 3192 3532 3263 potius
3547 3191 3765 3263 Spiritu

365 3278 558 3334 nando
590 3279 1030 3352 suppleverunt.
1058 3284 1365 3355 Sequitur:
1401 3288 1720 3357 Refecerunt
1760 3292 1910 3344 enim
1956 3300 2008 3348 et
2039 3282 2081 3349 C
2122 3281 2510 3355 praedicentis.
2534 3281 2840 3352 Sequitur:
2868 3282 3063 3338 Gratia
3082 3282 3308 3336 Domini
3324 3282 3443 3337 Jesu
3467 3281 3764 3338 vobiscum.

361 3383 546 3422 meum
601 3371 884 3440 spiritum,
919 3371 1056 3442 quia
1085 3389 1448 3446 quaecunque
1480 3376 1626 3431 mihi
1679 3382 2007 3435 necessaria

360 3457 1203 3522 sunt,subministraverunt:et
1224 3468 1483 3534 vestrum,
1500 3466 1778 3538 quoniam
1803 3475 2003 3524 vestris

360 3545 665 3601 charitatis
695 3564 873 3604 causa
902 3549 1009 3605 hoc
1044 3557 1308 3623 egerunt.
1344 3553 1658 3626 Sequitur:
1695 3557 2008 3628 Cognoscite

361 3649 490 3704 ergo
519 3636 617 3704 qui
643 3635 910 3706 ejusmodi
937 3647 1099 3706 sunt;
1133 3639 1240 3694 hoc
1272 3646 1378 3706 est,
1403 3643 1702 3710 honorate,
1726 3645 2002 3703 honorem

364 3721 702 3793 impcndite.
728 3724 951 3788 Quibus
981 3727 1172 3782 verbis
1201 3731 1476 3802 ostendit,
1512 3735 1664 3805 quod
1701 3734 1780 3799 hi,
1815 3737 1913 3806 qui
1948 3737 2005 3792 iu

363 3810 624 3867 Ecclesia
653 3812 892 3884 majoris
923 3816 1102 3870 studii
1135 3822 1292 3885 sunt,
1325 3819 1410 3875 vel
1442 3828 1613 3890 certe,
1642 3827 1706 3877 ut
1744 3825 2005 3893 doceant,

364 3897 454 3955 vel
479 3904 543 3955 ut
562 3916 670 3956 sua
690 3902 1047 3975 pauperibus
1069 3905 1350 3975 tribuant,
1378 3912 1588 3982 majori
1610 3912 1826 3969 honore
1847 3914 2006 3987 digni

367 3987 621 4044 habendi
653 3996 789 4046 sunt
817 4009 831 4060 ;
867 3993 1022 4049 unde
1053 3993 1207 4051 idem
1239 3997 1374 4053 alibi
1401 4015 1414 4056 :
1445 4001 1763 4073 Presbyteri
1799 4003 2014 4074 duplici

365 4077 568 4136 honore
595 4079 752 4151 digni
778 4081 1080 4140 habeantur
1108 4086 1152 4158 (l
1185 4087 1318 4143 Tim.
1357 4105 1406 4159 ν,
1440 4091 1548 4158 17),
1580 4095 1688 4146 etc.

436 4205 589 4350 (672;
624 4207 707 4262 In.
743 4222 939 4280 autog.
967 4227 1153 4286 marg.
1177 4213 1273 4295 hic
1294 4213 1508 4286 legitur
1523 4233 1650 4289 cap.
1695 4218 1937 4275 LXVIII.

459 4278 566 4332 673
619 4278 682 4333 In
715 4286 893 4350 autog
925 4299 1107 4350 marg.
1142 4285 1237 4341 hic
1271 4285 1484 4350 legitur
1514 4305 1641 4350 cap.
1676 4290 1863 4347 LXIX.

459 4278 586 4350 673)
619 4278 682 4333 In
715 4278 1237 4356 autog_marg.vhic
1271 4278 1484 4359 legitur
1514 4278 1641 4360 cap.
1676 4290 1863 4347 LXIX.

2119 3372 2184 3427 Et
2213 3375 2304 3426 est
2333 3387 2572 3426 sensus:
2605 3375 2724 3425 Hoc
2755 3375 2908 3441 opto,
2943 3373 3008 3425 ut
3037 3368 3336 3441 illagratia
3357 3369 3433 3424 sit
3456 3370 3761 3427 vobiscum

2117 3463 2254 3531 quia
2283 3460 2458 3515 creati
2491 3459 2652 3527 estis,
2687 3475 2920 3530 quaque
2949 3459 3125 3514 etiam
3157 3459 3463 3530 redempti.

2186 3550 2498 3622 Sequitur:
2526 3548 2779 3604 Charitas
2808 3564 2929 3603 mea
2956 3564 3082 3603 cum
3112 3535 3364 3603 omnibus
3393 3548 3562 3604 vobis.
3620 3549 3764 3605 Cha—

2117 3638 2259 3693 ritas
2291 3654 2524 3709 quoque
2557 3635 2718 3692 Pauli
2744 3641 2869 3692 erat
2889 3637 2974 3692 sic
2995 3635 3242 3692 aliorum
3263 3641 3464 3708 optare
3485 3636 3757 3706 salutem,

2118 3727 2616 3799 quemadmodum
2650 3743 2818 3780 suam
2837 3727 3004 3797 (674).
3029 3727 3098 3781 Et
3117 3725 3269 3793 ideo,
3296 3727 3353 3780 in
3377 3725 3595 3782 Christo
3614 3728 3762 3795 Iesu,

2119 3816 2284 3888 quasi
2319 3816 2577 3871 diceret:
2611 3815 2688 3870 Ea
2716 3813 2996 3870 charitate
3051 3832 3154 3870 vos
3202 3813 3446 3887 diligite,
3493 3832 3610 3887 qua
3655 3831 3762 3890 ego

2117 3922 2220 3960 vos
2253 3902 2470 3974 diligo;
2504 3903 2611 3958 hoc
2642 3908 2750 3974 est,
2782 3907 2846 3958 ut
2903 3920 3018 3959 non
3069 3904 3262 3959 solum
3315 3909 3599 3970 vestram,
3669 3906 3768 3961 sed

2119 3991 2383 4049 omnium
2417 3991 2762 4047 desideretis
2795 3991 3069 4048 salutem.
3103 3993 3502 4058 Amen,sermo
3526 3997 3618 4049 est
3635 4010 3774 4051 cou-

2119 4079 2490 4146 firmationis,
2526 4095 2640 4151 quo
2673 4080 2872 4136 omnia
2893 4081 3200 4136 conﬁrmat
3221 4081 3550 4153 superiora.

2652 4169 2820 4239 Finit,
2855 4171 2958 4226 Deo
3001 4171 3234 4242 gratias.

2195 4293 2349 4363 (674)
2382 4293 2444 4348 In
2476 4296 2674 4366 autog.
2707 4310 2893 4366 marg.
2926 4292 3022 4349 hic
3053 4293 3269 4366 legitur
3297 4311 3426 4367 cap.
3477 4295 3634 4352 LXX.

1113 4401 3777 4438 Ἢ

886 4507 1500 4602 EPISTOLA
1570 4509 2151 4607 SECUNDA
2218 4515 2382 4609 AD
2447 4516 3244 4612 CORINTHIOS.

915 4791 1447 4849 ARGUMENTUM.

435 4881 591 4938 Beati
625 4881 788 4940 Pauli
821 4882 1066 4955 apostoli
1101 4881 1420 4937 secundam
1440 4880 1771 4953 ‘Epistolam
1803 4885 1873 4940 ad
1909 4884 2014 4940 Go-

363 4969 615 5028 rinthios
644 4971 875 5038 lecturi,
911 4969 1059 5024 scire
1089 4971 1374 5025 debemus
1423 4970 1805 5028 intentionem
1854 4973 2014 5030 illius

362 5064 668 5131 penetrare
700 5077 806 5115 nos
840 5075 1031 5129 posse,
1055 5059 1104 5112 si
1129 5074 1236 5113 nos
1259 5073 1390 5114 cum
1414 5059 1510 5115 illo
1534 5063 1871 5134 peregrinos
1887 5081 2014 5120 esse

363 5148 713 5204 recolamus.
754 5149 904 5217 (675)
933 5147 1136 5202 Omnis
1167 5147 1349 5214 enim,
1383 5150 1480 5221 qui
1507 5151 1577 5205 ad
1601 5151 1894 5208 cmlestem
1919 5171 2013 5224 pa-

361 5236 534 5290 triam
559 5236 768 5306 tendit,
793 5234 1136 5307 peregrinus
1158 5242 1246 5292 est
1267 5241 1514 5295 mundo:
1539 5246 1594 5296 et
1619 5243 1879 5313 quandiu
1903 5243 2012 5299 hac

361 5325 484 5378 vita
512 5325 716 5392 utitur,
767 5325 933 5395 quasi
990 5325 1046 5380 in
1107 5326 1298 5383 aliena
1354 5330 1542 5400 patria
1590 5337 2008 5390 commoratur.

362 5411 802 5479 Verumtamen,
835 5415 973 5486 quia
999 5415 1118 5472 hinc
1150 5417 1267 5473 vita
1297 5418 1691 5476 ineffabilibus
1722 5420 1895 5494 plena
1925 5426 2014 5478 est

363 5499 662 5573 periculis,
686 5505 863 5574 atque
879 5504 1123 5563 diversis
1145 5505 1603 5575 calamitatibus,
1629 5509 1842 5566 idcirco
1866 5526 2011 5582 pau-

2038 4799 2086 4865 D
2118 4814 2319 4854 corum
2349 4803 2434 4854 est
2466 4813 2620 4866 vere,
2652 4800 3022 4873 perfecteque
3063 4805 3242 4856 Deum
3277 4816 3474 4866 nosse,
3506 4805 3611 4856 aut
3641 4800 3775 4856 dili-

2124 4904 2259 4961 gere
2285 4905 2298 4944 :
2334 4888 2441 4942 hoc
2467 4891 2574 4955 est,
2599 4890 2905 4960 perpaucis
2929 4895 3017 4946 est
3035 4893 3369 4962 pra’ceptum
3388 4889 3616 4946 Domini
3638 4890 3777 4946 luci-

2119 4977 2252 5033 dum
2287 4977 2614 5032 illuminans
2642 4978 2824 5034 oculos
2855 4980 3020 5044 (Psal.
3054 4994 3214 5048 xvm,
3245 4978 3300 5049 9)
3328 4995 3340 5044 ;
3400 4977 3458 5032 id
3509 4983 3599 5033 est
3647 4995 3779 5052 per-

2122 5066 2294 5138 pauci
2327 5069 2484 5134 sunt,
2515 5067 2615 5138 qui
2647 5067 2731 5122 ita
2761 5068 3010 5140 perfecte
3049 5067 3230 5122 Deum
3281 5071 3662 5138 cognoscant,
3717 5071 3784 5123 ut

2123 5171 2228 5211 nec
2257 5156 2317 5210 in
2351 5155 2470 5224 Dei,
2506 5171 2610 5210 nec
2641 5156 2700 5210 in
2732 5155 2978 5229 proximi
3008 5155 3320 5212 dilectione
3351 5155 3672 5214 offendant.
3709 5159 3782 5212 At

2121 5248 2260 5299 tunc
2291 5244 2371 5312 hi,
2407 5244 2624 5317 quibus
2655 5249 2743 5301 est
2763 5248 3115 5317 praeceptum
3143 5244 3407 5300 lucidum
3432 5244 3780 5301 illuminans

2121 5332 2343 5398 oculos,
2377 5339 2723 5405 agnoscunt,
2757 5334 2898 5406 quia
2924 5336 3205 5393 universa
3231 5336 3340 5392 viae
3368 5335 3593 5390 Domini
3620 5337 3782 5392 mise-

2121 5421 2386 5487 ricordia,
2407 5425 2458 5476 et
2485 5425 2686 5478 veritas
2715 5423 2887 5494 (Psal.
2934 5439 3088 5489 xxxv,
3123 5422 3233 5497 10).
3263 5423 3533 5488 Quibus?
3565 5424 3782 5498 Requi-

2121 5509 2816 5568 rentibustestamentum
2839 5513 2988 5584 ejus,
3011 5515 3069 5568 et
3080 5511 3419 5568 testimonia
3435 5513 3565 5584 ejus
3587 5515 3773 5587 (Ibid).

436 5625 584 5712 (Q75)
614 5631 678 5683 In
709 5631 908 5705 autog.
951 5649 1137 5705 marg.
1191 5631 1405 5706 legitur
1458 5633 1553 5690 hic
1621 5650 1748 5707 cap.
1810 5633 1998 5708 LXXI,
2040 5633 2263 5693 scilicet
2298 5636 2623 5694 numeratis
2656 5635 2903 5709 hujusce
2951 5653 3084 5696 cum
3125 5636 3327 5710 prima
3365 5637 3648 5712 Epistulae
3686 5655 3774 5696 ce.

365 5696 608 5772 pitibus.
