3990 6224
120 382 245 445 H3

696 376 1110 443 EXPOSITIO
1155 379 1233 440 ΙΝ
1281 378 1711 441 EPISTOLAS
1757 377 2013 441 PAULI.
2048 408 2125 424 -—
2162 378 2241 440 ΙΝ
2286 377 2537 442 EPIST.
2581 378 2634 440 ῙΙ
2681 378 2784 440 AD
2830 376 3005 440 COR.

3436 375 3558 437 414

199 516 357 589 (676)
387 515 519 573 Hac
554 530 794 587 quoque
824 512 1083 585 Epistola
1112 518 1528 570 testamentum
1562 510 1662 569 Dei
1684 515 1792 581 est,
1824 511 1878 578 Α
1913 513 2035 585 qui,
2068 530 2203 569 cum
2236 514 2305 569 ad
2339 512 2593 585 aliquem
2627 510 3034 568 ecclesiasticas
3083 507 3387 581 dignitatis
3416 523 3557 581 gra-

127 612 187 664 et
224 605 417 662 multa
449 605 511 660 in
535 622 607 660 ea
637 604 739 660 Dei
766 603 1106 660 testimonia
1126 606 1515 659 continentur.
1552 604 1636 658 Illi
1664 620 1799 673 ergo

128 696 355 768 quibus
386 701 478 752 est
510 698 870 767 praeceptum
895 694 1125 750 Domini
1158 692 1422 749 lucidum
1458 694 1801 749 illuminans

128 785 359 851 oculos,
394 790 453 840 et
483 784 586 856 qui
622 784 933 855 requirunt
954 788 1371 839 testamentum
1405 784 1525 850 Dei,
1551 788 1608 838 et
1640 784 1799 839 testi-

128 875 337 931 monia
367 877 518 944 ejus,
546 875 767 945 quique
791 873 968 928 etiam
1001 890 1168 927 suam
1199 878 1525 942 agnoscunt
1548 874 1799 944 peregri-

129 966 462 1029 nationem,
496 964 678 1033 huius
717 968 967 1034 possunt
998 963 1255 1033 Apostoli
1280 968 1583 1033 penetrare
1606 962 1797 1018 inten-

128 1054 383 1123 tionem,
420 1053 700 1124 quoniam
732 1051 872 1107 alibi
902 1068 1142 1123 corpore
1184 1052 1542 1119 detinentur,
1575 1057 1630 1106 et
1660 1051 1797 1107 alibi

132 1148 340 1199 mente
370 1142 759 1211 delectantur,
780 1141 1428 1213 quemadmodumipse
1459 1141 1794 1212 Apostolus.

129 1236 516 1304 Quapropter
546 1230 646 1301 illi,
680 1231 778 1302 qui
828 1246 1091 1301 corpore,
1125 1235 1181 1284 et
1232 1235 1423 1285 mente
1458 1232 1677 1285 mundo
1710 1231 1795 1284 in-

131 1321 396 1385 haerent,
432 1319 789 1391 impossibile
838 1324 946 1387 est,
980 1324 1044 1373 ut
1074 1318 1262 1391 ipsius
1310 1320 1574 1391 Apostoli
1606 1320 1793 1375 inten-

129 1409 364 1465 tionem
398 1415 700 1482 penetrare
734 1408 980 1481 possint.

208 1497 416 1555 Sciens
449 1502 643 1553 autem
677 1498 993 1569 Apostolus
1025 1515 1215 1563 suam,
1252 1514 1427 1569 quam
1461 1498 1529 1552 ad
1565 1498 1793 1568 plebem

132 1586 576 1643 Corinthiorum
610 1588 1035 1659 corrigendam,
1058 1593 1291 1659 propter
1314 1587 1527 1643 multos
1559 1587 1793 1641 illorum

134 1693 388 1745 errores,
425 1676 670 1743 dixerat,
706 1676 1021 1747 profecisse
1069 1674 1401 1747 epistolam,
1455 1681 1621 1748 parat
1651 1676 1791 1729 diri-

136 1781 273 1838 gere
302 1764 627 1821 secundam
662 1765 733 1820 ad
766 1765 1261 1820 corroborandum
1287 1782 1490 1820 eorum
1522 1765 1791 1820 obedien-

1910 603 2050 657 dum
2115 602 2477 674 perveniunt,
2523 606 2579 656 et
2639 619 2738 673 per
2784 599 2981 656 omnia
3038 599 3398 655 voluntatem
3457 596 3555 653 Dei

1911 692 2231 764 adimplere
2277 693 2533 757 student,
2570 692 2639 745 ad
2690 690 2962 745 eumdem
3012 688 3203 745 divina
3254 688 3554 745 voluntate

1909 782 2135 838 venisse
2166 782 2437 837 credendi
2471 791 2628 837 sunt.

1980 900 2300 969 Sequitur:
2363 901 2421 953 Et
2476 898 2785 953 Timotheus
2829 899 3023 968 frater.
3079 895 3553 951 Animadverten-

1908 987 2073 1052 dum,
2094 988 2230 1059 quia
2259 1004 2320 1043 se
2350 986 3103 1058 Apostolum,Timotheum
3128 985 3365 1039 fratrem
3389 983 3553 1051 dicit,

1909 1078 2184 1148 quoniam
2238 1078 2408 1132 ambo
2460 1078 2628 1145 servi,
2680 1076 2852 1130 ambo
2879 1072 3125 1146 apostoli
3158 1091 3169 1137 ;
3206 1073 3307 1127 sed
3357 1078 3553 1128 tamen

1908 1183 2021 1220 non
2050 1167 2226 1221 unius
2269 1166 2591 1237 dignitatis.
2626 1165 2775 1219 Illud
2829 1165 3002 1219 etiam
3056 1163 3380 1225 sciendum,
3414 1161 3554 1231 quia

1906 1254 1999 1309 hic
2014 1256 2325 1326 separatim
2356 1256 2729 1310 Timotheum
2750 1254 3045 1317 nominat;
3072 1250 3550 1322 Philippensibus

1906 1343 2188 1414 scribens,
2222 1345 2333 1399 sibi
2356 1344 2680 1415 conjungit,
2705 1348 2761 1398 et
2788 1344 2993 1398 ambos
3025 1357 3219 1395 servos
3250 1345 3430 1394 vocat.
3457 1339 3549 1395 Sic

1904 1433 2058 1487 enim
2083 1434 2163 1488 ait
2195 1450 2209 1489 :
2243 1436 2452 1489 Paulus
2468 1438 2518 1488 et
2548 1433 2852 1488 Timotheus
2866 1432 3011 1487 servi
3028 1431 3233 1487 Christi
3245 1431 3393 1486 Iesu.
3418 1429 3548 1485 Ideo

1905 1523 2023 1577 haec
2055 1522 2171 1594 egit
2200 1522 2511 1595 Apostolus
2552 1524 2691 1594 quia
2740 1522 2822 1576 illi
2858 1522 2917 1576 in
2948 1520 3111 1575 nullo
3159 1519 3547 1584 deviaverant,

1903 1616 1959 1666 et
1988 1617 2293 1683 propterea
2318 1617 2480 1667 tanta
2501 1613 2817 1667 auctoritas
2836 1627 2949 1665 non
2983 1615 3106 1665 erat
3126 1609 3210 1663 eis
3244 1612 3547 1663 montran—

1904 1700 1978 1754 da
2012 1718 2024 1753 :
2061 1700 2152 1754 isti
2203 1718 2356 1765 vero,
2408 1700 2566 1772 quia,
2598 1700 2657 1754 in
2708 1700 2910 1754 multis
2960 1701 3310 1762 erraverant,
3367 1695 3551 1752 multa

1903 1788 2019 1843 illis
2048 1795 2170 1843 erat
2191 1790 2508 1844 auctoritas
2530 1789 3005 1844 demonstranda.
3028 1787 3177 1843 Nota
3206 1786 3551 1856 etiam,quia

339 1854 441 1949 Ῑίδ,
462 1858 661 1949 ίειηθη
712 1854 1245 1949 confortatﬂeowm
1280 1854 1698 1949 οὶῖέάίθηίίθων
1730 1859 1794 1908 “t
1822 1878 1871 1945 B
1902 1895 2033 1934 cum
2068 1878 2165 1933 illo
2188 1878 2392 1933 scribit
2423 1878 2762 1942 secundum,
2787 1894 2887 1949 per
2908 1892 3084 1946 quem
3117 1876 3405 1929 direxerat
3427 1854 3548 1943 pri-

135 1942 377 1998 illorum
409 1943 648 1999 denotet
680 1944 1247 2016 contumaciam,qui
1280 1944 1471 1998 adhuc
1504 1960 1643 1999 suos
1666 1961 1793 2015 pra-

134 2049 235 2087 vos
266 2038 439 2088 actus
471 2033 765 2105 corrigere
816 2032 1138 2089 noluerant.
1174 2033 1323 2088 lllud
1374 2038 1571 2088 tamen
1604 2032 1789 2088 scien-

137 2121 303 2189 dum,
332 2122 475 2193 quia
506 2123 617 2177 hac
650 2139 750 2194 spe
782 2122 1121 2179 sublevatus
1151 2127 1240 2179 est
1285 2123 1619 2195 Apostolus,
1653 2123 1794 2195 quia

138 2212 364 2267 audivit
396 2228 498 2267 eos
530 2212 783 2268 maxime
813 2229 881 2267 ea
930 2213 1248 2268 correxisse
1281 2230 1407 2283 qua:
1439 2213 1689 2268 attinent
1719 2213 1789 2267 ad

136 2301 433 2368 ordinem,
466 2306 523 2355 et
547 2301 889 2373 dignitatem
912 2301 1366 2357 ecclesiasticam
1394 2320 1405 2357 :
1436 2307 1489 2358 et
1514 2303 1643 2358 ideo
1675 2320 1790 2358 non

134 2389 474 2455 diffidebat,
508 2393 569 2443 ut
601 2389 875 2460 paulatim
916 2407 1115 2446 eorum
1172 2392 1602 2464 corrigerentur
1631 2392 1786 2446 vitia.

133 2478 318 2543 Nam,
355 2478 495 2549 quia
526 2479 740 2545 omnia,
772 2497 893 2551 quae
926 2482 997 2535 ad
1029 2481 1292 2536 ordinem
1325 2480 1788 2536 ecclesiasticum

134 2562 419 2633 attinent,
476 2574 857 2636 correxerant,
892 2587 1027 2642 spes
1077 2571 1327 2625 dabatur
1374 2569 1675 2642 apostolis,
1728 2575 1790 2625 ut

132 2655 278 2711 vitia
308 2660 367 2711 et
400 2673 591 2712 mores
619 2674 815 2713 corum
844 2659 901 2712 in
935 2660 1128 2714 futuro
1160 2659 1606 2731 corrigerentur.

206 2745 725 2802 Festinavit'etiam
752 2747 902 2802 hanc
918 2747 1032 2803 illis
1052 2738 1366 2803 seCundam
1391 2749 1641 2820 dirigere
1664 2749 1787 2820 Epi-

131 2833 370 2901 stolam,
390 2836 671 2907 quoniam
701 2836 757 2891 in
782 2838 971 2908 prima
991 2836 1196 2892 durius
1214 2838 1448 2892 fuerunt
1478 2838 1780 2909 increpati,

129 2923 508 2995 nimiumque
535 2926 898 2981 contristati:
933 2931 1242 2997 quatenus,
1267 2928 1409 2982 dum
1433 2943 1493 2982 se
1524 2928 1595 2981 ab
1630 2936 1781 2998 Apo-

128 3013 280 3068 stolo
312 3013 475 3085 diligi
524 3016 818 3082 audirent,
851 3032 988 3087 erga
1034 3016 1216 3071 bonos
1248 3022 1411 3072 actus
1457 3017 1781 3073 devotiores

127 3103 362 3168 ﬁerent,
394 3108 451 3158 et
479 3104 537 3159 in
588 3105 782 3160 fructu
832 3106 1180 3176 paenitentiae
1228 3108 1590 3178 proficerent,
1633 3125 1777 3179 quo-

127 3192 295 3247 niam
329 3208 461 3247 vera
489 3194 833 3265 ptenitentia
854 3199 943 3250 est
974 3196 1193 3251 malum
1228 3198 1509 3265 deserere,
1540 3198 1779 3253 interve-

127 3281 331 3337 niente
346 3281 564 3337 dolore.
596 3287 730 3337 Haec
756 3287 952 3338 tamen
973 3286 1221 3340 maxime
1241 3303 1418 3341 causa
1438 3286 1547 3341 fuit
1568 3287 1781 3341 descri-

127 3369 334 3437 bendi,
362 3388 429 3426 ac
451 3371 739 3444 dirigendi
758 3373 1110 3441 Epistolam;
1138 3376 1275 3447 quia
1297 3376 1561 3431 doctores
1582 3392 1784 3431 eorum

130 3476 242 3532 pro
274 3459 529 3515 aliorum
579 3461 833 3534 peccatis
881 3463 1088 3518 durius
1116 3464 1350 3520 fuerant
1398 3465 1697 3537 increpati,
1730 3470 1788 3520 et

132 3550 407 3606 multum
440 3550 781 3605 contristati.
806 3551 915 3616 Qui
946 3552 1121 3608 etiam
1154 3570 1223 3608 ne
1255 3554 1481 3621 durius,
1519 3560 1618 3610 aut
1640 3572 1790 3626 aegre

132 3638 392 3702 ferrent,
425 3653 486 3693 se
516 3637 704 3709 ipsum
736 3639 852 3696 illis
901 3644 1205 3714 proposuit
1234 3642 1587 3715 exemplum,
1621 3644 1791 3715 quasi

134 3726 396 3783 dixisset
428 3742 442 3783 :
476 3727 595 3783 Non
629 3729 856 3798 durius,
891 3748 1005 3786 non
1038 3747 1185 3803 aegre
1215 3732 1497 3797 feratis,si
1529 3750 1632 3804 pro
1656 3732 1795 3788 alio-

135 3834 275 3873 rum
308 3818 563 3888 peccatis
613 3818 805 3874 fuistis
856 3820 1179 3892 increpati;
1214 3839 1346 3876 cum
1396 3838 1502 3894 ego
1534 3822 1793 3894 quotidie

134 3906 394 3962 diversis
426 3907 724 3978 periculis,
758 3925 824 3963 ac
855 3910 1026 3965 morti
1060 3911 1416 3981 subjaceam.
1451 3912 1559 3975 Qui
1591 3911 1788 3979 etiam,

135 4001 207 4052 ut
227 4012 290 4052 se
308 3996 645 4052 ostenderet
665 3998 815 4053 bona
835 3999 906 4053 de
928 3997 1047 4055 illis
1068 4000 1395 4067 sentire,sic
1416 4017 1658 4056 exorsus
1680 4005 1789 4068 est,

134 4085 602 4157 dicens:(CAp.I.)
622 4088 831 4142 Paulus
849 4087 1529 4161 apostolus.Jamjamque
1551 4106 1792 4145 securus

133 4176 210 4230 de
238 4191 442 4230 eorum
476 4175 874 4243 conversione,
906 4182 962 4233 et
1008 4179 1435 4245 emendatione,
1469 4195 1531 4234 se
1562 4194 1794 4250 quoque

128 4263 505 4335 Apostolum,
530 4281 647 4319 non
672 4269 865 4321 tamen
883 4273 1153 4322 vocatum
1179 4266 1342 4325 dicit.
1359 4268 1504 4322 Nam
1538 4268 1675 4339 quia
1695 4268 1793 4322 de-

129 4353 459 4419 viaverunt,
492 4357 764 4409 vocatum
787 4356 1099 4412 audierunt
1132 4373 1144 4412 :
1179 4356 1411 4428 et,quia
1439 4374 1501 4412 se
1531 4373 1795 4412 correxe-

134 4447 301 4509 runt,
333 4443 712 4500 solummodo
769 4447 1015 4518 apostoli
1048 4446 1299 4501 audiunt
1328 4447 1496 4517 (677).
1533 4446 1584 4501 Is
1614 4446 1793 4511 enim,

134 4537 206 4588 ut
234 4533 323 4589 sui
358 4532 733 4606 apostolatus
766 4536 1170 4591 auctoritatem
1200 4535 1592 4600 confirmaret,
1624 4539 1681 4591 et
1712 4552 1797 4589 ra-

1904 1984 2083 2022 mam.
2115 1970 2302 2032 Quare
2350 1966 2518 2021 hanc?
2548 1964 2847 2029 Videlicet,
2882 1970 2945 2017 ut
2994 1962 3325 2017 ostenderet
3368 1961 3547 2031 quod,

1901 2056 1999 2112 illo
2033 2060 2326 2121 narrante,
2356 2057 2506 2110 bona
2537 2055 2606 2109 de
2638 2054 2781 2123 ipsis
2812 2051 3080 2107 audierit.

1974 2172 2291 2243 Sequitur:
2338 2172 2585 2226 Ecclesia:
2639 2171 2753 2237 Dei,
2806 2172 2912 2223 etc.
2965 2166 3279 2223 Corinthus
3329 2168 3547 2220 metro-

1900 2261 2049 2333 polis
2080 2266 2168 2317 est
2212 2260 2442 2315 Achaia:
2494 2258 2820 2331 provinciae,
2854 2262 2912 2312 et
2966 2256 3112 2323 ideo,
3146 2256 3288 2309 dum
3339 2252 3546 2309 scribit

1900 2350 2171 2406 Ecclesiae
2203 2349 2659 2413 Corinthiorum,
2693 2346 2894 2402 scribit
2927 2350 2983 2400 et
3030 2344 3208 2399 totius
3240 2342 3546 2414 provinciae

1900 2439 2350 2495 habitatoribus.
2388 2439 2625 2510 Propter
2656 2437 2774 2491 haec
2805 2440 2861 2491 et
2890 2434 3229 2505 subjunxit:
3263 2434 3407 2487 Cum
3426 2448 3549 2485 san-

1898 2532 2000 2585 ctis
2031 2530 2302 2595 omnibus,
2338 2532 2446 2583 etc.
2484 2533 2753 2581 Attamen
2783 2524 2927 2579 illud
2962 2528 3051 2578 est
3079 2521 3548 2577 animadverten-

1898 2620 2246 2691 dum,quare
2260 2617 2574 2672 Ecclesiam
2590 2615 3024 2671 Corinthiorum
3039 2608 3547 2667 sanctisomnibus

1889 2708 2151 2779 junxerit
2177 2725 2190 2775 ;
2222 2707 2509 2771 videlicet,
2537 2705 2674 2777 quia
2698 2704 2919 2759 audivit
2948 2718 3047 2757 eos
3067 2697 3545 2772 prolecisse.Alio

1894 2812 2026 2851 vero
2067 2814 2267 2862 sensu,
2302 2795 2455 2867 quod
2509 2795 2610 2859 ait,
2644 2810 2765 2847 cum
2810 2792 3007 2847 sanctis
3053 2790 3323 2853 omnibus,
3358 2790 3550 2858 potest

1893 2886 2115 2941 dictum
2150 2886 2295 2959 (678)
2330 2886 2399 2939 de
2430 2883 2852 2951 sacerdotibus,
2882 2896 3132 2952 quorum
3168 2878 3422 2952 primum
3458 2880 3549 2930 est

1888 2975 2155 3031 invocare
2170 2991 2380 3029 nomen
2406 2972 2648 3028 Domini.
2666 2972 2919 3038 Nam,ne
2940 2970 3273 3025 viderentur
3292 2984 3326 3022 a
3348 2966 3547 3021 minus

1888 3065 2348 3136 intelligentibus
2397 3062 2796 3134 praetermissi,
2833 3077 2966 3115 cum
3009 3058 3259 3113 fuissent
3310 3056 3546 3111 nomine

1890 3154 2157 3209 Ecclesiae
2190 3152 2617 3223 comprehensi,
2644 3151 2773 3205 ideo
2798 3149 3103 3219 subjunxit
3132 3165 3144 3201 ε
3181 3147 3316 3201 Cum
3344 3146 3547 3199 sanctis

1813 3243 1858 3313 α
1896 3241 2166 3295 omnibus.
2227 3238 2509 3294 Similiter
2561 3235 3034 3307 Philippensihus
3082 3234 3365 3297 scribens,
3416 3232 3546 3285 ait:

1892 3331 2027 3386 Cum
2054 3331 2344 3400 episcopis,
2366 3334 2420 3382 et
2448 3327 2786 3381 diaconibus.
2804 3324 3080 3396 Sequitur
3112 3339 3124 3376 :
3161 3321 3349 3375 Gratia
3370 3320 3543 3385 vobis,

1896 3425 2005 3474 etc.
2041 3419 2230 3473 Unum
2282 3422 2369 3472 est
2400 3433 2548 3487 Opus
2596 3414 2802 3479 Patris,
2834 3418 2891 3467 et
2922 3410 3048 3467 Filii
3076 3436 3090 3477 ;
3126 3414 3429 3482 propterea
3459 3408 3545 3462 di-

1898 3509 1977 3563 cit
2011 3525 2023 3561 :
2057 3508 2096 3562 Α
2126 3509 2228 3562 Deo
2258 3508 2442 3570 Patre,
2474 3508 2527 3559 et
2556 3506 2617 3558 in
2646 3504 2876 3558 Domino
2904 3504 3029 3557 Iesu
3061 3500 3294 3555 Christo.

1971 3634 2118 3704 (679)
2171 3630 2449 3702 Sequitur
2499 3646 2511 3684 :
2564 3626 2890 3684 Benedictus
2936 3627 3094 3693 Deus,
3125 3626 3255 3680 'etc.
3308 3622 3547 3679 Talibus

1898 3720 2091 3777 verbis
2119 3725 2340 3775 textum
2363 3735 2479 3773 suae
2510 3716 2779 3789 Epistolas
2808 3731 3121 3788 aggressus
3142 3718 3231 3770 est
3259 3713 3546 3769 ordinare.

1902 3810 2009 3867 Ubi
2045 3809 2387 3875 notandum,
2418 3808 2557 3879 quia
2596 3823 2755 3862 more
2784 3806 2955 3861 solito
3004 3804 3346 3877 mysterium
3380 3807 3551 3858 rectm

1901 3899 2034 3954 fidei
2069 3902 2398 3954 monstrare
2428 3895 2673 3951 curavit.
2710 3895 2997 3967 Loquitur
3025 3894 3181 3949 enim
3214 3893 3285 3948 de
3315 3898 3427 3948 Deo
3453 3892 3552 3947 Pa-

1901 3994 2009 4059 tre,
2042 3993 2099 4042 et
2128 3987 2297 4042 donis
2328 3986 2537 4057 ipsius,
2570 3990 2628 4040 et
2658 3985 2905 4040 Domino
2935 3984 3075 4040 Jesu
3106 3983 3355 4047 Christo,
3388 3981 3550 4038 locu-

1902 4082 2073 4133 turus
2104 4076 2379 4146 deinceps
2428 4075 2498 4129 de
2546 4074 2766 4143 Spiritu
2821 4077 3043 4141 sancto,
3095 4071 3362 4142 quamvis
3402 4075 3461 4125 et
3491 4070 3550 4126 in

1904 4166 2073 4221 donis
2102 4164 2292 4236 ipsius
2317 4161 2569 4232 Spiritus
2592 4165 2834 4215 sanctus
2854 4159 3228 4229 intelligatur.
3259 4159 3421 4223 Quod
3447 4173 3551 4212 au-

1900 4258 2017 4309 tem
2047 4252 2187 4307 dicit
2219 4268 2231 4305 :
2268 4249 2588 4305 Benedictus
2638 4254 2802 4314 Deus,
2834 4252 2885 4302 et
2932 4250 3116 4315 Pater,
3150 4251 3283 4311 etc.,
3316 4244 3550 4301 duobus

1902 4342 2093 4399 modis
2123 4344 2312 4411 potest
2342 4337 2625 4409 distingui
2646 4341 2702 4391 et
2729 4334 2995 4406 intelligi.
3024 4334 3348 4389 Benedictus
3380 4337 3551 4403 Deus,

1903 4448 2098 4487 rerum
2131 4433 2353 4483 creator
2382 4425 2667 4495 omnium,
2688 4425 2789 4496 qui
2821 4427 2909 4478 est
2937 4427 2986 4478 et
3017 4426 3181 4478 Pater
3208 4423 3429 4477 Domini
3452 4436 3555 4476 no-

1902 4522 2006 4575 stri
2032 4524 2168 4576 Jesu
2192 4518 2399 4572 Christi
2425 4534 2437 4583 ;
2470 4515 2581 4570 hoc
2612 4518 2719 4584 est,
2755 4513 3034 4577 Verbum,
3058 4512 3211 4582 quod
3246 4515 3370 4565 erat
3398 4511 3555 4567 Deus

133 4627 258 4679 tam
281 4597 550 4696 ejusdem
576 4623 923 4695 dignitatem
938 4641 1066 4681 esse
1088 4597 1785 4695 monstraret,suhjunxit:

1909 4610 1966 4665 in
1998 4607 2283 4681 principio
2314 4606 2467 4677 apud
2521 4605 2769 4659 Patrem.
2802 4602 2908 4657 Sed
2940 4602 3048 4657 hoc
3100 4617 3214 4655 non
3250 4600 3380 4655 ideo
3411 4597 3556 4653 dici-

132 4718 246 4769 Per
274 4714 613 4769 voluntatem
647 4714 763 4768 Dei.
810 4713 957 4769 Nam
1008 4730 1123 4769 non
1154 4730 1380 4779 omnes,
1414 4715 1513 4785 qui
1548 4712 1796 4785 apostoli

131 4801 444 4866 dicuntur,
477 4818 579 4874 per
605 4801 964 4858 voluntatem
1000 4804 1095 4859 Dei
1130 4807 1288 4858 sunt.
1326 4802 1455 4859 Sive
1486 4803 1634 4869 ideo,
1679 4805 1796 4874 Dei,

129 4895 201 4948 ut
233 4891 572 4948 ostenderet
596 4908 659 4947 se
688 4908 803 4946 non
837 4890 1031 4947 solum
1055 4892 1125 4948 ab
1156 4892 1390 4947 homine
1410 4892 1638 4949 Christo
1659 4909 1797 4963 apo-

128 4980 355 5038 stolum
388 4981 755 5052 factum,sed
787 4979 965 5036 etiam
998 4997 1031 5034 a
1061 4980 1306 5036 Deo.Sic
1339 4982 1513 5036 etiam
1546 4981 1671 5053 ipse
1698 4980 1797 5035 Dei

133 5070 317 5126 Filius
348 5070 622 5143 loquitur
651 5070 890 5125 Judznis.
926 5070 1144 5135 Omnia,
1176 5070 1385 5141 inquit,
1420 5085 1545 5141 quae
1588 5071 1800 5141 placita

128 5164 259 5214 sunt
304 5162 376 5229 ei,
405 5162 559 5230 [acia
607 5175 825 5230 semper
871 5159 1050 5230 (Joan.
1099 5177 1219 5227 vm,
1252 5160 1362 5230 29).
1400 5158 1617 5215 Paulus
1665 5175 1798 5214 vero

131 5263 239 5319 per
282 5250 655 5306 voluntatem
687 5248 790 5303 Dei
822 5264 886 5303 se
934 5254 1205 5305 vocatum
1252 5249 1391 5305 dicit
1443 5246 1794 5319 apostolum,

130 5336 270 5407 quia
298 5355 402 5411 per
429 5337 640 5396 omnia
667 5334 1027 5394 voluntatem
1058 5338 1160 5395 Dei
1190 5338 1493 5411 implebat.
1517 5336 1607 5392 Illi
1638 5354 1797 5410 ergo,

202 5572 348 5715 E676)
386 5575 446 5631 In
479 5576 704 5699 autog..
727 5583 915 5641 marg.
946 5569 1041 5626 hic
1070 5570 1284 5645 legitur
1313 5588 1438 5645 cap.
1478 5570 1690 5627 LXXII.

222 5646 347 5715 677)
378 5646 637 5707 Submte
664 5640 975 5715 ligendum
1007 5642 1251 5705 fortasse
1278 5660 1498 5715 nomen,
1522 5643 1609 5701 vel
1640 5642 1690 5700 al

136 5640 347 5773 tal(677)
378 5640 975 5717 Subintelligendum
1007 5640 1251 5705 fortasse
1278 5640 1498 5716 nomen,
1522 5643 1609 5701 vel
1640 5642 1800 5700 aliud

212 5734 263 5777 e.

1910 4716 2063 4766 mus,
2098 4702 2163 4753 ut
2193 4696 2345 4752 alius
2378 4696 2453 4751 sit
2502 4710 2695 4750 sermo
2727 4692 3077 4764 suscipiens,
3109 4695 3167 4745 et
3197 4688 3348 4745 alius
3380 4688 3555 4745 homo

1908 4792 2253 4860 susceptus;
2288 4785 2389 4841 sed
2417 4788 2651 4857 propter
2674 4782 3109 4838 distinctionem
3143 4784 3384 4851 naturae,
3403 4794 3559 4834 nunc

1909 4879 2197 4940 excelsus,
2230 4891 2384 4930 nunc
2433 4872 2675 4929 humilis
2729 4871 3095 4944 praedicatur.
3129 4872 3298 4925 Pater
3338 4868 3560 4923 miseri-

1908 4967 2238 5023 cordiarum.
2274 4965 2420 5021 Nota
2446 4964 2585 5034 quia
2615 4979 2648 5017 a
2680 4978 2738 5016 re
2771 4960 3045 5032 ipsa,hoc
3076 4958 3272 5025 est,ab
3302 4957 3433 5031 ipsa
3454 4974 3563 5013 sua

1906 5056 2235 5112 intentione
2270 5052 2529 5118 inchoat,
2564 5052 2768 5105 dicens
2805 5066 2816 5103 :
2852 5050 3022 5103 Pater
3050 5047 3559 5103 misericordiarum

1910 5150 2221 5217 quatenus,
2256 5142 2395 5195 dum
2430 5140 2511 5194 illi
2548 5140 2819 5194 audirent
2850 5143 3030 5193 Deum
3057 5154 3170 5192 non
3203 5134 3394 5192 solum
3428 5150 3561 5190 esse

1908 5250 2104 5290 rerum
2136 5228 2401 5287 omnium
2450 5234 2790 5293 creatorem,
2827 5227 2927 5281 sed
2961 5226 3191 5282 Patrem
3225 5223 3561 5279 misericor-

1908 5325 2163 5392 diarum,
2196 5317 2660 5383 sublevarentur,
2688 5322 2744 5372 et
2773 5315 3230 5371 consolationem
3262 5316 3553 5386 caperent.

2004 5553 2131 5619 678)
2162 5545 2528 5606 Subauditur
2555 5562 2687 5614 esse,
2711 5546 2805 5619 vel
2830 5547 3097 5619 intelligi.

2004 5554 2109 5609 678
2162 5553 2528 5606 Subauditur
2555 5562 2687 5614 esse,
2718 5553 2805 5602 vel
2836 5553 3097 5619 intelligi.

1982 5553 2131 5700 l679l
2163 5623 2225 5680 In
2258 5624 2453 5691 autog.
2490 5634 2674 5691 marg.
2708 5618 2803 5674 hic
2828 5617 3041 5690 legitur
3069 5634 3193 5687 cap.
3230 5617 3269 5670 Ι.
