3990 6224
410 395 529 462 415

1429 415 1768 479 ATTONIS
1813 413 2400 479 VEBGELLENSIS
2444 413 2800 476 EPISCOPI

3711 411 3841 476 416

413 538 819 598 Animadverte
843 543 1019 600 etiam
1051 547 1187 618 quia
1217 564 1330 603 non
1365 549 1772 608 misericordiae
1802 552 2057 618 Patrem,
2089 558 2141 623 Α
2173 549 2330 619 quia,
2350 547 2503 604 sicut
2531 565 2708 603 causa
2725 547 2933 604 salutis
2955 563 3195 604 suorum
3223 544 3554 604 auditorum
3577 545 3840 606 tribula-

416 629 516 682 sed
550 630 1082 690 misericordiarum
1134 653 1260 693 esse
1308 639 1470 706 dicit,
1504 642 1723 697 scilicet
1774 641 1912 712 quia
1943 658 2056 694 non

418 717 606 774 solum
639 719 697 774 in
735 723 1083 794 baptismate
1115 733 1347 797 peccata
1379 732 1643 801 remittit,
1670 733 1769 786 sed
1803 732 1973 786 etiam
2001 731 2058 782 in

417 806 800 880 pmnitudine,
836 817 892 866 et
938 813 1126 869 cordis
1175 818 1558 887 contritione;
1595 820 1712 875 sive
1761 821 1898 891 quia
1945 835 2058 873 non

420 894 608 952 solum
644 906 876 970 peccata
925 903 1189 970 dimittit,
1223 908 1323 960 sed
1357 914 1409 962 et
1445 909 1674 980 pristini
1723 910 1940 981 gradus
1973 909 2059 962 di-

418 985 698 1055 gnitatem
730 989 953 1057 reddit;
989 992 1106 1046 sive
1149 995 1287 1064 quia
1339 1013 1452 1052 non
1487 999 1683 1063 unius,
1717 1004 1815 1052 aut
1848 1013 2058 1069 pauco-

418 1090 570 1143 rum,
604 1077 703 1130 sed
738 1078 1078 1150 multorum,
1113 1083 1230 1138 imo
1276 1087 1540 1142 omnium
1575 1094 1942 1160 peccatorum
1975 1093 2063 1141 cst

417 1163 718 1219 relaxator.

490 1252 765 1324 Sequitur
801 1275 812 1313 :
841 1260 907 1314 Et
941 1261 1076 1316 Deus
1128 1265 1289 1319 totius
1337 1267 1746 1321 consolationis.
1783 1266 2062 1320 Animad-

418 1347 571 1396 verte
597 1344 755 1414 quia,
789 1363 922 1403 cum
961 1354 1100 1406 Deus
1129 1355 1298 1407 totius
1318 1357 1706 1410 consolationis
1736 1355 1893 1421 dicit,
1915 1354 2062 1408 mul-

417 1434 508 1487 tas
559 1433 684 1488 vult
735 1439 1043 1492 ostendere
1109 1443 1540 1513 tribulationes,
1602 1445 1878 1516 quoniam
1939 1443 2062 1497 alia:

420 1526 580 1586 sunt,
611 1539 738 1594 quae
769 1542 802 1580 a
825 1526 996 1582 malis
1028 1528 1384 1599 hominibus,
1414 1533 1538 1587 alia:
1563 1551 1711 1596 vero,
1747 1551 1872 1604 quae
1897 1533 2064 1586 adia-

420 1610 553 1665 bolo
584 1612 934 1670 inferuntur.
971 1623 1096 1687 Ipse
1142 1637 1414 1691 namque,
1450 1623 1586 1693 quia
1638 1625 1708 1677 ab
1743 1623 1832 1676 his
1876 1620 2061 1675 omni-

422 1699 533 1754 bus
565 1700 792 1768 liberat,
823 1704 952 1762 ideo
983 1708 1135 1764 Deus
1168 1711 1347 1765 totius
1377 1711 1794 1766 consolationis
1825 1727 1951 1765 esse
1983 1709 2065 1763 di-

421 1788 592 1845 citur.
629 1794 790 1857 Quod
824 1811 956 1850 mox
1002 1798 1356 1865 manifestat,
1392 1818 1523 1855 cum
1575 1801 1878 1871 subjunxit
1911 1816 1922 1853 :
1959 1800 2065 1867 Qui

419 1880 734 1936 consolatur
755 1899 852 1938 nos
884 1885 940 1939 in
972 1890 1129 1941 omni
1155 1889 1516 1944 tribulatione
1545 1895 1754 1945 nostra.
1787 1888 2060 1943 Consola-

419 1971 516 2022 tur
545 1967 759 2041 quippe
787 1989 924 2027 suos
955 1991 1134 2031 causa
1177 1977 1383 2032 salutis
1414 1979 1682 2034 aliorum.
1717 1980 1785 2032 Et
1816 1978 1922 2032 hoc
1953 1982 2063 2042 est,

423 2057 575 2127 quod
608 2059 691 2114 ait
722 2077 735 2115 :
773 2063 835 2117 Ut
866 2066 1138 2132 possimus
1180 2071 1232 2121 et
1263 2070 1369 2138 ipsi
1419 2070 1690 2124 consolari
1738 2085 1842 2132 eos,
1877 2069 1973 2138 qui
2003 2069 2060 2120 in

420 2148 578 2200 omni
602 2163 858 2217 pressura
887 2157 1034 2207 sunt.
1069 2155 1217 2210 Sane
1264 2157 1568 2212 sciendum
1615 2158 1752 2228 quia
1780 2158 1894 2211 duo
1927 2160 2066 2210 sunt

417 2251 631 2308 genera
657 2238 1052 2296 tribulationis
1077 2260 1089 2298 :
1110 2261 1293 2300 unum
1327 2247 1780 2318 videlicet,quod
1807 2263 1839 2300 a
1869 2262 2065 2317 perse-

419 2325 744 2392 cutoribus,
767 2333 823 2383 et
844 2331 1206 2399 quibuslibet
1225 2334 1393 2389 malis
1411 2334 1751 2390 hominibus
1783 2334 2063 2400 infertur;

420 2412 668 2469 alterum
699 2433 832 2471 vero
863 2434 1070 2490 genus,
1103 2422 1255 2492 quod
1284 2439 1352 2477 ex
1396 2423 1750 2495 paenitudine
1783 2423 2062 2478 nascitur.

419 2505 539 2556 Hoc
570 2519 801 2574 quoque
851 2523 961 2561 non
1013 2509 1210 2564 minus
1259 2511 1379 2577 illo,
1415 2513 1692 2581 quoniam
1738 2512 1882 2566 illud
1931 2528 2064 2566 cum

422 2589 623 2646 laetitia
670 2592 804 2647 ferri
837 2600 1062 2665 potest;
1111 2599 1217 2653 hoc
1265 2616 1420 2665 vero,
1453 2605 1737 2671 quantum
1789 2618 1902 2655 non
1954 2599 2067 2654 nisi

429 2695 561 2733 cum
592 2681 832 2737 tristitia
854 2683 1138 2755 habetur;
1175 2688 1330 2759 quia,
1353 2690 1493 2744 dum
1528 2691 1700 2744 homo
1732 2689 2068 2744 recordatur

422 2785 664 2826 suorum
700 2779 1198 2848 peccatorum,pro
1216 2777 1298 2832 eis
1332 2778 1500 2834 timet
1527 2777 2064 2850 puniri.Apostolici

425 2875 656 2931 quoque
688 2861 815 2928 viri,
849 2863 978 2919 ideo
1010 2882 1044 2918 a
1082 2865 1477 2934 tribulatione,
1513 2885 1638 2940 qua
1671 2885 1702 2920 a
1736 2871 2066 2938 persecuto-

424 2948 588 3004 ribus
619 2949 995 3019 inferebatur,
1029 2953 1446 3024 liberabantur,
1481 2961 1544 3010 ut
1583 2955 1714 3010 aliis
1746 2955 1976 3009 afflictis
2007 2954 2066 3007 in

425 3037 782 3109 paenitudine
813 3042 1266 3098 consolationem
1301 3050 1539 3115 possent
1589 3044 2063 3100 subministrare.

424 3130 492 3181 Et
520 3127 628 3182 hoc
659 3134 748 3184 est
775 3132 926 3203 quod
963 3132 1122 3202 dicit,
1155 3141 1216 3189 ut
1252 3135 1528 3205 possimus
1557 3144 1609 3189 et
1657 3137 1763 3206 ipsi
1792 3134 2070 3189 consolari

424 3231 535 3282 eas,
568 3221 676 3273 etc.
709 3243 721 3285 ;
754 3237 819 3274 ac
847 3220 895 3276 si
927 3221 1143 3278 diceret
1176 3242 1189 3278 :
1223 3224 1353 3279 Ideo
1382 3223 1703 3279 liberamur
1730 3241 1763 3279 a
1796 3239 2066 3295 persecu-

2172 639 2404 703 bantur,
2428 637 2509 691 sic
2541 641 2596 691 et
2625 654 2827 691 eorum
2852 654 3029 692 causa
3051 636 3257 692 salutis
3284 637 3355 692 ab
3387 637 3610 693 eisdem
3639 637 3837 694 tribu-

2171 725 2488 781 lationibus
2511 727 2888 795 eruebantur,
2913 732 2969 780 et
2998 725 3121 780 suis
3145 726 3578 794 reddebantur;
3618 733 3840 798 quate-

2173 832 2283 869 nus
2315 815 2424 886 ipsi
2459 815 2513 868 in
2551 816 2662 868 [ide
2711 816 3245 869 corroborarentur.
3283 813 3428 868 Illud
3461 832 3601 870 sane
3637 817 3838 871 scien-

2172 905 2334 973 dum,
2364 904 2501 974 quia
2531 910 2866 958 sanctorum
2900 904 3345 974 praedicatorum
3370 903 3839 971 afﬂictio,tribu-

2173 993 2336 1058 latio,
2359 1010 2422 1047 ac
2455 994 2670 1064 passio,
2697 993 3037 1047 scandalum
3059 997 3281 1064 poterat
3303 1010 3431 1048 esse
3449 993 3790 1050 auditorum
3817 1013 3833 1064 ;

2173 1083 2330 1154 quia,
2363 1083 2505 1136 dum
2541 1100 2679 1137 suos
2711 1084 2976 1137 doctores
3006 1083 3280 1138 videbant
3305 1082 3361 1138 vi
3397 1099 3732 1154 oppressos,
3763 1101 3836 1140 ac

2175 1172 2426 1229 diversis
2459 1172 2746 1228 laceratos
2777 1171 3194 1239 tormentis,illi
3219 1172 3580 1244 quoque,qui
3608 1173 3834 1229 inﬁrmi

2175 1266 2342 1316 erant
2371 1260 2431 1315 in
2464 1262 2598 1330 ﬁde,
2633 1261 3014 1316 scandalizari
3047 1266 3353 1332 poterant;
3387 1277 3453 1316 eo
3484 1262 3640 1332 quod
3675 1262 3835 1333 ipso-

2175 1367 2304 1404 rum
2343 1350 2793 1421 promissionem
2827 1352 3128 1404 crederent
3172 1351 3511 1405 frustratam
3549 1367 3561 1404 :
3592 1357 3835 1408 econtra

2174 1440 2256 1494 illi
2293 1442 2390 1510 qui
2416 1441 2541 1510 jam
2576 1441 2928 1494 corroborati
2964 1444 3131 1494 erant
3162 1439 3219 1492 in
3253 1439 3383 1507 ﬁde,
3409 1440 3550 1493 dum
3575 1455 3675 1495 eos
3709 1442 3830 1512 pati

2173 1530 2505 1598 cernebant,
2542 1531 2824 1599 optabant
2875 1546 2936 1584 se
2991 1530 3178 1584 socios
3211 1529 3333 1584 ﬁeri
3367 1529 3827 1586 tribulationum

2174 1635 2238 1672 ac
2267 1618 2628 1689 passionum,
2656 1624 2717 1673 ut
2742 1623 2978 1689 possent
3006 1636 3133 1674 esse
3157 1624 3454 1674 consortes
3476 1619 3832 1676 consolatio-

2174 1707 2264 1762 nis
2292 1725 2302 1762 :
2339 1707 2406 1762 Et
2436 1708 2563 1762 ideo
2597 1708 2738 1762 dicit
2773 1725 2784 1763 :
2820 1710 2953 1778 Spes
3002 1717 3193 1762 nostra
3223 1709 3386 1776 ﬁrma
3415 1715 3496 1763 est
3527 1725 3626 1780 pro
3657 1711 3827 1765 vobis.

2174 1799 2261 1861 Et,
2295 1797 2461 1868 quasi
2486 1798 2943 1869 interrogassent
2967 1815 3092 1869 qua:
3122 1802 3209 1852 est
3240 1815 3373 1868 spes
3404 1803 3507 1853 tua
3533 1800 3700 1854 firma
3725 1816 3830 1870 pro

2175 1886 2361 1954 nobis,
2396 1887 2709 1958 respondet
2740 1888 2862 1957 ipse
2898 1905 2910 1942 :
2945 1888 3182 1942 Scientes
3211 1889 3497 1957 quoniam,
3520 1889 3666 1943 sicut
3693 1891 3834 1944 socii

2172 1978 2491 2046 passionum
2535 1978 2692 2040 estis,
2726 1980 2833 2030 etc.
2864 1993 2876 2042 ;
2910 1976 3079 2046 quasi
3131 1975 3261 2031 aliis
3291 1976 3482 2032 verbis
3530 1976 3781 2032 dixisset
3812 1994 3827 2032 :

2174 2064 2332 2117 Adeo
2366 2064 2516 2117 ﬁrmi
2551 2080 2762 2118 sumus
2791 2064 2861 2118 de
2891 2064 3079 2132 vobis,
3107 2067 3169 2117 ut
3198 2063 3502 2118 credamus
3533 2062 3671 2133 quia
3705 2080 3830 2118 non

2175 2152 2366 2208 solum
2391 2153 2462 2207 de
2493 2152 2710 2207 nostris
2746 2152 3223 2207 tribulationibus
3255 2169 3366 2207 non
3401 2151 3834 2207 scandalizabi-

2177 2241 2343 2306 mini,
2378 2243 2474 2297 sed
2512 2241 2704 2312 potius
2735 2241 3068 2313 gaudebitis
3090 2242 3279 2297 socios
3311 2258 3413 2297 vos
3445 2241 3567 2296 ﬁeri
3601 2242 3830 2312 passio-

2179 2347 2342 2396 num,
2378 2335 2440 2384 ut
2487 2331 2724 2402 possitis
2753 2347 2901 2397 esse,
2935 2335 2992 2386 et
3035 2330 3470 2386 consolationis.
3505 2329 3655 2384 Illud
3689 2347 3830 2385 sane

2176 2421 2502 2485 sciendum,
2539 2420 2674 2490 quia
2699 2420 2807 2474 hoc
2836 2437 2950 2475 non
2974 2420 3166 2475 solum
3200 2419 3300 2474 illo
3329 2424 3595 2491 tempore
3616 2419 3826 2490 ageba-

2175 2515 2289 2574 tur,
2319 2511 2418 2568 sed
2453 2515 2509 2564 et
2539 2526 2695 2564 nunc
2717 2510 2930 2578 agitur.
2954 2508 3124 2564 Verbi
3159 2509 3347 2580 gratia
3379 2514 3505 2564 :est
3534 2509 3748 2580 aliquis
3767 2509 3823 2564 in

2176 2598 2431 2653 Ecclesia
2483 2603 2634 2653 recte
2685 2599 2946 2667 credens,
2981 2604 3248 2670 recteque
3295 2597 3616 2665 vivens,cui
3649 2599 3696 2653 si
3721 2597 3826 2652 ali-

2177 2703 2303 2758 quai
2336 2687 2602 2742 accidant
2624 2686 3054 2752 tribulationes,
3076 2687 3533 2759 persecutiones,
3549 2693 3606 2742 et
3625 2688 3825 2742 adver-

2177 2777 2399 2845 sitates,
2434 2775 2541 2844 illi,
2575 2777 2674 2847 qui
2707 2775 2767 2830 in
2818 2776 3061 2832 ecclesia
3091 2776 3308 2831 infirmi
3340 2781 3499 2845 sunt,
3532 2777 3674 2830 dum
3708 2776 3828 2831 haec

2176 2865 2392 2933 vident,
2426 2865 2607 2919 vitam
2643 2865 2824 2930 illius,
2859 2882 3036 2936 quam
3070 2866 3234 2938 prius
3264 2865 3620 2920 venerationi
3653 2865 3830 2921 habe-

2180 2955 2338 3021 bant,
2373 2955 2670 3026 despectui
2701 2955 2926 3009 ducnnt
2957 2972 2970 3008 :
3003 2955 3156 3026 quod
3205 2955 3275 3010 de
3308 2955 3512 3009 amicis
3541 2955 3652 3009 Job
3683 2954 3830 3027 legi-

2177 3047 2274 3097 tur
2303 3047 2499 3098 actum
2529 3059 2542 3097 :
2575 3043 2684 3114 ipsi
2711 3044 2868 3099 enim
2893 3045 3076 3099 sancti
3102 3043 3387 3109 vixerunt,
3411 3048 3468 3098 et
3489 3044 3600 3099 Job
3633 3053 3832 3099 sancte

2177 3133 2364 3188 vivere
2396 3133 2790 3199 crediderunt,
2836 3133 3021 3187 donec
3053 3149 3397 3204 percussum
3429 3149 3564 3188 eum
3599 3150 3715 3188 non
3749 3133 3831 3188 vi-

2183 3223 2432 3287 derunt;
2468 3239 2600 3276 mox
2632 3239 2764 3276 vero
2797 3227 2862 3276 ut
2890 3215 3171 3288 tentatus,
3199 3238 3538 3292 percussus,
3564 3227 3620 3277 et
3651 3223 3834 3277 omni-

425 3307 673 3374 toribus,
708 3314 771 3363 ut
800 3310 961 3366 vobis
992 3311 1224 3368 afﬂictis
1265 3313 1724 3369 consolationem
1776 3311 2068 3368 submini-
2101 3297 2142 3362 C
2181 3313 2292 3367 bus
2323 3316 2413 3366 est
2444 3311 2864 3382 temporalibus
2897 3310 3066 3366 bonis
3100 3311 3376 3378 nudatus,
3409 3311 3466 3365 in
3490 3311 3837 3383 increpatio-

423 3399 698 3464 stremus,
749 3401 1122 3456 ostendentes
1169 3403 1324 3473 quod
1370 3402 1524 3458 Deus
1573 3401 1868 3457 neminem
1915 3401 1974 3455 in
2006 3416 2069 3455 se

423 3486 810 3555 credentium,
843 3489 982 3545 velit
1014 3492 1217 3562 perire.

492 3574 772 3647 Sequitur
827 3596 842 3634 :
905 3581 1182 3648 Quoniam
1236 3584 1380 3636 sicut
1446 3582 1737 3636 abundant
1789 3581 2069 3651 passiones

424 3662 632 3719 Christi
663 3666 724 3719 in
754 3667 928 3734 nobis,
964 3672 1072 3723 etc.
1103 3668 1262 3725 Talis
1305 3675 1395 3724 est
1427 3686 1656 3734 sensus,
1691 3669 1859 3740 quasi
1891 3666 2070 3722 dixis-

428 3756 519 3806 set
552 3770 566 3818 ;
597 3753 861 3808 Christus
914 3762 1107 3812 autem
1157 3758 1214 3811 in
1264 3759 1538 3813 omnibus
1592 3757 2072 3813 tribulationibus

432 3855 688 3911 praesens
737 3843 905 3898 nobis
953 3847 1139 3912 adest,
1173 3864 1275 3918 pro
1325 3849 1495 3918 cujus
1542 3863 1740 3902 amore
1794 3846 2072 3918 patimur,

434 3943 603 4000 opem
636 3946 752 3984 suae
802 3932 1193 3992 miserationis
1244 3936 1575 4009 indulgens,
1608 3940 1664 3990 et
1711 3939 1974 4007 potenter
2002 3934 2073 3988 ab

433 4018 579 4090 ipsis
613 4020 1091 4081 tribulationibus
1111 4043 1320 4083 eruens
1341 4043 1353 4080 :
1376 4043 1509 4081 nam
1534 4029 1726 4097 quota
1748 4027 2077 4095 persecuto-

436 4107 599 4164 ribus
630 4108 977 4184 ingeruntur
1007 4114 1330 4185 passiones,
1358 4119 1443 4169 tot
1473 4132 1506 4169 a
1534 4114 1760 4168 Christo
1792 4111 2076 4167 adminis-

437 4201 668 4254 trantur
691 4203 1150 4276 consolationes;
1189 4206 1346 4260 unde
1379 4203 1690 4259 Psalmista
1722 4218 1734 4256 :
1769 4201 2078 4256 Secundum

433 4289 845 4346 multitudinem
889 4294 1144 4348 dolorum
1186 4295 1357 4361 (Psal.
1390 4310 1548 4359 xcui,
1585 4293 1691 4362 19),
1724 4295 1832 4346 etc.
1869 4289 2080 4360 Sequi-~

432 4381 529 4433 tur
563 4396 574 4433 :
609 4383 738 4435 Sive
766 4391 951 4437 autem
980 4385 1337 4451 tribulamur,
1353 4399 1455 4454 pro
1484 4391 1657 4437 vestra
1689 4380 2078 4447 tribulatione,

432 4475 484 4524 et
511 4470 703 4541 salute,
737 4476 845 4526 etc.
881 4473 1034 4529 Sane
1064 4475 1412 4538 notandum,
1449 4472 1586 4543 quia
1614 4468 1962 4540 generaliter
1990 4467 2080 4521 lo-

427 4557 640 4629 quitur
681 4562 994 4632 Apostolus
1044 4579 1056 4616 :
1109 4567 1166 4616 et
1212 4562 1334 4616 haec
1381 4560 1598 4614 locutio
1629 4556 1917 4628 generalis
1969 4561 2077 4623 est,

2177 3415 2309 3454 nem
2335 3403 2748 3470 proruperunt,
2765 3399 3069 3454 credentes
3091 3399 3219 3468 ejus
3242 3400 3395 3454 bona
3416 3415 3529 3454 non
3548 3415 3682 3454 vere
3705 3417 3832 3456 esse

2179 3488 2350 3552 bona,
2385 3489 2488 3542 sed
2538 3486 2837 3542 simulata.
2873 3487 3002 3541 Haec
3049 3488 3228 3542 etiam
3281 3505 3435 3543 nunc
3467 3488 3525 3543 in
3577 3487 3833 3544 Ecclesia

2179 3577 2404 3631 actitari
2426 3576 2633 3631 solent.
2659 3577 3022 3647 Quapropter
3044 3581 3361 3631 monentur
3381 3576 3462 3642 hi,
3486 3577 3587 3647 qui
3610 3577 3830 3632 inﬁrmi

2180 3671 2319 3722 sunt
2349 3667 2406 3720 in
2442 3667 2574 3734 ﬁde,
2607 3669 2674 3720 ut
2703 3666 2846 3720 adeo
2877 3670 3143 3720 crescant
3171 3665 3228 3719 in
3254 3681 3340 3733 ea,
3373 3670 3430 3720 et
3460 3666 3835 3721 corroboren-

2180 3761 2297 3826 tur,
2331 3761 2619 3826 quatenus
2677 3759 2828 3809 recte
2887 3755 3192 3810 credentes
3241 3755 3470 3826 possint
3521 3755 3715 3810 dicere
3765 3756 3829 3810 de

2181 3844 2299 3900 illis
2331 3861 2344 3898 :
2380 3845 2509 3916 Spes
2533 3847 2720 3899 nostra
2749 3846 2914 3914 firma
2941 3852 3016 3898 est
3039 3859 3139 3915 pro
3171 3843 3341 3909 vobis,
3375 3849 3483 3898 etc.

2257 3935 2403 4006 (681)
2435 3935 2698 3988 Nolumus
2743 3942 2927 3988 autem
2958 3948 3046 3988 vos
3094 3934 3372 4002 ignorare,
3424 3937 3534 3987 etc.
3571 3934 3834 4005 Cmperat

2182 4021 2494 4093 Apostolus
2524 4021 2906 4092 semetipsum
2957 4037 3276 4092 proponere
3305 4021 3639 4092 exemplum
3688 4023 3831 4092 suis,

2187 4110 2326 4182 quia
2355 4109 2605 4164 nimium
2642 4111 2872 4164 fuerant
2899 4108 3219 4182 redarguti,
3242 4113 3301 4164 et
3333 4108 3639 4181 increpati,
3673 4114 3730 4164 et
3761 4110 3831 4164 ob

2188 4200 2296 4254 hoc
2354 4199 2678 4254 contristati
2730 4217 2742 4253 :
2797 4203 2856 4252 et
2914 4197 3106 4252 adhuc
3162 4198 3222 4253 in
3279 4201 3467 4269 ccepta
3513 4196 3835 4254 intentione

2188 4305 2583 4360 perseverans,
2600 4287 2739 4342 dicit
2763 4305 2775 4342 :
2810 4288 3071 4343 Nolumus
3098 4304 3186 4343 vos
3209 4290 3493 4360 ignorare,
3517 4292 3629 4341 etc.
3658 4305 3670 4354 ;
3696 4305 3839 4358 qua-

2188 4378 2238 4433 si
2271 4378 2486 4432 diccret
2516 4395 2528 4432 :
2563 4379 2751 4442 Quare
2781 4392 2930 4448 aegre
2962 4378 3111 4432 ferre
3141 4377 3385 4441 debetis,
3418 4375 3467 4430 si
3498 4393 3602 4447 pro
3636 4393 3837 4448 pecca-

2189 4467 2265 4522 tis
2297 4467 2547 4522 aliorum
2574 4467 2715 4521 estis
2747 4466 3066 4538 redarguti,
3100 4482 3232 4520 cum
3265 4481 3371 4538 ego
3417 4481 3598 4520 causa
3626 4465 3840 4521 salutis

2190 4555 2436 4612 aliorum
2473 4556 2718 4610 diversis
2745 4554 3223 4610 tribulationibus
3245 4554 3520 4609 subditus
3549 4554 3840 4610 existam?

434 4649 574 4718 quia
621 4651 894 4707 omnibus
943 4652 1214 4708 convenit
1261 4648 1540 4720 apostolis
1588 4646 1729 4700 viris
1767 4663 1778 4700 :
1813 4645 1910 4699 sed
1944 4661 2078 4699 cum
2107 4665 2154 4731 Β
2189 4644 2261 4700 Ut
2287 4643 2372 4698 illi
2405 4644 2709 4699 audientes
2755 4644 3185 4710 erubescerent,
3216 4659 3335 4698 non
3365 4643 3656 4714 patientes
3689 4644 3838 4700 ferro

434 4737 595 4805 dicit,
626 4741 740 4794 sive
771 4743 1124 4806 tribulam-ur,
1154 4756 1258 4811 pro
1304 4744 1479 4792 vestra~
1509 4735 1883 4801 tribulatione,
1916 4737 1965 4789 et
1988 4751 2078 4788 sa-

435 4827 567 4894 lute,
637 4830 1132 4898 subaudiendum,
1209 4827 1567 4881 tribulamur.
1621 4823 2078 4878 Tribulabantur

435 4932 688 4988 namque
720 4936 752 4974 a
784 4919 1212 4991 persecutione,
1246 4931 1422 4986 quam
1476 4913 1844 4984 patiebantur
1872 4929 2076 4968 omnes

435 5007 740 5082 apostolici
771 5010 900 5079 viri,
937 5023 1116 5061 causa
1169 5003 1379 5058 salutis
1411 5019 1653 5057 suorum
1705 5003 2074 5070 auditorum;

435 5097 574 5170 quia
596 5113 704 5152 sua
733 5114 832 5151 eos
856 5093 1266 5167 praedicatione
1288 5093 1360 5147 ab
1389 5092 1561 5146 ﬁdem
1593 5097 1886 5147 traxerant
1909 5110 1921 5147 :
1947 5108 2078 5163 spe-

432 5187 575 5242 ciale
605 5185 822 5256 quippe
843 5185 1042 5239 odium
1079 5183 1186 5236 hoc
1207 5188 1329 5236 erat
1359 5183 1637 5238 adversus
1668 5199 1788 5248 eos,
1812 5181 1950 5254 quia
1972 5198 2081 5235 sua

436 5277 568 5331 illos
619 5274 885 5327 doctrina
916 5290 949 5328 a
981 5272 1137 5327 cultu
1195 5271 1485 5326 idolorum
1530 5272 1910 5326 abduxerunt.
1956 5270 2081 5326 Sive

433 5365 816 5425 exhortamur,
841 5379 938 5432 pro
962 5368 1143 5417 vestra
1160 5361 1562 5428 exhortatione,
1577 5366 1631 5416 ct
1649 5362 1844 5429 salute,
1861 5361 2078 5415 subau-

435 5452 597 5506 ditur
645 5448 815 5519 (680),
874 5451 1266 5506 exhortamur.
1317 5451 1632 5507 Sciendum
1689 5455 1777 5506 est
1825 5465 2083 5520 namque

436 5615 453 5677 ι
511 5611 659 5682 (680)
691 5611 754 5664 In
787 5618 980 5686 autog.
1011 5615 1376 5680 subauditur,
1409 5616 1460 5668 et
1486 5613 1668 5667 salute
1687 5612 2083 5686 exhortamur;

440 5697 618 5755 quam
638 5682 1151 5756 transpositionem
1175 5687 1802 5754 verborum,tanquam
1830 5682 1902 5756 ab
1929 5696 2082 5756 agna-

440 5751 685 5812 nuensis
715 5751 936 5815 calamo
968 5775 1271 5833 perperam
1324 5757 1621 5827 injectam,
1641 5751 2082 5808 ‘cmendandam

2187 4735 2644 4805 increpationem
2677 4734 2767 4789 sui
2803 4733 3089 4806 magistri.

2259 4825 2407 4878 Asia.
2445 4822 2643 4877 Asiam
2678 4823 2962 4878 minorem
2996 4821 3323 4893 intelligere
3351 4821 3659 4878 debemus.
3696 4821 3840 4879 Dicit

2188 4915 2346 4969 enim
2377 4913 2739 4983 Augustinus
2773 4927 2787 4968 :
2818 4912 2878 4966 Si
2910 4912 2982 4966 ad
3026 4927 3340 4966 numerum
3393 4911 3634 4978 referas,
3667 4911 3845 4967 tertia

2188 5019 2325 5076 pars
2342 5005 2432 5058 est
2451 5000 2653 5055 mundi
2683 5018 2696 5069 ;
2729 5001 2777 5055 si
2801 5001 2871 5055 ad
2894 4999 3382 5072 magnitudinem,
3405 5000 3693 5056 medietas
3718 5005 3840 5056 est:

2181 5091 2454 5163 jungitur
2485 5106 2760 5162 namque,
2796 5105 2865 5145 ex
2895 5088 3237 5144 occidentali
3259 5088 3407 5160 (682)
3442 5093 3626 5160 parte,
3652 5089 3842 5146 Mace-

2187 5179 2374 5236 doniae
2399 5199 2412 5248 ;
2447 5197 2516 5236 ex
2546 5178 3011 5250 septentrionali,
3037 5178 3184 5233 mari
3208 5178 3448 5234 Pontico
3477 5195 3490 5245 ;
3524 5195 3595 5234 ex
3625 5180 3846 5235 media-

2190 5288 2285 5339 na,
2315 5269 2648 5342 [Egyptiaco
2678 5267 2865 5333 mari;
2897 5284 2965 5322 ex
3014 5266 3303 5333 orientali,
3338 5266 3686 5337 Propontico
3720 5284 3844 5323 ma-

2189 5360 2239 5413 ri
2269 5377 2281 5414 :
2319 5376 2385 5414 ac
2414 5376 2515 5430 per
2541 5358 2648 5412 hoc
2700 5355 2898 5411 insula
2944 5360 3052 5426 est,
3080 5355 3340 5411 diversas
3387 5360 3587 5411 tamen
3619 5356 3849 5412 habens

2191 5447 2540 5520 provincias,
2592 5447 2650 5501 id
2701 5450 2812 5516 est,
2864 5444 3216 5517 Bithyniam,
3266 5445 3697 5518 Pamphyliam,
3739 5447 3849 5519 Ly-

2193 5608 2506 5824 dibsriguii
2539 5683 2734 5750 autog.
2770 5693 2955 5805 marg.
2988 5677 3083 5734 hic
3112 5675 3327 5749 legitur
3355 5692 3483 5750 cap.
3519 5679 3590 5735 ΙΙ.

2264 5750 2390 5821 (682
2440 5751 2646 5823 Autog.
2679 5751 2894 5808 oricula
2920 5751 2958 5806 i.

2264 5750 2410 5823 (682)
2440 5751 2646 5823 Autog.
2679 5750 2958 5808 orientali.
