3990 6224
132 329 239 387 m
713 319 1128 380 exposmo
1174 318 1251 376 1N
1299 313 1722 376 EPISTOLAS
1768 311 2026 373 PAULI.
2062 346 2139 358 —
2168 316 2244 374 IN
2292 320 2539 383 EPIS'l‘.
2574 324 2624 385 11
2669 327 2772 388 AD
2817 332 2993 392 con.
3441 346 3556 408 iis

133 445 1804 530 ciam,(683),etc.:etdictaestaquadamfemina,nomine
1835 439 2243 514 Alibcrentur,
2279 456 2331 504 et
2382 452 2648 513 liberatis
2695 462 2916 531 gratias
2971 466 3080 521 Deo
3136 470 3368 528 referre.
3411 474 3556 532 Nam

134 548 294 614 Asia,
321 562 451 617 quae
477 542 636 615 apud
667 541 945 633 antiquos
973 537 1292 633 imperium
1322 533 1800 633 temnit-Orientis,
1917 537 2107 633 omnis
2130 537 2462 611 infirmitas,
2487 553 2588 599 aut
2611 549 2932 606 debilitatio
2962 555 3019 608 in
3043 559 3227 628 capite
3253 565 3554 633 consistit;

135 642 192 693 et
243 637 695 706 interpretatur,
730 628 903 694 elata,
937 629 1057 682 sive
1105 627 1346 681 elevata.
1400 627 1468 679 Et
1519 625 1666 677 bene
1723 621 1798 675 ibi
1912 628 1985 689 et,
2023 624 2085 716 si.
2109 632 2324 695 gaudet
2359 648 2539 687 unum
2574 639 2926 707 membrum,
2962 621 3329 716 congaudent
3357 621 3556 711 omnii;

137 724 281 781 talia
313 705 539 796 patitur
558 719 896 792 Apostolus,
924 716 1061 788 quia
1089 715 1358 786 superbis
1387 713 1689 768 humilitas
1710 726 1800 764 ec-
1916 705 2198 769 membra.

139 813 481 871 Clesiasticm
515 809 680 882 pacis
712 807 1002 863 conditur.
1984 803 2122 856 Nam
2178 807 2354 874 gloria
2406 817 2595 866 nostra
2642 815 2756 870 haec
2806 828 2904 885 est,
2939 821 2993 875 id
3045 830 3150 893 est,
3186 832 3555 889 testi-monium

219 920 497 989 Quoniafn
538 932 713 987 supra
760 911 979 967 modum
1016 911 1236 978 gravati
1263 924 1472 969 δαγηαδ,
1505 911 1614 962 εἰς),
1648 905 1804 958 Adeo
1916 897 2255 989 ("OllelCIt‘ic'B
2286 903 2506 989 nostrain
2541 903 2674 958 ideo
2712 905 2829 961 hac
2863 909 3109 980 dicebat,
3144 918 3284 984 quia
3313 937 3555 976 securus

145 1016 277 1067 orta
309 1011 501 1064 fuerat
536 1002 866 1077 persecutio
899 1001 1181 1055 adversus
1211 996 1504 1069 apostolos
1543 1012 1608 1049 eo
1657 998 1807 1046 tem-

152 1115 314 1172 pore,
336 1097 492 1152 utde
519 1095 638 1149 vita
671 1089 976 1164 temporali
1003 1089 1413 1159 desperarent;
1447 1091 1504 1140 et
1535 1085 1642 1138 hoc
1673 1087 1761 1137 est
1794 1098 1806 1136 :

153 1187 337 1242 Tredet
369 1201 466 1239 nos
499 1185 692 1238 vivere.
729 1180 831 1234 Sed
864 1181 971 1250 ipsi
1000 1179 1060 1231 in
1089 1177 1243 1231 nobis
1277 1177 1428 1245 ipsis,
1479 1178 1588 1227 etc.
1642 1173 1810 1234 Quae-

155 1276 419 1331 rendum
451 1277 541 1329 est
570 1269 736 1342 quale
759 1283 1108 1340 responsum
1134 1266 1373 1320 dederat
1403 1262 1488 1318 eis
1522 1277 1700 1326 mors,
1724 1257 1810 1313 vel

159 1363 344 1435 quale
392 1363 528 1418 dare
576 1363 779 1432 potest.
837 1359 1171 1428 Responsum
1216 1355 1408 1408 mortis
1465 1351 1810 1417 habuerant,

158 1454 306 1527 quia
327 1449 591 1508 destituti
618 1448 877 1503 humano
901 1444 1136 1511 solatio,
1159 1442 1419 1497 divinum
1443 1437 1813 1496 solummodo

155 1541 598 1614 exspectabant.
635 1539 699 1595 Ut
747 1553 857 1591 non
901 1537 1076 1590 simus
1116 1532 1343 1603 ﬁdentes
1369 1533 1428 1585 in
1459 1529 1634 1584 nobis.
1669 1529 1816 1582 Bene

157 1633 306 1688 dicit
337 1646 452 1686 non
485 1628 735 1684 fidentes
767 1640 894 1681 esse
929 1625 986 1678 in
1019 1621 1375 1692 semetipsis,
1411 1619 1549 1691 quia
1589 1615 1674 1670 illi
1721 1631 1814 1669 so-

157 1723 285 1777 lent
313 1718 570 1784 liberari,
597 1716 696 1788 qui
728 1715 788 1769 in
817 1714 1058 1768 Domino
1081 1712 1441 1766 confidentes
1466 1707 1812 1762 redduntur.

157 1811 266 1866 Sed
315 1813 375 1864 in
414 1808 664 1872 Domino,
699 1808 797 1876 qui
825 1805 1050 1858 suscitat
1081 1806 1345 1856 mortuos.
1380 1798 1534 1852 Adeo
1566 1809 1817 1864 namque

1918 980 1987 1033 de
2016 998 2121 1036 sua
2143 986 2498 1044 conscientia
2520 993 2821 1049 existebat.
2847 998 2970 1053 Non
3000 980 3356 1062 enimvcausa
3388 1009 3560 1075 lucri,

1920 1075 2020 1124 aut
2037 1074 2292 1142 appetitu
2315 1075 2580 1133 humanae
2602 1080 2792 1138 laudis
2809 1090 3286 1156 prmdicabat,sed
3303 1074 3562 1154 officium

1923 1158 2012 1256 sui
2063 1163 2423 1231 apostolatus
2473 1169 2770 1240 implebat.
2804 1177 2950 1246 (685)
2996 1180 3062 1234 Et
3092 1180 3210 1236 hinc
3241 1200 3342 1238 vox
3377 1188 3562 1256 perfe-

1925 1252 2150 1344 cto-rum
2176 1258 2297 1320 est;
2331 1257 2484 1312 unde
2514 1267 2844 1328 monentur,
2870 1272 2932 1319 ut
2962 1266 3040 1322 ita
3062 1270 3244 1326 vivere
3267 1252 3563 1344 studeant,

1927 1342 1989 1434 ut
2017 1338 2135 1394 haec
2169 1343 2286 1412 rite
2308 1343 2497 1437 dicere
2527 1351 2773 1419 possint.
2800 1358 2864 1407 Et
2896 1356 3035 1426 quid
3063 1360 3414 1430 appellasset
3443 1338 3566 1437 glo;

1923 1425 2294 1520 riamisuam,
2334 1434 2535 1507 incipit
2568 1425 2961 1510 manifestare,
2994 1425 3238 1505 dicendo
3271 1467 3283 1504 :
3332 1425 3481 1520 Quod
3508 1456 3567 1510 in

1924 1518 2292 1588 simplicitate,
2325 1528 2376 1578 et
2407 1528 2738 1599 sinceritate,
2773 1537 2877 1586 etc.
2903 1533 3257 1606 Simplicitas
3286 1518 3440 1598 enim
3472 1560 3566 1599 ca-

1928 1611 2013 1702 ret
2036 1609 2194 1663 omni
2219 1611 2577 1686 duplicitate,
2593 1623 2649 1672 et
2670 1619 2973 1679 sinceritas
2995 1627 3150 1680 omni
3175 1631 3566 1702 corruptione.

1926 1695 2027 1790 Ilis
2054 1697 2283 1790 duabus
2310 1701 2619 1761 virtutibus
2638 1712 2941 1766 contrariae
2958 1717 3240 1772 suntduaa
3260 1695 3482 1790 pestes;
3507 1722 3565 1778 id

1929 1789 2036 1881 est,
2061 1785 2373 1881 «inplicitas
2402 1797 2457 1844 et
2490 1797 2802 1866 corruptio.
2837 1801 2924 1870 Et,
2957 1807 3021 1855 ut
3052 1785 3381 1863 ostenderet
3411 1785 3567 1881 quod

160 1906 306 1956 orta:
355 1899 585 1952 fuerant
633 1894 1089 1966 persecutiones,
1144 1895 1208 1944 ut
1257 1887 1476 1960 ereptio
1526 1887 1810 1957 ipsorum,
1839 1872 1890 1940 B
1925 1872 2194 1966 istmdum
2221 1877 2463 1933 virtutes
2491 1899 2601 1936 non
2637 1883 2694 1938 in
2727 1888 3016 1957 sapientia
3038 1894 3252 1948 carnali
3283 1872 3565 1954 consiste-

160 1987 536 2045 resuscitatio
567 1985 878 2040 diceretur.
907 1984 966 2034 In
1000 1997 1113 2052 quo
1143 1979 1347 2034 confisi
1379 1980 1594 2040 essent,
1628 1971 1814 2027 mani-

163 2079 342 2135 festat
373 2073 716 2130 subdendo:
754 2073 861 2139 Qui
888 2070 952 2126 de
981 2071 1147 2124 tantis
1173 2068 1434 2139 periculis
1461 2065 1666 2135 eripuit
1696 2076 1816 2130 nos,

163 2171 216 2222 et
246 2167 433 2226 eruit;
467 2164 524 2218 id
559 2167 669 2228 est,
695 2177 807 2216 non
838 2158 1028 2214 solum
1051 2159 1122 2213 de
1155 2155 1483 2228 praeteritis,
1508 2153 1605 2208 sed
1641 2151 1816 2207 etiam

165 2256 237 2311 de
269 2252 660 2326 praesentibus
689 2249 957 2304 liberavit
990 2266 1002 2302 :
1039 2252 1095 2302 et
1125 2246 1265 2318 quia
1295 2245 1470 2299 etiam
1504 2243 1573 2296 de
1608 2237 1818 2295 futuris

162 2344 405 2412 liberat,
436 2339 740 2411 subjunxit
775 2356 786 2394 :
835 2339 1108 2406 Quoniam
1156 2339 1210 2390 et
1255 2334 1435 2389 adhuc
1471 2332 1682 2402 eripiet.
1717 2327 1819 2381 His

163 2433 372 2488 verbis
394 2430 647 2485 ostendit
675 2445 735 2484 se
756 2428 947 2483 adhuc
975 2441 1312 2498 passurum,
1335 2428 1392 2478 et
1415 2420 1612 2476 divina
1631 2416 1822 2489 gratia

167 2525 511 2586 eruturum,
535 2517 820 2589 quomodo
854 2515 1210 2579 manifestat,
1232 2509 1621 2582 adjuvantibus
1651 2507 1820 2562 etiam

162 2611 342 2667 vobis.
377 2607 482 2663 His
512 2606 698 2662 verbis
737 2606 991 2662 ostendit
1040 2621 1100 2660 se
1149 2604 1208 2658 in
1258 2602 1454 2657 labore
1503 2600 1766 2653 futurum
1804 2611 1816 2648 :

165 2717 306 2756 nam
340 2697 458 2752 illis
490 2697 847 2766 adjutorium
881 2710 1116 2750 necesse
1149 2698 1236 2748 est
1267 2693 1498 2759 inferre,
1525 2686 1624 2758 qui
1657 2685 1713 2740 in
1745 2683 1823 2739 la-

167 2791 308 2846 bore
339 2787 674 2843 consistunt
703 2802 715 2840 :
751 2784 1020 2856 qualiter,
1047 2782 1440 2844 mauifestant,
1465 2794 1599 2833 cum
1631 2774 1773 2830 dicit
1804 2791 1816 2829 :

171 2881 234 2934 In
265 2879 534 2932 oratione.
570 2874 679 2930 Ubi
711 2873 1058 2938 ostenditur,
1093 2872 1232 2942 quia
1264 2868 1513 2924 multum
1548 2865 1697 2921 valet
1727 2881 1821 2918 as-

175 2967 346 3022 sidua
375 2965 580 3020 oratio.
617 2963 780 3029 Quod
815 2979 927 3017 non
960 2962 1152 3017 solum
1185 2960 1303 3028 hic,
1338 2959 1436 3014 sed
1484 2957 1660 3011 etiam
1716 2953 1820 3008 ali-

175 3057 232 3112 bi
259 3055 689 3110 manifestatur.
710 3052 946 3124 Legitur
966 3051 1144 3117 enim,
1163 3051 1318 3122 quod
1338 3053 1542 3102 Petrus
1565 3043 1823 3099 oratione

177 3145 459 3199 liberatus
490 3143 701 3198 fuisset
732 3142 802 3196 de
833 3157 1058 3196 carcere
1093 3158 1106 3196 :
1158 3156 1292 3194 nam
1335 3140 1414 3192 ita
1448 3135 1662 3190 dicitur
1695 3149 1708 3188 :
1760 3133 1825 3187 Et

1928 1969 2072 2032 rent,
2109 1965 2235 2020 ideo
2268 1968 2570 2037 subjunxit
2606 1989 2616 2025 :
2650 1975 2763 2027 Non
2800 1978 2856 2029 in
2886 1982 3157 2048 sapientia
3185 1988 3420 2040 carnali.
3456 1988 3564 2042 Sed

1931 2052 2027 2106 ubi
2062 2055 2414 2122 manifestat,
2441 2060 2640 2115 dicens
2666 2079 2676 2116 :
2713 2068 2776 2116 In
2804 2069 2985 2134 gratia
3015 2073 3134 2123 Dei.
3160 2071 3229 2125 Et
3258 2072 3348 2128 his
3379 2076 3570 2131 verbis

1927 2143 2115 2213 tangit
2136 2143 2301 2200 illum
2328 2163 2589 2212 sensum,
2607 2166 2778 2220 quem
2802 2156 2978 2211 latius
3000 2157 3054 2211 in
3082 2161 3571 2234 pmcedentiEpi-

1930 2235 2077 2323 stola
2094 2241 2930 2323 exposuerat.lleprehenderat
2947 2246 3100 2302 enim
3122 2252 3572 2323 pseudoaposto-

1930 2319 2036 2386 los,
2063 2322 2160 2393 qui
2192 2340 2368 2379 causa
2389 2325 2530 2381 lucri
2567 2331 2981 2400 praedicabant,
3003 2341 3059 2390 et
3092 2340 3364 2396 timentes
3382 2319 3568 2397 offen-

1930 2411 2066 2465 dere
2113 2429 2410 2484 personas,
2443 2417 2626 2473 Deum
2664 2420 2956 2478 hominem
2990 2426 3229 2494 factum,
3263 2435 3463 2486 natum
3515 2439 3572 2488 et

1934 2517 2171 2572 passum
2200 2505 2506 2574 negabant.
2541 2508 2783 2565 Nolebat
2804 2513 2957 2567 enim
2985 2515 3296 2585 Apostolus
3324 2536 3358 2573 a
3378 2520 3574 2575 Corin-

1932 2588 2070 2643 thiis
2093 2592 2372 2663 accipere,
2391 2612 2460 2650 ne
2481 2597 2692 2654 similis
2712 2599 2827 2656 illis
2849 2602 3158 2670 videretur,
3175 2624 3425 2678 quorum
3448 2617 3573 2666 erat

1932 2680 2333 2749 reprehensor,
2360 2685 2498 2749 sive,
2525 2703 2594 2740 ne
2626 2687 2953 2746 libertatem
2978 2693 3314 2766 increpandi
3339 2699 3571 2755 amitte-

1933 2774 2044 2834 ret;
2069 2773 2299 2842 etquod
2327 2773 2397 2827 ab
2422 2773 2550 2829 aliis
2565 2775 2835 2833 Ecclesiis
2857 2782 3195 2853 accipiebat,
3213 2803 3244 2840 a
3261 2787 3574 2845 Corinthiis

1933 2859 2188 2928 accipere
2214 2860 2461 2915 nolebat.
2479 2865 2546 2917 Et
2567 2864 2694 2920 ideo
2717 2868 2944 2923 dicebat
2961 2889 2972 2925 :
2988 2872 3371 2930 Abundantius
3387 2881 3572 2933 autem

1931 2948 2000 3002 ad
2032 2964 2138 3002 vos.
2169 2949 2232 3002 Et
2262 2951 2401 3020 quia
2432 2953 2504 3006 ab
2535 2954 2666 3009 aliis
2697 2957 3036 3029 accipiebat,
3060 2962 3289 3019 dicebat
3315 2981 3328 3020 :
3353 2966 3413 3020 In
3443 2983 3572 3035 gra-

1935 3039 2010 3090 tia
2035 3038 2131 3092 Dei
2157 3042 2466 3094 conversati
2491 3059 2678 3098 sumus
2698 3061 2718 3106 ;
2749 3051 2805 3101 et
2835 3048 2973 3118 quia
3003 3051 3074 3106 ab
3106 3051 3235 3108 istis
3260 3071 3396 3122 non,
3420 3056 3576 3112 dice-

1937 3128 2077 3181 bat:
2130 3130 2508 3185 Abundantius
2555 3133 2624 3188 ad
2671 3150 2775 3190 vos.
2812 3136 3052 3193 Nolebat
3094 3141 3248 3196 enim
3291 3144 3576 3216 accipere,

175 3235 378 3289 Petrus
421 3233 644 3303 quidem
689 3230 1012 3285 servabatur
1060 3231 1118 3284 in
1164 3243 1381 3284 carcere
1427 3227 1560 3297 (Act.
1611 3240 1710 3288 xu,
1744 3222 1822 3292 5),
1855 3237 1900 3304 ρ
1938 3233 2008 3270 ne
2038 3217 2201 3272 daret
2232 3220 2595 3276 occasionem
2629 3223 2970 3295 accipiendi,
2996 3227 3117 3283 sive
3149 3245 3218 3284 ne
3249 3229 3578 3290 libertatem

178 3327 292 3379 etc.
318 3326 378 3376 In
402 3337 517 3392 quo
548 3321 699 3375 facto
731 3324 1043 3374 monentur
1071 3317 1462 3382 sublimiores,
1488 3319 1553 3370 ut
1581 3330 1693 3368 non
1724 3312 1822 3367 de-

180 3412 497 3484 dignentur
521 3409 886 3464 orationibus
909 3408 1201 3462 minorum
1226 3404 1538 3474 sublevari,
1557 3420 1690 3458 cum
1714 3403 1826 3456 iste

179 3506 358 3556 tantis
383 3499 743 3553 auctoritatis
766 3515 880 3552 non
903 3497 1346 3568 dedignabatur.
1367 3495 1507 3560 Quis
1524 3494 1678 3548 enim
1705 3497 1829 3546 tan-

178 3595 254 3646 ta:
288 3587 698 3643 auctoritatis?
726 3587 956 3642 Nullus.

263 3696 324 3751 Ut
356 3711 426 3749 ea:
448 3694 746 3748 multarum
767 3697 1017 3766 personis
1046 3695 1335 3765 ruderum,
1366 3695 1483 3764 ejus
1514 3692 1682 3762 (684),
1717 3694 1825 3744 etc.

181 3788 249 3841 In
282 3783 640 3854 quibusdam
668 3783 1099 3855 exemplaribus
1120 3783 1412 3839 invenitur
1439 3798 1508 3836 ex
1527 3781 1831 3836 multarum

181 3890 543 3946 personarum
571 3876 842 3945 facierum
863 3890 882 3934 ;
914 3873 970 3927 in
1009 3874 1386 3944 quibusdam,
1417 3888 1486 3927 ea:
1531 3872 1835 3925 multarum

181 3966 368 4035 facie;
419 3964 479 4018 in
531 3962 909 4034 quibusdam,
957 3979 1026 4017 eae
1069 3964 1372 4018 multarum
1421 3963 1688 4031 personis.
1721 3959 1831 4014 Sed

183 4052 318 4108 talis
340 4057 431 4108 est
452 4068 686 4121 sensus,
707 4051 764 4106 id
786 4056 905 4106 est:
933 4053 1012 4106 Ex
1034 4051 1354 4106 multorum
1379 4051 1684 4106 hominum
1703 4064 1838 4105 con-

184 4147 383 4206 ventu,
410 4142 554 4196 dum
587 4157 622 4196 a
651 4139 1128 4196 tribulationibus
1149 4140 1474 4195 liberamur
1503 4139 1689 4210 gratia
1710 4138 1832 4202 Dei,

182 4235 242 4286 et
270 4229 711 4302 vobismetipsis
743 4230 1060 4295 reddimur,
1084 4247 1181 4301 per
1207 4230 1428 4296 multos,
1450 4228 1539 4284 vel
1573 4247 1605 4283 a
1637 4227 1837 4283 multis

184 4324 382 4392 grates
405 4320 733 4374 referantur
747 4323 878 4374 Deo.
899 4319 1027 4374 Alio
1050 4336 1250 4385 sensu,
1272 4319 1412 4373 dum
1437 4317 1640 4372 multis
1663 4333 1839 4372 causa

183 4408 398 4464 salutis
422 4407 653 4463 illorum
678 4407 996 4480 reddimur,
1023 4413 1079 4463 et
1103 4412 1308 4462 nostra
1329 4407 1734 4478 praedicatione
1761 4405 1831 4459 ad

186 4499 368 4553 fidem
405 4496 722 4564 trahimus,
757 4513 858 4568 per
907 4496 1146 4563 multos,
1179 4496 1265 4551 vel
1317 4514 1349 4551 a
1397 4495 1598 4550 multis
1646 4498 1838 4567 grates

1933 3308 2273 3378 increpandi
2308 3309 2622 3365 amitteret.

2006 3417 2325 3488 Sequitur:
2376 3418 2490 3472 Non
2539 3419 2656 3473 alia
2703 3423 3023 3490 scripsimus
3075 3425 3219 3479 vobis
3249 3427 3418 3494 (686),
3465 3433 3580 3488 etc.

1938 3505 2039 3560 His
2056 3506 2244 3560 verbis
2269 3523 2379 3560 non
2401 3506 2514 3562 alia
2536 3525 2595 3562 se
2612 3509 2922 3580 Apostolus
2941 3513 3245 3584 scripsisse
3263 3515 3580 3589 significat,

1939 3612 2116 3666 quam
2150 3612 2276 3666 quae
2311 3597 2418 3665 ipsi
2461 3598 2696 3668 scriptis
2725 3600 2852 3670 ejus
2883 3600 3163 3672 legerant,
3197 3610 3252 3659 et
3285 3606 3450 3661 factis
3481 3623 3580 3664 θος

1939 3691 2286 3754 gnovernnt:
2313 3685 2403 3740 his
2424 3703 2675 3758 namque
2698 3689 2927 3746 duobus
2951 3692 3182 3748 indiciis
3206 3695 3590 3767 uniuscujus-

1941 3791 2052 3844 que
2093 3774 2339 3840 devotio,
2373 3781 2428 3830 et
2475 3777 2835 3848 pr0positum
2889 3782 3317 3840 manifestatur.
3353 3785 3414 3840 In
3467 3801 3587 3858 quo

1943 3864 2089 3919 facto
2115 3870 2426 3920 monentur
2447 3867 2871 3936 praedicatores,
2890 3875 2952 3925 ut
2980 3888 3210 3944 semper
3235 3891 3302 3929 ea
3320 3875 3589 3942 doceant,

1941 3959 1998 4009 et
2019 3970 2187 4025 agere
2217 3955 2512 4020 studeant,
2538 3973 2664 4027 qua:
2697 3959 2768 4012 ad
2803 3959 3052 4016 salutem
3087 3980 3328 4019 suorum
3354 3965 3592 4021 audito-

1946 4059 2075 4096 rum
2110 4044 2426 4098 sufficiant.

2016 4151 2323 4220 Sequitur:
2359 4153 2523 4220 Spero
2555 4161 2735 4206 autem
2759 4154 2899 4224 quod
2922 4172 3088 4226 usque
3119 4160 3176 4211 in.
3201 4158 3365 4226 ﬁnem
3396 4174 3592 4229 cogno-

1945 4245 2124 4304 scetis,
2175 4245 2282 4295 etc.
2343 4244 2500 4294 Hanc
2532 4241 2753 4295 scilicet
2783 4259 2944 4313 spem
2985 4261 3054 4298 ex
3101 4261 3300 4300 eorum
3333 4247 3592 4317 sumpsit

1948 4329 2322 4385 correctione.
2354 4330 2634 4384 Audierat
2663 4330 2817 4384 enim
2850 4330 2980 4387 illos
3011 4349 3077 4386 ea
3117 4335 3368 4388 maxime
3399 4351 3589 4390 corre-

1948 4420 2123 4490 xisse,
2155 4437 2281 4490 quae
2324 4421 2394 4473 ad
2427 4419 2885 4474 ecclesiasticum
2917 4421 3163 4476 attinent
3194 4421 3479 4477 ordinem.
3514 4422 3596 4478 Ex

1951 4527 2068 4581 qua
2099 4510 2470 4572 correctione,
2497 4525 2597 4579 spe
2629 4514 2958 4581 assumpta,
2986 4510 3257 4566 credebat
3281 4528 3379 4566 eos
3411 4511 3470 4566 in
3506 4512 3595 4566 fu-

187 4588 538 4642 referantur.
587 4587 691 4640 His
747 4587 940 4641 verbis
997 4586 1253 4641 ostendit
1308 4584 1646 4657 Apostolus,
1701 4583 1826 4654 quia

1950 4604 2079 4653 turo
2113 4599 2288 4654 etiam
2321 4602 2524 4653 caetera
2555 4598 2858 4670 corrigere.
2887 4601 3248 4672 Quapropter
3277 4599 3395 4655 ait:
3427 4603 3598 4672 Spero

186 4692 374 4731 causa
400 4673 609 4730 salutis
637 4673 874 4730 illorum
910 4673 1331 4743 liberabantur,
1366 4690 1615 4746 quorum
1667 4673 1840 4728 etiam

188 4780 378 4819 causa
423 4763 848 4819 efﬁciebantur.
905 4764 976 4818 Et
1023 4779 1158 4818 cum
1219 4763 1490 4834 superius
1551 4763 1840 4817 dixisset:

187 4852 598 4915 Adiuoantibas
626 4854 777 4908 vobis
808 4855 872 4908 in
900 4855 1171 4921 oratione,
1204 4858 1262 4907 et
1292 4869 1446 4908 nunc
1491 4852 1634 4906 dicit
1667 4869 1678 4907 :
1735 4858 1844 4906 Per

185 4942 394 4997 multos
420 4944 617 5012 gratia
644 4947 907 5012 agantur,
936 4942 1272 4998 manifestat
1302 4958 1361 4997 se
1391 4941 1556 5005 velle,
1589 4946 1674 5006 ut,
1700 4941 1840 4995 dum

187 5029 272 5085 illi
303 5030 366 5085 in
397 5031 776 5086 tribulatione
806 5031 1224 5097 detinerentur,
1257 5037 1487 5086 orarent
1519 5036 1582 5085 ut
1626 5030 1842 5085 libera-

189 5125 414 5188 rentur,
466 5125 524 5175 et
573 5119 860 5187 liberatis,
910 5126 1105 5190 grates
1156 5125 1268 5174 Deo
1322 5121 1693 5175 referrentur.
1730 5121 1844 5174 Ista

187 5209 362 5264 etiam
396 5207 682 5265 salutaris
715 5208 936 5278 regula,
959 5226 1085 5280 quae
1116 5212 1256 5264 tunc
1279 5210 1640 5274 servabatur,
1666 5203 1844 5262 etiam

187 5314 345 5353 nunc
376 5297 610 5353 actitari
642 5297 834 5351 debet.
868 5297 1011 5353 Nam
1044 5315 1178 5353 cum
1213 5299 1617 5370 praedicatores
1648 5296 1705 5350 in
1738 5297 1841 5350 tri-

185 5386 491 5446 bulatione
545 5385 906 5454 detinentur,
957 5388 1172 5446 debent
1216 5388 1513 5444 auditores
1561 5395 1746 5453 Orare,
1783 5390 1846 5442 ut

253 5607 406 5677 (683)
439 5602 897 5677 Autog.__litiam.

252 5674 409 5760 (683)
443 5674 632 5749 Vulg.”
661 5674 727 5733 Ut
755 5689 823 5732 ex
849 5677 1152 5737 multorum
1176 5677 1432 5755 personis
1459 5679 1596 5752 ejus,
1629 5681 1738 5734 etc.

1953 4688 2092 4759 quod
2120 4705 2284 4760 usque
2317 4690 2370 4742 in
2416 4689 2582 4757 ﬁnem
2611 4691 2953 4760 cognoscetis.
2987 4689 3182 4744 Potest
3210 4693 3267 4743 et
3296 4689 3368 4744 ad
3401 4689 3600 4760 ipsum

1954 4779 2173 4841 referri,
2208 4779 2360 4850 quod
2395 4779 2494 4845 ait,
2527 4795 2702 4848 spero,
2738 4783 2869 4845 etc.,
2905 4783 2968 4832 ut
2998 4779 3075 4833 sit
3105 4796 3314 4833 sensus
3349 4797 3360 4834 :
3418 4779 3600 4850 Spero

1954 4869 2105 4937 quod
2133 4868 2189 4922 in
2213 4872 2398 4938 ccepto
2428 4868 2742 4938 proposito,
2775 4885 2947 4939 quem
2980 4873 3036 4923 et
3064 4867 3318 4940 scriptis,
3343 4874 3401 4924 et
3427 4867 3601 4924 factis

1954 4958 2292 5028 agnovistis,
2320 4974 2410 5011 me
2443 4975 2674 5028 quoque
2707 4975 2892 5029 usque
2922 4958 2978 5012 in
3013 4957 3185 5012 ﬁnem
3213 4957 3599 5031 cognoscetis.

1955 5047 2086 5111 Sed,
2113 5046 2160 5101 si
2194 5048 2261 5100 ad
2298 5045 2426 5100 illos
2460 5049 2726 5114 refertur,
2753 5052 3023 5118 provocat
3052 5064 3150 5102 eos
3180 5047 3273 5101 his
3305 5047 3495 5102 verbis
3528 5044 3602 5100 ad

1957 5134 2393 5206 perseverantia:
2426 5135 2644 5188 bonum
2677 5159 2690 5201 ;
2723 5135 2771 5190 si
2803 5142 2996 5191 autem
3027 5135 3096 5191 ad
3134 5151 3216 5202 se,
3258 5140 3314 5190 et
3365 5135 3486 5206 ipse
3530 5133 3604 5188 de

1956 5226 2391 5295 perseverantiae
2423 5223 2576 5277 bono
2603 5225 2860 5290 conlidit,
2890 5225 3168 5295 quoniam
3201 5225 3416 5279 bonum
3451 5237 3600 5292 opus

1955 5318 2207 5383 coeptum
2233 5313 2310 5365 nil
2330 5313 2502 5376 valet,
2519 5312 2632 5367 nisi
2657 5312 3020 5382 compleatur
3042 5315 3446 5384 perseverante
3465 5310 3600 5366 fine.

1956 5403 2102 5456 Hinc
2127 5406 2215 5455 est
2239 5400 2393 5471 quod
2417 5400 2475 5454 in
2499 5400 2689 5456 Veteri
2712 5401 3087 5456 Testamento
3115 5401 3302 5456 cauda
3324 5396 3521 5465 simul,
3545 5402 3604 5455 et

2050 5599 2177 5665 685)
2206 5601 2271 5669 in
2298 5595 2522 5669 autog.'_
2533 5594 2857 5669 margghie
2875 5595 3088 5669 legitur
3117 5611 3247 5669 cap.
3285 5593 3382 5653 III.

2048 5664 2178 5744 686)
2206 5666 2379 5740 Vulg.
2410 5664 2705 5722 scribimus
2733 5666 2901 5724 vobis.
