3990 6224
405 367 524 426 419

1423 356 1758 418 ATTUNIS
1807 351 2392 417 VERCELLENSIS
2439 354 2791 416 EPISCOPI

3706 356 3842 416 420

415 498 588 568 caput
617 495 673 549 in
701 490 986 549 sacriﬁcio
1008 488 1371 545 olferebatur.
1389 488 1644 543 Caudam
1668 486 1866 553 simul,
1890 491 1945 542 et
1966 504 2056 542 ca-
2086 489 2139 554 Α
2169 485 2398 542 levitate
2424 487 2507 541 uti
2531 487 2793 554 videtur;
2824 487 2922 542 sed
2951 502 3057 558 ego
3082 501 3227 542 usus
3252 502 3366 542 non
3392 503 3523 543 sum
3556 486 3837 556 levitate,

412 588 518 658 put
566 584 620 638 in
675 581 958 638 sacriﬁcio
999 579 1222 649 offerre,
1256 583 1344 632 est
1375 577 1593 633 bonum
1626 595 1772 649 opus
1803 581 2052 648 cmptum

412 675 816 745 perseverante
842 669 956 724 fine
985 666 1295 738 complere.
1322 666 1484 722 Unde
1514 672 1570 721 et
1593 665 1874 721 Dominus
1899 684 1912 720 :
1951 666 2057 733 Qui

405 761 842 834 perseveraverit
863 756 1075 829 (Matth.
1099 773 1152 825 x,
1176 755 1288 827 22),
1311 760 1420 810 etc.
1445 756 1605 820 Quod
1638 760 1831 809 autem
1860 754 2053 826 sequi-

408 856 546 906 tur:
581 849 729 905 Sicut
758 853 811 903 et
837 845 1156 918 cognovistis
1184 861 1253 900 ex
1278 849 1458 915 parte,
1491 845 1538 898 si
1571 844 1640 898 ad
1674 860 1844 898 suam
1876 844 2051 897 refer-

409 942 507 995 tur
527 954 854 1010 personam,
871 936 997 990 ideo
1019 933 1180 1002 dicit,
1197 932 1337 1004 quia
1361 931 1582 987 nullius
1604 931 1859 986 hominis
1883 931 2050 986 meri-

406 1032 533 1084 tum
556 1027 614 1081 in
643 1026 749 1080 hac
771 1025 885 1078 vita
906 1023 976 1078 ad
1003 1023 1298 1093 integrum
1331 1021 1463 1092 quis
1487 1037 1835 1091 cognoscere
1864 1019 2048 1087 valet;

407 1118 476 1172 ad
501 1117 618 1171 haec
640 1114 810 1170 etiam
842 1112 1098 1183 respicit,
1129 1112 1281 1182 quod
1308 1111 1387 1166 ait
1410 1127 1422 1165 :
1459 1111 1522 1164 In
1542 1111 1630 1166 die
1647 1111 1882 1177 Domini,
1906 1115 2048 1176 etc.;

405 1205 454 1261 si
478 1209 670 1260 autem
699 1203 768 1257 ad
792 1201 1124 1257 Corinthios
1147 1201 1415 1269 refertur,
1439 1200 1567 1254 ideo
1599 1216 1667 1255 ex
1697 1204 1859 1272 parte
1889 1198 2048 1263 dicit,

340 1363 352 1377 ο
406 1294 543 1366 quia
576 1293 702 1364 jam
735 1290 923 1346 multa
952 1293 1341 1344 correxerant.

476 1382 756 1452 Sequitur
787 1397 799 1434 :
853 1381 994 1447 Quia
1042 1379 1220 1449 gloria
1251 1382 1426 1433 vestra
1454 1394 1664 1447 sumus,
1695 1382 1804 1432 etc.
1844 1375 2050 1448 Agnito

404 1471 669 1545 Apostoli
693 1469 923 1536 affectu,
948 1467 1351 1540 gloriabantur
1371 1467 1429 1521 in
1460 1484 1525 1522 eo
1548 1466 1855 1531 Corinthii,
1883 1465 2050 1536 quasi

405 1562 465 1616 in
497 1559 824 1616 clarissimo
857 1561 1038 1629 patre,
1071 1562 1126 1611 et
1157 1555 1567 1627 probatissimo
1597 1554 1897 1626 magistro.
1923 1555 2051 1625 Ipse

405 1647 868 1722 quoque,agnita
885 1662 1086 1700 eorum
1104 1644 1815 1716 obedientiagloriabatur
1829 1643 1887 1697 in
1910 1643 2047 1714 illis,

404 1738 574 1810 quasi
605 1737 663 1791 in
697 1734 918 1791 devotis
941 1732 1097 1804 ﬁliis,
1122 1739 1178 1788 et
1208 1732 1638 1801 obedientibus,
1665 1736 1836 1802 atque
1869 1731 2048 1786 hone-

403 1827 510 1883 stis
531 1823 851 1896 discipulis.
880 1822 1140 1894 Magistri
1163 1837 1300 1893 ergo
1324 1826 1463 1876 tunc
1487 1825 1625 1876 sunt
1644 1819 1829 1892 gloria
1852 1820 2048 1875 subdi-
2079 1858 2125 1922 Β

402 1922 618 1982 torum,
652 1930 784 1968 cum
815 1916 986 1968 tantae
1018 1915 1151 1966 sunt
1185 1909 1508 1965 sanctitatis
1540 1915 1596 1963 et
1630 1909 1843 1979 meriti,
1878 1913 1942 1963 ut
1972 1910 2044 1964 ab

401 2003 658 2060 Ecclesia
673 1999 1024 2058 venerationi
1047 1999 1392 2054 habeantur.
1417 1997 1724 2054 Auditores
1745 2015 1878 2053 vero
1904 2003 2043 2053 tunc

401 2092 589 2167 gloria
619 2095 758 2147 sunt
787 2089 1227 2161 magistrorum,
1259 2103 1392 2142 cum
1445 2087 1526 2141 ita
1556 2086 1892 2142 obedientes
1922 2087 2044 2141 oxi-

399 2185 584 2248 stunt,
615 2185 677 2236 ut
698 2196 799 2252 per
818 2177 1116 2250 singulare
1143 2176 1482 2232 obedientiae
1505 2176 1722 2229 bonum
1757 2195 1790 2230 a
1815 2176 2043 2231 cunctis

395 2274 764 2328 venerentur.
787 2269 1148 2338 Quapropter
1174 2266 1444 2336 utrisque
1471 2280 1707 2320 necesse
1737 2269 1846 2333 est,
1872 2268 1933 2319 ut
1963 2265 2044 2318 ita

397 2362 586 2417 vivere
615 2359 910 2423 studeant,
943 2360 1234 2427 quatenus
1265 2354 1377 2408 sibi
1419 2353 1663 2408 invicem
1700 2353 1886 2425 gloria
1916 2370 2043 2408 esse

399 2452 637 2522 queant.
663 2447 775 2502 Sed
808 2446 1040 2516 quando
1071 2444 1193 2498 haec
1215 2443 1399 2515 gloria
1431 2441 1949 2497 manifestabitur?
1983 2444 2044 2498 In

397 2539 489 2594 die
507 2537 728 2593 Domini
755 2535 931 2590 nostri
947 2533 1072 2588 Jesu
1104 2531 1347 2592 Christi;
1378 2531 1436 2585 id
1468 2537 1576 2597 est,
1600 2530 1658 2584 in
1693 2531 1784 2586 die
1809 2531 2039 2600 judicii.

399 2626 482 2684 Ibi
501 2625 657 2681 enim
673 2640 802 2695 quae
817 2621 991 2676 fuerit
1007 2620 1270 2675 omnium
1292 2620 1740 2690 pradicatorum
1756 2620 2039 2686 doctrina,

395 2720 453 2772 et
474 2713 842 2770 subditorum
865 2709 1214 2774 obedientia,
1238 2708 1740 2763 manifestabitur:
1771 2710 2041 2776 Quoniam

398 2804 538 2860 nihil
586 2803 694 2858 erit
743 2807 1005 2872 opertum,
1059 2797 1201 2868 quod
1245 2813 1356 2852 non
1412 2797 1679 2852 reveletur
1728 2797 1932 2867 (Matth.
1985 2816 2038 2868 x,

397 2895 510 2963 26),
547 2897 657 2947 etc.

469 2981 747 3053 Sequitur
776 2995 790 3034 :
826 2981 892 3034 Et
917 2979 977 3033 in
1005 2977 1106 3030 hac
1134 2973 1459 3045 conﬁdentia
1487 2975 1641 3029 volui
1667 2977 1822 3046 prius
1855 2978 2041 3032 venire

399 3071 472 3129 ad
502 3087 611 3142 vos,
644 3075 751 3125 etc.
785 3068 842 3122 Si
874 3068 943 3122 ad
978 3064 1279 3137 superiora
1308 3064 1430 3118 haec
1465 3064 1753 3118 sententia
1782 3065 2037 3136 respicit,

402 3164 472 3217 de
495 3161 616 3234 spei
637 3155 992 3217 conﬁdentia
1013 3153 1189 3221 dicit;
1213 3154 1258 3207 si
1285 3157 1479 3208 autem
1505 3152 1574 3207 ad
1605 3152 1895 3219 inferiora,
1913 3171 2039 3225 quas

2166 576 2305 647 quia
2335 574 2645 632 utilitatem
2679 577 2967 648 praeposui
2998 575 3302 632 voluntati.
3335 575 3478 632 Nam
3513 593 3700 649 quare
3751 579 3835 633 ad

2163 680 2261 720 eos
2278 681 2392 719 non
2413 666 2654 732 venerit,
2670 682 3008 738 quanquam
3032 665 3298 734 latenter,
3314 667 3574 722 ostendit
3592 671 3832 737 tamen,

2163 754 2316 824 quod
2351 771 2463 808 non
2496 754 2567 808 ad
2601 771 2683 819 se,
2717 754 2818 810 sed
2851 756 2918 808 ad
2953 753 3083 809 illos
3115 754 3435 809 attinuerit.

2231 843 2505 914 Sequitur
2540 859 2552 897 :
2607 845 2712 898 Aut
2758 859 2874 914 quae
2910 844 3100 913 cogito,
3133 843 3429 898 secundum
3457 860 3694 900 carnem
3724 863 3827 902 co-

2160 933 2318 999 gito?
2349 931 2492 986 Non.
2529 932 2595 985 Et
2632 937 2721 987 est
2766 948 2976 987 sensus
3009 948 3022 987 :
3080 931 3181 987 Ille
3211 933 3536 988 secundum
3571 951 3823 992 carnem

2161 1021 2488 1092 cogitando,
2525 1022 2678 1092 quod
2713 1021 3000 1092 promisit,
3035 1037 3147 1076 non
3182 1021 3405 1092 implet,
3439 1024 3537 1094 qui
3571 1029 3674 1079 aut
3705 1025 3824 1080 ali-

2161 1111 2331 1179 cujus
2380 1125 2638 1180 persona‘.
2685 1111 3073 1175 veneratione,
3108 1113 3208 1164 aut
3258 1109 3404 1165 lucri
3436 1112 3676 1180 terreni,
3711 1121 3824 1170 aut

2161 1197 2477 1268 cujuslibet
2504 1200 2797 1265 vanitatis,
2830 1198 2917 1255 vel
2962 1198 3211 1254 levitatis
3257 1216 3436 1255 causa
3473 1201 3671 1258 dill‘ert
3701 1204 3820 1258 im-

2161 1286 2319 1358 plere
2342 1287 2497 1358 quod
2531 1287 2832 1358 promisit:
2871 1287 3152 1359 spiritalis
3183 1293 3438 1358 econtra,
3466 1291 3822 1362 spiritaliter

2161 1376 2492 1447 cogitando,
2519 1394 2630 1431 non
2663 1376 2866 1447 implet
2896 1377 3050 1448 quod
3083 1378 3372 1448 promisit,
3397 1378 3535 1449 quia
3567 1381 3817 1452 profun-

2160 1465 2292 1519 dius
2319 1464 2539 1535 aliquid
2568 1465 2637 1520 de
2659 1465 2847 1520 salute
2869 1465 3075 1520 anima:
3101 1465 3401 1538 intelligit;
3429 1468 3632 1524 etideo
3658 1470 3822 1525 utili-

2160 1557 2338 1609 tatem
2363 1553 2645 1609 voluntati
2670 1555 2972 1625 praeponit.
2996 1555 3140 1609 Nam
3164 1555 3396 1610 carnale
3416 1562 3522 1625 est,
3546 1558 3820 1616 volunta-

2158 1645 2275 1696 tem
2336 1641 2591 1706 utilitati,
2644 1642 2905 1714 spiritale
2953 1659 3110 1710 vero,
3159 1643 3472 1700 utilitatem
3517 1646 3810 1704 voluntati

2159 1747 2511 1803 praeponere.
2533 1731 2898 1804 Quapropter
2922 1731 3253 1804 intelligens
3274 1734 3593 1805 Apostolus
3615 1738 3810 1810 magis

2159 1820 2229 1874 ad
2252 1835 2454 1874 eorum
2480 1821 2722 1875 attinere
2749 1821 3020 1889 salutem,
3045 1823 3093 1876 si
3123 1838 3236 1878 non
3263 1823 3483 1880 veniret
3513 1826 3586 1880 ad
3620 1829 3807 1898 ipsos,

2154 1908 2281 1964 ideo
2316 1908 2542 1963 distulit
2571 1909 2785 1965 venire.

2226 1998 2504 2069 Sequitur
2538 2015 2550 2052 :
2605 2000 2668 2053 Ut
2716 2001 2766 2053 si
2806 1999 2952 2070 apud
2989 2015 3074 2054 me
3104 2000 3240 2068 EST,
3271 2006 3323 2056 et
3355 2001 3532 2058 NON?
3558 2005 3805 2061 Subau-

2154 2088 2331 2154 ditur,
2357 2105 2492 2143 non.
2523 2088 2587 2143 Et
2613 2093 2700 2143 est
2731 2105 2940 2144 sensus
2965 2107 2976 2143 :
3001 2091 3167 2161 Apud
3194 2089 3326 2146 illos
3349 2096 3433 2147 est
3451 2097 3545 2157 est,
3574 2098 3629 2148 et
3657 2112 3800 2165 non,

2155 2177 2276 2248 qui,
2310 2178 2462 2248 quod
2513 2178 3008 2233 manil’estandum
3041 2182 3131 2233 est
3162 2195 3276 2235 non
3311 2181 3712 2251 manifestant,
3744 2191 3807 2242 et

2153 2266 2253 2338 qui
2285 2265 2642 2321 voluntatem
2677 2266 2914 2322 utilitati
2948 2274 3308 2339 praeponunt.
3343 2270 3509 2341 Apud
3541 2286 3636 2327 me
3666 2289 3802 2330 vero

2153 2373 2267 2410 non
2299 2361 2386 2411 est
2414 2365 2512 2425 est,
2537 2364 2586 2410 et
2616 2372 2771 2417 non;
2803 2356 2942 2427 quia
2964 2355 3126 2412 nulla
3156 2356 3404 2425 falsitas,
3430 2359 3591 2416 nulla
3613 2368 3805 2419 muta-

2153 2443 2350 2500 bilitas
2379 2463 2391 2511 ;
2427 2449 2482 2500 et
2531 2445 2672 2515 quia
2721 2462 2835 2499 non
2868 2461 3074 2500 sumus
3105 2445 3270 2502 vobis
3301 2449 3552 2505 mentiti.
3587 2455 3800 2509 Beatus

2151 2551 2303 2606 papa
2331 2533 2644 2605 Gregorius
2677 2535 2748 2589 de
2780 2534 2887 2590 hoc
2935 2533 3060 2590 loco
3091 2535 3283 2591 taliter
3311 2535 3595 2609 loquitur,
3628 2543 3798 2612 quasi

2150 2623 2393 2678 dixisset
2423 2640 2435 2677 :
2472 2623 2636 2694 Apud
2665 2638 2756 2677 me
2779 2639 2893 2678 non
2916 2627 3003 2678 est
3023 2628 3107 2679 est
3133 2633 3186 2680 et
3215 2641 3326 2680 non
3341 2643 3361 2687 ,·
3393 2625 3500 2683 hoc
3523 2633 3632 2699 est,
3654 2647 3798 2688 aura

2151 2710 2557 2766 mutabilitatis
2588 2729 2700 2767 non
2735 2727 2986 2783 moveor,
3023 2713 3162 2784 quia
3189 2713 3438 2771 levitatis
3486 2717 3627 2774 vitio
3677 2736 3795 2777 non

2151 2801 2490 2856 succumbo.

2220 2890 2542 2961 Sequitur:
2596 2889 2799 2944 Fidelis
2853 2891 3010 2946 Deus.
3062 2891 3296 2960 Fidelis,
3343 2892 3609 2968 inquam,
3654 2899 3796 2969 quia

2149 2995 2265 3034 non
2299 2983 2387 3033 est
2417 2978 2568 3050 apud
2604 2995 2738 3033 eum
2768 2983 2849 3034 est
2876 2989 2926 3034 et
2953 2995 3082 3036 non.
3119 2981 3263 3036 Nota
3293 2984 3450 3053 quia,
3479 2985 3622 3040 dum
3654 2987 3799 3045 dicit

2151 3066 2540 3131 ﬁdelem,vult
2562 3067 2864 3122 ostendere
2886 3085 2967 3133 se,
2987 3085 3242 3141 suosque
3261 3071 3486 3128 similes
3510 3089 3639 3130 esse
3662 3076 3800 3132 fide-

2153 3155 2236 3211 les
2267 3173 2280 3210 :
2313 3172 2378 3210 ac
2411 3156 2459 3210 si
2491 3155 2684 3210 dicat:
2718 3155 2777 3210 Si
2808 3155 2906 3210 ille
2939 3157 3147 3224 ﬁdelis,
3181 3175 3316 3230 ergo
3347 3159 3546 3217 fideles
3579 3167 3635 3219 et
3666 3182 3795 3235 nos,

401 3252 496 3317 sit,
521 3226 676 3305 idem
699 3246 972 3304 ostendit.
1005 3245 1067 3300 Ut
1093 3241 1410 3310 secundum,
1435 3241 1644 3312 inquit,
1667 3245 1909 3312 gratiam
1940 3243 2040 3298 ha-
2071 3226 2114 3292 (ἶ
2154 3262 2256 3317 per
2285 3261 2432 3314 quos
2470 3245 2594 3316 ipse
2637 3243 2916 3315 loquitur.
2953 3246 3018 3300 Et
3066 3247 3193 3302 ideo
3241 3226 3548 3320 subjunxit
3580 3269 3593 3307 :
3654 3226 3800 3322 Quia

400 3341 617 3397 beretis.
651 3336 813 3403 Quod
845 3350 974 3390 vero
1016 3332 1178 3399 dicit,
1213 3331 1554 3395 secundam,
1587 3331 1815 3385 duobus
1848 3332 2039 3387 modis

396 3432 584 3502 potest
605 3424 870 3497 intelligi.
892 3422 1144 3478 Primam
1169 3421 1384 3492 quippe
1409 3419 1743 3473 habuerunt
1764 3419 1821 3474 in
1847 3437 2038 3476 susce-

395 3519 590 3593 ptione
614 3514 899 3588 Epistolis,
924 3511 1242 3567 secundam
1275 3508 1554 3563 haberent
1587 3507 1643 3562 in
1675 3508 1803 3576 ejus
1834 3525 2034 3580 corpo-

394 3606 500 3664 rali
533 3602 858 3678 praesentia.
882 3599 1140 3671 Epistola
1169 3598 1296 3667 ejus
1325 3596 1519 3667 imago
1551 3596 1695 3662 fuit;
1732 3597 2038 3668 praesentia

397 3693 678 3766 corporis,
709 3692 925 3746 veritas
952 3706 966 3754 ;
1001 3692 1058 3742 et
1085 3687 1212 3741 ideo
1245 3685 1344 3756 qui
1377 3690 1761 3756 susceperunt
1791 3702 1924 3740 eum
1974 3687 2032 3741 in

395 3777 1184 3847 similitudine,susciperent
1209 3790 1339 3828 eum
1366 3773 1422 3827 in
1442 3771 1839 3828 veritate.Alio
1861 3775 2033 3830 modo

395 3871 647 3945 primam
662 3867 909 3940 gratiam
922 3861 1555 3932 habuerunt,quoniam
1575 3861 1737 3932 prius
1752 3877 1883 3916 eum
1898 3878 2033 3917 cum

395 3957 610 4031 gaudio
634 3956 1109 4025 susceperunt,et
1129 3951 1197 4006 ad
1224 3949 1689 4021 praedicationem
1711 3949 1900 4020 ipsius
1917 3966 2034 4006 cre-

395 4047 712 4113 diderunt;
748 4042 1066 4100 secundam
1115 4039 1361 4112 gratiam
1409 4038 1709 4105 haberent,
1743 4038 1792 4092 si
1843 4038 2032 4095 denuo

392 4133 773 4208 corporaliter
801 4147 934 4187 eum
968 4130 1351 4200 susciperent.
1383 4126 1568 4190 Quam
1600 4126 1725 4198 ipse
1757 4127 2029 4193 ostendit,

391 4241 525 4281 cum
549 4221 994 4296 dispositionem
1027 4235 1195 4274 suam
1227 4216 1448 4273 eisdem
1483 4216 1858 4270 manifestare
1888 4214 2032 4270 inci-

389 4314 476 4386 pit
500 4332 513 4370 :
548 4315 610 4368 Et
634 4329 739 4386 per
760 4327 870 4382 vos,
898 4309 1109 4381 inquit,
1136 4309 1376 4363 transire
1405 4306 1464 4359 in
1489 4303 1897 4374 Macedoniam,
1921 4309 2028 4360 etc.

390 4402 608 4473 Magnae
639 4414 893 4470 namque
924 4397 1246 4470 dignitatis,
1283 4391 1495 4463 meriti,
1538 4408 1603 4446 ac
1650 4393 1849 4463 gratiae
1905 4409 2032 4448 esse

388 4491 859 4562 praedicerentur,
889 4487 939 4543 si
961 4486 1150 4557 toties,
1179 4489 1236 4540 et
1264 4481 1468 4538 tandiu
1491 4479 1751 4550 Apostoli
1777 4498 2030 4552 praesen-

384 4579 468 4635 tia
507 4579 960 4652 perfruerentur.

455 4667 767 4740 Sequitur:
803 4667 934 4722 Cum
965 4665 1078 4722 ha’c
1107 4677 1231 4733 ergo
1262 4659 1578 4724 voluissem,
1611 4657 1869 4727 nunquid
1897 4657 2031 4713 levi-

389 4758 496 4811 tate
517 4772 646 4811 usus
674 4772 795 4810 sum
820 4759 844 4808 Υ
872 4748 1470 4808 Animadvertendum
1495 4750 1602 4809 est,
1627 4744 1762 4816 quia
1785 4750 2030 4817 Aposto-

381 4842 477 4900 lus
509 4844 858 4917 promiserat
889 4861 950 4900 se
979 4846 1290 4898 venturum
1322 4835 1394 4890 ad
1426 4850 1562 4900 eos;
1610 4835 1710 4889 sed
1742 4835 1880 4905 quia
1911 4852 2022 4892 non

381 4932 558 5004 venit,
591 4950 662 4989 ne
693 4934 984 4990 videretur
1011 4931 1071 4984 in
1115 4924 1336 4981 malum
1368 4922 1654 4977 mendacii
1686 4923 2022 4994 incurrisse,

379 5021 587 5094 incipit
615 5021 866 5078 levitatis
892 5018 1096 5072 vitium
1129 5022 1373 5083 tergere,
1401 5015 1458 5066 et
1487 5009 1614 5066 ideo
1647 5011 1784 5067 dicit
1819 5031 1831 5069 :
1863 5018 2025 5071 Nun-

379 5111 510 5182 quid
535 5111 758 5167 levitate
778 5125 908 5164 usus
929 5121 1050 5161 sum
1066 5107 1090 5156 ?
1111 5100 1472 5158 Subauditur
1491 5116 1598 5155 non
1621 5118 1639 5154 .·
1660 5101 1829 5172 quasi
1853 5102 2026 5159 dixis-

378 5206 468 5258 set
490 5199 620 5257 aliis
642 5197 836 5253 verbis
860 5213 874 5251 :
900 5193 1020 5260 Ille,
1039 5190 1139 5262 qui
1162 5206 1278 5246 non
1305 5188 1508 5262 implet
1530 5191 1684 5262 quod
1712 5191 2021 5263 promittit,

469 5393 597 5457 687)
629 5388 797 5461 Vulg.
830 5389 964 5462 fuit.

446 5395 596 5533 £688)
629 5460 774 5533 Silus
795 5460 967 5530 juxta
995 5459 1192 5533 Vulg.,
1215 5474 1327 5533 seu
1359 5457 1552 5533 Sill‘as.
1585 5457 1730 5533 Vide
1754 5462 1894 5533 ,Act.
1927 5479 2019 5532 xv,

373 5530 467 5589 22L
497 5532 641 5605 Item
667 5530 836 5605 initia
862 5532 1104 5605 gemina:
1123 5530 1306 5603 Epist.
1332 5532 1402 5605 ad
1427 5531 1724 5605 Thessal.;
1751 5532 1770 5586 Ι
1799 5530 2018 5601 Petriv,

379 5605 478 5672 12;
501 5602 625 5672 Act.
658 5617 751 5669 xv,
782 5602 967 5672 27,711
996 5628 1011 5670 ;
1044 5602 1313 5672 Act.’xv1,
1348 5603 1435 5658 11.
1467 5602 1589 5658 Ado
1622 5607 1872 5659 testatur
1901 5606 2020 5662 Ma-

377 5646 637 5756 §Eciéiii§a
650 5646 1032 5737 ὄβίίέεὲῑιὶιήὶ
1044 5646 2020 5746 ὄῑῖνῖρῖιῦἰίὀὶι’θὶἷὲὲῖα]ἶῖιὶἰ’ἑὸὁίίἐῖὲῖ,

830 5389 964 5462 fuit.

2144 3350 2318 3390 sermo
2349 3340 2550 3402 noster,
2580 3336 2674 3404 qui
2703 3336 2765 3403 fit
2787 3336 2933 3406 (687)
2963 3335 3107 3406 apud
3136 3353 3246 3404 vos,
3283 3341 3393 3393 etc.
3418 3339 3640 3405 Quibus
3667 3360 3795 3400 vero

2148 3425 2237 3479 bis
2269 3439 2436 3478 suam
2461 3423 2787 3477 doctrinam
2815 3423 3070 3478 ostendit
3095 3440 3224 3480 esse
3253 3442 3446 3482 veram
3476 3445 3490 3496 ;
3526 3431 3664 3502 quia
3696 3433 3797 3489 do-

2147 3513 2329 3568 ctrina
2362 3511 2644 3583 Apostoli,
2678 3512 2945 3567 doctrina
2973 3519 3061 3568 est
3091 3515 3339 3570 Domini.

2215 3601 2492 3672 Sequitur
2523 3616 2537 3654 :
2599 3601 2694 3654 Dei
2741 3602 2892 3654 enim
2937 3602 3115 3658 Filius
3146 3603 3409 3660 Dominus
3435 3611 3595 3676 Iesus
3627 3608 3788 3666 Chri-

2145 3694 2277 3756 stus,
2302 3691 2398 3760 qui
2447 3691 2508 3744 in
2537 3690 2681 3744 vobis
2696 3689 3027 3759 praedicatus
3050 3694 3148 3761 est,
3172 3697 3279 3748 etc.
3305 3693 3566 3750 Primum
3593 3697 3653 3752 in
3678 3698 3787 3755 hoc

2145 3779 2270 3834 loco
2299 3778 2675 3849 quaerendum
2706 3783 2794 3833 est
2826 3778 2959 3849 quis
2988 3779 3066 3834 sit
3103 3779 3214 3835 iste
3241 3781 3528 3851 Silvanus,
3561 3785 3648 3841 vel
3682 3803 3789 3844 cur

2142 3867 2218 3922 sit
2245 3866 2550 3922 Timotheo
2583 3865 2949 3937 praepositus.
2986 3867 3254 3924 Silvanus
3291 3870 3446 3927 enim
3495 3873 3622 3945 ipse
3678 3882 3790 3944 est,

2141 3956 2242 4027 qut
2273 3959 2330 4010 et
2360 3955 2544 4010 Sileas
2578 3954 2751 4026 (688),
2785 3954 3003 4026 quippe
3033 3957 3092 4010 in
3121 3957 3360 4015 Actibus
3391 3963 3793 4033 apostolorum

2142 4045 2478 4115 frequenter
2507 4049 3002 4099 commemoratur
3035 4061 3048 4100 :
3096 4045 3166 4101 de
3199 4064 3314 4118 quo
3346 4050 3522 4106 etiam
3555 4051 3790 4126 legitur,

2139 4133 2280 4204 quia
2301 4133 2371 4188 de
2395 4131 2776 4203 Jerosolymis
2799 4132 3056 4190 directus
3079 4139 3169 4190 est
3192 4136 3263 4191 ab
3288 4139 3572 4208 apostolis
3589 4143 3793 4201 Antio-

2139 4221 2333 4276 chiam
2366 4237 2498 4276 cum
2531 4220 2793 4291 epistolis
2826 4223 2963 4290 (Act.
2997 4240 3089 4290 xv,
3122 4224 3240 4295 27),
3273 4232 3510 4298 propter
3541 4227 3792 4288 diversi-

2139 4315 2317 4366 tatem
2358 4310 2644 4376 ciborum,
2677 4313 2734 4364 et
2782 4313 2846 4364 ut
2899 4310 3108 4382 legalia
3158 4329 3334 4368 onera
3381 4331 3416 4370 a
3467 4319 3793 4378 cervicibus

2138 4400 2390 4454 auferret
2444 4398 2829 4454 credentium.
2881 4399 3050 4470 Nam,
3101 4402 3252 4457 sicut
3301 4403 3513 4460 Saulus
3569 4407 3791 4467 indicat

2138 4488 2507 4556 Paulum,sic
2527 4492 2584 4542 et
2615 4486 2883 4543 Silvanus
2915 4489 3150 4545 Sileam.
3179 4491 3243 4546 lli
3271 4508 3502 4565 quoque
3531 4495 3642 4551 viri
3672 4515 3787 4555 non

2063 4592 2106 4658 Ι)
2138 4577 2328 4633 solum
2350 4575 2689 4642 Corinthiis,
2716 4578 2814 4633 sed
2849 4583 2905 4633 et
2931 4578 3554 4640 Thessalonicensibus
3579 4587 3789 4658 prtedi-

2142 4670 2434 4722 caverunt.
2470 4665 2580 4720 Sed
2613 4665 2820 4736 quaerit
2850 4667 2992 4722 forte
3022 4667 3236 4740 aliquis
3271 4686 3284 4724 :
3335 4674 3524 4736 Quare
3573 4679 3694 4732 tam
3725 4677 3784 4734 in

2139 4755 2268 4824 hac,
2304 4771 2478 4826 quam
2515 4757 2572 4808 et
2615 4753 2674 4808 in
2715 4753 2816 4809 illa
2847 4755 3101 4828 Epistola
3127 4757 3394 4815 Silvanus
3425 4765 3787 4834 praponitur

2139 4842 2447 4899 Timotheo
2468 4841 2496 4895 ?
2527 4842 2757 4898 Noverit
2797 4843 2913 4915 ille,
2947 4845 3047 4918 qui
3078 4845 3186 4902 hoc
3217 4849 3444 4918 quaerit,
3479 4851 3624 4922 quia
3655 4852 3782 4911 ideo

2137 4933 2285 4987 forte
2317 4931 2693 5002 praeponitur,
2729 4933 3008 5004 quoniam
3041 4935 3204 5005 prius
3232 4938 3531 5010 Apostolo,
3567 4944 3628 4996 et
3657 4943 3784 5013 ejus

2136 5019 2535 5093 praedicationi
2565 5019 2816 5087 inhaesit,
2850 5026 2908 5077 et
2954 5022 3117 5094 prius
3160 5024 3347 5080 factus
3376 5031 3463 5081 est
3492 5030 3784 5103 particeps

2136 5109 2264 5179 ejus
2286 5108 2682 5166 tribulationis
2707 5126 2720 5164 :
2756 5111 2911 5182 quod
2933 5115 2991 5166 et
3019 5111 3167 5168 liber
3189 5115 3465 5170 Actorum
3490 5118 3785 5188 apostolo-

2133 5214 2264 5253 rum
2285 5198 2639 5254 manifestat.
2658 5199 2894 5272 Legitur
2913 5201 3091 5270 enim,
3108 5202 3266 5273 quia,
3283 5219 3413 5258 cum
3437 5211 3785 5278 susceptum

2133 5402 2197 5472 ut
2213 5413 2347 5472 eum
2362 5397 2761 5472 divusPetrus
2779 5398 2997 5472 cit.Ep.
3027 5404 3227 5469 vocat;
3261 5400 3484 5472 quique
3501 5401 3786 5459 verisimi-

2132 5468 2266 5540 liter
2289 5469 2442 5522 inter
2462 5470 2836 5540 septuaginta
2857 5468 3177 5540 discipulos
3194 5468 3684 5530 adnumerandus
3703 5475 3784 5529 vi-

2132 5539 2306 5620 detur
2331 5554 2343 5592 :
2369 5539 2622 5620 eumque
2637 5539 3559 5620 martyriipalmam_obtinuisse,
3578 5546 3784 5620 Silam,

2133 5615 2190 5684 et
2221 5608 2544 5684 silyanum;
2577 5608 2858 5684 tanquam
2889 5608 3038 5671 duos
3067 5614 3376 5674 distinctos
3405 5608 3564 5682 viros
3605 5608 3790 5684 Graoi

2133 5679 2227 5739 die
2259 5681 2326 5738 13
2349 5680 2493 5744 Julii
2523 5679 2743 5740 colunt.
