3990 6224
153 308 265 367 421

731 302 1139 366 EXPOSI'I‘IO
1184 304 1262 364 IN
1308 304 1736 367 EPISTOLAS
1784 306 2041 367 PAULI.
2076 336 2153 351 —
2197 307 2270 366 IN
2306 307 2549 369 EPIST.
2596 310 2648 369 II
2695 312 2798 371 AD
2845 313 3022 375 COR.

3458 329 3576 388 4‘29

154 440 421 497 ofﬁcium
454 437 744 493 voluisset
775 454 1048 510 peragere
1079 439 1405 510 assumpsit
1450 438 1662 493 Sileam
1726 457 1809 494 se-
1844 442 1898 507 Α
1931 440 2019 494 sui
2056 440 2166 495 ﬁde
2197 442 2569 508 consociavit,
2606 446 2662 498 in
2695 462 2803 501 uno
2836 447 3075 512 homine,
3104 453 3312 520 faciens
3362 472 3574 525 pacem-

154 546 290 584 cum
325 528 489 597 (Act,
522 544 609 591 xv,
646 526 756 597 40).
790 530 925 581 Post
957 526 1061 580 hac
1095 525 1327 597 legitur,
1362 526 1661 597 quia,cum
1698 545 1819 599 per—

157 624 465 691 agrassent
480 617 713 689 Syriam
727 615 1099 685 (Ibid.,41),et
1115 616 1375 670 Ciliciam
1403 618 1818 672 confirmantes

152 702 470 773 Ecclesiae,
505 710 795 760 venerunt
827 704 1074 759 Derben.
1119 709 1227 758 etc.
1282 705 1627 761 Timotheus
1658 724 1813 773 vero,

153 812 525 869 quamquam
557 794 630 848 ah
664 792 943 864 Apostolo
974 792 1051 846 sit
1082 792 1388 848 ordinatus
1421 794 1814 865 episcopus,et

158 886 417 941 multum
452 884 526 938 ab
558 899 624 937 eo
656 882 944 949 laudetur,
977 882 1182 936 merito
1218 887 1411 937 tamen
1443 884 1813 954 supponitur.

158 979 275 1029 Iste
309 975 489 1029 etiam
520 972 662 1027 ordo
685 976 951 1025 servatur
975 969 1035 1023 in
1068 970 1355 1026 Ecclesia:
1391 972 1669 1042 quoniam
1694 972 1815 1043 epi-

157 1064 320 1134 scopi
350 1064 521 1133 juxta
551 1077 726 1115 suum
754 1060 1020 1115 ordinem
1054 1061 1223 1114 sedes
1255 1060 1472 1115 habent

231 1152 506 1207 Christus
526 1150 703 1222 igitur
735 1150 829 1203 Dei
866 1149 1050 1203 Filius
1084 1166 1197 1203 non
1247 1149 1420 1203 habet
1474 1153 1549 1203 est
1578 1154 1648 1204 ει·
1684 1166 1815 1217 non,

161 1242 455 1313 quoniam
489 1238 647 1293 nulla
674 1243 760 1292 est
789 1238 846 1291 in
867 1236 965 1292 illo
980 1236 1395 1307 falsitas,nulla
1416 1240 1589 1293 etiam
1626 1244 1816 1294 muta-

168 1328 568 1393 bilitas,sicut
590 1326 866 1398 scriptum
890 1331 1005 1382 est:
1032 1326 1186 1396 Apud
1216 1343 1375 1397 quem
1392 1344 1500 1381 non
1532 1333 1812 1382 esttrans-

164 1418 406 1473 mutatio
436 1417 570 1487 (Jac.
609 1418 646 1481 l,
684 1416 794 1485 17),
825 1418 912 1469 etc
962 1414 1063 1469 Sed
1093 1416 1228 1469 EST
1275 1417 1335 1469 in
1392 1416 1490 1469 illo
1548 1416 1696 1481 fuit;
1756 1416 1812 1470 id

159 1512 275 1572 est,
311 1504 447 1577 quia
480 1509 678 1559 manet
706 1503 766 1557 in
796 1520 861 1557 eo
910 1502 1253 1558 inconvulsa
1294 1504 1526 1573 veritas,
1590 1504 1812 1558 incom-

161 1594 472 1650 mutabilis
512 1593 763 1661 bonitas,
797 1591 957 1647 Unde
988 1597 1043 1646 et
1072 1592 1142 1646 ad
1178 1592 1411 1663 Moysen
1470 1593 1647 1646 dicit:
1707 1593 1813 1663 Ego

159 1701 290 1739 sum
319 1684 413 1755 qui
440 1698 567 1736 sum
599 1681 791 1751 (Exod.
818 1697 899 1745 III,
938 1681 1041 1749 14).
1093 1685 1199 1734 etc.
1237 1680 1321 1734 llli
1376 1680 1591 1752 quippe
1646 1698 1811 1735 vera—

163 1775 312 1829 citer
368 1776 455 1827 est
498 1787 646 1839 esse,
681 1770 772 1825 cui
828 1786 942 1823 non
976 1768 1160 1837 aliter,
1194 1774 1295 1823 aut
1334 1768 1698 1823 dissimiliter
1728 1774 1815 1823 est

165 1878 319 1925 esse,
355 1860 454 1915 sed
486 1859 596 1913 hoc
621 1856 706 1911 illi
738 1862 828 1912 est
857 1872 1003 1922 esse,
1033 1857 1131 1926 qui
1164 1862 1287 1919 est;
1327 1861 1600 1911 creatura;
1660 1874 1813 1927 vero,

167 1948 311 2018 quia
340 1962 453 2000 non
487 1962 519 1999 a
549 1961 611 1999 se
640 1944 857 1999 habent
887 1958 1034 2007 esse,
1067 1944 1140 1997 ab
1172 1943 1271 1998 illo
1287 1943 1600 2012 accipiunt,
1629 1948 1690 1999 ut
1714 1962 1815 2015 pro

167 2034 407 2091 modulo
436 2050 543 2090 suo
576 2049 705 2088 esse
736 2032 980 2103 possint.
1019 2031 1105 2086 Illi
1136 2049 1290 2104 ergo,
1313 2034 1403 2088 cui
1447 2050 1560 2088 non
1593 2039 1681 2088 est
1711 2034 1815 2089 ali-

163 2128 270 2190 ter,
307 2128 407 2178 aut
435 2121 803 2177 dissimiliter
828 2136 975 2187 esse,
1009 2121 1108 2176 sed
1139 2121 1195 2175 id
1226 2126 1314 2176 est
1342 2121 1427 2176 illi
1459 2138 1608 2190 esse,
1660 2123 1813 2194 quod

164 2219 271 2279 est,
306 2229 424 2267 non
456 2211 614 2266 aliud
647 2215 735 2265 est
764 2210 1143 2280 contrarium,
1177 2211 1288 2265 nisi
1322 2210 1489 2281 illud,
1512 2214 1665 2283 quod
1700 2230 1814 2268 non

166 2306 277 2358 est.
311 2300 612 2367 Quocirca,
644 2298 794 2354 sicut
826 2315 997 2353 omne
1025 2300 1244 2354 bonum
1280 2301 1352 2354 ab
1387 2301 1483 2355 illo
1515 2308 1624 2367 est,
1662 2303 1740 2355 ita
1761 2308 1817 2357 et

166 2406 370 2460 omne,
402 2390 556 2460 quod
586 2388 927 2444 naturaliter
957 2393 1063 2457 est,
1117 2390 1188 2444 ab
1247 2390 1344 2445 illo
1403 2396 1528 2458 est;
1592 2408 1728 2462 ergo
1762 2398 1817 2446 et

166 2494 351 2535 omne
382 2478 601 2533 bonum
631 2478 700 2531 ab
725 2476 839 2532 illo-
865 2479 1047 2534 Item:
1084 2478 1285 2533 Omnis
1317 2480 1497 2551 igitur
1552 2485 1817 2536 creatura

167 2569 349 2633 bona,
410 2572 468 2621 et
523 2583 690 2621 omne
744 2567 961 2622 bonum
1024 2583 1057 2621 a
1112 2567 1266 2635 Deo,
1326 2573 1382 2623 et
1430 2569 1622 2623 omnis
1655 2587 1814 2625 croa-

165 2664 305 2714 tura
334 2656 409 2712 ab
438 2654 540 2710 illo
571 2660 679 2710 est.
714 2655 915 2725 Itaque
947 2656 1269 2710 notandum
1301 2663 1388 2711 est
1419 2656 1577 2727 quia,
1630 2674 1815 2728 quan-

165 2752 293 2802 tum
326 2746 397 2800 ad
433 2743 802 2817 dignitatem,
837 2748 892 2798 et
928 2743 1256 2799 libertatem
1280 2745 1584 2800 doctorum
1611 2747 1819 2801 attinet

169 2852 286 2891 non
318 2834 489 2889 debet
522 2832 637 2888 illis
664 2849 793 2888 esse
820 2835 895 2888 est
916 2841 966 2888 et
992 2849 1127 2899 non,
1162 2834 1258 2887 sed
1295 2843 1374 2888 est
1400 2833 1459 2888 in
1519 2834 1637 2889 illis
1689 2851 1819 2890 esse

169 2925 376 2980 debet:
405 2922 514 2979 hoc
541 2927 650 2989 est,
685 2922 825 2993 quia
853 2939 967 2977 non
1000 2922 1357 2979 voluntatem
1394 2924 1655 2988 utilitati,
1716 2926 1816 2980 sed

170 3013 483 3069 utilitatem
517 3012 732 3067 debent
762 3028 1093 3083 praeponere
1149 3011 1454 3067 voluntati.
1516 3015 1611 3069 Dei
1660 3015 1817 3069 enim

168 3100 354 3157 Filius
380 3099 665 3155 Dominus
682 3099 859 3153 Jesus
879 3100 1143 3155 Christus
1158 3118 1269 3155 non
1287 3101 1464 3156 habet
1486 3106 1563 3156 est
1591 3108 1643 3157 et
1666 3119 1773 3157 non
1800 3119 1814 3169 ;

1930 528 2014 583 his
2046 530 2322 600 quilonge
2353 539 2497 595 sunt,
2529 534 2577 586 et
2610 533 2694 586 his
2725 537 2822 605 qui
2839 553 3007 607 prope
3032 540 3168 608 (Ibid
3197 587 3211 609 ,
3252 543 3337 610 15,
3372 545 3481 615 17).

1998 618 2307 688 Sequitur:
2343 622 2403 673 Et
2433 623 2530 691 qui
2568 624 2727 675 unxit
2752 642 2845 678 nos
2878 627 3035 681 Deus.
3095 628 3266 685 Unxit
3298 648 3428 704 nos,
3488 635 3575 689 in-

1928 722 2125 777 quam,
2160 707 2512 771 ccclestibus,
2547 714 2603 763 et
2634 711 3001 781 spiritalibus
3022 716 3215 784 donis,
3267 726 3323 775 et
3385 724 3574 779 chari-

1928 795 2236 861 smatihus,
2273 802 2334 851 ut
2365 814 2629 852 essemus
2660 817 2833 866 genus
2869 804 3120 873 electum,
3163 812 3345 878 regale
3396 830 3573 869 sacer-

1926 886 2066 975 tium
2096 889 2145 952 (Ι
2178 888 2323 975 Detr.
2364 906 2420 947 ll,
2452 892 2528 953 υ),
2563 891 2885 947 secundum
2920 897 3072 964 quod
3107 898 3186 951 ait
3222 899 3576 975 Petrusapo-

1928 972 2133 1064 slolus.
2177 974 2261 1064 mi
2298 977 2676 1064 namquc,qui
2712 978 2767 1032 in
2789 980 2975 1034 Veteri
3001 983 3373 1042 Testamento
3396 972 3568 1064 uage.

1928 1060 2161 1123 bantur,
2197 1062 2455 1117 lidelium
2506 1067 2784 1135 gerebant
2840 1069 3107 1139 figuram.
3172 1060 3577 1146 Sequiturszt

1928 1150 2023 1219 qui
2050 1151 2291 1215 signavit
2322 1168 2434 1207 nos.
2471 1154 2586 1208 Hoc
2619 1154 2774 1209 enim
2810 1174 2909 1227 pro
2936 1175 3145 1230 magno
3170 1164 3313 1219 dixit
3339 1192 3353 1232 ;
3387 1169 3441 1223 id
3465 1177 3573 1237 est,

1927 1237 2257 1308 specialiter
2286 1246 2343 1294 et
2374 1242 2746 1311 singulariter
2790 1263 2904 1317 prce
2962 1250 3237 1307 omnibus
3294 1260 3575 1315 creaturis

1924 1324 2115 1397 elegit,
2150 1344 2214 1381 ac
2246 1328 2461 1384 dilexit.
2498 1331 2612 1385 Nos
2647 1350 2778 1387 vero
2807 1337 2957 1405 quod
2993 1338 3234 1396 charum
3288 1344 3577 1403 habemus

1925 1414 2250 1485 signemus.
2282 1417 2446 1483 Nota,
2482 1421 2633 1491 quod
2685 1421 2776 1475 his
2831 1425 3018 1479 verbis
3079 1444 3262 1485 unum
3319 1437 3577 1492 ostendit

1924 1518 2070 1572 opus
2104 1505 2309 1572 Patris,
2345 1512 2401 1561 et
2430 1508 2578 1573 Filii,
2614 1511 2891 1580 quoniam
2924 1529 3022 1567 eos
3039 1514 3205 1571 Pater
3230 1520 3443 1577 dicitur
3466 1541 3573 1580 un-

1922 1606 2078 1659 gere,
2111 1605 2166 1646 et
2223 1595 2473 1666 signare,
2510 1614 2655 1669 quos
2708 1600 2881 1655 Filius
2932 1602 3144 1658 dicitur
3205 1611 3570 1669 conﬁrmare.

1924 1678 2089 1749 Ergo,
2124 1698 2270 1751 quos
2304 1686 2610 1740 confirmat
2642 1687 2818 1741 Filius
2877 1691 3183 1749 confirmat
3255 1701 3311 1751 et
3369 1703 3571 1771 Pater;

1922 1768 2077 1861 quia,
2112 1784 2257 1839 quos
2293 1773 2459 1842 ungit
2489 1779 2545 1827 et
2577 1774 2771 1844 signat
2818 1776 3003 1842 Pater,
3059 1784 3223 1853 ungit
3275 1791 3331 1840 et
3380 1768 3578 1861 signat

1928 1855 2145 1945 Filius;
2180 1860 2480 1929 etquibus
2534 1861 2698 1916 Pater
2754 1863 2851 1917 dat
2910 1866 3191 1935 Spiritum
3244 1855 3574 1945 suumjdat

1925 1949 1981 1997 et
2013 1943 2213 2009 Filius,
2246 1948 2384 2017 quia
2413 1948 2615 2013 Patris,
2650 1956 2702 2003 ct
2736 1951 2859 2004 Filii
2896 1970 3047 2008 unus
3080 1958 3353 2027 Spiritus.
3412 1943 3571 2022 Unde

1927 2031 2078 2121 idem
2112 2034 2169 2086 in
2206 2035 2458 2105 Epistola
2505 2039 2574 2091 ad
2636 2038 2959 2095 Romanos:
3023 2043 3083 2097 Si
3135 2062 3257 2115 quis
3304 2050 3572 2121 Spiritum

1928 2120 2129 2211 Christi
2158 2140 2265 2177 non
2307 2124 2482 2191 habet,
2518 2127 2607 2181 hic
2634 2145 2747 2181 non
2775 2133 2853 2182 est
2882 2131 2998 2200 ejus
3053 2134 3223 2202 (Rom.
3260 2155 3335 2191 vn
3368 2140 3442 2211 9).
3509 2145 3575 2199 Et

1927 2209 2034 2263 hoc
2066 2212 2410 2279 notandum,
2444 2214 2600 2284 quia,
2644 2232 2777 2269 cum
2808 2219 2877 2272 de
2910 2222 3261 2289 perfectione
3315 2209 3572 2289 hominis

1926 2299 2261 2369 loqueretur
2286 2302 2493 2373 (Ibid),
2526 2305 2704 2359 totius
2733 2307 3037 2364 Trinitatis
3063 2312 3193 2366 fecit
3216 2319 3571 2378 mentionem

1926 2387 2064 2457 quia
2094 2404 2328 2444 summa
2359 2393 2727 2462 perfectionis
2760 2394 2816 2448 in
2850 2396 3140 2454 Trinitate
3172 2404 3459 2461 consistit.

2002 2476 2315 2546 Sequitur:
2381 2484 2443 2536 Et
2502 2481 2651 2536 dedit
2688 2485 2887 2553 pignus
2938 2488 3199 2557 Spiritus,
3262 2497 3371 2548 etc.
3423 2501 3571 2554 Sane

1927 2566 2270 2633 notandum,
2301 2568 2438 2639 quia
2464 2570 2675 2641 pignus
2708 2589 2809 2641 pro
2846 2590 2903 2629 re
2933 2576 3267 2641 credita,vel
3285 2589 3574 2653 promissa

1927 2652 2134 2719 datur;
2169 2660 2226 2709 et
2256 2672 2387 2711 cum
2422 2674 2511 2712 res
2544 2661 2853 2729 promissa,
2887 2663 2972 2717 vel
3006 2666 3223 2721 credita
3284 2652 3571 2744 redditur,

1928 2741 2203 2833 recipitur
2234 2745 2467 2815 pignus.
2503 2746 2686 2802 Datur
2714 2750 2887 2804 etiam
2912 2752 3123 2823 pignus
3156 2772 3257 2825 pro
3281 2741 3574 2833 magnitu;

1929 2829 2061 2884 dine
2095 2832 2172 2884 rei
2206 2834 2557 2901 creditaa,vel
2583 2838 2903 2907 promissae.
2925 2840 3027 2895 Ubi
3050 2844 3294 2901 solerter
3315 2829 3576 2908 animad-

1928 2920 2289 2985 vertendum,
2324 2930 2609 2993 quantum
2641 2926 2876 2981 dabitur
2904 2929 3103 2986 electis
3148 2934 3272 3003 jam
3332 2937 3574 2996 immor-

1929 3004 2305 3067 talibus,cum
2332 3016 2557 3066 tantum
2570 3013 2963 3075 eistribuatur
2976 3020 3166 3075 adhuc
3186 3027 3570 3089 mortalibus:

1929 3093 2037 3148 hoc
2068 3102 2174 3162 est,
2210 3105 2429 3169 quanta
2460 3104 2566 3157 erit
2598 3120 2819 3159 merces
2855 3111 2911 3160 et
2969 3114 3360 3168 remuneratio
3410 3120 3574 3189 regni

166 3190 305 3262 quia
336 3206 448 3244 non
478 3189 639 3243 aliud
668 3188 940 3257 vult,nisi
972 3190 1125 3259 quod
1162 3188 1302 3244 utile
1325 3196 1497 3255 est,et
1529 3192 1669 3247 utile
1692 3194 1820 3262 ejus
1852 3170 1894 3235 C
1934 3183 2207 3276 cwlesliS.
2240 3205 2371 3243 cum
2407 3191 2582 3245 etiam
2614 3210 2769 3246 nunc
2799 3198 2961 3248 tanta
2992 3199 3179 3267 gratia
3208 3203 3395 3257 sancti

168 3296 285 3334 non
317 3282 407 3334 est
437 3277 907 3343 coactum,veluti
943 3278 1199 3333 hominis
1226 3296 1237 3334 :
1277 3295 1379 3333 nec
1412 3285 1499 3334 est
1515 3283 1689 3337 etiam
1715 3281 1823 3336 ali-

169 3368 310 3440 quid
332 3368 615 3422 adversus
636 3383 772 3421 eum
801 3382 895 3421 am
909 3365 1333 3438 bignum,sicut
1353 3370 1506 3437 apud
1534 3369 1819 3426 homines.

169 3457 238 3511 Et
258 3456 387 3511 ideo
420 3455 723 3527 subjungit
756 3454 1328 3526 Apostolus,dicens:
1363 3458 1628 3529 Quotquot
1671 3462 1821 3514 enim

163 3546 563 3617 promissiones
592 3544 687 3598 Dei
724 3547 855 3597 sunt
908 3546 967 3597 in
1033 3544 1129 3598 illo
1187 3544 1342 3608 EST,
1400 3551 1507 3600 etc.
1544 3547 1703 3601 Talis
1736 3554 1824 3603 est

171 3649 413 3698 sensus,
446 3631 613 3702 quasi
642 3633 919 3687 dixisset:
953 3632 1157 3687 Omnis
1182 3634 1396 3688 veritas
1420 3634 1682 3690 Christus
1711 3641 1819 3703 est,

172 3730 227 3776 et
258 3720 382 3775 ideo
407 3736 510 3791 per
540 3722 715 3791 ipsum
744 3737 901 3776 amen
933 3722 1057 3785 Deo,
1092 3722 1228 3792 quia
1260 3739 1362 3793 per
1392 3722 1586 3795 ipsum
1629 3725 1820 3779 omnis

170 3810 423 3865 veritas:
461 3826 594 3863 nam
626 3826 795 3864 amen
826 3809 1038 3864 veritas
1068 3809 1519 3881 interpretatur:
1569 3829 1695 3883 quae
1726 3830 1819 3867 ve-

164 3899 309 3953 ritas
342 3914 447 3970 per
476 3897 773 3952 Christum
807 3902 895 3953 est
917 3897 1306 3963 manifestata,
1330 3904 1385 3953 et
1412 3900 1482 3954 ab
1542 3900 1820 3971 apostolis

164 3988 499 4058 praedicata,
535 3991 593 4041 et
624 3986 870 4041 diversis
893 3987 1100 4058 signis,
1134 3991 1191 4042 et
1214 3987 1513 4043 miraculis
1559 3994 1647 4044 est
1678 4006 1816 4045 con-

168 4078 422 4131 ﬁrmata.
456 4076 619 4139 Quod
654 4077 1007 4148 omne,quod
1039 4076 1306 4132 Christus
1330 4077 1597 4148 promisit
1617 4095 1818 4133 verum

163 4165 259 4231 sit,
292 4164 629 4236 impleatur,
664 4164 841 4235 hujus
872 4165 1171 4219 sententiae
1202 4164 1499 4221 conclusio
1532 4167 1667 4222 talis
1690 4184 1818 4223 esse

162 4258 377 4326 potest,
413 4254 581 4325 quasi
614 4253 895 4307 dixisset:
923 4253 1197 4308 Omnium
1231 4255 1689 4325 promissionum
1722 4274 1815 4312 ve-

163 4343 311 4397 ritas
342 4342 607 4398 Christus
638 4347 748 4408 est,
782 4359 909 4413 quae
941 4359 1043 4415 per
1074 4360 1178 4398 nos
1218 4344 1590 4414 praedicatur,
1626 4350 1681 4399 et
1703 4346 1813 4401 im-

162 4430 345 4503 pletio
378 4431 669 4503 sequitur.
704 4429 949 4485 Pulchre
980 4431 1217 4502 quidem
1249 4432 1553 4502 subjunxit
1582 4433 1689 4487 :Ad
1707 4436 1820 4504 glo-

162 4522 311 4575 riam
342 4521 439 4576 Dei
463 4522 609 4589 (689)
639 4538 652 4588 ;
688 4520 967 4591 quoniam
1000 4520 1253 4575 multum
1284 4521 1355 4575 ad
1406 4520 1653 4592 gloriam
1715 4523 1816 4577 Dei
1849 4540 1895 4603 ῃ

163 4610 397 4675 attinet,
430 4608 477 4663 si
510 4608 711 4664 omnia
741 4610 811 4663 ab
842 4607 965 4673 illo,
998 4613 1053 4664 et
1084 4625 1185 4680 per
1211 4607 1540 4676 illum,etin
1565 4609 1665 4666 illo
1689 4627 1818 4666 esse

162 4702 513 4765 noscuntur,
546 4703 602 4752 et
632 4696 1061 4769 intelliguntur.

237 4787 553 4855 Sequitur:
584 4789 688 4855 Qui
720 4796 904 4842 autem
931 4787 1228 4856 conﬁrmat
1245 4802 1341 4841 nos
1370 4788 1672 4855 vobiscum,
1716 4791 1819 4845 Do-

164 4876 363 4929 minus
395 4872 631 4931 Christus
662 4878 831 4947 (690),
887 4875 1255 4941 subauditur,
1319 4882 1441 4933 est:
1501 4877 1609 4933 iste
1663 4880 1818 4934 euim

162 4964 449 5019 Hebraeus
471 4969 609 5031 erat,
625 4971 682 5020 et
710 4965 987 5037 gentibus
1018 4963 1383 5035 loquebatur.
1410 4971 1554 5039 Ergo
1570 4966 1705 5022 talis
1732 4972 1820 5023 est

161 5069 416 5108 sensus:
456 5053 740 5108 Dominus
771 5053 1035 5108 Christus
1057 5058 1162 5120 est,
1198 5054 1296 5124 qui
1330 5072 1434 5111 nos
1465 5061 1521 5110 et
1550 5073 1649 5110 vos
1681 5057 1821 5113 inea

162 5140 295 5208 fide,
330 5158 461 5213 quae
528 5142 795 5213 patribus
823 5147 910 5197 est
955 5141 1265 5213 promissa,
1323 5143 1649 5198 confirmat.
1681 5144 1821 5210 Quia

161 5231 272 5301 ipse
299 5234 352 5285 et
393 5246 509 5302 pax
564 5235 773 5297 nostra,
806 5232 903 5300 qui
928 5232 1057 5301 fecit
1114 5239 1345 5302 utraque
1400 5248 1570 5286 unum
1602 5232 1817 5303 (Ephes.

160 5318 217 5373 in
250 5318 364 5389 24).
398 5323 459 5375 et
486 5320 639 5373 duos
679 5318 929 5389 parietes
962 5335 1030 5375 ex
1059 5318 1243 5375 diviso
1269 5320 1564 5376 venientes
1595 5320 1655 5375 in
1703 5336 1821 5376 una

245 5554 378 5625 689)
414 5550 593 5625 Vulg.
626 5549 699 5606 ad
728 5551 961 5621 gloriam
987 5555 1250 5609 nostram.

224 5622 379 5705 (690)
412 5622 591 5697 Vulg.
625 5625 724 5697 qui
751 5630 933 5681 autem
980 5625 1275 5698 conﬁrmat
1302 5641 1401 5685 nos
1458 5628 1735 5687 vobiscum
1756 5628 1819 5685 in

1932 3278 2028 3365 tus
2058 3275 2500 3332 administretur
2529 3280 2751 3335 electis.
2786 3283 2853 3335 Et
2883 3283 2990 3338 hoc
3049 3288 3375 3359 sciendum,
3438 3275 3576 3365 quia

1935 3361 2061 3415 ideo
2094 3365 2309 3435 pignus
2340 3367 2529 3435 datur,
2566 3373 2629 3421 ut
2658 3370 2866 3423 certior
2895 3370 3070 3427 homo
3102 3376 3398 3433 reddatur.
3433 3361 3576 3438 (Ira-

1932 3459 2014 3513 tia
2068 3473 2201 3527 ergo
2261 3455 2514 3525 Spiritus
2573 3457 2760 3511 sancti
2797 3458 2923 3513 ideo
2954 3461 3232 3517 tribuitur
3260 3467 3478 3537 electis,
3513 3476 3578 3527 ut

1932 3550 2205 3601 certiores
2238 3542 2353 3598 sint
2384 3545 2452 3597 de
2484 3545 2872 3615 promissione
2902 3551 3060 3620 regni
3095 3551 3364 3610 cmlestis.

2003 3635 2149 3705 (691)
2180 3631 2455 3702 Sequitur
2482 3650 2493 3698 ;
2528 3634 2636 3699 Ego
2665 3639 2848 3689 autem
2863 3641 3051 3693 testem
3074 3642 3260 3699 invoco
3282 3648 3577 3717 Deum,etc

1933 3723 2309 3777 Laboraverat
2326 3721 2637 3792 Apostolus
2651 3724 2943 3794 superius,
2956 3732 3017 3781 ut
3031 3729 3249 3786 crimen
3269 3732 3522 3793 levitatis
3544 3755 3579 3793 a

1931 3828 1992 3866 se
2023 3814 2291 3882 tergeret,
2324 3814 2379 3863 et
2436 3826 2497 3864 se
2540 3810 2859 3869 immunem
2921 3833 2954 3871 a
2986 3819 3272 3874 mendacii
3334 3824 3578 3884 crimine

1928 3900 2277 3955 ostenderet.
2310 3900 2437 3952 .lam
2468 3916 2621 3954 nunc
2651 3900 2853 3972 incipit
2885 3906 3257 3964 manifestare
3305 3928 3483 3982 quare
3504 3914 3577 3969 ad

1928 4006 2026 4044 eos
2060 4005 2174 4043 non
2201 3987 2441 4053 venerit,
2476 4004 2608 4042 cum
2642 3990 2815 4044 dicit:
2852 3992 2957 4062 Ego
3010 4004 3191 4050 autem
3250 4002 3438 4055 testem
3487 4004 3577 4056 in-

1930 4094 2072 4143 voco,
2101 4080 2208 4131 etc.
2245 4076 2466 4140 Quibus
2497 4077 2688 4131 verbis
2718 4079 2974 4132 ostendit
3023 4084 3175 4151 quod
3236 4102 3349 4140 non
3400 4104 3576 4158 penes

1927 4182 2083 4231 eum,
2118 4164 2215 4218 sed
2250 4180 2395 4234 pene
2454 4163 2585 4216 illos
2644 4164 2837 4228 fuerit,
2899 4170 3051 4237 quod
3115 4171 3186 4224 ad
3248 4189 3346 4227 eos
3404 4191 3576 4230 vene-

1928 4252 2005 4307 rit
2034 4250 2299 4305 Ostendit
2323 4248 2517 4311 etiam,
2554 4266 2686 4303 cum
2718 4250 2894 4305 dicit:
2930 4258 3165 4310 Parcens
3191 4259 3357 4327 vobis,
3420 4264 3574 4333 quod

1931 4339 2097 4394 multi
2126 4342 2291 4394 erant
2347 4338 2651 4393 incorrecti
2702 4339 2854 4393 inter
2882 4357 3002 4406 eos,
3038 4361 3286 4414 quorum
3344 4355 3579 4420 peccata

1929 4429 2177 4484 necdum
2208 4430 2373 4483 erant
2402 4432 2632 4482 excocta
2655 4428 3015 4499 paenitudine
3040 4449 3051 4486 :
3080 4442 3438 4507 quapropter
3459 4456 3575 4495 non

1928 4518 2083 4573 venit
2113 4517 2181 4571 ad
2215 4534 2332 4584 eos,
2366 4520 2429 4570 ut
2461 4516 2575 4571 illis
2603 4516 2816 4587 locum,
2850 4523 2906 4573 et
2963 4524 3195 4593 tempus
3255 4527 3575 4596 paenitendi

1930 4606 2292 4668 concederet,
2328 4610 2618 4677 quatenus
2677 4623 2808 4661 cum
2860 4610 3100 4675 veniret,
3162 4628 3275 4667 non
3336 4614 3578 4671 haberet

1931 4695 2084 4767 quod
2120 4699 2395 4765 parceret.
2430 4695 2575 4749 Nam
2612 4701 2674 4750 ut
2706 4696 2825 4752 haec
2857 4699 3073 4753 arctius
3104 4716 3305 4757 eorum
3365 4703 3576 4759 menti-

1930 4784 2039 4838 bus
2070 4783 2410 4845 inculcaret,
2444 4788 2650 4840 testem
2691 4790 2867 4841 Deum
2901 4788 2957 4842 in
2990 4788 3247 4846 animam
3279 4810 3485 4861 suam;
3516 4792 3578 4851 id

1931 4877 2040 4938 est,
2075 4890 2251 4943 super
2282 4872 2560 4936 animam,
2596 4876 2911 4931 invocavit.
2973 4881 3037 4931 Et
3097 4879 3243 4935 bene
3300 4882 3577 4953 quidem;

1930 4962 2068 5032 quia
2102 4963 2196 5017 Dei
2229 4961 2419 5017 solum
2449 4968 2539 5017 est
2571 4965 2776 5019 animae
2809 4971 3030 5022 secreta
3086 4985 3453 5041 cognoscere,
3486 4989 3577 5028 se-

1930 5051 2189 5104 cundum
2215 5050 2368 5120 quod
2404 5050 2688 5121 scriptum
2719 5060 2807 5108 est
2832 5071 2843 5109 :
2872 5055 3054 5111 Homo
3102 5058 3258 5113 videt
3310 5060 3368 5113 in
3429 5060 3576 5116 facie

1934 5142 2081 5192 Deus
2111 5142 2308 5192 autem
2342 5137 2399 5191 in
2433 5139 2619 5194 corde.
2656 5142 2872 5198 Idcirco
2903 5145 3077 5200 etiam
3110 5146 3575 5213 dicebat,testem

1930 5226 2117 5281 Deum
2152 5226 2375 5294 invoco,
2412 5244 2657 5298 parcens
2686 5231 2871 5300 vobis,
2924 5239 3215 5304 quatenus
3264 5236 3361 5306 qui
3409 5234 3574 5306 digni

1930 5320 2116 5379 erant,
2150 5314 2258 5369 hoc
2289 5315 2618 5386 audientes,
2645 5334 2761 5373 non
2793 5321 3488 5392 scandalizarentur,ejus
3510 5337 3577 5380 se

1933 5548 2151 5695 6%?ch
2180 5621 2244 5675 In
2276 5604 2484 5689 autogf
2509 5633 2693 5690 marg.
2725 5620 2820 5677 hic
2848 5620 3061 5696 legitur
3093 5639 3218 5696 cap.
3253 5623 3327 5684 IV
