3990 6224
355 284 473 342 423

1387 272 1716 334 ATTONIS
1762 269 2340 334 VERGELLENSIS
2384 273 2732 336 EPISCOPI

3644 286 3762 345 424

358 413 668 490 praesentia
695 411 967 483 indignos
989 407 1324 480 judicantes
1353 424 1365 472 ;
1401 405 1484 460 illi
1514 423 1668 472 vero,
1711 405 1808 475 qui
1835 407 2002 460 erant
2031 405 2083 470 Α
2118 407 2602 478 transgressione,
2637 425 2752 463 non
2784 409 2964 465 uetari
2997 411 3068 465 de
3110 395 3457 468 succedente
3489 416 3768 472 emenda-

359 505 606 577 indigni,
639 504 718 558 ita
750 501 1052 556 studerent
1080 497 1270 553 vivere
1304 501 1596 567 quatenus
1623 495 1810 566 ipsius
1856 511 1998 566 pree-

362 595 553 651 sentia
581 591 740 661 digni
776 591 996 644 ﬁerent.

432 683 548 738 Non
571 681 705 752 quia
734 679 1051 735 dominatur
1079 675 1206 745 ﬁdei
1235 673 1566 738 vestrae,lIis
1590 673 1782 728 verbis
1813 677 2004 727 osten-

365 771 448 825 dit
507 767 816 840 Apostolus
865 782 984 821 rem
1041 780 1168 819 esse
1225 761 1634 826 voluntariam,
1692 779 1807 816 non
1865 777 2001 816 coa-

361 864 518 916 ctam
548 877 561 925 ;
595 859 959 913 namcoactae
984 852 1310 907 reinecesse
1324 856 1412 905 est
1434 850 1721 905 dominari
1749 869 1761 917 ;
1795 848 2000 904 volun-

361 948 521 1004 taria:
551 963 683 1002 vero
713 944 799 999 vel
832 945 1184 1015 spontanee,
1215 938 1391 994 veluti
1423 938 1576 1007 ﬁdei,
1613 955 1727 993 non
1760 943 1847 992 est
1903 953 2000 991 ne-

360 1053 521 1094 cesse
549 1033 1005 1091 dominationem
1037 1029 1350 1094 adhibere;
1385 1034 1441 1083 et
1470 1028 1597 1083 ideo
1655 1027 1998 1098 subjunxit:

357 1128 492 1183 Nam
520 1125 625 1194 ﬁde
643 1124 820 1185 statis,
854 1119 1024 1192 quasi
1056 1118 1272 1173 diceret
1299 1135 1310 1172 :
1341 1118 1466 1172 Non
1499 1121 1586 1172 est
1616 1133 1852 1172 necesse
1900 1117 2002 1170 do-

356 1213 735 1269 minationem
761 1208 1054 1266 adhibere.
1115 1207 1613 1278 quemadmodum
1673 1205 2003 1260 sacerdotes

354 1305 690 1359 Judazorum
723 1297 1184 1355 dominationem
1237 1297 1583 1352 exercebant
1639 1295 1698 1348 in
1749 1291 2000 1365 populo;

357 1409 492 1450 nam
527 1392 641 1446 fide
672 1389 860 1445 statis.
893 1387 1019 1442 Non
1050 1384 1636 1457 longe,sedadjutores
1662 1399 1852 1438 sumus
1873 1397 2006 1450 gau-

355 1482 438 1538 dii
465 1476 1049 1544 vestri.Quaerendum
1081 1478 1170 1530 est
1197 1488 1377 1544 quare
1406 1489 1468 1527 se
1497 1472 1653 1528 dicat
1681 1471 2004 1541 adjutorem

356 1570 554 1642 gaudii
570 1583 696 1624 esse
715 1583 848 1622 cum
862 1563 1131 1636 superius
1147 1561 1393 1616 nimium
1415 1578 1474 1616 se
1493 1560 1801 1615 dixissetin
1818 1560 2006 1631 prima

357 1658 615 1731 Epistola
646 1655 1075 1711 contristatum.
1109 1652 1218 1707 Sed
1254 1650 1403 1719 ideo,
1435 1649 1573 1721 quia
1597 1650 1750 1704 sicut
1769 1646 2007 1702 tristitia

354 1752 444 1804 est
473 1748 530 1801 in
563 1762 724 1811 casu,
758 1743 842 1798 ita
870 1741 1074 1796 laetitia
1105 1745 1192 1795 est
1224 1740 1281 1793 in
1315 1738 1686 1803 correctione,
1711 1741 1767 1791 et
1798 1753 2000 1792 emen-

355 1835 607 1904 datione,
641 1832 807 1904 quasi
859 1830 1107 1885 diceret:
1169 1828 1314 1891 Quia
1374 1826 1672 1881 tristitiam
1733 1826 1998 1880 habuiin

354 1923 518 1980 vobis
550 1920 917 1982 cadentibus,
950 1917 1175 1989 gaudeo
1198 1916 1360 1970 vobis
1394 1916 1854 1987 resurgentibus,
1917 1931 2006 1969 ex-

355 2013 744 2069 hortationem
767 2007 1180 2072 adbibendo,et
1201 2005 1481 2060 salutaria
1504 2007 1765 2060 antidota
1787 2004 2007 2058 submi-

355 2101 677 2157 nistrando.
716 2099 777 2152 In
810 2113 924 2168 quo
958 2095 1109 2150 facto
1142 2099 1457 2150 monentur
1486 2093 1920 2163 przedicatores,
1943 2096 2007 2146 ut

352 2192 476 2246 suis
489 2189 765 2244 studeant
783 2185 1224 2258 resurgentibus
1239 2183 1532 2254 adjutores
1546 2182 2006 2250 esse,scribendo

363 2278 744 2342 exhortando,
779 2281 835 2330 et
867 2273 1148 2329 salutaria
1202 2272 1464 2328 antidota
1512 2272 1841 2342 praebendo.
1870 2270 2007 2324 Nam

353 2369 456 2440 ﬁde
477 2370 653 2422 statis.
687 2366 852 2420 Hunc
884 2363 1039 2417 enim
1074 2361 1268 2416 locum
1299 2360 1536 2432 exponit
1585 2358 1918 2430 Gregorius,
1951 2362 2009 2413 et

352 2456 597 2512 alteram
611 2451 988 2509 intentionem
1004 2447 1266 2522 Apostoli
1283 2449 1461 2504 fuisse
1477 2446 2007 2517 manifestat.quasi

355 2546 607 2601 diceret:
634 2543 699 2596 In
730 2557 795 2596 eo
819 2541 972 2611 quod
1007 2539 1120 2593 fide
1177 2537 1368 2599 statis,
1402 2537 1628 2591 similes
1685 2553 1784 2591 vos
1836 2536 2006 2591 nobis

358 2651 487 2689 esse
517 2629 947 2703 cognoscimus.
982 2625 1453 2681 Obliviscebatur
1485 2624 1639 2680 enim
1693 2623 2006 2695 Apostolus

355 2722 649 2794 prioratus
681 2717 771 2773 sui
785 2715 1191 2772 auctoritatem
1219 2731 1232 2780 ;
1251 2714 1406 2768 unde
1421 2730 1482 2768 se
1497 2711 1802 2784 parvulum
1818 2711 2004 2765 nomi-

355 2815 455 2865 nat
484 2809 544 2864 in
577 2803 1270 2879 sequentibus,dicendo:
1306 2807 1595 2872 Tanquam
1622 2799 2008 2872 parvulifacti

350 2915 540 2956 sumus
571 2899 632 2952 in
659 2895 837 2950 medio
864 2894 1029 2949 vestri
1060 2893 1106 2962 (Ι
1134 2892 1304 2946 Thess-
1334 2907 1394 2955 ιι,
1427 2891 1522 2959 7);
1554 2894 1651 2944 et:
1682 2891 1784 2944 Nos
1822 2895 2005 2944 autem

353 3005 530 3046 servos
560 2996 758 3042 vestros
783 2986 858 3052 (II
893 2983 1012 3038 Cor.
1047 2997 1123 3047 ιν,
1151 2982 1209 3048 5)
1235 2999 1248 3046 ;
1278 2979 1554 3051 quoniam
1585 2980 1781 3034 deerat
1811 2978 2000 3049 culpa.

351 3080 679 3150 Apparente
707 3090 838 3129 vero
870 3071 1062 3143 culpa,
1096 3069 1186 3124 sui
1235 3070 1532 3140 prioratus
1590 3069 1996 3123 auctoritatem

2114 493 2270 550 tione
2302 520 2314 560 ;
2332 513 2464 550 nam
2484 514 2598 552 non
2615 497 2806 552 minor
2827 499 3062 555 tristitia
3081 505 3170 555 est
3193 501 3263 556 de
3279 518 3393 556 non
3417 505 3770 562 succedente

2111 584 2721 656 emendatione,quam
2745 588 2816 641 de
2837 585 3475 660 trangression'e.Quasi
3511 592 3731 650 diceret
3753 611 3768 655 :

2112 671 2252 742 Ego,
2285 673 2382 743 qui
2419 675 2488 727 ab
2521 675 2810 730 extraneis
2843 677 3091 749 afﬂigar,
3126 683 3183 733 et
3205 679 3422 747 tristor,
3470 681 3676 737 saltem
3711 685 3772 739 in

2109 759 2297 826 vobis,
2331 761 2509 816 veluti
2540 769 2703 835 pater
2733 764 2789 818 in
2827 765 2985 830 filiis,
3039 767 3422 838 requiescam.
3455 770 3529 824 De
3575 771 3774 842 quibus

2111 853 2433 919 oportuerat
2457 868 2543 906 me
2568 852 3070 923 gaudereDuobus
3097 855 3289 911 modis
3309 861 3646 927 oportuerat
3675 875 3789 916 me.

2112 938 2406 1007 gaudere:
2442 941 2513 994 de
2545 942 2708 996 vobis
2739 941 2796 996 in
2831 949 3014 1013 empto
3049 943 3345 1013 proposito
3372 948 3771 1017 permanenti-

2112 1025 2244 1095 bus,
2279 1027 2398 1082 sive
2430 1029 2500 1082 de
2532 1030 2698 1084 vobis
2733 1031 3182 1101 corrigentibus,
3215 1036 3267 1088 et
3288 1035 3766 1105 emendantibus,

2115 1114 2406 1184 Conﬁdens
2435 1133 2579 1180 sum,
2615 1122 2721 1173 etc.
2756 1119 2994 1174 Duobus
3025 1121 3214 1176 modis
3245 1123 3546 1179 conﬁdens
3585 1141 3723 1180 sum
3750 1142 3764 1190 ;

2113 1202 2251 1272 quia
2285 1205 2459 1258 credo
2491 1205 2832 1278 intelligere,
2867 1213 3006 1262 tunc
3037 1213 3293 1264 vestrum
3353 1215 3575 1266 rectum
3636 1229 3772 1268 esse

2111 1290 2416 1361 gaudium,
2450 1293 2498 1347 si
2533 1310 2623 1348 me
2643 1294 2908 1351 sentiatis
2936 1296 3226 1368 gaudere;
3260 1298 3380 1354 sive
3409 1300 3640 1355 conﬁdo
3687 1301 3773 1359 ita

2114 1379 2276 1452 diligi
2307 1397 2340 1435 a
2369 1381 2552 1448 vobis,
2590 1387 2650 1437 ut
2680 1400 2876 1439 meum
2907 1385 3188 1456 gaudium
3220 1392 3479 1444 vestrum
3509 1406 3638 1446 esse
3669 1391 3768 1447 de-

2115 1468 2348 1539 putetis.

2187 1557 2324 1612 Nam
2356 1574 2424 1612 ea:
2453 1561 2631 1615 multa
2660 1561 3044 1632 tribulatione,
3079 1569 3188 1620 etc.
3223 1565 3322 1621 His
3349 1567 3541 1624 verbis
3569 1573 3770 1626 osten-

2119 1645 2203 1700 dit
2233 1662 2348 1716 quo
2380 1647 2608 1715 affectu,
2643 1654 2698 1703 et
2729 1665 2843 1720 quo
2866 1667 3062 1707 arnore
3087 1668 3226 1723 erga
3254 1652 3585 1711 Corinthios
3614 1657 3767 1712 deti-

2121 1740 2375 1790 neretur.
2409 1735 2676 1791 Ostendit
2704 1738 2860 1792 enim
2895 1741 3049 1810 quod
3085 1740 3771 1814 nullaangustia.vel.tri-

2116 1821 2338 1877 bulatio
2371 1840 2502 1879 eum
2537 1843 2570 1880 a
2599 1825 3767 1902 Corinthiisseparareposset.Permultas

2116 1913 2406 1984 tacrymas.
2440 1915 2626 1977 Quare
2657 1931 2758 1987 per
2787 1916 3002 1971 multas
3043 1918 3396 1986 manifestat,
3427 1920 3627 1978 dicens
3653 1941 3666 1977 :
3705 1923 3770 1980 Ut

2115 2017 2222 2056 non
2253 2005 2674 2068 contristemini,
2702 2009 2810 2059 etc.
2840 2030 2852 2071 ;
2885 2006 3051 2076 quasi
3076 2007 3292 2062 diceret
3316 2025 3329 2061 :
3356 2007 3494 2066 Nolo
3511 2027 3610 2066 vos
3632 2027 3767 2066 con-

2117 2090 2364 2158 tristare,
2399 2093 2498 2146 sed
2532 2094 2835 2148 ostendere
2867 2110 3041 2165 quam
3069 2095 3410 2151 charitatem
3431 2095 3674 2153 habeam
3698 2099 3763 2153 in

2114 2180 2300 2246 Vobis,
2336 2185 2398 2235 ut
2428 2181 2485 2234 in
2518 2182 3764 2251 abundantiorcsollicitudine,abundantio-

2112 2285 2235 2322 rem
2268 2268 2604 2340 intelligatis
2635 2271 3004 2327 charitatem.
3040 2271 3105 2326 Et
3134 2272 3245 2328 hoc
3279 2273 3554 2346 est,quod
3575 2274 3761 2332 dicit:

2115 2358 2496 2413 Abundantius
2527 2360 2587 2412 in
2611 2359 2775 2414 vobis.

2184 2450 2248 2503 Si
2277 2450 2402 2519 quis
2428 2453 2611 2504 autem
2639 2452 3032 2516 constristavit,
3065 2455 3174 2506 etc.
3205 2451 3316 2506 Sed
3335 2467 3517 2522 quare
3539 2452 3688 2508 dicit
3710 2469 3788 2509 se.

2117 2537 2610 2601 contristatum,et
2624 2555 2737 2592 non
2758 2539 3172 2594 contristatum
3197 2537 3224 2592 ?
3243 2539 3402 2594 Talis
3423 2543 3514 2595 est
3529 2557 3754 2598 sensus

2117 2624 2282 2694 quasi
2315 2625 2568 2679 diceret:
2604 2627 2973 2682 Contristatis
3005 2643 3118 2693 me,
3151 2632 3207 2682 et
3229 2643 3343 2682 non
3377 2629 3769 2696 contristatis,

2117 2712 2254 2783 quia
2280 2713 2444 2768 vobis
2477 2715 3018 2784 peccantibus,data
3047 2720 3134 2770 est
3158 2715 3301 2770 mihi
3326 2717 3553 2773 occasio
3576 2718 3769 2774 incre-

2116 2802 2289 2870 pandi
2319 2819 2330 2868 ;
2365 2807 2656 2873 quatenus
2692 2820 2818 2859 mea
2849 2805 3164 2875 increpatio
3194 2809 3252 2860 et
3283 2805 3607 2862 invectione
3653 2823 3762 2863 me-

2111 2890 2285 2946 liores
2317 2892 2714 2946 efﬁceremini.
2750 2893 2817 2947 Et
2845 2892 2953 2948 hoc
3008 2893 3262 2964 exponit,
3325 2910 3458 2948 cum
3518 2895 3672 2950 dicit
3700 2912 3771 2952 ex

2109 2983 2305 3051 parte;
2337 2982 2503 3052 quasi
2536 2981 2726 3036 dicat:
2779 2987 2841 3036 In
2898 2988 3128 3037 tantum
3188 2998 3284 3037 me
3341 2983 3764 3042 contristastis.

2112 3073 2398 3138 quantum
2433 3069 2746 3136 cecidistis,
2779 3075 2837 3124 et
2861 3071 3144 3126 damnum
3175 3071 3488 3127 habuistis.
3533 3073 3601 3129 Ut
3657 3090 3764 3130 non

354 3143 707 3230 recordatur,
739 3162 984 3217 dicendo
1010 3177 1023 3214 :
1060 3157 1200 3226 Quid
1231 3159 1394 3212 vultis
1415 3157 1442 3212 ?
1471 3162 1538 3212 In
1571 3160 1726 3228 virga
1777 3159 1992 3211 veniam
2024 3143 2066 3208 C
2102 3173 2335 3211 onerent
2356 3174 2542 3212 omnes
2571 3174 2680 3213 vos.
2716 3163 2847 3213 Dum
2879 3166 3072 3231 partes
3103 3165 3286 3227 erant,
3321 3177 3435 3215 una
3467 3167 3666 3230 stans,
3712 3169 3766 3220 et

349 3254 419 3310 ad
446 3270 536 3310 vos
567 3253 610 3324 (l
633 3253 753 3307 (lor.
781 3267 854 3320 iv,
877 3251 990 3316 21),
1025 3254 1131 3303 etc.
1159 3246 1264 3302 Ubi
1300 3247 1435 3301 dicit
1471 3246 1596 3318 ipse
1658 3246 1994 3318 Gregorius,

349 3343 486 3416 quia
515 3347 656 3397 tunc
674 3337 1128 3397 summuslocus
1143 3342 1294 3392 recte
1314 3335 1554 3407 regitur,
1571 3351 1703 3388 cum
1724 3335 1998 3406 praelatus

350 3434 538 3506 magis
568 3430 721 3486 vitiis
761 3444 938 3500 quam
953 3425 1230 3481 fratribus
1248 3425 1674 3506 dominaturJn
1707 3440 1822 3494 quo
1849 3424 1998 3478 facto

348 3505 661 3579 monentur
687 3517 1066 3592 praelati.cum
1091 3515 1326 3586 culpam
1354 3505 1562 3585 parant
1580 3513 1998 3584 reprehendere

344 3612 428 3667 ita
455 3611 594 3666 vitia
623 3609 834 3663 feriant
858 3623 960 3678 per
989 3603 1330 3675 displinam,
1353 3607 1642 3673 quatenus
1700 3617 1800 3671 per
1830 3606 1997 3656 natu-

344 3717 469 3756 ram
501 3697 726 3754 similes
746 3710 956 3762 secsse
978 3697 1328 3764 cognoscant
1353 3709 1364 3756 ;
1394 3707 1526 3746 nam
1552 3695 1690 3745 natu
1706 3708 1770 3744 ra
1791 3706 1997 3744 omnes

347 3789 604 3860 aequales
621 3783 949 3857 genuit,sed
972 3781 1126 3852 quod
1150 3797 1302 3835 unus
1320 3779 1481 3834 alteri
1500 3778 2002 3851 prmfertur,culpa

352 3877 506 3934 fecit.
539 3874 702 3931 Unde
736 3887 970 3928 necesse
1001 3874 1108 3937 est,
1145 3873 1208 3922 ut
1239 3868 1457 3941 praelati
1492 3868 1659 3924 bonis
1687 3885 1747 3922 se
1778 3867 2009 3922 similes

347 3982 479 4022 esse
500 3963 819 4037 praebeant;
836 3958 1004 4016 malis
1025 3974 1156 4013 vero
1175 3957 1462 4028 prioratus
1485 3958 1574 4013 sui
1597 3957 2001 4012 auctoritatem

346 4054 676 4112 ostendant.
728 4051 886 4106 Hanc
944 4048 1223 4104 intellexit
1277 4047 1663 4102 intentionem
1740 4044 2000 4116 Apostoli

356 4145 568 4210 fuisse;
603 4142 700 4214 qui
725 4156 933 4196 sensus
956 4136 1332 4193 inconvulsus
1355 4152 1388 4190 a
1409 4133 1747 4190 doctoribus
1775 4137 1863 4188 est
1879 4149 2003 4188 ser-

350 4233 599 4290 vandus.

425 4321 570 4392 (692)
604 4319 736 4375 CAP.
768 4318 861 4391 Il.)
885 4317 1066 4374 Statui
1094 4320 1294 4381 autem,
1329 4318 1434 4370 ctc.
1465 4329 1478 4380 ;
1532 4311 1588 4366 id
1645 4313 1734 4366 est
1791 4309 2004 4370 delibe.

352 4411 495 4476 ravi,
527 4415 583 4465 et
603 4407 958 4465 decrevi.llis
989 4406 1186 4462 verbis
1218 4402 1470 4460 ostendit
1491 4400 1645 4471 apud
1674 4416 1735 4454 se
1767 4399 2002 4470 quidem

2107 3245 2286 3303 altera
2299 3247 2543 3314 cadens;
2564 3247 2664 3301 sed
2689 3249 2982 3304 stantibus
2996 3248 3224 3304 videtur
3242 3248 3762 3325 Apostolusloqui,

2108 3350 2256 3404 quos
2287 3351 2399 3388 non
2432 3339 2635 3389 onerat
2667 3352 2680 3401 ;
2716 3341 2773 3390 et
2803 3336 2854 3391 si
2885 3335 3014 3392 illos
3037 3353 3153 3392 non
3185 3342 3404 3406 onerat,
3427 3345 3646 3395 onerat
3673 3357 3766 3398 ca-

2109 3425 2332 3488 dentes,
2367 3421 2515 3490 ideo,
2550 3423 2687 3494 quia
2707 3441 2820 3495 quo
2845 3425 3033 3497 magis
3057 3424 3252 3497 plures
3273 3427 3345 3486 de
3368 3426 3636 3484 facinore
3668 3445 3766 3485 cu-

2100 3510 2347 3580 juslibet
2373 3511 2865 3579 scandalizentur,
2899 3530 2964 3569 eo
2995 3514 3230 3586 gravius
3259 3520 3522 3586 peccant.

2180 3600 2398 3670 Sufficit
2428 3601 2520 3655 illi
2550 3603 2647 3672 qui
2673 3603 2942 3673 ejusmodi
2976 3606 3072 3670 est,
3106 3611 3214 3659 etc.
3247 3607 3287 3659 Α
3323 3605 3588 3668 Pluribus
3630 3607 3774 3665 dicit

2109 3689 2246 3760 quia
2267 3706 2300 3742 a
2322 3688 2524 3744 multis
2546 3689 2734 3744 fuerat
2753 3691 3151 3762 increpatuset
3175 3693 3776 3764 objurgatusﬂmnes

2111 3777 2264 3832 enim
2299 3795 2413 3832 uno
2437 3778 2632 3833 animo
2664 3785 3148 3836 consurrexerant
3168 3782 3236 3836 ad
3263 3783 3390 3851 ejus
3410 3781 3770 3856 increpatio-

2110 3883 2241 3921 nem
2272 3872 2329 3922 et
2384 3867 2820 3937 expulsionem:
2863 3874 2919 3923 et
2968 3867 3097 3925 ideo
3125 3869 3288 3940 dicit,
3321 3871 3506 3942 suffici
3527 3888 3546 3932 ,'
3595 3881 3770 3946 quasi

2110 3955 2368 4016 diceret;
2397 3955 2624 4009 Sufﬁcit
2640 3957 2710 4011 ad
2726 3959 2854 4026 ejus
2881 3957 3766 4031 correptionem,expulsionem,

2111 4049 2168 4098 et
2198 4042 2620 4107 confusionem,
2654 4049 2712 4099 et
2739 4045 3232 4111 emendationem,
3279 4046 3416 4116 quia
3464 4063 3499 4102 a
3555 4049 3771 4105 multis

2111 4132 2502 4204 redarguitur,
2532 4132 2670 4203 quia
2699 4138 2925 4189 tantum
2954 4133 3086 4204 quis
3109 4135 3383 4190 abhorret
3404 4150 3580 4191 suum
3623 4137 3768 4194 deli-

2111 4225 2290 4283 ctum,
2324 4225 2608 4292 quantum
2641 4221 2786 4278 alios
2814 4223 3114 4296 cognoscit
3141 4223 3453 4280 abhorrere

2112 4311 2193 4364 Ita
2245 4318 2294 4364 et
2351 4314 2572 4365 econtra
2626 4313 2804 4380 magis
2859 4311 3074 4368 donatis
3129 4317 3238 4367 etc.
3289 4311 3465 4377 Quasi
3495 4311 3764 4370 diceret:

2112 4398 2273 4453 Sicut
2301 4415 2504 4454 omnes
2535 4415 2650 4454 uno
2681 4399 2878 4455 animo
2911 4401 2982 4455 ad
3013 4401 3142 4473 ejus
3173 4399 3572 4477 expulsionem
3595 4403 3768 4458 etin-

348 4517 447 4557 eos
481 4498 630 4554 nolle
654 4496 984 4554 contristari
1015 4513 1027 4562 ;
1053 4495 1154 4550 sed
1186 4491 1350 4558 velle,
1385 4494 1448 4544 ut
1501 4488 1612 4558 ipsi
1672 4487 1998 4556 tristentur,
2030 4513 2076 4577 D
2109 4487 2499 4559 crepationem
2531 4487 2868 4543 surrexistis
2911 4488 2992 4543 ita
3047 4493 3283 4545 econtra
3333 4486 3538 4545 omnes
3602 4504 3767 4565 aeque

345 4593 402 4645 et
431 4588 818 4660 corrigantur,
844 4589 1155 4656 quatenus,
1186 4582 1308 4652 ipse
1337 4576 1602 4639 veniens,
1634 4574 1690 4628 in
1725 4574 1809 4629 eis
1841 4577 1995 4646 quod

345 4677 795 4749 reprehenderet
822 4691 936 4728 non
970 4673 1229 4727 haberet.
1265 4668 1323 4722 Si
1351 4666 1506 4721 enim
1564 4679 1678 4733 ego,
1736 4667 1996 4722 contristo

344 4781 454 4832 vos,
488 4762 1057 4820 etc.Contristaverat
1079 4757 1236 4812 enim
1259 4771 1358 4810 eos
1389 4753 1448 4808 in
1489 4751 1676 4823 prima
1700 4753 1994 4824 Epistola;

343 4868 502 4908 nunc
522 4851 656 4906 dicit
684 4867 696 4906 :
731 4851 790 4906 Si
820 4866 913 4922 ego
943 4847 1209 4903 contristo
1238 4859 1366 4905 vos;
1391 4842 1491 4896 sed
1525 4840 1659 4895 talis
1706 4847 1795 4897 est
1863 4861 1992 4899 sen-

343 4959 484 4998 sus:
513 4943 652 5009 Vos,
686 4940 788 5012 qui
819 4956 911 4993 me
958 4931 1336 4998 contristatis,
1393 4931 1676 4995 cadendo,
1733 4934 1993 5002 poteritis

344 5047 436 5086 me
465 5028 780 5094 testificare,
814 5021 1194 5093 resurgendo.
1227 5021 1290 5074 Et
1317 5019 1413 5075 hoc
1429 5021 1608 5091 ipsum
1628 5023 1993 5092 scripsivobis

343 5118 672 5190 Scripserat
701 5115 858 5169 enim
890 5113 949 5165 in
973 5109 1164 5180 prima
1184 5109 1437 5180 Epistola
1460 5129 1472 5174 ;
1499 5108 1702 5164 scribit
1720 5111 1897 5166 etiam
1931 5112 1989 5167 in

341 5205 621 5263 secunda.
654 5202 841 5264 Quare
874 5215 970 5253 ma
1001 5198 1238 5254 nifestat
1269 5215 1281 5252 :
1319 5199 1382 5256 Ut
1437 5213 1547 5253 non
1601 5215 1724 5254 cum
1769 5215 1987 5271 venero,

342 5295 634 5350 tristitiam
646 5303 808 5358 super
829 5287 1117 5343 tristitiam
1131 5287 1708 5344 habeam.Tristitiam
1734 5305 1991 5360 namque

341 5395 518 5450 super
543 5374 840 5431 tristitiam
873 5376 1086 5432 habere
1115 5382 1222 5445 est,
1275 5377 1344 5431 de
1401 5393 1650 5448 quorum
1723 5377 1990 5433 tristatur

415 5585 560 5668 (692)
592 5587 654 5646 In
687 5591 880 5672 autog,
904 5607 1087 5668 marg.
1123 5591 1215 5651 hic
1243 5590 1458 5665 legitur
1479 5607 1603 5666 cap.
1630 5589 1698 5650 V.

2109 4575 2324 4646 animo,
2356 4575 2443 4629 vel
2478 4574 2684 4645 magis,
2717 4576 2789 4631 ad
2818 4577 2946 4646 ejus
2978 4577 3367 4649 rcceptionem
3398 4583 3456 4634 et
3485 4577 3764 4635 sublevav

2106 4664 2322 4719 tionem
2356 4664 2710 4737 consurgite,
2744 4671 2809 4719 ut
2836 4665 3013 4720 illud:
3049 4667 3180 4722 Nolo
3205 4675 3437 4726 mortem
3460 4671 3766 4737 peccatoris

2106 4755 2294 4810 Ezech.
2320 4769 2520 4822 xxxiu,
2556 4754 2642 4824 tl)
2672 4771 2684 4820 ;
2719 4758 2776 4808 et
2807 4755 3136 4827 Quacunque
3193 4755 3327 4811 hora
3372 4761 3636 4826 peccator
3693 4756 3762 4813 ad

2104 4859 2192 4898 me
2215 4858 2506 4898 conversus
2534 4845 2704 4913 fuerit
2734 4844 2923 4914 (Ibid.,
2956 4846 3066 4918 12),
3097 4848 3206 4899 etc.
3229 4844 3571 4916 Specialiter
3601 4845 3762 4902 enim

2103 4938 2243 4987 tunc
2275 4931 2589 5004 Apostolus
2619 4931 2786 4987 illum
2821 4938 3171 5005 praceperat
3203 4933 3463 5006 ejici,qui
3510 4951 3759 4991 uxorem

2104 5028 2285 5093 patris
2318 5020 2629 5076 violaverat
2660 5023 2705 5092 (Ι
2735 5021 2856 5076 Cor.
2888 5040 2943 5083 ν.
2979 5025 3050 5095 1).
3075 5023 3184 5078 Sed
3220 5027 3412 5078 tamen
3447 5023 3568 5078 haec
3631 5040 3762 5080 sen-

2099 5111 2284 5166 tentia
2310 5111 2380 5165 ad
2415 5127 2617 5166 omnes
2649 5111 2873 5176 attinet,
2908 5112 3005 5182 qui
3039 5117 3176 5166 tunc
3205 5110 3764 5183 expellebantur,.et

2100 5215 2255 5254 nunc
2285 5197 2675 5270 expelluntur.
2709 5200 2969 5270 Ejecerat
3007 5200 3163 5256 enim
3225 5199 3391 5254 illum
3444 5200 3502 5256 in
3564 5200 3762 5272 prima

2099 5288 2395 5360 Epistola:
2427 5289 2483 5343 in
2518 5289 2776 5344 secunda
2823 5289 3085 5360 praecipit
3140 5288 3415 5360 recipere,
3467 5288 3761 5358 quoniam

2102 5382 2340 5433 noverat
2370 5393 2505 5432 cum
2529 5377 2588 5432 in
2621 5377 3202 5450 processu'temporis
3220 5375 3466 5449 dignum
3489 5375 3756 5433 fructum
