3990 6224
131 340 253 400 4‘25

714 335 1131 398 EXPOSITIO
1178 337 1252 396 IN
1300 336 1727 397 EPISTOLAS
1776 336 2133 397 PAULL—
2166 338 2241 397 IN
2288 339 2531 398 EPIST.
2579 338 2625 397 ll
2676 337 2774 396 AD
2820 338 2995 397 COR.

3440 344 3555 403 426

132 469 497 543 pmnitentiae
534 468 784 525 fecisse:
821 485 978 534 nam,
1014 467 1125 524 nisi
1161 468 1546 539 cognovisset,
1581 484 1797 538 nequa-
1830 470 1881 533 Α
1917 468 2235 538 perieulum
2271 469 2467 537 instat,
2492 468 2653 524 valde
2676 469 2996 523 cavendum
3030 471 3136 537 est,
3163 470 3433 539 ut,juxta
3458 472 3555 525 Sa-

131 577 313 631 quam
345 559 611 631 recipere
635 558 922 628 jussisset
951 575 963 623 ;
997 574 1133 611 nam
1159 556 1497 628 pmnitentia
1517 574 1641 628 qua:
1665 574 1797 610 cum

131 648 331 705 dolore
362 648 542 703 tuerit
573 648 772 702 oblata
805 648 998 701 fructu
1030 664 1144 701 non
1178 646 1396 701 carebit
1430 664 1441 699 :
1488 646 1640 717 quod
1675 662 1797 699 ma-

132 738 451 794 nifestatur
483 739 542 791 in
585 736 761 791 David
797 741 853 789 et
886 736 941 789 in
977 735 1175 789 Achab
1199 736 1368 805 (693).
1400 740 1479 791 Ne
1508 736 1797 789 abundan-

132 829 260 882 tiori
290 828 533 882 tristitia
566 826 923 879 absorbeatur
943 840 962 884 ;
996 823 1163 895 quasi
1198 825 1416 879 diceret
1450 842 1461 877 ε
1507 823 1798 894 Suscipite

132 914 328 981 illum,
363 931 437 968 ne
470 914 617 968 forte
649 929 683 967 a
724 912 927 966 limine
960 910 1227 965 Ecclesia;
1261 913 1554 982 projectus
1596 911 1748 965 dicat
1781 926 1795 964 :

132 1004 261 1058 Jam
283 1004 426 1074 quia
451 1006 743 1071 proiectus
767 1018 799 1055 a
820 1000 1022 1053 limine
1041 1000 1309 1053 Ecclesiae
1333 1017 1487 1063 sum,
1505 1000 1796 1053 consortio

136 1094 432 1147 bonorum
455 1108 569 1145 non
594 1091 775 1150 fruor.
796 1090 867 1143 de
895 1105 997 1159 spe
1020 1088 1342 1142 cmlestinm
1368 1089 1655 1142 donorum
1682 1105 1794 1143 non

136 1197 479 1252 praesumo;
512 1179 644 1250 quid
686 1182 885 1245 restat,
920 1177 1030 1231 nisi
1065 1177 1273 1231 saltem
1307 1176 1793 1231 delectationibus

138 1268 571 1341 temporalibus
593 1267 784 1321 fruar?
802 1266 967 1321 Unde
990 1265 1155 1319 valde
1175 1282 1408 1319 necesse
1428 1271 1516 1319 est
1538 1271 1601 1319 ut
1619 1282 1796 1320 causa

140 1357 369 1430 proprii
404 1357 590 1411 delicti
626 1356 789 1410 fratri
836 1355 1397 1421 condescendamus,
1432 1371 1503 1409 ne
1550 1354 1644 1408 ille
1694 1354 1794 1425 qui

132 1448 270 1502 ideo
296 1451 486 1501 fuerat
508 1447 727 1516 ejectus
760 1450 824 1498 ut
855 1444 1230 1514 reciperetur,
1255 1460 1368 1497 non
1401 1448 1689 1513 receptus,
1721 1444 1791 1497 ad

133 1534 571 1606 blasphemiam
596 1538 652 1588 et
673 1535 745 1588 ad
768 1531 1044 1586 baratbra
1070 1530 1429 1586 infidelitatis
1452 1533 1792 1602 desperatus

162 1624 428 1678 rabatur.

136 1629 428 1679 trahatur.

204 1712 479 1783 Sequitur
512 1727 524 1765 :
580 1713 814 1781 Pmpter
854 1710 995 1781 quod
1024 1711 1263 1777 obsecro,
1297 1714 1405 1764 etc.
1438 1709 1788 1764 Cbaritatem

134 1801 279 1857 dicit
300 1801 459 1856 illam
484 1817 602 1871 qua
620 1798 981 1854 intellexerat
1006 1814 1066 1853 se
1096 1797 1499 1853 remissionem
1519 1814 1791 1853 consecu-
1820 1836 1868 1901 Β

133 1896 263 1945 tum
280 1890 542 1945 omnium
559 1888 899 1943 delictorum
911 1887 1010 1942 .Cb
1020 1888 1100 1942 ari
1110 1890 1286 1941 tatem
1301 1902 1434 1940 vero
1448 1888 1792 1943 confirmare

136 1979 190 2033 in
218 1978 342 2049 illo,
366 1982 453 2033 est
478 1977 755 2032 affectum
782 1976 1013 2047 pietatis
1036 1976 1491 2045 ostendere,qua
1512 1979 1567 2029 et
1592 1976 1792 2031 remis-

137 2068 360 2123 sionem
394 2073 774 2138 peccatorum
808 2081 869 2119 se
901 2068 1277 2119 consecutum
1303 2069 1605 2135 agnoscat,
1632 2068 1689 2120 et
1720 2065 1791 2119 de

138 2174 237 2229 spe
269 2156 432 2227 regni
467 2154 720 2209 ccelestis
754 2158 1088 2224 praesumat.
1124 2152 1401 2222 Sequitur
1436 2170 1448 2207 :
1492 2154 1610 2207 Ideo
1641 2156 1787 2207 enim

135 2247 250 2302 haec
269 2245 493 2315 scripsi,
513 2247 575 2297 ut
598 2258 917 2313 cognoscam
939 2244 1377 2313 experimentum
1396 2250 1652 2308 vestrum,
1678 2246 1784 2297 etc.

131 2335 239 2388 His
268 2332 465 2387 verbis
499 2332 748 2385 ostendit
797 2331 953 2402 quod
1003 2331 1116 2401 ipsi
1157 2331 1285 2401 jam
1335 2336 1627 2401 cmperant
1661 2347 1788 2385 esse

132 2421 481 2478 obedientes
515 2438 527 2473 :
584 2419 829 2475 maxime
877 2421 949 2475 ob
989 2418 1119 2485 hoc,
1152 2418 1293 2490 quia
1322 2436 1389 2473 ea
1419 2424 1788 2476 correxerunt

130 2528 266 2583 quas
293 2510 367 2564 ad
401 2507 626 2563 cultum
660 2508 786 2563 fidei
820 2514 877 2563 et
906 2508 1171 2562 ordinem
1204 2507 1666 2563 ecclesiasticum
1699 2513 1784 2563 at-

130 2600 419 2656 tinebant.
452 2599 523 2653 Et
571 2598 700 2652 ideo
748 2596 1041 2668 ascripsit,
1093 2601 1158 2651 ut
1206 2596 1387 2651 istum
1440 2598 1782 2669 reciperent,

131 2695 425 2761 quatenus
447 2687 721 2758 probaret
742 2687 788 2740 si
822 2687 880 2740 in
906 2687 1182 2741 omnibus
1203 2686 1541 2741 obedientes
1563 2691 1779 2754 essent,

129 2779 264 2850 quia
292 2776 395 2832 illa
421 2793 559 2831 vera
588 2782 678 2830 est
707 2774 1054 2841 obedientia,
1088 2791 1212 2843 quas
1262 2776 1317 2828 in
1369 2774 1529 2829 nullo
1579 2777 1777 2847 praeci-

132 2868 345 2939 pientis
377 2864 669 2920 voluntati
705 2864 941 2918 resistit.

199 2955 519 3026 Sequitur:
575 2953 634 3007 Si
682 2953 772 3007 cui
819 2952 1035 3024 aliquid
1087 2951 1321 3013 donatis.
1356 2956 1412 3007 et
1461 2956 1560 3007 rel.
1596 2954 1663 3007 Et
1692 2959 1780 3009 est

130 3060 339 3099 sensus
363 3061 377 3097 :
402 3042 583 3096 Vobis
610 3042 955 3113 rogantibus
976 3057 1079 3111 ego
1103 3041 1334 3106 donavi,
1359 3042 1579 3095 debetis
1601 3047 1656 3097 et
1676 3060 1776 3099 vos

130 3150 223 3189 me
256 3138 499 3202 rogante
531 3132 767 3185 donare.
792 3130 1106 3185 Sciendum
1141 3146 1279 3184 sane
1303 3130 1439 3199 quia
1474 3147 1582 3185 non
1617 3136 1777 3187 tanta

1908 556 2221 623 temonem,
2256 573 2440 628 neque
2472 558 2541 613 ad
2574 560 2889 625 dexteram,
2926 573 3112 627 neque
3145 559 3215 612 ad
3249 558 3551 616 sinistram

1907 645 2269 701 declinemus
2300 652 2481 716 (Prov.
2518 664 2591 709 1v,
2624 649 2729 709 27;
2768 647 2895 701 Isai.
2930 663 3057 711 xxx,
3090 648 3200 711 21).

1978 734 2256 805 Sequitur
2287 752 2298 789 :
2352 737 2465 790 Non
2508 736 2655 789 enim
2695 738 3013 805 ignoramus
3043 736 3387 804 cogitationes
3414 739 3546 809 ejus.

1909 823 2071 877 Hunc
2098 822 2289 878 locum
2316 825 2522 879 beatus
2555 841 2703 895 papa
2726 823 3036 894 Gregorius
3064 825 3142 877 ita
3170 826 3421 896 exponit.
3456 827 3549 881 Di-

1907 912 1983 965 cit
2016 912 2167 966 enim
2206 931 2217 967 :
2273 916 2361 967 Hae
2394 918 2531 968 sunt
2562 913 2746 967 hostis
2779 913 3001 983 antiqui
3034 915 3325 979 versutite,
3359 920 3421 969 ut
3451 932 3553 987 per

1906 1000 2291 1056 immoderata
2316 1004 2467 1056 bona
2491 1001 2655 1056 fallat
2676 1002 2959 1055 incautos.
2987 1002 3131 1056 Nam
3157 1003 3288 1057 inde
3318 1004 3463 1058 solet
3491 1004 3550 1060 in

1906 1092 2074 1145 corde
2106 1091 2343 1145 alterius
2374 1092 2594 1145 malum
2628 1108 2902 1161 generare
2934 1090 3088 1155 rixae,
3115 1092 3268 1146 unde
3301 1091 3550 1148 alterum

1903 1179 2057 1233 videt
2089 1179 2415 1251 neglectum
2453 1180 2681 1250 pietatis
2714 1179 2939 1235 fecisse.
2974 1181 3258 1244 Quoniam
3302 1182 3551 1252 perfecte

1904 1267 2121 1322 bonum
2157 1285 2283 1323 esse
2315 1286 2427 1323 non
2466 1273 2671 1340 potest,
2699 1269 2849 1339 quod
2886 1269 2965 1321 ita
2998 1270 3210 1337 agitur,
3236 1268 3283 1322 si
3317 1286 3428 1323 non
3463 1274 3549 1325 at-

1904 1358 2103 1411 tendat
2125 1359 2277 1427 quod
2311 1357 2444 1411 mali
2476 1375 2541 1411 ex
2576 1357 2756 1412 altera
2790 1361 2947 1427 parte
2972 1357 3225 1411 oriatur:
3264 1357 3371 1412 nisi
3406 1359 3549 1414 forte

1902 1445 2015 1500 tale
2043 1446 2116 1499 sit
2143 1446 2284 1500 illud
2313 1448 2550 1513 bonum,
2576 1446 2730 1517 quod
2759 1446 2981 1516 absque
3006 1445 3244 1499 alterius
3272 1446 3547 1501 scandala

1905 1534 2023 1587 fieri
2060 1552 2172 1589 non
2208 1538 2413 1605 possit,
2440 1542 2493 1589 et
2524 1552 2637 1589 non
2666 1535 2869 1589 fecisse
2893 1540 3191 1605 peccatum
3227 1534 3320 1589 sit.
3346 1536 3547 1590 Addu-

1902 1622 1978 1676 cit
2000 1624 2204 1679 beatus
2228 1640 2375 1695 papa
2396 1624 2707 1693 Gregorius
2736 1624 2902 1677 illum
2931 1624 3026 1693 qui
3052 1624 3270 1678 crimen
3298 1625 3543 1679 commi-

1901 1712 1977 1765 sit
1999 1712 2067 1765 ad
2093 1712 2586 1781 testiinonium,et
2607 1711 2878 1783 intelligit
2898 1728 3030 1766 eum
3049 1712 3301 1781 jussisse
3319 1714 3546 1769 tradere

1901 1800 2151 1867 diabolo,
2188 1801 2327 1855 dum
2370 1800 2641 1872 praecepit
2671 1802 2895 1854 Satanae
2929 1801 3175 1854 tradere.
3210 1801 3359 1855 Dicit
3386 1803 3545 1857 enim

1902 1889 2040 1960 quia
2072 1906 2284 1958 magna
2315 1890 2637 1959 magisterii
2670 1894 2791 1944 arte
2824 1894 3017 1942 actum
3050 1892 3157 1955 est,
3193 1895 3257 1943 ut
3306 1889 3400 1945 ille
3446 1908 3547 1945 co-

1901 1982 2065 2032 actus
2086 1978 2557 2032 substerneretur
2578 1978 2633 2031 in
2659 1993 2849 2047 poena,
2864 1977 2962 2047 qui
2988 1982 3193 2047 sponte
3212 1979 3547 2033 substratus

1900 2072 1987 2121 est
2017 2066 2074 2119 in
2107 2066 2299 2137 culpa,
2336 2071 2391 2120 et
2420 2066 2519 2136 qui
2552 2072 2753 2120 auctor
2798 2064 2906 2119 fuit
2954 2064 3188 2119 malitiae
3244 2066 3301 2121 in
3352 2066 3545 2137 culpa,

1900 2159 2052 2210 esset
2082 2154 2377 2225 flagellum
2411 2154 2733 2225 disciplinae
2764 2154 2821 2208 in
2866 2171 3053 2225 pcena.
3090 2154 3335 2225 Exponit
3366 2155 3545 2209 etiam

1900 2245 2023 2315 ipse
2056 2261 2181 2315 quas
2212 2243 2351 2297 dicit
2378 2242 2693 2314 Apostolus
2729 2260 2739 2296 :
2794 2244 2856 2297 Si
2904 2245 2998 2297 cui
3045 2243 3308 2308 donastis,
3339 2246 3388 2298 et
3428 2259 3542 2313 ego,

1898 2334 2066 2403 quasi
2092 2332 2337 2387 dixisset
2368 2349 2379 2385 :
2414 2332 2635 2387 Vestris
2659 2332 2827 2387 bonis
2852 2331 3079 2386 actibus
3102 2347 3298 2385 meum
3326 2332 3543 2387 bonum

1897 2423 2195 2491 conjunxi,
2228 2420 2363 2492 quia
2396 2437 2591 2476 meum
2624 2438 2749 2477 esse
2782 2421 2928 2489 volo,
2963 2423 3011 2476 si
3062 2418 3201 2489 quid
3248 2418 3383 2473 boni
3414 2434 3539 2473 ero-

1895 2508 2044 2581 gatis
2077 2510 2245 2579 (694).

1965 2598 2273 2668 Sequitur:
2312 2601 2385 2653 Et
2415 2616 2529 2669 ego,
2554 2601 2603 2652 si
2631 2600 2722 2653 cui
2750 2598 2968 2661 donavi,
2994 2603 3128 2664 etc.,
3158 2596 3325 2667 quasi
3358 2595 3537 2652 dixis-

1893 2692 2015 2742 set:
2052 2686 2273 2741 Vestris
2298 2688 2467 2741 bonis
2501 2704 2694 2742 meum
2718 2688 2938 2742 bonum
2972 2685 3210 2752 sociavi,
3243 2686 3380 2756 quia
3403 2702 3534 2757 pro-

1891 2781 2016 2847 pter
2038 2792 2140 2829 ves
2170 2776 2580 2831 misericordia:
2612 2792 2758 2847 epus
2781 2775 3061 2845 impendi.
3088 2775 3151 2828 Et
3174 2779 3238 2829 ut
3264 2775 3531 2830 ostende-

1890 2871 1973 2918 ret
2005 2865 2102 2919 ubi
2138 2865 2255 2918 haec
2290 2867 2719 2935 compaginatio
2750 2865 2933 2930 fieret,
2958 2865 3283 2934 subjungit,
3308 2865 3371 2919 in
3397 2880 3528 2934 per-

1886 2970 2019 3007 sona
2051 2954 2274 3008 Christi.
2310 2955 2415 3009 Sed
2450 2956 2587 3024 quia
2621 2960 2844 3025 poterat
2875 2953 3087 3024 aliquis
3118 2954 3167 3007 ei
3200 2954 3391 3007 dicere
3427 2971 3439 3008 :
3484 2954 3527 3009 Ο

1886 3042 2175 3112 Apostole,
2204 3060 2382 3113 quare
2405 3048 2458 3097 te
2491 3044 2568 3096 ita
2592 3042 2889 3107 humilius,
2916 3058 3096 3111 quare
3120 3048 3173 3095 te
3197 3044 3274 3095 ita
3302 3043 3531 3109 subdis,

1888 3136 1951 3184 ut
1968 3131 2397 3185 Corinthiorum
2422 3132 2707 3185 bonatuis
2730 3130 3115 3195 assimiles,et
3132 3136 3231 3183 tua
3260 3129 3534 3185 illorum?

124 3222 493 3294 providentia
523 3226 647 3275 erat
679 3220 737 3274 in
770 3219 922 3285 istis,
959 3223 1179 3289 quanta
1211 3219 1265 3272 in
1301 3220 1595 3289 Apostolo.
1630 3220 1774 3275 Nam
1808 3202 1850 3268 C
1889 3219 2018 3274 ideo
2052 3220 2392 3290 subjunxit:
2428 3221 2503 3273 Ne
2532 3221 3029 3273 circumveniamur
3056 3236 3089 3272 a
3118 3218 3344 3272 Satana.
3370 3218 3439 3271 Et
3470 3223 3535 3273 ut

126 3311 268 3381 ipse,
297 3310 589 3381 quidquid
622 3309 850 3380 agebat,
877 3307 1216 3379 spiritaliter
1237 3308 1465 3379 agebat,
1489 3310 1625 3379 quia
1648 3310 1777 3380 Spi-

124 3400 235 3454 ritu
260 3404 471 3454 sancto
497 3397 703 3469 plenus
725 3400 883 3452 erat:
918 3397 1013 3450 isti
1045 3412 1177 3451 vero
1211 3395 1613 3468 intelligehant
1645 3415 1777 3452 mox

121 3488 468 3543 donandum
493 3503 620 3541 esse
642 3487 793 3557 quod
820 3487 1132 3556 Apostolus
1157 3486 1419 3556 petebat;
1448 3503 1582 3540 nam
1607 3486 1654 3540 si
1682 3486 1777 3542 ille

121 3576 477 3648 rogantibus
506 3573 622 3627 illis
653 3573 906 3641 donavit,
933 3573 1117 3628 multo
1148 3572 1357 3645 magis,
1385 3572 1483 3628 illo
1515 3580 1773 3645 rogante,

118 3664 234 3737 ipsi
263 3664 596 3719 debuerant
624 3663 857 3717 donare.
894 3662 960 3716 Et
988 3662 1096 3717 hoc
1130 3663 1456 3727 sciendum,
1482 3664 1620 3733 quia
1654 3664 1775 3733 ipse

120 3754 472 3810 incitaverat
503 3768 600 3807 eos
632 3757 697 3806 ut
726 3752 1004 3821 ejicerent
1032 3750 1197 3804 illum
1231 3751 1331 3821 qui
1365 3750 1583 3805 crimen
1617 3767 1775 3806 com-

122 3844 365 3898 miserat
397 3838 820 3911 fornicationis,
853 3845 910 3895 et
948 3842 1012 3893 ut
1040 3838 1170 3893 duri
1202 3840 1485 3894 adversus
1518 3856 1651 3894 eum
1685 3857 1775 3895 es-

124 3937 271 3998 sent,
305 3936 364 3985 et
392 3930 523 3984 ideo
554 3933 675 3983 tam
710 3928 972 3982 studiose
1013 3928 1253 3999 rogabat
1298 3933 1361 3981 ut
1411 3930 1777 3999 susciperent

123 4036 276 4074 eum.
313 4024 380 4073 Et
428 4018 569 4090 quia
616 4016 735 4071 illis
784 4016 1129 4088 rogantibus
1177 4017 1435 4082 donavit,
1470 4018 1594 4072 ideo
1637 4019 1777 4072 dicit

118 4117 338 4179 propter
382 4124 495 4163 vos.
530 4107 600 4162 Et
643 4111 708 4161 ut
751 4110 982 4178 gratum
1030 4122 1204 4160 suum
1245 4122 1392 4176 opus
1424 4106 1775 4172 ostenderet,

121 4197 281 4266 dicit,
304 4200 368 4251 in
399 4212 631 4267 persona
654 4194 891 4260 Christi;
915 4194 1012 4249 ubi
1041 4210 1216 4248 suum
1241 4210 1388 4264 opus
1413 4193 1623 4247 Christi
1648 4210 1776 4249 esse

122 4285 493 4351 monstravit,
528 4284 699 4354 cujus
730 4283 1084 4354 fungebatur
1117 4281 1424 4353 legatione.
1460 4282 1621 4337 Unde
1653 4284 1777 4354 ipse

120 4376 261 4429 dicit
302 4392 315 4429 :
373 4375 723 4445 Quaecunque
768 4374 1041 4428 solveritis
1090 4388 1254 4442 super
1309 4375 1515 4426 terram
1566 4372 1774 4435 (Matth.

118 4480 280 4528 xvm,
315 4462 428 4534 18),
481 4468 590 4517 etc.
649 4462 837 4526 Quare
891 4476 1022 4516 vero
1074 4460 1375 4514 donaverit
1420 4459 1776 4525 manifestat,

1889 3314 2242 3363 monstraret
2274 3325 2449 3378 quam
2486 3313 2653 3362 acuto
2687 3307 2902 3361 mentis
2934 3324 3110 3360 sensu
3142 3323 3380 3377 sagaces
3412 3306 3535 3361 dia-

1886 3396 2004 3450 boli
2038 3396 2279 3451 insidias
2314 3400 2663 3466 penetraret,
2689 3394 3032 3463 subjunxit:
3068 3396 3182 3449 Non
3204 3396 3354 3449 enim
3386 3398 3537 3465 igno-

1888 3502 2103 3554 ramus,
2129 3489 2237 3538 etc.
2268 3486 2335 3538 Et
2364 3491 2451 3539 est
2483 3500 2692 3538 sensus
2718 3501 2729 3538 :
2764 3483 2880 3538 Deo
2915 3488 3149 3537 auctore
3170 3483 3323 3538 acuti
3357 3484 3534 3539 sudes

1887 3590 2114 3641 sumus,
2151 3573 2287 3643 quia
2336 3577 2505 3627 acuto
2537 3572 2748 3627 mentis
2782 3572 3014 3643 ingenio
3048 3589 3283 3644 sagaces
3317 3572 3534 3629 diaboli

1886 3662 2131 3717 insidias
2162 3668 2557 3734 penetramus,
2592 3679 2662 3717 ne
2696 3664 2837 3717 forte
2872 3662 3025 3734 quod
3060 3664 3203 3718 bene
3244 3679 3410 3718 mens
3442 3664 3531 3718 in-

1885 3751 2079 3816 choat,
2113 3750 2238 3822 ipse
2291 3751 2345 3804 in
2394 3750 2627 3805 malitim
2662 3752 2833 3806 finem
2867 3756 3178 3807 convertat.
3214 3756 3343 3807 Haec
3374 3753 3531 3809 enim

1887 3841 1943 3893 in
1977 3840 2142 3894 libris
2175 3839 2495 3895 moralibus
2528 3840 2667 3895 dicit
2697 3842 2901 3895 beatus
2933 3858 3083 3911 papa
3113 3842 3445 3913 Gregorius,
3469 3842 3531 3899 in

1885 3928 1983 3983 lllo
2016 3928 2283 3983 videlicet
2314 3930 2459 3995 loco,
2496 3930 2595 3983 ubi
2630 3930 2840 4001 legitur
2875 3946 2886 3984 :
2938 3930 3245 3985 Absorbebit
3272 3932 3528 4000 ﬂuvium,

1884 4022 1933 4072 et
1964 4034 2072 4072 non
2106 4018 2403 4071 mirabitur
2433 4019 2576 4084 (Job.
2612 4034 2701 4081 XL,
2737 4018 2861 4087 18);
2912 4022 2969 4071 et
3014 4017 3187 4088 paulo
3240 4024 3368 4089 post
3400 4037 3412 4073 :
3468 4021 3532 4073 In

1885 4107 2055 4160 oculis
2103 4108 2217 4160 suis
2262 4106 2442 4175 capiet
2484 4121 2627 4172 eum,
2660 4109 2709 4157 et
2741 4104 2801 4157 in
2831 4106 3051 4159 sudibus
3082 4108 3195 4159 suis
3222 4104 3534 4177 perforabit

1886 4210 2046 4249 nares
2092 4196 2207 4260 eius
2230 4192 2545 4262 (lbid.,19);
2572 4192 2667 4245 ubi
2693 4208 2794 4261 per
2814 4193 2989 4246 sudes
3006 4193 3393 4247 subtilissima
3414 4192 3537 4249 vult

1886 4282 2132 4354 intelligi
2167 4287 2505 4336 sanctorum
2538 4279 2802 4345 consilia,
2835 4284 2890 4334 et
2934 4297 3034 4350 per
3074 4297 3244 4336 nares
3277 4280 3534 4337 occultas

1888 4372 2104 4427 diaboli
2135 4371 2403 4425 insidias.

1958 4461 2105 4532 (095)
2141 4461 2461 4530 Sequitur:
2520 4458 2653 4512 Cum
2704 4460 2969 4513 venissem
3017 4464 3207 4514 autem
3248 4458 3531 4525 Troadem,

121 4553 259 4607 dum
286 4550 718 4621 subjunxitzNe
734 4548 1775 4619 circumveniamur,inquit,aSatana.
1810 4570 1856 4633 Β
1889 4553 1997 4604 etc.
2034 4550 2199 4620 (696).
2253 4549 2461 4603 Narrat
2509 4548 2665 4602 enim
2714 4546 3025 4618 Apostolus
3075 4547 3388 4602 Corinthiis
3426 4548 3535 4603 iter

120 4640 442 4695 Sciendum
466 4656 596 4694 vero
620 4640 759 4711 quia
782 4638 1239 4694 circumvenitur
1271 4655 1304 4692 a
1332 4638 1544 4692 Satana
1572 4638 1659 4692 vel
1692 4638 1777 4691 ni-

121 4732 319 4785 mium
346 4727 646 4797 remissus,
671 4728 759 4784 vel
794 4728 1040 4782 nimium
1069 4743 1322 4782 severus.
1348 4727 1521 4781 Verbi
1553 4726 1775 4796 gratia:

120 4824 265 4874 sunt
278 4814 545 4871 nonnulli
562 4817 657 4887 qui
672 4818 797 4872 suis
812 4816 1180 4871 auditoribus
1195 4814 1391 4870 volunt
1404 4816 1582 4870 videri
1598 4816 1780 4881 lenes,

119 4906 326 4962 blandi
343 4909 401 4961 et
419 4904 673 4961 effabiles
688 4911 745 4961 et
761 4906 889 4959 ideo
904 4921 1107 4960 eorum
1122 4909 1311 4959 errata
1328 4922 1443 4959 non
1460 4905 1779 4975 corrigunt;

121 4994 176 5049 hi
202 4995 357 5051 tales
380 5011 413 5049 a
431 4995 647 5049 Satana
663 4994 1225 5049 circumveniuntur.
1244 4994 1393 5047 Sunt
1417 4994 1553 5047 item
1578 4994 1675 5063 qui
1701 4993 1783 5047 ni-

122 5085 239 5139 mio
261 5084 413 5155 legis
438 5083 559 5138 zelo
583 5084 814 5138 accensi
834 5084 974 5137 adeo
998 5088 1433 5153 persequuntur
1450 5099 1608 5147 suos,
1627 5086 1689 5135 ut
1711 5082 1781 5135 ad

123 5173 594 5245 desperationem
625 5172 964 5243 pertrabant
989 5190 1000 5226 ε
1032 5176 1088 5226 et
1118 5172 1213 5227 isti
1245 5189 1278 5225 a
1302 5172 1518 5225 Satana
1540 5170 1785 5224 circum-

122 5263 463 5327 veniuntur,
488 5262 547 5315 id
578 5265 688 5326 est,
714 5259 1108 5331 decipiuntur,
1132 5260 1213 5315 illi
1244 5260 1477 5332 quidem
1504 5258 1649 5314 falsa
1672 5259 1787 5331 pie~

124 5355 259 5418 tate,
288 5350 389 5405 isti
414 5348 604 5405 nimia
625 5346 990 5404 crudelitate.
1013 5350 1082 5405 Et
1107 5350 1247 5422 quia
1266 5348 1325 5403 in
1349 5352 1596 5419 utraque
1622 5353 1788 5419 parte

196 5508 345 5581 (693)
372 5506 616 5581 Scilicet
648 5508 723 5581 ob
766 5508 1124 5581 contrarium
1158 5508 1508 5581 paenitentiae
1542 5509 1784 5564 exitum.

133 5576 259 5653 Sive
287 5580 473 5633 Achar.
502 5578 846 5653 legendum,
881 5580 1046 5653 cujus
1076 5576 1251 5653 etiam
1301 5581 1652 5653 desperatio,
1686 5597 1786 5653 po-

131 5647 433 5721 tiusquam
466 5646 839 5721 poenitentia,
871 5646 1110 5721 dignum
1144 5652 1353 5711 habuit
1382 5646 1580 5711 finem.

409 5778 685 5841 Panos.
734 5770 1035 5845 CXXXIV.

1891 4654 2085 4701 suum,
2110 4654 2241 4691 cum
2271 4637 2430 4703 dicit,
2460 4653 2583 4691 cum
2604 4652 2869 4691 venissem
2892 4636 3163 4692 Troadem.
3184 4636 3329 4692 Nam
3355 4653 3535 4709 quare

1891 4728 2129 4782 venerit.
2166 4726 2519 4780 manifestat.
2556 4725 2680 4779 Non
2712 4726 2981 4781 videlicet
3018 4744 3196 4781 causa
3238 4726 3532 4793 vanitatis,

1892 4815 1992 4869 sed
2019 4823 2244 4886 propter
2264 4815 2621 4885 Evangetium
2641 4816 2864 4870 Christi.
2895 4816 2954 4869 In
2979 4833 3091 4887 quo
3117 4816 3264 4871 facto
3291 4833 3533 4873 monen-

1892 4908 1987 4957 tur
2010 4904 2434 4974 praedicatores,
2460 4909 2660 4958 utnon
2683 4904 3013 4960 discurrant
3038 4923 3213 4961 causa
3238 4907 3534 4973 vanitatis,

1893 4994 1991 5047 sed
2026 5010 2267 5047 suorum
2299 4993 2629 5047 auditorum
2664 4994 2888 5047 salutis.

1964 5082 2235 5152 Sequitur
2263 5098 2274 5133 :
2311 5082 2425 5135 Non
2457 5083 2625 5135 habui
2654 5083 2897 5151 requiem
2924 5084 3152 5153 spiritui
3178 5100 3315 5139 meo.
3351 5086 3539 5148 Quare

1897 5186 2007 5224 non
2042 5171 2311 5223 habuerit
2334 5170 2594 5238 requiem
2624 5171 2993 5225 manifestat:
3020 5189 3081 5225 eo
3105 5173 3243 5243 quod
3264 5189 3371 5227 non
3395 5173 3541 5226 inve-

1894 5261 2075 5313 nerim
2106 5260 2299 5319 Titum,
2323 5260 2431 5310 etc.
2464 5258 2622 5310 Sicut
2651 5259 3005 5327 quibusdam
3041 5260 3243 5330 placet,
3278 5259 3540 5331 requiem

1898 5364 2011 5402 non
2044 5345 2274 5412 habuit,
2297 5345 2436 5415 quia
2462 5361 2595 5398 cum
2623 5346 2929 5401 direxisset
2952 5348 3149 5403 Titum
3172 5350 3540 5417 Corinthum,

1970 5507 2119 5575 (694)
2149 5507 2230 5559 Au
2240 5511 2355 5576 tog.
2390 5506 2617 5573 rogatis.

1992 5578 2117 5654 (39.5)
2149 5576 2252 5654 Hic
2283 5574 2343 5631 in
2375 5581 2570 5654 a_utog_.
2608 5591 2794 5649 marg.
2827 5574 3041 5647 legitur
3073 5580 3199 5654 cap.
3230 5582 3327 5638 VI.

1990 5649 2117 5722 696)
2149 5651 2358 5723 Autog.
2395 5648 2633 5705 Troadae.

3190 5780 3265 5849 M
