3990 6224
402 350 517 409 427
1420 349 1756 409 ATTONIS
1804 346 2389 408 VEiiCELLENSIS
2438 346 2789 408 EPISCUPI
3698 341 3817 402 428

403 480 725 554 plurimum
742 481 1029 537 sollicitus
1050 484 1170 535 erat
1193 496 1295 551 pro
1316 495 1381 534 eo
1403 498 1414 535 :
1441 482 1717 551 quoniam
1739 480 2048 553 ignorabat
2076 482 2130 546 Α
2160 479 2332 551 digiis
2356 486 2442 535 est
2463 482 2895 547 confirmatum,
2912 477 3050 549 quia
3065 481 3212 532 Deus
3231 474 3542 531 invisibilis
3569 478 3818 547 propter

407 575 603 626 utrum
637 586 919 644 prospera
952 570 1022 625 de
1054 567 1391 635 Corinthiis,
1425 586 1499 623 an
1548 572 1790 625 adversa
1822 570 2053 625 nuntia-
2167 567 2335 639 signa
2366 573 2421 623 et
2451 568 2734 640 prodigia,
2769 568 2836 622 ad
2874 565 3341 638 praedicationem
3379 580 3581 619 eorum
3614 563 3817 618 invisi-

410 664 512 715 ret.
548 659 707 724 Quod
740 664 937 714 autem
970 658 1110 714 dicit
1141 673 1154 712 :
1189 659 1252 712 Et
1281 660 1479 712 ostium
1508 658 1648 713 mihi
1676 664 1927 725 apertum
1956 663 2052 721 est,
2165 656 2362 711 biliter
2381 656 2745 711 credebatur.
2770 659 2836 709 Et
2860 654 2969 709 hoc
2990 654 3318 722 sciendum,
3343 652 3480 725 quia
3505 658 3820 709 consuetu-

410 746 545 803 talis
566 751 655 803 est
680 764 911 817 sensus,
936 746 1103 818 quasi
1129 745 1370 801 dixisset
1393 746 1711 801 multorum
1747 748 2055 801 hominum
2166 745 2363 799 dinem
2394 745 2539 817 legis
2563 742 3108 816 servatApostolus:
3131 758 3267 797 nam
3292 742 3581 814 quidquid
3606 741 3667 795 in
3690 741 3818 813 lege

413 836 589 892 corda
612 841 815 908 parata
833 838 995 892 erant
1019 835 1090 890 ad
1120 836 1474 890 credendum
1500 851 1514 889 :
1549 852 1684 890 nam
1713 852 1813 908 per
1838 836 2054 890 ostium
2166 834 2371 889 devota
2401 839 2593 889 mente
2622 834 2987 899 oli‘erebatur,
3022 831 3082 886 in
3116 832 3353 886 odorem
3386 830 3815 887 suavissimum

414 926 561 982 fides
582 926 955 998 designatur:
986 924 1139 978 unde
1163 923 1420 979 Joannes
1440 924 1498 978 in
1521 924 1865 996 Apocalypsi
1897 941 1908 978 :
1939 923 2056 979 Vidi
2166 923 2410 978 Domino
2433 923 2793 978 adolebatur.
2817 919 3098 975 Similiter
3127 925 3183 976 et
3214 920 3371 976 fama
3400 920 3663 977 nominis
3693 919 3813 987 Dei,

414 1017 616 1071 ostium
663 1023 911 1082 apertum
959 1015 1018 1067 in
1070 1014 1202 1069 caelo
1254 1013 1434 1085 (Apoc.
1468 1031 1542 1078 iv,
1579 1014 1646 1085 1).
1698 1018 1807 1069 Per
1844 1012 2053 1068 coelum
2166 1028 2293 1083 quae
2325 1012 2608 1067 aChristo
2630 1017 2719 1066 est
2750 1010 3138 1075 manifestata,
3161 1008 3330 1080 quasi
3361 1009 3504 1065 odor
3528 1008 3817 1065 suavissi-

412 1099 686 1167 Ecclesia,
709 1116 812 1172 per
831 1099 1049 1155 ostium
1082 1100 1228 1155 fides
1250 1100 1609 1172 designatur.
1633 1101 1869 1155 Troada
1897 1100 2053 1155 enim
2167 1118 2298 1156 mus
2324 1118 2424 1172 per
2444 1100 2753 1173 Apostolos
2774 1098 2943 1171 longe
2961 1098 3195 1170 lateque
3219 1098 3275 1152 in
3299 1098 3521 1153 mundo
3541 1113 3816 1170 asperge-

411 1187 580 1244 multi
610 1193 776 1245 erant
804 1188 990 1261 parati
1028 1190 1098 1245 ad
1125 1189 1505 1257 credendum,
1532 1190 1630 1245 sed
1662 1189 1859 1261 plures
1890 1194 2057 1244 erant
2165 1189 2337 1244 batur
2382 1194 2438 1244 et
2484 1188 2828 1260 reSpirabat.
2861 1186 3135 1257 Sequitur
3166 1202 3179 1240 :
3232 1187 3373 1254 Quia
3407 1186 3614 1241 Christi
3644 1186 3815 1242 bonus

409 1277 508 1351 qui
530 1276 893 1334 credentium
911 1277 1280 1333 aemulatione
1298 1278 1572 1350 Apostolo
1600 1278 1974 1347 resistebant;
2000 1283 2056 1333 et
2164 1279 2298 1334 odor
2324 1295 2513 1333 sumus
2547 1279 2668 1347 Deo,
2702 1281 2810 1332 etc.
2845 1275 2966 1347 Ille,
3000 1274 3101 1346 qui
3144 1275 3291 1330 bene
3331 1276 3403 1330 de
3453 1275 3687 1331 Christo
3721 1292 3814 1332 as-

406 1367 535 1423 ideo
567 1367 828 1439 requiem
860 1384 975 1422 non
1008 1366 1234 1433 habuit,
1258 1366 1396 1438 quia
1418 1372 1734 1438 utrumque
1756 1368 2050 1439 negotium
2164 1367 2305 1421 serit
2340 1370 2395 1420 et
2426 1366 2621 1431 sentit,
2653 1364 2863 1420 Christi
2898 1364 3085 1419 bonus
3117 1363 3259 1419 odor
3287 1367 3395 1430 est,
3430 1372 3543 1419 tam
3582 1364 3672 1419 his
3719 1368 3818 1436 qui

404 1456 554 1511 ferre
583 1472 701 1511 non
732 1454 932 1523 valuit,
966 1454 1075 1510 hoc
1106 1459 1213 1520 est,
1245 1460 1300 1509 ct
1348 1472 1462 1511 non
1511 1456 1880 1511 credentibus
1912 1455 2051 1511 resi-
2161 1456 2304 1509 salvi
2332 1457 2494 1526 ﬁunt,
2528 1470 2693 1526 quam.
2725 1458 2774 1508 et
2810 1454 2896 1507 his
2926 1454 3022 1524 qui
3046 1456 3323 1523 pereunt;
3356 1452 3457 1523 qui
3487 1467 3623 1508 vero
3655 1452 3816 1508 mala

405 1548 578 1609 stere,
610 1547 668 1599 et
716 1544 1018 1599 credentes
1054 1543 1111 1597 in
1144 1543 1259 1597 fide
1292 1544 1658 1599 confirmare.
1693 1545 2054 1616 Quapropter
2163 1544 2233 1598 de
2257 1544 2381 1615 ipso
2408 1544 2558 1599 male
2586 1544 2779 1611 sentit,
2808 1541 2894 1598 vel
2918 1542 3146 1609 asserit,
3175 1542 3365 1597 malus
3387 1542 3530 1597 odor
3554 1545 3670 1608 est,
3690 1546 3812 1599 tam

405 1631 757 1688 valefaciens
788 1632 1188 1697 credentibus,
1222 1630 1439 1688 relictis
1471 1631 2052 1702 Troadensibus,sive
2162 1633 2534 1688 credentibus
2556 1649 2733 1703 quam
2757 1636 2812 1687 et
2839 1648 2954 1686 non
2979 1631 3384 1686 credentibus:
3411 1630 3814 1701 credentibus,

408 1719 701 1792 Trojanis,
733 1719 1025 1793 profectus
1054 1724 1144 1776 est
1176 1720 1234 1775 in
1278 1720 1697 1785 Macedoniam,
1731 1720 1869 1792 quia
1916 1721 2050 1776 inde
2162 1722 2301 1792 quia
2326 1721 2474 1777 male
2500 1723 2776 1789 credunt;
2810 1738 2926 1776 non
2960 1719 3349 1785 credentibus,
3374 1721 3512 1791 quia
3543 1736 3663 1776 non
3687 1736 3809 1777 cre-

406 1814 691 1867 venturus
716 1814 839 1865 erat
859 1809 1046 1880 Titus,
1069 1813 1127 1865 et
1154 1808 1283 1881 ipsa
1306 1809 1689 1881 propinquior
1713 1814 1837 1865 erat
1858 1809 2053 1865 Corin-
2080 1852 2124 1882 η
2161 1810 2416 1866 dendum
2464 1827 2591 1867 esse
2639 1810 2991 1882 intelligunt.
3026 1809 3235 1864 Beatus
3274 1825 3408 1863 vero
3438 1810 3811 1881 Augustinus

407 1899 531 1956 tho.
564 1903 707 1955 Nam
741 1899 894 1971 quod
925 1897 1041 1953 tale
1073 1897 1247 1953 fuerit
1276 1899 1403 1968 ejus
1436 1898 1563 1966 iter,
1596 1897 1744 1952 liber
1769 1900 2048 1954 Actorum
2081 1897 2126 1916 υ
2158 1898 2299 1954 dicit
2328 1899 2467 1970 quia
2488 1904 2739 1971 cmperat
2758 1897 3073 1970 Apostolus
3095 1898 3470 1953 manifestare
3499 1898 3611 1955 iter
3632 1916 3809 1956 suum

409 1986 807 2059 apostolorum
850 1986 1202 2042 manifestat.
1223 1986 1373 2041 Dicit
1410 1987 1566 2042 enim
1590 1986 1748 2059 quia,
1772 2005 1906 2042 cum
1929 2005 2054 2060 per-
2158 1987 2502 2054 Corinthiis;
2524 1987 2733 2043 deinde
2754 1987 3007 2043 ostendit
3028 1987 3111 2042 eis
3134 2004 3195 2042 se
3219 1986 3404 2042 multa
3424 2003 3809 2059 perpessum;

408 2080 712 2148 agrassent
733 2074 1300 2148 Mysiam,venerunt
1320 2075 1625 2142 Troadem,
1645 2080 1751 2130 etc.
1774 2076 1909 2147 (.lct.
1934 2094 2048 2144 xvr,
2160 2076 2369 2133 deinde
2399 2077 2624 2148 gratias
2656 2077 2776 2149 agit
2796 2076 2932 2144 Deo,
2958 2075 3208 2131 maxime
3238 2076 3310 2131 ob
3344 2074 3469 2142 hoc,
3498 2075 3639 2147 quia
3665 2077 3807 2132 talis

2160 2165 2431 2220 inventus
2454 2170 2562 2233 est,
2581 2169 2647 2221 ut
2669 2166 2791 2237 ipse
2812 2164 3201 2235 triumpharet
3220 2180 3353 2220 eum
3378 2164 3435 2219 in
3456 2164 3691 2220 Christo
3713 2189 3728 2234 ί
3754 2172 3812 2221 et

2160 2258 2291 2326 post
2311 2254 2420 2309 hoc
2445 2254 2586 2309 dicit
2607 2254 2841 2309 odorem
2867 2253 3083 2309 notities
3107 2253 3207 2309 Dei
3231 2270 3333 2325 per
3354 2269 3416 2309 se
3437 2253 3810 2310 manifestari

2159 2341 2218 2396 in
2250 2342 2409 2397 omni
2440 2342 2586 2397 loco.
2620 2342 2725 2397 Ubi
2760 2342 3138 2413 quaerendum
3169 2341 3302 2412 quis
3333 2341 3411 2397 sit
3453 2341 3566 2397 iste
3596 2342 3813 2398 trium-

2162 2431 2336 2502 phus,
2360 2430 2446 2485 vel
2469 2431 2604 2503 quis
2627 2432 2702 2485 sit
2724 2431 2834 2486 iste
2860 2431 3019 2486 odor.
3046 2435 3162 2485 Iste
3183 2430 3422 2501 quidem
3443 2429 3811 2504 triumphus,

2161 2519 2281 2575 sive
2311 2520 2471 2585 odor,
2495 2518 2736 2574 victoria
2759 2524 3081 2591 martyrum
3105 2523 3213 2587 est,
3239 2522 3296 2574 et
3325 2519 3553 2575 cruoris
3576 2520 3817 2592 eﬂ'usio,

2160 2613 2217 2663 et
2232 2608 2428 2679 ipsoru
2440 2625 2493 2663 m
2513 2608 3047 2679 constantia,quam
3066 2607 3098 2661 d
3110 2623 3206 2662 um
3223 2606 3493 2663 inﬁdeles
3509 2608 3816 2677 videbant,

2160 2698 2524 2752 occasionem
2558 2697 2785 2752 dicendi
2818 2696 3215 2768 accipiebant;
3270 2695 3385 2751 nisi
3416 2712 3625 2752 verum
3659 2704 3820 2754 esset

2161 2785 2533 2857 Evangelium
2557 2785 2792 2852 Christi,
2816 2801 3190 2857 nequaquam
3211 2789 3332 2840 tam
3355 2780 3702 2843 constantes
3726 2804 3819 2843 es-

2161 2874 2370 2929 sentin
2396 2874 2694 2947 martyrio,
2711 2891 2898 2946 neque
2916 2880 3213 2929 tantorum
3233 2874 3541 2930 hominum
3567 2877 3817 2949 sanguis

2161 2964 2576 3031 elfunderetur,
2602 2979 2791 3034 neque
2820 2968 2938 3017 tam
2971 2961 3234 3018 hilariter
3255 2963 3484 3018 diversa
3513 2968 3820 3021 tormenta

410 3051 729 3123 triumphat
752 3068 851 3108 nos
871 3053 931 3106 in
952 3053 1164 3109 Christo
1185 3056 1338 3109 Jesu.
1365 3056 1476 3107 Deo
1507 3053 1723 3124 quippe
1746 3054 2052 3125 Apostolos
2162 3055 2517 3123 paterentur.
2553 3058 2632 3106 Ac
2678 3067 2781 3122 per
2819 3050 2930 3107 hoc
2959 3052 3319 3107 occasionem
3353 3053 3631 3107 credendi
3664 3055 3819 3110 acci-

418 3143 479 3198 in
509 3140 741 3198 Christo
771 3140 1137 3213 triumphare
1165 3144 1272 3211 est,
1303 3139 1567 3196 videlicet
1595 3141 1653 3196 in
1698 3142 1811 3197 {ide
1842 3142 2055 3199 Christi
2163 3142 2425 3213 piebant,
2448 3141 2699 3195 maxime
2730 3141 2801 3195 ob
2834 3140 2964 3211 hoc,
2988 3140 3127 3211 quia
3147 3157 3347 3196 eorum
3375 3142 3671 3198 confessio
3701 3160 3821 3200 non

416 3232 664 3288 victores
694 3230 953 3287 reddere.
981 3230 1129 3285 Nam
1159 3228 1271 3301 ipsi
1301 3229 1536 3301 quidem
1569 3246 1685 3286 non
1719 3230 1911 3287 solum
1941 3236 2059 3289 tro-
2091 3222 2134 3286 C
2173 3233 2298 3284 erat
2326 3228 2595 3297 delicata,
2627 3246 2743 3284 non
2774 3228 2995 3285 deliciis
3027 3229 3295 3296 afﬂuens,
3326 3229 3427 3286 sed
3461 3230 3520 3284 in
3554 3231 3747 3305 fame,
3778 3236 3830 3289 et

406 2164 478 2237 8).
516 2165 857 2221 Macedonia
884 2180 1138 2236 namque
1170 2162 1327 2235 regio
1373 2163 1481 2220 fuit
1510 2164 1817 2220 Alexandri
1852 2166 2050 2237 magni

408 2252 659 2326 Philippi
689 2251 815 2323 ﬁlii,
848 2269 975 2326 quae
1007 2252 1179 2325 plena
1209 2254 1392 2308 fertur
1436 2269 1565 2309 esse
1612 2254 1773 2309 venis
1820 2254 1947 2309 auri
1994 2259 2053 2309 et

405 2341 632 2415 argenti
656 2360 671 2410 ;
702 2341 885 2397 fertur
914 2346 971 2396 et
1000 2341 1059 2396 in
1088 2357 1155 2397 ea
1183 2357 1312 2398 esse
1343 2358 1512 2397 mons
1543 2342 1845 2414 Olympus,
1880 2344 2049 2413 cujus

406 2431 809 2486 summitatem
839 2446 945 2485 nec
983 2430 1137 2486 venti
1167 2446 1273 2486 nec
1304 2430 1513 2502 pluvia:
1544 2431 1799 2502 pulsant.

473 2518 790 2591 Sequitur:
843 2518 946 2574 Deo
984 2527 1173 2574 autem
1210 2521 1448 2590 gratias.
1484 2519 1713 2574 Dixerat
1755 2537 1817 2576 se
1867 2520 2054 2576 multa

407 2607 645 2680 quidem
666 2623 1032 2680 perpessum,
1053 2611 1109 2663 et
1128 2624 1286 2662 nunc
1307 2607 1528 2679 gratias
1553 2610 1664 2663 Deo
1686 2610 1824 2680 agit.
1851 2610 1913 2663 In
1938 2626 2051 2681 quo

406 2698 557 2754 facto
589 2713 697 2752 nos
729 2713 1056 2765 monemur,
1090 2700 1155 2751 ut
1201 2697 1272 2751 de
1323 2696 1597 2751 omnibus
1638 2701 1758 2752 tam
1794 2698 2052 2754 adversis

406 2802 584 2859 quam
607 2785 903 2859 prosperis
928 2784 1146 2858 gratias
1168 2784 1283 2840 Deo
1310 2801 1573 2857 agamus.
1596 2786 1724 2857 Egit
1749 2786 1901 2841 enim
1924 2803 2053 2859 gra-

410 2875 523 2931 tias
545 2879 679 2943 Deo,
704 2878 769 2929 ut
790 2873 923 2930 illos
950 2874 1020 2929 ad
1054 2872 1439 2929 imitationem
1470 2874 1559 2929 sui
1584 2881 1939 2946 provocarat,
1964 2877 2051 2931 vel

414 2967 483 3019 ut
525 2980 626 3019 eos
670 2963 743 3018 ad
783 2962 983 3034 praelia
1012 2965 1285 3018 armaret.
1318 2962 1594 3033 Sequitur
1627 2981 1639 3019 :
1694 2965 1800 3031 Qui
1844 2981 2054 3037 semper

416 3336 628 3393 picum,
646 3320 747 3376 sed
773 3323 829 3375 et
849 3318 1215 3391 triumphum
1237 3317 1297 3373 in
1319 3318 1433 3373 fide
1454 3318 1666 3375 Christi
1691 3329 2059 3391 acceperunt.

2174 3317 2291 3383 siti,
2322 3322 2379 3373 et
2416 3318 2680 3389 reliquis.
2714 3317 2924 3389 Sicque
2951 3317 3126 3373 etiam
3158 3319 3301 3373 odor
3330 3317 3550 3374 notitiae
3581 3319 3690 3376 Dei
3733 3337 3832 3396 per

415 3410 566 3466 Sane
585 3408 893 3464 sciendum
916 3407 1057 3479 quia
1077 3407 1231 3478 apud
1254 3406 1527 3478 antiquos
1549 3424 1764 3480 magna
1784 3409 2063 3466 distantia
2173 3408 2462 3462 mundum
2505 3406 2851 3478 respirabat.

414 3504 538 3554 erat
565 3497 717 3553 inter
748 3501 1030 3568 tropaeum
1071 3500 1128 3550 et
1175 3496 1568 3568 triumphum.
1598 3497 1744 3552 Nam
1776 3502 2059 3570 tropaeum

413 3585 608 3641 Graeco
624 3585 798 3641 verbo
817 3583 1029 3639 dicitur
1041 3584 1112 3638 ab
1127 3583 1530 3650 insectatione,
1547 3585 1883 3658 triumphus
1902 3605 2059 3656 vero,

413 3674 487 3728 ab
508 3672 927 3740 exsultatione;
959 3672 1113 3727 unde
1136 3677 1193 3727 et
1214 3672 1554 3744 triumphus
1578 3674 1793 3730 dicitur
1813 3676 2061 3732 exsulta-

412 3761 517 3830 tio,
568 3767 627 3817 et
672 3760 1104 3832 triumphantes
1133 3762 1282 3834 (697)
1330 3762 1709 3818 exsultantes.
1754 3764 1813 3818 Si
1862 3769 2057 3820 autem

412 3865 605 3906 sermo
629 3848 872 3905 Latinus
891 3852 981 3905 est
1001 3849 1354 3922 triumphus,
1381 3855 1445 3906 ut
1468 3852 1821 3922 quibusdam
1847 3853 2054 3924 placet,

410 3954 548 4012 ergo
595 3956 629 3995 a
668 3938 858 3995 tribus
886 3938 1201 4011 generibus
1229 3938 1473 3995 laudum
1505 3940 1744 4007 dicitur,
1776 3941 2055 4011 quoniam

410 4026 472 4083 hi
503 4028 604 4100 qui
635 4026 907 4083 inimicos
938 4043 1054 4084 non
1086 4027 1277 4085 solum
1301 4029 1604 4101 fugabant,
1629 4029 1730 4084 sed
1765 4029 1940 4084 etiam
1972 4029 2058 4084 in-

410 4115 1189 4184 terimebant,laudabantur
1205 4121 1325 4172 tam
1350 4134 1384 4172 a
1405 4117 1658 4173 ducibus
1678 4132 1856 4187 quam
1871 4133 1904 4171 a
1925 4132 2057 4172 con-

406 4204 659 4274 sulibus,
682 4222 909 4262 necnon
930 4209 989 4261 et
1017 4224 1050 4262 a
1079 4205 1249 4279 plebe
1276 4222 1288 4260 :
1324 4207 1424 4277 qui
1451 4206 1630 4261 etiam
1658 4204 1914 4276 palmam
1950 4223 2053 4261 au-

404 4310 561 4351 ream
585 4294 969 4367 accipiebant,
985 4295 1122 4367 quia
1141 4296 1376 4367 plenam
1398 4294 1701 4350 victoriam
1727 4293 2050 4363 habebant;

401 4380 487 4436 illi
518 4387 714 4438 autem
738 4382 839 4453 qui
862 4386 1164 4452 tropaeum,
1194 4382 1302 4436 hoc
1332 4385 1442 4451 est,
1466 4379 1851 4452 semiplenam
1873 4381 2051 4437 victo-

400 4470 549 4527 riam
575 4470 890 4541 habebant,
926 4486 1200 4527 coronam
1233 4485 1473 4524 auream
1507 4468 1889 4539 accipiebant.

2241 3495 2455 3550 Verum
2473 3496 2608 3567 quia
2629 3499 2854 3567 poterat
2870 3494 3003 3567 quis
3019 3494 3299 3567 apostolis
3316 3495 3830 3569 objicere,dicens:

2170 3585 2377 3652 Quare,
2412 3583 2461 3639 si
2490 3601 2592 3639 vos
2624 3586 2813 3639 bonus
2843 3586 2986 3639 odor
3028 3585 3170 3640 estis
3220 3585 3279 3639 in
3327 3586 3487 3640 omni
3519 3585 3677 3656 loco,
3718 3606 3833 3645 non

2169 3690 2372 3729 omnes
2403 3673 2699 3728 credunt?
2750 3672 2851 3728 Ille
2908 3689 3040 3728 vero
3094 3672 3286 3728 sciens
3330 3673 3439 3729 hoc
3487 3675 3605 3731 sibi
3651 3677 3835 3750 objici

2167 3778 2360 3832 posse,
2393 3763 2518 3834 ipse
2550 3761 2663 3819 sibi
2694 3762 2927 3833 objecit,
2962 3766 3019 3816 et
3056 3762 3343 3831 exposuit,
3376 3761 3579 3819 dicens
3613 3780 3629 3812 :
3688 3768 3834 3823 Aliis

2167 3850 2384 3920 quidem
2410 3850 2540 3906 odor
2568 3852 2759 3906 mortis
2790 3852 2849 3904 in
2876 3855 3128 3920 mortem,
3152 3856 3262 3906 etc.
3292 3868 3305 3919 ;
3339 3851 3511 3923 quasi
3541 3853 3829 3912 dixisset:

2167 3938 2210 3992 Ο
2243 3938 2549 4005 Corinthii,
2584 3956 2710 4006 nos,
2745 3939 2844 4010 qui
2877 3955 3108 4011 semper
3146 3939 3341 3995 bonus
3389 3940 3537 3996 odor
3583 3958 3831 4010 sumus,

2166 4027 2295 4080 aliis
2320 4031 2506 4081 tamen
2523 4029 2656 4083 odor
2679 4029 2877 4084 mortis
2902 4029 2962 4082 in
2990 4031 3240 4099 mortem,
3261 4029 3393 4084 aliis
3419 4033 3610 4086 autem
3631 4049 3831 4089 sumus

2163 4115 2298 4170 odor
2320 4117 2450 4172 vitae
2478 4118 2537 4171 in
2562 4119 2754 4173 vitam.
2778 4116 3064 4180 Quoniam
3089 4117 3328 4189 quidem
3350 4117 3605 4175 liberum
3630 4120 3834 4179 homi-

2165 4204 2340 4260 nibus
2386 4204 2590 4261 datum
2638 4210 2729 4262 est
2776 4206 3106 4274 arbitrium,
3147 4211 3211 4261 ut
3258 4206 3479 4262 bonum
3511 4225 3635 4265 non
3666 4215 3832 4269 esset

2163 4298 2450 4361 coactum,
2484 4295 2587 4350 sed
2617 4294 3052 4361 voluntarium;
3089 4296 3245 4366 quod
3291 4295 3406 4351 nisi
3452 4304 3634 4368 esset,
3683 4318 3829 4368 non,

2160 4382 2424 4455 inquam,
2457 4384 2605 4439 foret
2634 4385 2781 4454 (698)
2830 4384 2916 4439 vel
2969 4385 3125 4439 unde
3155 4384 3290 4440 boni
3324 4386 3585 4456 praemiis
3620 4405 3829 4446 remu-

2160 4478 2505 4528 nerarentur
2520 4472 3018 4544 sempiternis,vel
3043 4472 3182 4528 mali
3206 4472 3395 4545 poenis
3416 4473 3832 4546 plecterentur

467 4560 741 4631 Sequitur
772 4578 785 4615 :
835 4561 901 4614 Et
947 4559 1164 4615 odorem
1208 4558 1423 4648 notitia:
1462 4571 1575 4610 sum
1620 4555 1940 4648 manifesta!
1988 4561 2050 4615 in
2082 4584 2126 4648 Β
2157 4560 2409 4616 aeternis.
2444 4562 2510 4615 Et
2559 4561 2776 4615 iterum
2810 4578 2822 4615 :
2878 4560 3015 4632 Nos,
3049 4561 3150 4632 qui
3183 4577 3417 4634 semper
3448 4563 3648 4622 bonus
3679 4568 3831 4623 odor

393 4651 549 4705 omni
577 4651 710 4705 loco.
741 4647 990 4703 Odorem
1023 4647 1261 4719 quidem
1292 4644 1513 4698 famam
1549 4644 1805 4699 nominis
1831 4645 2046 4705 Christi
2082 4644 2115 4648 _
2156 4666 2385 4715 sumus,
2414 4666 2515 4720 pro
2536 4650 2675 4703 vitio
2703 4666 2816 4704 non
2840 4650 3313 4721 suscipientium,
3338 4652 3487 4707 odor
3513 4656 3734 4712 mortis
3768 4656 3829 4711 in

392 4738 668 4810 appellat,
697 4754 824 4809 quae
849 4735 1089 4807 pulchre
1113 4750 1217 4805 per
1236 4732 1475 4787 odorem
1503 4733 1878 4805 designatur;
1908 4754 2042 4795 nam
2155 4743 2425 4806 mortem,
2456 4754 2565 4808 pro
2609 4737 2823 4794 virtute
2853 4754 3061 4809 nempe
3088 4740 3569 4810 suscipientium,
3604 4760 3827 4800 sumus

389 4841 481 4882 res
513 4828 703 4884 invisa
733 4826 909 4881 odore
940 4823 1310 4895 dignoscitur
1341 4837 1355 4875 :
1400 4820 1484 4875 sic
1514 4827 1571 4876 et
1600 4823 1756 4878 fama
1789 4826 2042 4884 nominis
2153 4827 2297 4881 odor
2324 4826 2453 4880 vitae
2485 4826 2544 4880 in
2573 4826 2750 4885 vitam
2778 4851 2792 4894 ;
2825 4832 3073 4881 mortem
3123 4844 3279 4896 vero,
3332 4834 3391 4883 et
3438 4830 3652 4903 vitam,
3703 4849 3826 4890 non

388 4916 600 4973 Christi
630 4913 1005 4971 invisibiliter
1044 4911 1115 4965 ad
1162 4925 1336 4964 aures
1369 4912 1628 4979 pervenit
1657 4915 2040 4983 credentium,

387 5010 443 5059 et
472 5011 646 5071 Deus,
670 5002 773 5074 qui
798 5004 924 5055 erat
944 4997 1281 5068 invisibilis,
1301 5014 1403 5068 per
1428 4998 1781 5057 invisibilem
1809 5005 2041 5076 agnitus

385 5098 474 5148 est
501 5088 1002 5165 praedicationem.
1040 5089 1152 5143 Iste
1182 5103 1392 5159 nempe
1421 5088 1562 5144 odor
1608 5107 1709 5162 per
1739 5091 2039 5148 Christum

385 5186 476 5235 est
499 5178 937 5244 manil‘estatus,
953 5180 1009 5231 et
1030 5192 1131 5247 per
1149 5175 1453 5249 epistolam
1479 5180 1857 5249 praedicatus:
1878 5180 2040 5237 Unde

385 5266 513 5337 ipse
541 5267 698 5322 Deus
727 5268 858 5331 Deo,
883 5263 1166 5321 Dominus
1193 5265 1460 5336 Domino,
1484 5271 1540 5321 et
1559 5266 1739 5321 Filius
1762 5267 1905 5322 dicit
1930 5273 2038 5323 Pa-

387 5353 460 5406 tri
488 5369 501 5406 :
532 5354 689 5407 Sicut
715 5352 924 5408 misisti
949 5372 1034 5411 me
1064 5358 1122 5411 in
1151 5355 1440 5415 mundum,
1479 5358 1532 5408 et
1571 5369 1667 5421 ego
1696 5356 1829 5408 misi
1858 5371 1948 5412 eos
1977 5359 2039 5412 in

386 5440 660 5494 mundum
708 5439 884 5509 (Joan.
914 5459 1044 5514 xvii,
1083 5447 1190 5517 18).
1236 5445 1357 5500 Hoc
1387 5440 1564 5495 etiam
1596 5440 1782 5512 signis
1812 5448 1867 5499 et
1897 5462 2037 5516 pro-

479 5563 606 5642 99])
633 5565 841 5642 ᾼυὲοεςο
881 5570 1273 5642 ζνίραάιᾳηιεδ.

479 5563 584 5615 697
633 5565 841 5636 Autog.
881 5570 1273 5642 tripudiantes.

453 5562 606 5725 €698?
629 5636 838 5710 Autog.
867 5640 1041 5717 ﬂoret.
1073 5640 1220 5699 Vide
1252 5646 1401 5693 num
1427 5632 1586 5705 ﬂoret
1630 5635 1896 5708 fortasse,
1927 5638 2015 5699 vel
2044 5642 2284 5720 ﬂoreret.

2155 4914 2337 4977 illam,
2370 4930 2489 4985 qua
2518 4916 2906 4970 communiter
2937 4915 3224 4970 morimur
3270 4922 3329 4971 et
3375 4917 3637 4976 vivimus
3678 4937 3824 4977 cum

2142 5002 2452 5073 jumentis,
2486 5008 2543 5058 et
2573 5003 2900 5074 pecoribus,
2938 5004 3038 5059 sed
3072 5003 3232 5059 illam
3266 5012 3542 5074 mortem,
3576 5009 3652 5065 de
3704 5027 3830 5082 qua

2153 5092 2435 5162 scriptum
2467 5097 2557 5148 est
2586 5110 2599 5147 :
2653 5093 2872 5159 Anima,
2905 5106 3031 5163 quae
3073 5095 3380 5163 peccaverit
3415 5096 3615 5166 (Levii.
3647 5115 3706 5165 ν,
3753 5098 3829 5170 ι),

2149 5185 2289 5247 etc.;
2323 5186 2379 5236 et
2408 5182 2587 5236 vitam
2620 5181 2807 5249 illam,
2838 5182 2908 5235 de
2938 5197 3054 5251 qua
3083 5180 3237 5236 idem
3268 5183 3595 5253 Apostolus
3633 5204 3647 5242 :
3685 5187 3832 5243 Cum

2151 5270 2423 5338 Christus,
2440 5269 2650 5341 inquit,
2674 5272 3033 5340 apparueruit
3052 5272 3168 5325 vita
3182 5275 3371 5326 nostra
3384 5272 3611 5343 (Coloss.
3631 5293 3728 5343 ιιι,
3748 5276 3827 5347 4),

2147 5358 2471 5430 intelligere
2502 5358 2803 5413 debemus.
2835 5356 2984 5423 Quid
3017 5357 3174 5412 enim
3204 5358 3447 5431 mirum,
3479 5362 3531 5417 si
3564 5363 3640 5420 de
3673 5380 3826 5437 apo-

2149 5445 2314 5502 stolis
2345 5446 2581 5515 dicitur,
2612 5444 2766 5518 quod
2798 5442 2928 5501 aliis
2959 5444 3077 5503 sint
3105 5446 3249 5503 odor
3277 5449 3487 5507 mortis
3532 5450 3597 5509 in
3649 5468 3825 5512 mor-
