3990 6224
194 403 318 459 429

783 399 1194 459 EXPOSITIO
1244 402 1316 460 IN
1367 403 1790 466 EPISTOLAS
1837 408 2189 469 PAULL—
2223 412 2297 470 IN
2347 413 2590 471 EPIS'I‘.
2641 416 2688 472 ll
2736 415 2837 473 AD
2883 417 3059 473 C(llt.

3503 426 3620 481 430

200 538 343 596 tem,
373 535 510 598 etc.,
540 546 680 585 cum
717 537 770 584 et
803 530 874 585 de
903 530 1131 586 Christo
1173 535 1455 605 scriptum
1491 537 1568 590 sit
1603 554 1613 591 :
1652 540 1867 593 Pasitus
1899 543 1949 606 Α
1983 542 2134 610 quod
2168 541 2509 612 loquuntur,
2535 549 2936 601 verumtamen
2961 545 3250 602 humanos
3285 549 3504 608 favores
3535 552 3621 605 di-

199 628 286 676 es!
319 622 409 676 hic
439 623 499 674 in
550 623 783 674 ruinam
805 624 829 671 γ
859 623 966 675 etc.
1004 622 1151 690 (Luc.
1187 639 1247 686 ιι,
1279 625 1346 677 31
1376 649 1388 689 ;
1423 627 1548 679 lsui.
1599 645 1718 688 vni.
1761 630 1866 691 1-1.)

198 711 349 774 Quid
385 709 566 765 etiam
603 709 823 762 mirum
857 707 903 762 si
942 709 1010 762 de
1043 711 1322 780 apostolis
1353 712 1602 782 dicatur,
1627 715 1866 770 0101111-

198 805 312 863 sto,
347 815 483 853 cum
547 798 661 853 hoc
712 798 782 852 de
837 797 958 851 solo
1008 798 1332 870 intelligere
1385 803 1724 872 possimus?
1769 805 1864 859 Sol

199 888 422 961 quippe
458 887 657 942 radios
691 903 833 941 suos
866 887 1142 940 diffundit
1167 904 1269 958 per
1301 891 1535 958 omnia;
1573 891 1867 948 illuminat

198 977 429 1034 scilicet
458 981 580 1030 tam
618 975 841 1029 munda
874 991 1045 1046 quam
1097 981 1151 1029 01
1183 977 1529 1047 immunda;
1566 980 1717 1035 lucet
1747 987 1864 1037 tam

200 1065 516 1122 odoriferis
549 1065 796 1119 ﬂoribus
829 1081 1002 1135 quam
1046 1070 1102 1117 et
1132 1068 1488 1120 stercoribus
1520 1085 1532 1122 :
1573 1078 1864 1125 verumta-

205 1173 344 1210 men
365 1155 515 1209 radii
536 1154 721 1224 ipsius
743 1171 855 1207 non
878 1155 1354 1223 coinquinentur.
1383 1157 1474 1209 Sic
1497 1163 1550 1210 et
1578 1159 1862 1229 Christus,

206 1245 314 1316 qui
352 1244 571 1298 mutari
604 1260 713 1296 non
746 1247 955 1313 potest,
990 1248 1098 1296 etc.
1136 1261 1147 1297 :
1185 1244 1233 1297 is
1257 1250 1467 1299 natura
1500 1250 1714 1302 mutari
1752 1267 1862 1302 non

209 1333 370 1387 valet
400 1350 412 1398 ;
450 1349 559 1386 non
585 1332 952 1385 credentibus
985 1334 1069 1385 est
1104 1332 1160 1385 in
1192 1334 1421 1388 ruinam
1451 1352 1462 1400 ;
1498 1337 1864 1391 credentibus

211 1438 368 1486 vero,
405 1421 460 1475 in
495 1420 997 1474 resurrectionem.
1024 1421 1117 1474 Sic
1140 1420 1311 1474 etiam
1337 1423 1711 1494 apostoli,qui
1736 1426 1865 1494 ejus

205 1511 333 1564 vice
367 1510 735 1580 Iunguntur;
771 1507 1089 1577 aliis,sicut
1120 1509 1260 1564 dicit
1289 1512 1600 1582 Apostolus
1629 1529 1640 1568 :
1667 1514 1863 1569 Sumus

203 1599 337 1655 odor
389 1600 578 1653 mortis
629 1600 687 1651 in
735 1603 984 1662 mortem,
1030 1599 1161 1651 aliis
1208 1599 1337 1653 odor
1385 1603 1512 1656 riae
1558 1604 1618 1655 in
1670 1605 1858 1657 vitam.

203 1688 382 1753 Quasi
418 1687 636 1742 iterum
670 1687 914 1741 dixisset
937 1687 1096 1758 ipse:
1132 1688 1174 1741 Ο
1208 1687 1507 1756 Corinthii,
1535 1708 1647 1745 non
1674 1693 1860 1762 parvi-

205 1776 474 1848 pendatis
493 1796 505 1840 ;
527 1777 576 1830 si
598 1775 731 1829 aliis
751 1792 957 1830 sumus
976 1776 1118 1830 odor
1135 1777 1426 1846 mortis,in
1443 1784 1859 1846 mortem,etc.;

202 1864 640 1935 quoniam,nisi
675 1881 780 1918 nos
814 1865 1284 1934 praedicaremus.
1309 1883 1410 1920 nec
1443 1867 1558 1921 vita
1583 1869 1856 1923 obedien-

203 1955 299 2008 tize
327 1955 734 2024 bonos,neque
757 1969 914 2006 mors
941 1953 1342 2007 inobedicntizc
1366 1963 1710 2025 sequeretur
1732 1975 1857 2012 ma-

199 2044 308 2098 los.
337 2043 485 2098 Illud
510 2060 653 2096 sane
678 2042 1151 2112 sciendum,quia
1175 2043 1297 2113 ipse
1321 2062 1500 2099 sonus
1520 2046 1861 2117 evangelicre

200 2131 639 2203 praedicationis
687 2130 1145 2200 suscipientibus
1178 2133 1318 2185 odor
1370 2133 1496 2187 vita:
1543 2139 1667 2200 est;
1702 2137 1858 2206 quia,

199 2223 340 2275 dum
367 2237 501 2275 eum
527 2219 879 2290 suscipiunt,
900 2218 1208 2290 peripsum
1230 2221 1299 2274 ad
1325 2221 1498 2275 vitam
1525 2228 1856 2278 transeunt:

198 2328 318 2365 non
372 2309 836 2380 suscipientibus
891 2315 1082 2362 autem
1115 2309 1258 2363 odor
1304 2315 1391 2363 est
1441 2313 1656 2382 pestis;
1698 2314 1856 2384 quia,

199 2417 311 2454 ceu
342 2398 618 2452 homines
649 2415 749 2468 per
780 2403 1003 2469 pestem
1036 2403 1343 2453 transeunt
1373 2401 1442 2453 ad
1480 2407 1746 2468 mortem,
1775 2403 1856 2457 sic

196 2493 256 2543 et
291 2487 401 2550 illi,
438 2487 540 2557 qui
575 2487 836 2541 auditum
868 2486 1027 2541 verbi
1060 2487 1159 2541 Dei
1193 2505 1306 2542 non
1339 2489 1855 2561 suscipiunt,mor-

193 2584 314 2632 tem
353 2577 467 2631 sibi
503 2581 800 2646 generant,
834 2580 888 2629 et
922 2575 991 2629 ad
1024 2592 1151 2629 eam
1184 2581 1508 2632 transeunt.
1543 2578 1706 2634 Unde
1739 2580 1853 2633 Do-

191 2666 392 2722 minus
449 2681 553 2736 per
601 2663 954 2718 Ezechielem
991 2682 1002 2718 :
1039 2666 1102 2719 Si
1145 2669 1590 2731 annuutiaveris,
1642 2668 1848 2738 inquit,

189 2757 361 2826 impio
389 2763 613 2826 peccata
646 2755 837 2823 ipsius,
871 2759 979 2807 etc.
1014 2754 1224 2823 (Et-€1"It.
1261 2772 1344 2817 ιιι,
1386 2758 1492 2824 10.)

259 2845 542 2916 Sequitur
578 2861 590 2896 :
626 2844 690 2896 Et
721 2843 799 2896 ad
828 2843 945 2899 haec
991 2847 1109 2912 quis
1141 2851 1253 2897 tam
1285 2846 1560 2899 idoneus?
1593 2846 1707 2901 Hoc
1740 2853 1846 2913 est,

188 2935 322 3007 quis
351 2935 432 2988 ita
486 2933 762 2996 idoneus,
798 2936 862 2984 ut
903 2932 1137 2986 odorem
1188 2933 1402 2986 notitia:
1437 2933 1535 2988 Dei
1573 2935 1845 2990 manifes-

188 3028 290 3092 tet,
345 3019 853 3094 quemadmodum
905 3021 1057 3075 nos?
1101 3020 1236 3086 Nos,
1295 3022 1558 3092 inquam,
1595 3025 1844 3094 pseudo-

193 3111 466 3184 apostoli,
501 3110 720 3180 quibus
752 3109 927 3162 ﬁdem
960 3110 1407 3164 accomodastis.
1439 3110 1620 3166 Aliter
1658 3129 1668 3166 :
1705 3113 1844 3178 Quis

195 3209 315 3258 tam
347 3202 594 3255 idoneus
614 3200 686 3253 ad
720 3198 842 3252 hzec
869 3201 890 3252 Ρ
919 3198 978 3251 ld
1007 3198 1262 3269 est,quis
1292 3203 1462 3253 tantae
1491 3205 1578 3254 est
1595 3202 1841 3272 pruden-

1979 630 2120 683 vina?
2155 633 2467 700 przesentim
2504 635 2853 703 prmferunt;
2887 634 3015 688 ideo
3048 653 3160 688 non
3194 636 3384 692 solum
3419 638 3565 693 dixit
3607 656 3617 693 :

1981 723 2063 774 Ea:
2095 721 2213 784 Deo,
2250 721 2347 772 sed
2380 721 2554 774 etiam
2590 723 2816 776 addidit
2849 741 2859 776 :
2896 725 3088 777 Coram
3123 725 3242 778 Deo.
3267 725 3411 779 Illud
3445 728 3621 781 etiam

1977 808 2319 873 notandum,
2355 809 2493 879 quia
2527 810 2582 862 in
2619 811 2730 863 line
2778 811 2958 880 hujus
2989 811 3228 883 capituli
3283 814 3461 869 totius
3495 815 3620 869 Tri-

1978 896 2174 949 nitatis
2212 898 2272 949 fit
2305 898 2522 950 mentio
2559 914 2569 950 :
2603 915 2672 951 ea:
2719 899 2841 964 Deo,
2877 900 3062 953 sancti
3111 901 3401 971 Spiritus;
3434 920 3619 959 coram

1977 985 2100 1048 Deo,
2138 985 2323 1038 Patris
2352 1004 2363 1050 ;
2397 989 2454 1038 in
2488 986 2716 1053 Christo,
2753 987 2898 1040 Filii.

2049 1075 2195 1143 (700)
2239 1078 2392 1138 (CAP.
2450 1075 2566 1142 Ill).
2619 1078 2920 1142 lneipimus
2966 1079 3180 1142 iterum,
3233 1084 3340 1133 etc.
3395 1081 3623 1135 Dixerat

1976 1163 2277 1231 superius:
2311 1165 2413 1216 Deo
2445 1169 2627 1217 autem
2661 1168 2999 1237 gratiam/ui
3017 1183 3225 1236 semper
3255 1171 3622 1239 triumphavit

1975 1267 2088 1318 nos,
2125 1256 2178 1305 et
2228 1257 2453 1319 czetcra,
2489 1270 2614 1322 qum
2668 1261 3013 1324 sequuntur,
3048 1273 3233 1326 usque
3284 1258 3381 1310 ubi
3432 1259 3615 1312 dicit:

1972 1344 2092 1395 Non.
2125 1357 2312 1394 sumus
2341 1343 2714 1396 adulterantes
2748 1344 2965 1396 rer/mm
2998 1345 3110 1397 Dei.
3137 1345 3346 1399 Statim
3378 1348 3620 1416 subjun-

1974 1429 2054 1482 xit
2091 1447 2101 1482 :
2138 1431 2435 1499 lncipimus
2471 1433 2813 1496 iterum,etc.
2848 1433 3053 1501 Magna
3085 1434 3305 1487 dixerat
3326 1435 3616 1505 superius,

1973 1521 2028 1570 et
2061 1518 2172 1570 tale
2201 1518 2445 1588 aliquid,
2481 1525 2544 1573 ut
2576 1521 2764 1573 extolli
2810 1521 3103 1575 videretur
3138 1540 3148 1576 :
3184 1527 3238 1576 et
3271 1523 3397 1577 ideo
3429 1523 3568 1577 dicit
3604 1541 3616 1577 :

1973 1607 2269 1675 lncipimus
2320 1608 2539 1670 iterum,
2575 1625 2645 1662 ne
2675 1609 2870 1663 extolli
2921 1610 3235 1674 videretur,
3269 1611 3434 1682 quasi
3465 1613 3619 1666 dice-

1974 1698 2094 1748 ret:
2121 1695 2242 1747 .\'on
2273 1695 2396 1749 ideo
2421 1697 2812 1767 nosmetipsos
2836 1698 2997 1752 vobis
3024 1699 3356 1767 laudamus,
3380 1702 3443 1754 ut
3466 1716 3623 1754 com-

1975 1781 2236 1835 mendari
2269 1799 2301 1835 a
2332 1783 2496 1836 vobis
2528 1784 2796 1853 velimus,
2817 1787 2915 1839 sed
2942 1791 3005 1839 ut
3035 1805 3066 1839 a
3101 1785 3381 1842 falsorum
3415 1789 3626 1843 doctri-

1975 1887 2046 1924 na
2079 1870 2530 1925 subtrahainini.
2567 1873 2674 1926 Sed
2712 1891 2888 1942 quare
2920 1873 3079 1934 dicit,
3110 1877 3352 1928 iterum?
3383 1877 3528 1940 Quia
3556 1894 3623 1932 ea

1975 1960 2294 2013 intentione
2327 1959 2514 2014 multa
2546 1962 2764 2013 dixerat
2817 1963 2871 2014 in
2910 1963 3095 2028 prima
3141 1963 3413 2033 Epistola,
3447 1965 3502 2018 id
3535 1970 3622 2020 est

1974 2065 2082 2104 non
2115 2065 2236 2102 sum
2285 2049 2460 2106 liber:
2498 2055 2614 2114 aut,
2647 2051 2793 2103 solus
2833 2066 2947 2116 ego,
2980 2056 3028 2104 et
3075 2052 3377 2115 Barnabas,
3411 2058 3516 2106 etc.
3554 2054 3621 2108 Et

1972 2138 2101 2191 ideo
2129 2137 2286 2201 dicit,
2315 2141 2532 2202 iterum,
2564 2137 2731 2207 quasi
2764 2139 2980 2192 diceret
3007 2156 3016 2191 :
3043 2140 3165 2192 Non
3198 2157 3376 2194 causa
3408 2147 3618 2195 nostra:

1971 2226 2163 2280 laudis
2183 2231 2445 2280 nostram
2469 2226 2871 2280 auctoritatem
2895 2228 3390 2294 ostendimus,sed
3415 2236 3615 2284 vestrae

1970 2314 2199 2376 salutis.
2231 2320 2290 2368 ut
2325 2314 2820 2385 pseudoapostoli,
2847 2317 3061 2386 quibus
3086 2318 3257 2371 fidem
3291 2335 3618 2373 accommo-

1969 2404 2174 2466 dastis,
2197 2403 2416 2458 nullius
2440 2404 2801 2458 auctoritatis
2825 2421 2953 2459 esse
2976 2407 3380 2472 ostendantur,
3406 2413 3463 2460 et
3489 2407 3618 2462 illos

1969 2490 2330 2561 relinquatis,
2363 2497 2418 2546 et
2454 2510 2543 2547 me
2594 2494 2943 2563 sequamini.
2981 2493 3256 2548 Nonnulli
3296 2493 3615 2566 interroga-

1965 2580 2075 2631 tive
2109 2581 2308 2633 volunt
2336 2581 2487 2635 hunc
2522 2581 2714 2635 locum
2740 2598 2865 2636 esse
2898 2583 3425 2652 pronuntiandum,
3459 2585 3613 2654 quod

1962 2670 2125 2734 dicit,
2180 2672 2476 2739 incipimus
2531 2671 2699 2739 (701),
2735 2674 2842 2723 etc.
2896 2671 3145 2725 Maxime
3194 2673 3265 2726 ob
3315 2671 3444 2741 hoc,
3479 2673 3617 2744 quia

1960 2758 2266 2827 subjunxit
2315 2759 2676 2829 Apostolus:
2734 2761 2838 2812 Aut
2887 2761 3139 2830 nunquid
3183 2777 3420 2830 egemus,
3473 2764 3614 2815 sicut

1958 2847 2203 2916 quidam,
2236 2852 2366 2910 etc.,
2403 2865 2466 2902 ac
2500 2849 2545 2902 si
2575 2849 2826 2902 diceret:
2855 2849 2978 2903 Non
3011 2866 3270 2920 egemus.
3299 2849 3382 2904 Illi
3417 2849 3607 2920 enim,

1957 2952 2104 3004 quos
2136 2937 2342 3005 gratia,
2374 2936 2548 3001 fama,
2570 2953 2669 2990 seu
2701 2937 3069 2992 familiaritas
3095 2938 3608 3007 commendat,non

1954 3029 2125 3094 egent
2155 3024 2399 3078 aliorum
2454 3025 2716 3096 epistolis
2769 3027 3206 3093 commendari;
3257 3029 3604 3095 econtrario,

1952 3128 2100 3181 quos
2124 3111 2200 3165 nil
2235 3112 2347 3166 tale
2369 3114 2756 3180 commendat,
2782 3120 2970 3184 egent.
2997 3115 3254 3185 Apostoli
3278 3116 3604 3185 enim,quia

1951 3200 2158 3269 gratia,
2195 3201 2514 3269 patratione
2555 3201 2993 3267 miraculorum,
3028 3201 3240 3256 virtute
3270 3218 3594 3272 sngnorum,

192 3295 308 3360 tiae,
340 3297 441 3348 aut
472 3287 900 3360 intelligentiae,
935 3293 997 3340 ut
1035 3287 1220 3359 possit
1261 3289 1635 3344 manifestare
1665 3306 1843 3360 quare
1876 3277 1917 3342 C
1957 3288 2287 3342 sinceritate
2306 3289 2730 3359 praedicationis
2748 3290 3453 3356 commendabantur,non
3469 3306 3596 3361 cge-

192 3384 263 3440 ad
295 3387 561 3437 nostram
614 3378 1082 3450 praedicationem
1115 3377 1210 3431 alii
1263 3378 1521 3444 credant,
1557 3377 1652 3433 alii
1687 3397 1799 3434 non
1829 3398 1842 3446 ;

192 3472 290 3528 alii
342 3470 548 3535 velint,
599 3473 657 3522 et
702 3467 965 3538 possint;
1018 3466 1113 3520 alii
1166 3482 1269 3520 nec
1315 3466 1509 3535 velint,
1559 3483 1662 3521 nec
1713 3485 1843 3538 pos-

184 3562 311 3616 sint.
366 3560 393 3613 ?
465 3558 508 3610 Ο
575 3557 769 3622 1101110,
840 3561 900 3610 111
971 3555 1102 3626 quis
1168 3573 1249 3620 es,
1321 3556 1420 3626 qui
1491 3557 1845 3627 respondeas

185 3655 306 3703 Deo
331 3647 358 3700 ‘?

263 3735 595 3807 Sequitur:
626 3735 741 3787 Non
787 3748 974 3786 sumus
1021 3734 1159 3787 sicut
1198 3733 1434 3802 plurimi
1479 3733 1846 3788 adulterantes

184 3827 416 3882 verbum
447 3825 561 3879 Dei.
585 3823 645 3876 In
679 3822 788 3876 hoc
821 3821 943 3876 loco
977 3823 1165 3891 tangit
1187 3822 1844 3894 pseudoapostolos,qui

183 3917 432 3972 verbum
467 3912 568 3968 Dei
621 3910 1030 3966 adulterabant
1064 3927 1073 3964 :
1111 3909 1222 3981 ipsi
1266 3928 1537 3982 namque,
1573 3910 1846 3966 derelicto

186 4004 348 4060 verbi
381 4001 486 4058 Dei
515 3999 1059 4065 sensu,secundum
1083 3999 1409 4054 humanum
1442 4016 1680 4055 sensum
1702 4017 1845 4072 prie-

189 4093 475 4148 dicabant
509 4107 520 4144 :
556 4089 644 4144 vel
677 4091 828 4142 certe
859 4088 914 4141 in
949 4089 1075 4159 ipso
1114 4089 1286 4143 verbo
1321 4087 1419 4143 Dei
1452 4088 1636 4155 aliter,
1669 4106 1843 4160 quam

187 4187 334 4246 erat,
367 4179 725 4236 sentiebant.
761 4177 916 4232 Adeo
949 4179 1164 4248 quippe
1214 4182 1504 4232 amatores
1553 4185 1715 4233 erant
1745 4178 1846 4232 Ju-

189 4271 375 4325 daice
405 4272 597 4334 sectze,
633 4272 697 4320 ut
729 4267 876 4321 male
906 4267 977 4321 de
1019 4266 1247 4321 Christo
1281 4266 1602 4334 sentirent;
1636 4271 1692 4320 et
1721 4265 1849 4320 ideo

194 4359 398 4413 minus
451 4362 622 4412 notos
654 4355 801 4425 (699)
832 4355 1104 4410 ostendit.
1145 4355 1284 4408 Item
1335 4355 1434 4424 qui
1487 4355 1714 4409 adulter
1739 4361 1848 4421 est,

190 4447 250 4502 in
285 4447 446 4501 coitu
482 4461 596 4499 non
633 4444 850 4516 prolem
898 4444 1167 4514 requirit,
1202 4444 1299 4497 sed
1331 4442 1684 4514 voluptatem
1720 4443 1849 4496 diii-

190 4537 279 4608 git
316 4554 328 4591 :
364 4551 504 4606 ergo
535 4533 620 4587 illi
678 4534 1006 4588 adulterant
1050 4532 1287 4587 verbum
1329 4533 1449 4596 Dei,
1484 4533 1585 4602 qui
1634 4532 1690 4585 in
1727 4532 1852 4603 ipso

1956 3377 2095 3430 bant
2127 3377 2633 3431 commendatione
2662 3396 2673 3433 :
2707 3383 2940 3431 econtra
2972 3377 3464 3448 pseudoapostoli,
3496 3379 3594 3450 qui

1955 3464 2046 3518 his
2077 3465 2351 3519 omnibus
2375 3466 2668 3534 carebant,
2697 3466 3201 3520 commendatione
3232 3465 3497 3536 egebant.
3520 3467 3600 3522 De

1957 3553 2172 3607 talibus
2193 3553 2333 3608 dicit
2364 3553 2640 3608 Dominus
2666 3571 2677 3607 :
2711 3559 2805 3609 Va?
2828 3555 2990 3624 vobis,
3017 3555 3222 3611 Scriba:
3241 3563 3290 3610 et
3305 3555 3598 3625 Pharisaei,

1955 3645 2050 3712 qui
2077 3643 2347 3696 devoratis
2378 3644 2566 3697 domos
2589 3643 2879 3697 viduarum
2907 3644 3118 3713 (Matth.
3154 3663 3312 3713 xxm,
3347 3647 3453 3712 14),
3489 3650 3600 3700 etc.

1955 3732 2103 3785 Sunt
2132 3731 2303 3786 etiam
2329 3731 2593 3786 nonnulli
2622 3733 3231 3806 presbyteri,episcopi
3267 3735 3323 3789 in
3348 3735 3605 3791 Ecclesia

1955 3821 2362 3886 consistentes,
2383 3839 2529 3892 quos
2561 3839 2748 3893 neque
2771 3824 2946 3891 fama,
2963 3840 3149 3895 neque
3169 3825 3426 3879 doctrina
3453 3841 3604 3880 com-

1957 3910 2195 3964 mendat
2229 3927 2239 3964 :
2278 3915 2333 3966 et
2379 3911 2505 3966 ideo
2559 3911 2798 3967 alterius
2845 3912 3018 3967 laude
3066 3919 3254 3984 egent,
3313 3919 3602 3984 quatenus

1959 4000 2465 4054 commendentur.
2499 4001 2576 4053 Ad
2621 4017 2726 4067 vos,
2759 4008 2853 4055 aut
2884 4019 2955 4055 ea:
3003 4003 3176 4056 vobis.
3212 4003 3292 4056 Αιι
3321 4019 3410 4056 vos
3441 4002 3602 4071 dicit,

1957 4088 2094 4159 quia
2145 4088 2391 4142 aliorum
2443 4088 2706 4159 epistolis
2745 4089 3060 4142 Corinthiis
3111 4091 3604 4144 commendaban-

1958 4183 2054 4230 tur
2088 4195 2099 4231 :
2135 4193 2201 4230 ea:
2235 4177 2400 4246 vobis,
2437 4177 2575 4246 quia
2605 4177 2675 4229 ab
2704 4176 2844 4245 ipsis
2876 4175 3028 4230 aliis.
3067 4178 3132 4230 Et
3162 4177 3255 4230 his
3286 4176 3476 4230 verbis
3509 4193 3604 4230 08-

1957 4265 2218 4319 tenditur
2248 4265 2387 4334 quia
2429 4263 2512 4317 illi
2544 4264 2657 4318 huc
2692 4262 2829 4317 illuc
2859 4264 3284 4329 discurrebant,
3318 4268 3607 4335 quatenus

1961 4372 2075 4409 non
2109 4353 2297 4408 solum
2352 4352 2734 4422 substantias,
2771 4353 2868 4405 sed
2903 4352 3078 4405 etiam
3111 4351 3360 4406 salutem
3410 4353 3608 4406 aufer-

1962 4447 2125 4508 rent;
2161 4442 2406 4514 apostoli
2434 4459 2564 4495 vcro
2599 4458 2711 4495 non
2745 4441 2934 4496 solum
2959 4441 3320 4495 substantias
3355 4457 3467 4494 non
3499 4440 3608 4494 tol-

1960 4532 2176 4602 lebant,
2211 4533 2309 4587 sed
2342 4532 2515 4586 etiam
2550 4530 2798 4586 salutem
2826 4530 3164 4585 all‘erebant.

192 4642 312 4680 non
348 4623 488 4677 boni
523 4622 716 4694 operis
743 4623 966 4677 fructus
996 4621 1093 4676 sed
1129 4621 1402 4675 humanae
1431 4620 1622 4675 laudis
1655 4619 1848 4690 requi-
1884 4644 1930 4706 D
2034 4623 2274 4692 Epistola
2320 4630 2513 4676 nostra
2561 4638 2652 4675 eos
2698 4623 2851 4685 estis,
2884 4625 2993 4674 etc.
3029 4618 3285 4690 Epistola
3330 4617 3488 4672 enim
3523 4619 3606 4672 si-

194 4718 344 4768 runt
394 4712 564 4766 fetus.
601 4711 740 4766 Item
793 4710 1118 4765 adulterare
1164 4711 1405 4764 verbum
1455 4709 1555 4765 Dei
1596 4714 1702 4775 est,
1739 4726 1853 4764 non

199 4800 310 4857 Dei
346 4799 570 4864 laudes,
604 4800 702 4854 sed
737 4816 855 4853 suae
890 4798 1185 4870 sapientiae
1217 4799 1663 4854 ostentationem
1699 4816 1853 4869 quae-

195 4905 349 4945 rere.

269 4977 560 5049 Sequitur
588 4995 599 5032 :
634 4977 735 5032 Sed
765 4994 835 5031 ea:
863 4978 1208 5035 sinceritate;
1237 4976 1343 5031 hoc
1372 4981 1460 5031 est
1486 4994 1552 5031 ex
1576 4975 1856 5047 simplici-

201 5075 325 5123 tate
357 5072 414 5122 et
443 5067 636 5122 cordis
691 5067 961 5137 puritate.
994 5065 1071 5118 Ex
1103 5065 1438 5120 sinceritate
1489 5072 1546 5119 et
1577 5065 1858 5136 simplici-

202 5163 321 5212 tate
342 5156 587 5211 verbum
618 5155 710 5209 Dei
735 5154 890 5224 loqui
916 5154 1167 5222 est,hoc,
1199 5156 1350 5225 quod
1384 5154 1662 5224 loquitur,
1689 5171 1722 5206 a
1748 5153 1860 5207 Deo

204 5261 267 5300 se
314 5245 534 5300 habere
585 5241 930 5312 intelligere.
986 5246 1174 5298 Coram
1223 5249 1332 5298 Deo
1361 5242 1519 5312 loqui
1571 5246 1678 5304 est,
1721 5241 1862 5294 dum

206 5333 492 5405 loquitur,
530 5331 793 5385 divinam
818 5331 1183 5400 praesentiam
1208 5348 1325 5387 suae
1360 5331 1540 5384 menti
1574 5331 1860 5401 prazferre.

201 5424 314 5479 Sed
350 5423 492 5496 quia
525 5424 669 5476 sunt
717 5419 838 5490 qui,
871 5419 1003 5476 licet
1050 5438 1082 5475 a
1112 5421 1225 5476 Deo
1275 5419 1605 5491 intelligant
1653 5418 1865 5474 habere

270 5586 427 5654 (699)
479 5583 676 5654 Minus,
723 5585 901 5647 notos,
960 5581 1203 5654 fortasse
1260 5583 1448 5637 minus
1504 5582 1868 5654 idoneos,q_ex

200 5649 478 5785 Bimae
539 5651 721 5728 paulo
781 5651 1093 5725 superius:
1131 5655 1204 5712 ad
1253 5654 1367 5712 haec
1414 5655 1535 5727 quis
1585 5649 1865 5709 tam'ido-

199 5743 335 5788 ησηε

1964 4727 2144 4781 gnum
2180 4715 2269 4765 est
2301 4709 2528 4764 salutis.
2563 4709 2839 4764 Corinthii
2876 4725 3128 4779 namque
3159 4706 3418 4779 Epistola
3449 4712 3614 4762 erant

1966 4800 2026 4853 in
2059 4799 2329 4854 cordibus
2362 4799 2778 4870 apostolorum,
2813 4798 2950 4870 quia
2985 4797 3147 4869 jugis
3179 4802 3301 4853 erat
3332 4798 3615 4852 memoria

1969 4905 2167 4942 eorum
2196 4889 2253 4942 in
2279 4889 2442 4959 ipsis,
2463 4893 2516 4942 et
2539 4887 2934 4942 indesinenter
2954 4904 3154 4941 eorum
3179 4887 3426 4942 salutem
3452 4893 3615 4958 opta-

1971 4979 2152 5042 bant;
2187 4979 2340 5032 unde
2371 4977 2428 5030 in
2467 4979 2654 5046 prima
2686 4976 3343 5047 Epistola:Siguaculum
3365 4980 3472 5031 mei
3493 4992 3620 5046 apo-

1971 5067 2198 5119 statutus
2231 5082 2320 5120 vos
2349 5067 2480 5119 estis
2531 5067 2576 5135 (Ι
2614 5067 2731 5119 Cor.
2771 5083 2845 5132 1x,
2877 5070 2952 5131 2).
3008 5072 3068 5117 lat
3103 5067 3245 5119 bene
3295 5066 3375 5118 illi
3411 5065 3615 5118 dicun-

1971 5160 2065 5207 tur
2087 5170 2214 5207 esse
2237 5153 2512 5224 Epistola,
2539 5170 2786 5222 quorum
2805 5153 2968 5223 jugis
2991 5160 3077 5207 est
3111 5154 3388 5207 memoria
3409 5153 3463 5204 in
3489 5167 3617 5204 cor-

1972 5243 2145 5296 dibus
2169 5241 2438 5307 aliorum,
2456 5242 2554 5311 qui
2579 5241 2752 5294 etiam
2776 5241 3175 5294 indesinenter
3193 5257 3394 5295 eorum
3417 5242 3620 5306 optant

1974 5331 2247 5386 salutem.
2275 5335 2421 5399 Quae
2440 5332 2634 5399 scitur,
2660 5335 2708 5384 et
2733 5330 3150 5400 legitur,etc.Ab
3174 5330 3422 5383 omnibus
3443 5327 3619 5381 homi-

1974 5420 2132 5474 nibus
2156 5418 2299 5472 bene
2328 5417 2631 5486 dicit,quia
2653 5418 2926 5473 omnibus
2950 5423 3153 5472 notum
3177 5415 3481 5487 erat,quoi
3505 5413 3621 5470 illis

2049 5576 2192 5645 (700)
2231 5575 2288 5629 111
2323 5581 2518 5643 autog.
2555 5588 2740 5698 marg].
2778 5574 2868 5629 hic
2902 5573 3115 5645 legitur
3144 5588 3271 5644 cap.
3305 5571 3426 5631 VII.

2050 5648 2197 5698 (701)
2231 5646 2315 5698 Ita
2345 5642 2565 5698 scilicet
2596 5643 2652 5698 in
2736 5643 2853 5698 ultr.
2887 5644 3119 5698 lenitur.

2050 5642 2197 5721 (701)
2231 5646 2315 5704 lta
2345 5642 2565 5702 scilicet
2596 5643 2652 5698 in
2686 5642 2853 5718 Vulg.
2887 5642 3123 5728 leg—itur,
