3990 6224
322 361 434 419 431

1320 355 1655 416 ATTONIS
1702 353 2283 414 VEBCELLENSIS
2330 354 2682 414 EPISCOPI

3604 360 3727 421 432

325 489 775 561 praedicantibus
795 488 1194 544 credidissent.
1211 487 1359 556 Sive,
1382 487 1623 558 Epistola
1646 485 1859 540 Christi
1872 500 1963 539 vos
1992 488 2047 550 Α
2078 484 2235 539 niam
2269 484 2533 539 nonnulli
2557 502 2759 539 eorum
2790 486 2931 540 adeo
2948 493 3113 541 erant
3143 490 3441 543 amatnres
3462 488 3727 545 Judaica:

323 583 453 635 estis
482 579 804 634 ministrata
833 595 867 632 a
890 577 1075 647 fnobis,
1110 574 1246 647 quia
1296 576 1463 630 nobis
1514 575 1966 646 praedicantibus

327 666 672 734 credidistis,
706 670 763 721 et
801 665 1081 737 Spiritum
1134 668 1398 719 sanctum
1434 664 1775 735 percepistis
1810 681 1823 720 :
1858 679 1966 717 non

324 761 659 822 atramento,
687 755 780 811 sed
810 755 1020 827 Spiritu
1054 755 1149 809 Dei
1198 754 1330 808 vivi.
1367 748 1470 807 Illa
1502 752 1654 807 enim
1690 770 1801 818 res,
1838 769 1965 823 quae

327 844 666 912 destruitur,
699 850 756 901 et
798 844 1156 910 obliteratur,
1190 846 1517 897 atramento
1565 842 1778 896 dicitur
1807 858 1964 895 com-

328 935 592 990 mendari
626 952 639 990 :
673 933 775 989 illa
821 949 952 987 vero
1001 948 1128 1003 quae
1180 936 1396 1000 manet,
1430 930 1650 1002 Spiritu
1700 929 1795 984 Dei
1830 928 1961 982 vivi.

328 1023 495 1078 Fides
525 1023 701 1088 enim,
732 1021 870 1092 quia
904 1026 1181 1093 perpetua
1210 1025 1319 1087 est,
1352 1024 1408 1075 et
1448 1036 1535 1087 ea,
1570 1036 1695 1091 quae
1724 1020 1795 1073 ab
1827 1035 1964 1089 apo-

325 1111 490 1167 stolis
520 1110 1032 1183 promittebantur,
1066 1108 1284 1182 Spiritu
1321 1109 1415 1164 Dei
1449 1108 1960 1174 commendantur;

324 1199 588 1256 doctrina
612 1215 748 1255 vero
768 1197 1418 1272 pseudoapostolorum,
1443 1200 1585 1269 quia
1606 1196 1963 1261 transitoria,

322 1293 666 1345 atramento.
700 1288 804 1343 His
835 1288 990 1344 enim
1022 1288 1212 1344 verbis
1256 1285 1594 1342 distantiam
1628 1285 1765 1340 facit
1812 1300 1968 1339 vero-

322 1397 453 1436 rum
485 1385 541 1435 et
596 1377 877 1434 falsorum
931 1377 1374 1450 praedicatorum
1427 1375 1595 1447 legis,
1645 1379 1700 1429 et
1746 1373 1964 1445 gratiae.

320 1471 439 1525 Non
467 1469 524 1524 in
558 1468 763 1524 tabulis
794 1465 1043 1538 lapideis.
1076 1465 1178 1521 His
1210 1464 1365 1520 enim
1407 1463 1599 1518 verbis
1629 1466 1790 1518 notat
1818 1465 1967 1534 Apo-

324 1556 512 1614 stolus
539 1556 747 1629 legem.
778 1555 959 1611 Vetus
992 1553 1356 1625 namquelex
1385 1552 1443 1606 in
1476 1551 1692 1607 tabulis
1722 1550 1968 1623 lapideis

325 1647 544 1718 scripta
568 1646 953 1717 fuit,quarum
978 1643 1179 1698 tractio
1202 1642 1576 1697 abolitionem
1598 1640 1800 1694 litterae
1825 1638 1969 1709 legis

327 1735 713 1808 signiﬁcabat.
746 1735 815 1789 Et
854 1735 997 1789 bene
1029 1734 1088 1788 in
1137 1732 1237 1787 tali
1270 1731 1574 1799 elemento,
1609 1731 1745 1800 quia
1792 1729 1873 1783 illi
1909 1729 1966 1783 in

327 1824 548 1880 duritia
572 1824 763 1879 cordis
794 1827 959 1878 erant
986 1820 1269 1876 mansuri.
1295 1820 1404 1875 Sed
1441 1818 1705 1889 nunquid
1736 1817 1828 1872 lex
1858 1817 1966 1872 hoc

321 1911 557 1969 voluit?
585 1912 728 1967 Non.
761 1912 871 1967 Sed
918 1910 1056 1982 quia
1107 1909 1370 1964 futurum
1401 1912 1541 1977 erat,
1568 1907 1961 1978 ’portendeba-

320 2006 433 2057 tur.
463 2001 565 2057 Sed
595 2003 653 2055 in
674 2000 877 2056 tabulis
904 1998 1082 2055 cordis
1109 1998 1445 2053 carnalibus.
1478 1996 1733 2051 Tabulas
1765 2013 1965 2050 carna-

320 2091 403 2148 les
453 2089 707 2164 appellat
756 2088 986 2146 tabulas
1048 2088 1260 2144 cordis.
1297 2087 1363 2141 Et
1414 2087 1598 2154 bene;
1640 2085 1779 2157 quia
1830 2102 1961 2139 caro

320 2180 517 2252 sentit,
550 2197 649 2236 cor
677 2178 974 2235 discernit.
1007 2178 1113 2232 Per
1149 2178 1258 2232 has
1289 2192 1422 2247 erge
1455 2174 1685 2231 tabulas
1734 2174 1959 2245 signifi-

321 2271 562 2326 cabatur
588 2269 887 2334 meritum,
920 2272 979 2322 et
1008 2265 1261 2339 dignitas
1293 2264 1551 2330 illorum,
1581 2264 1679 2334 qui
1713 2264 1771 2317 in
1804 2261 1961 2317 Οἱ]ῖί-

319 2364 477 2416 stum
511 2363 677 2414 erant
704 2354 1002 2413 credituri.
1032 2354 1175 2409 Nam
1210 2352 1490 2409 distantia
1519 2358 1642 2407 erat
1666 2351 1819 2406 inter
1857 2351 1960 2404 hoc

319 2454 377 2505 et
405 2447 574 2504 illud.
607 2446 726 2503 Illis
758 2460 1011 2515 namque
1056 2443 1418 2498 extrinsecus
1467 2442 1605 2496 data
1634 2445 1723 2495 est
1751 2439 1863 2506 lex,
1898 2443 1963 2494 ut

318 2536 700 2604 terrificaret;
733 2534 865 2590 istis
896 2532 1273 2603 intrinsecus,
1306 2535 1372 2586 ut
1395 2530 1765 2600 justiticaret.
1799 2528 1869 2582 Et
1892 2526 1960 2580 il-

319 2626 381 2699 li,
409 2625 673 2696 valendo,
720 2623 986 2691 volendo,
1021 2621 1290 2691 nolendo,
1323 2621 1432 2675 sub
1483 2618 1606 2691 lege
1658 2623 1842 2684 erant,
1889 2632 1960 2671 ne

317 2714 703 2787 punirentur;
735 2712 834 2768 isti
873 2715 1080 2784 sponte
1111 2711 1219 2765 sub
1267 2709 1413 2782 lege,
1449 2711 1509 2763 ut
1534 2706 1957 2779 justiﬁcentur.

317 2808 406 2873 Et,
439 2804 592 2860 sicut
619 2802 837 2858 duritia
866 2800 1059 2856 cordis
1089 2797 1323 2854 illorum
1374 2796 1610 2852 nomine
1642 2795 1850 2868 lapidis
1885 2796 1958 2851 si-

315 2894 630 2964 gnificatur
656 2891 773 2959 hic,
801 2890 882 2946 ita
911 2889 970 2944 in
1011 2887 1411 2959 sequentibus,
1448 2885 1681 2941 nomine
1724 2884 1956 2940 velami-

315 2981 430 3051 nie,
462 2981 687 3038 caecitas
718 2980 909 3037 cordis
940 2979 1222 3050 ipsorum.
1247 2977 1315 3031 Et
1345 2980 1570 3031 tantum
1595 2974 1773 3030 distat
1806 2974 1956 3028 inter

312 3071 485 3127 istius
506 3068 661 3151 legis
709 3069 1137 3141 praedicatores,
1169 3070 1225 3122 et
1270 3064 1450 3133 illius,
1485 3069 1770 3137 quantum
1802 3063 1954 3118 inter

2076 581 2264 637 sectae,
2308 578 2371 627 ut
2400 573 2585 644 legem
2618 573 2929 629 carnaliter
2956 576 3302 631 servandam
3332 576 3626 634 docerent.
3654 579 3729 636 Et

2077 667 2165 716 est
2196 679 2405 716 sensus
2455 663 2596 717 Novi
2626 664 2981 718 Testamenti
3034 681 3243 719 sumus
3292 665 3571 736 ministri,
3608 685 3726 724 non

2074 749 2320 818 Veteris,
2353 752 2506 806 sicut
2536 752 2782 823 Moyses,
2807 758 2907 807 aut
2936 753 3048 823 ipsi
3080 759 3240 820 sunt,
3264 755 3363 826 qui
3389 754 3575 827 legem
3597 774 3727 812 car-

2077 838 2285 894 naliter
2301 841 2510 895 docent
2527 858 2771 896 servare.
2798 842 3047 913 Ideoque
3068 843 3293 899 addidit
3316 863 3328 899 :
3352 845 3470 901 Non
3498 847 3722 915 litterae,

2073 928 2166 983 sed
2191 931 2441 999 spiritus,
2474 928 2530 984 id
2579 934 2687 995 est,
2721 946 2834 984 non
2884 930 3030 1002 legis
3061 930 3288 1000 litterae,
3321 935 3420 990 sed
3476 935 3723 1007 spiritus

2076 1017 2272 1088 gratias
2306 1019 2642 1073 servientes.
2680 1024 2866 1084 Quare
2900 1037 3013 1074 non
3036 1020 3065 1074 ‘l
3092 1022 3238 1084 Quia
3267 1023 3472 1092 littera,
3510 1024 3726 1099 inquit,

2075 1106 2284 1160 occidit.
2312 1108 2419 1161 Sed
2449 1107 2626 1178 quaeri
2651 1111 2840 1178 potest
2866 1124 3046 1179 quare
3067 1109 3278 1166 dixerit
3298 1110 3552 1169 litteram
3575 1116 3729 1171 occi-

2076 1194 2231 1263 dere,
2268 1212 2402 1249 cum
2435 1196 2765 1266 adjunxerit
2793 1195 3181 1253 viviﬁCantem
3212 1198 3489 1271 spiritum
3509 1202 3537 1257 ‘I
3565 1204 3731 1263 Forte

2076 1282 2701 1356 dicitaliquis,propter
2715 1283 2855 1340 illud
2877 1303 3059 1342 unum
3077 1288 3732 1366 Decalogijmandatum,

2078 1374 2230 1444 quod
2267 1373 2407 1427 dicit
2441 1390 2453 1427 :
2492 1373 2749 1429 Memento
2797 1379 2858 1429 ut
2899 1376 3146 1432 observes
3173 1377 3320 1433 diem
3362 1381 3593 1439 Sabbati
3612 1400 3634 1445 ;
3664 1401 3733 1442 eo

2078 1462 2253 1532 quod,
2278 1463 2377 1533 qui
2412 1462 2723 1518 carnaliter
2744 1463 3065 1522 Sabbatum
3084 1466 3370 1538 observat,
3395 1470 3685 1529 moriatur
3702 1473 3733 1531 ‘2

2078 1550 2185 1604 Sed
2222 1551 2353 1621 quis
2386 1554 2558 1605 tanta:
2590 1554 2680 1606 est
2708 1551 3035 1624 imperitiae,
3071 1559 3135 1610 ut
3162 1555 3321 1612 dicat
3348 1563 3589 1631 propter
3617 1560 3731 1618 hoc

2079 1654 2261 1692 unum
2294 1640 2637 1694 mandatum
2671 1639 2924 1697 litteram
2974 1644 3281 1701 occidere?
3310 1646 3459 1720 Ergo
3490 1654 3731 1722 propter

2077 1730 2256 1781 totam
2292 1726 2473 1797 legem
2510 1728 2619 1783 hoc
2669 1729 2826 1785 dicit.
2859 1730 3004 1786 Nam
3038 1733 3209 1804 quale
3256 1739 3363 1803 est,
3397 1738 3555 1808 quod
3586 1738 3729 1797 alibi

2078 1815 2218 1869 dicit
2250 1832 2263 1870 :
2301 1816 2802 1888 Concupiscentiam
2836 1821 3138 1876 nesciebam
3164 1824 3336 1893 (Rom.
3368 1842 3467 1895 vn,
3499 1828 3587 1898 7),
3612 1836 3723 1887 etc.

2078 1904 2368 1960 Occasione
2396 1914 2578 1960 autem
2624 1912 2864 1978 accepta,
2894 1914 3194 1980 peccatum,
3228 1918 3364 1979 etc.,
3399 1914 3513 1972 tale
3543 1904 3724 1977 etiam

2072 1998 2181 2059 est,
2208 1995 2357 2067 quod
2386 1994 2912 2063 hicdicit,litteram
2934 2000 3215 2056 occidere.
3239 2002 3461 2059 Occidit
3478 2006 3718 2081 quippe,

2073 2083 2211 2153 quia
2244 2083 2441 2153 jubere
2490 2089 2699 2155 potest,
2735 2103 2849 2142 non
2881 2092 3073 2143 tamen
3117 2090 3343 2161 juvare.
3375 2093 3540 2162 Nam,
3569 2096 3717 2152 dum

2072 2171 2331 2242 prmcipit
2362 2172 2581 2227 malum
2606 2191 2717 2228 non
2751 2191 2880 2230 esse
2910 2178 3225 2249 agendum.
3247 2182 3400 2251 quod
3432 2182 3646 2256 agitur,
3663 2191 3727 2241 et.

2071 2261 2291 2315 bonum
2348 2262 2660 2332 agendum,
2695 2265 2849 2335 quod
2902 2283 3014 2320 non
3049 2267 3262 2340 agitur,
3295 2271 3526 2328 occidit.
3559 2273 3724 2332 Talis

2074 2366 2325 2420 namque
2346 2349 2435 2405 lex
2456 2351 2655 2405 debuit
2677 2353 2798 2406 dari
2824 2356 3095 2426 superbis
3116 2356 3173 2411 in
3197 2358 3322 2415 suis
3338 2360 3563 2418 viribus
3584 2380 3725 2421 con-

2073 2438 2409 2505 ﬁdentibus,
2444 2456 2666 2512 suoque
2714 2441 2890 2497 etiam
2942 2449 3154 2500 conatu
3186 2446 3398 2503 salvari
3430 2452 3724 2510 credenti-

2070 2527 2202 2593 bus,
2236 2533 2524 2599 quatenus
2572 2528 2679 2584 bac
2730 2529 2855 2603 lege
2904 2534 3184 2600 conclusi,
3217 2540 3394 2609 atque
3443 2544 3724 2601 coarctati

2070 2619 2330 2685 quaerent
2358 2617 2607 2688 gratiam
2662 2635 2779 2690 qua
2808 2619 3190 2678 salvarentur.
3225 2625 3429 2683 Littera
3472 2632 3677 2688 occidit
3696 2650 3722 2697 ;

2068 2704 2228 2774 quia,
2261 2705 2398 2759 dum
2452 2704 2821 2763 solummodo
2846 2709 3040 2779 jubet,
3074 2712 3386 2770 mortiﬁcat
3418 2734 3432 2772 :
3469 2718 3720 2789 spiritus

2068 2796 2262 2848 autem
2292 2794 2581 2865 viviﬁcat;
2618 2797 2907 2867 quia,non
2940 2802 3168 2856 tantum
3192 2802 3503 2873 jubet,sed
3535 2809 3718 2867 etiam

2058 2881 2439 2954 juvat,fipsos
2469 2884 2683 2956 quippe
2735 2891 3065 2956 peccatores
3107 2890 3419 2961 justiticat.
3452 2895 3559 2953 Illa
3587 2902 3720 2954 tan-

2065 2976 2189 3026 tum
2223 2973 2571 3039 auditorem,
2609 2975 2727 3029 haec
2759 2975 2947 3047 magis
2975 2977 3237 3049 {requirit
3268 2982 3567 3041 factorem.

2134 3061 2280 3131 (702)
2302 3063 2574 3133 Sequitur
2596 3081 2607 3119 :
2634 3063 2793 3135 Quod
2809 3066 2860 3119 si
2881 3067 3217 3125 ministratio
3238 3073 3450 3141 mortis,
3472 3077 3585 3130 etc.
3614 3076 3720 3133 llic

312 3160 441 3233 ipsa
470 3148 586 3214 duo
633 3159 1029 3215 Testamenta.
1080 3154 1243 3211 Unde
1274 3154 1333 3209 in
1382 3153 1761 3225 sequentibus
1812 3151 1953 3209 dicit
1990 3221 2025 3233 Α
2063 3148 2308 3203 Faustus
2341 3150 2695 3207 Manichteus
2719 3153 2889 3224 erigit
2918 3158 3255 3228 aurem,qui
3279 3157 3467 3232 legem
3494 3163 3719 3221 malam

309 3221 621 3321 Apostolus
651 3247 840 3320 magis
879 3245 1225 3319 mysterium
1266 3221 1634 3316 praedicasse,
1670 3243 1950 3313 majorem
1983 3221 2026 3288 (ἶ
2064 3237 2229 3305 dixit,
2263 3239 2406 3293 adeo
2439 3244 2500 3293 ut
2547 3239 2742 3311 ipsum
2791 3221 3047 3316 Moysem
3081 3221 3303 3303 malum
3333 3221 3588 3308 ‘diceret,
3620 3254 3721 3310 Αίι

311 3339 487 3396 etiam
519 3338 716 3411 Moye
744 3336 992 3410 gloriam
1023 3335 1257 3391 habere.

380 3480 702 3553 Sequitur:
754 3479 1040 3535 Fiduciam
1084 3480 1270 3532 autem
1318 3476 1483 3531 talem
1529 3476 1808 3543 habemus,
1841 3480 1951 3529 etc.

311 3569 548 3636 Qualem
595 3568 869 3623 ﬁduciam
902 3567 1142 3622 haberet
1189 3566 1259 3620 ad
1292 3565 1476 3620 Deum
1524 3579 1628 3635 per
1656 3564 1953 3621 Christum

318 3660 732 3729 ostendit,cum
755 3656 1096 3726 subjunxit:
1125 3655 1239 3709 Non
1263 3653 1402 3724 quod
1430 3655 1757 3724 sufﬁcientes
1784 3657 1958 3710 simus

316 3751 561 3818 cogitare
588 3746 937 3818 aliquid,etc.
962 3744 1113 3799 Sane
1134 3742 1605 3813 sciendum,quia
1631 3745 1954 3801 secundum

317 3839 468 3893 hanc
498 3835 803 3909 praesentis
834 3832 1112 3905 temporis
1143 3831 1605 3902 dispositionem,
1632 3832 1741 3887 nisi
1775 3850 1808 3887 a
1837 3834 1954 3890 Deo

314 3942 512 3999 regam
522 3923 936 3995 ur,subsistere
956 3938 1070 3977 non
1084 3921 1612 3994 possumus,multo
1627 3922 1822 3978 minus
1844 3922 1956 3977 sal-

313 4016 435 4072 vari
470 4033 484 4071 :
517 4018 574 4070 et
601 4014 651 4069 si
679 4013 814 4069 boni
846 4011 1064 4083 aliquid
1097 4010 1411 4082 nequimus
1459 4010 1733 4082 cogitare,
1768 4011 1954 4067 multo

314 4104 512 4162 minus
541 4102 789 4177 operari,
820 4100 1137 4174 praesertim
1161 4116 1293 4154 cum
1325 4099 1449 4171 ipse
1478 4099 1633 4154 dicat
1665 4117 1677 4154 :
1712 4100 1842 4155 Sine
1870 4117 1957 4157 me

314 4184 459 4251 nihil
474 4195 704 4267 potestis
720 4194 903 4264 facere
924 4192 1107 4262 (Joan.
1130 4206 1220 4257 xv,
1242 4191 1320 4259 5).
1347 4189 1404 4244 Si
1438 4206 1569 4244 vero
1594 4188 1758 4243 nulla
1787 4191 1954 4246 nobis

314 4285 506 4341 inesse
537 4286 728 4357 potest
774 4281 1020 4338 facultas
1070 4279 1318 4350 alicujus
1350 4280 1516 4333 bonae
1562 4279 1951 4349 cogitationis,

314 4368 727 4430 multominus
777 4370 1026 4442 alicujus
1058 4369 1138 4424 rei
1192 4365 1581 4440 perfectionis.
1614 4367 1777 4431 Quod
1821 4384 1953 4423 vero

313 4462 500 4519 dicit:
534 4465 656 4518 Non
700 4460 841 4534 quod
884 4460 1215 4531 sufﬁcientes
1257 4472 1449 4522 simus,
1501 4458 1637 4523 etc.,
1682 4456 1818 4510 talis
1866 4463 1955 4512 est

311 4569 539 4620 sensus,
562 4551 728 4624 quasi
753 4549 1029 4606 dixisset:
1054 4552 1170 4602 Nos
1193 4544 1382 4618 pauci,
1399 4543 1658 4598 etidiotte
1681 4544 1751 4598 ad
1778 4545 1949 4600 fidem

310 4642 599 4697 mundum
624 4642 973 4705 convertere,
997 4654 1062 4691 ac
1082 4634 1312 4690 trahere
1334 4647 1447 4685 non
1476 4631 1952 4700 poteramus,nisi

309 4730 409 4786 illo
450 4731 710 4800 juvante.
745 4728 892 4784 Illud
940 4726 1114 4781 etiam
1167 4719 1777 4785 animadvertendum,
1813 4720 1952 4790 quia

309 4812 485 4874 verba
515 4816 795 4889 praemisit
841 4810 1213 4875 humilitatis,
1246 4824 1313 4861 eo
1346 4807 1499 4876 quod
1552 4811 1707 4861 esset
1736 4824 1949 4880 magna

306 4908 589 4963 dicturus.
622 4907 790 4973 Nam,
826 4903 963 4975 quia
993 4914 1207 4970 magna
1237 4894 1401 4959 dixit,
1427 4898 1480 4948 et
1509 4894 1773 4952 dicturus
1803 4905 1944 4966 erat,

304 5015 376 5053 ne
409 4998 702 5065 videretur
730 4991 946 5059 extolli,
978 4994 1035 5044 et
1065 4984 1360 5058 propriam
1392 5000 1646 5054 qumrere
1675 4984 1943 5058 gloriam,

304 5088 368 5142 ut
394 5085 663 5142 elationis
697 5083 916 5138 crimen
963 5077 1232 5146 tergeret,
1267 5072 1546 5143 praemisit
1594 5074 1895 5131 humiliter
1926 5095 1939 5133 :

297 5176 579 5248 ﬁduciam,
606 5170 819 5241 inquit,
850 5167 1015 5221 talem
1062 5162 1339 5232 habemus,
1393 5166 1501 5217 etc.
1553 5162 1711 5226 Quod
1746 5171 1940 5220 autem

302 5265 445 5321 dicit
477 5280 490 5317 :
524 5258 877 5331 Sufﬁcientia
919 5261 1107 5310 nostra
1137 5269 1170 5306 a
1200 5256 1307 5307 Deo
1339 5256 1434 5322 est,
1468 5250 1575 5307 hoc
1605 5258 1714 5318 est,
1748 5253 1942 5309 omnis

299 5359 502 5411 nostra
534 5347 779 5405 facultas
808 5346 881 5401 ab
928 5342 1026 5400 illo
1057 5346 1164 5409 est,
1195 5344 1291 5414 qui
1326 5349 1377 5397 et
1423 5342 1641 5399 idoneos
1687 5360 1783 5399 nos
1811 5346 1941 5414 fecit

300 5442 582 5497 ministros
610 5436 748 5490 Novi
791 5433 1114 5489 Testamenti
1144 5450 1159 5485 :
1191 5432 1332 5486 dum
1382 5431 1537 5486 enim
1570 5447 1631 5487 se
1681 5448 1939 5502 suosque

299 5526 524 5586 similes
555 5521 695 5580 dicit
721 5522 982 5592 idoneos,
1014 5524 1177 5579 notat
1203 5520 1761 5593 pseudoapostolos;
1794 5538 1937 5593 quo-

366 5666 517 5747 (702)
547 5669 611 5725 In
640 5670 835 5743 antog.
866 5681 1051 5741 marg.
1085 5663 1178 5722 hic
1208 5662 1423 5737 legitur
1451 5678 1577 5735 cap.
1608 5663 1758 5720 VIII.

2063 3327 2219 3381 enim
2252 3327 2408 3398 quia,
2443 3326 2555 3383 nisi
2587 3328 2676 3385 lex
2704 3330 2860 3386 mala
2887 3337 3061 3402 esset,
3094 3352 3208 3390 non
3232 3353 3368 3393 eam
3394 3341 3720 3412 Apostolus

2064 3416 2394 3470 ministram
2447 3419 2650 3474 mortis
2682 3426 2930 3477 vocaret.
2976 3422 3104 3493 Ipse
3136 3441 3269 3480 vero
3314 3444 3429 3483 non
3460 3432 3724 3489 attendit

2064 3505 2466 3574 intentionem,
2496 3524 2683 3579 neque
2703 3526 2944 3566 sensum
2964 3512 3223 3584 Apostoli
3246 3514 3718 3579 intellexit.Nam

2066 3595 2163 3665 qui
2193 3593 2378 3667 legem
2414 3595 2741 3651 ministram
2773 3598 2914 3653 dicit
2944 3600 3170 3669 mortis,
3190 3602 3344 3659 idem
3362 3606 3501 3662 alibi
3534 3609 3716 3667 dicit:

2066 3685 2175 3739 Lex
2204 3686 2429 3755 quidem
2457 3695 2645 3742 sancta
2676 3686 2850 3757 (Rom.
2884 3705 2981 3757 vn,
3018 3690 3126 3762 12),
3153 3695 3260 3747 etc.
3296 3711 3310 3749 :
3345 3697 3566 3768 quique
3596 3717 3717 3757 non

2064 3778 2153 3829 est
2182 3772 2295 3829 sibi
2346 3775 2691 3844 contrarius,
2725 3775 2860 3832 licet
2907 3778 3080 3834 verba
3110 3779 3262 3837 inter
3313 3799 3375 3840 se
3406 3782 3717 3847 dimicent.

2065 3863 2178 3918 Lex
2195 3863 2349 3917 enim
2372 3863 2500 3919 ideo
2523 3864 2877 3921 ministratio
2898 3867 3104 3924 mortis
3127 3869 3359 3944 dicitur,
3377 3876 3718 3946 quod,dum

2064 3956 2364 4021 peccatum
2396 3953 2754 4022 manifestat,
2776 3956 3247 4029 concupiscentia
3270 3970 3716 4035 augmentatur.

2062 4040 2203 4095 Tres
2236 4057 2489 4112 namque
2509 4046 2647 4096 sunt
2666 4044 2882 4115 gradus
2902 4061 2914 4098 :
2936 4051 3241 4116 peccatum
3272 4052 3551 4123 ostendit,
3579 4072 3724 4114 con-

2064 4129 2481 4200 cupiscentiam
2515 4136 2707 4204 auget,
2742 4149 2999 4205 suosque
3021 4135 3196 4192 etiam
3230 4139 3563 4210 cognitores
3582 4160 3717 4216 gra-

2063 4218 2193 4272 vius
2218 4216 2557 4291 delinquere
2581 4221 2714 4275 facit
2739 4238 2752 4289 ;
2774 4223 3051 4293 quoniam
3071 4224 3130 4279 in
3153 4226 3398 4283 scientia
3418 4232 3613 4303 major
3631 4239 3727 4291 est

2062 4307 2468 4378 transgressio.
2495 4307 2656 4363 Unde
2685 4310 2809 4381 ipse
2838 4309 2985 4367 alias
3015 4312 3156 4369 dicit
3189 4330 3202 4370 :
3242 4315 3342 4372 Ubi
3363 4333 3471 4374 non
3493 4324 3576 4375 est
3600 4323 3721 4391 lex,

2061 4412 2161 4451 nec
2181 4398 2563 4468 praevaricatio
2592 4398 2766 4468 (Rom.
2801 4417 2878 4469 IV,
2913 4401 3037 4470 t5);
3074 4406 3133 4457 et
3178 4402 3308 4459 ideo
3337 4404 3483 4462 dicit
3515 4424 3529 4463 :
3565 4410 3722 4478 Quod

2061 4487 2111 4540 si
2138 4489 2328 4541 mortis
2358 4489 2692 4543 ministratio
2714 4490 2825 4559 fuit
2855 4491 2914 4543 in
2942 4488 3145 4561 gloria.
3167 4492 3235 4547 Et
3259 4494 3430 4565 quasi
3461 4496 3720 4556 interro-

1982 4587 2028 4651 D
2058 4580 2250 4647 gatus,
2284 4592 2411 4646 quae
2460 4575 2631 4630 fuerit
2680 4577 2812 4648 ipsa
2858 4578 3065 4650 gloria,
3097 4582 3375 4650 ostendit,
3408 4586 3489 4639 ita
3510 4590 3574 4642 ut
3604 4604 3721 4645 non

2057 4673 2275 4735 possent
2298 4665 2408 4734 ﬁlii
2435 4666 2607 4719 Israel
2655 4667 2958 4735 intendere,
2990 4674 3099 4724 etc.
3135 4671 3296 4735 Quod
3331 4673 3480 4730 satis
3510 4682 3717 4748 aperte

2060 4753 2208 4807 liber
2234 4753 2412 4807 Exodi
2444 4753 2722 4820 declarat,
2749 4756 2948 4811 dicens
2981 4773 2993 4812 :
3033 4757 3174 4825 Quia
3205 4775 3275 4815 ea:
3306 4766 3579 4821 consortio
3598 4783 3719 4823 ser-

2059 4844 2234 4896 monis
2264 4842 2362 4896 Dei
2408 4841 2712 4911 clariﬁcata
2739 4849 2815 4899 est
2862 4846 3032 4912 facies
3077 4847 3250 4918 Moysi
3278 4850 3471 4921 (Exod.
3517 4870 3714 4926 xxxxv,

2055 4931 2168 5000 29),
2201 4936 2309 4985 etc.
2344 4931 2403 4985 Si
2434 4947 2569 5002 ergo
2602 4932 2724 4988 haec
2759 4936 2964 4990 mortis
2999 4936 3354 4995 ministratio
3387 4941 3518 5013 fuit,
3554 4936 3714 5001 mul-

2055 5022 2113 5073 to
2146 5018 2335 5090 magis
2365 5020 2702 5089 ministratio
2731 5024 2961 5093 spiritus
2989 5028 3085 5079 est.
3119 5026 3229 5081 Sed
3263 5028 3404 5099 quia
3435 5032 3709 5091 novimus

2055 5124 2181 5179 quae
2213 5106 2313 5162 illa
2367 5107 2539 5163 fuerit
2589 5108 2792 5181 gloria,
2828 5128 2956 5183 quae
3005 5112 3082 5167 sit
3113 5113 3226 5170 ista
3265 5116 3575 5177 videamus
3608 5138 3707 5179 ne-

2054 5214 2213 5253 cesse
2244 5201 2350 5252 est.
2404 5195 2491 5251 Illi
2537 5197 2695 5253 enim
2741 5197 2989 5271 gloriam
3039 5201 3237 5260 vultus
3279 5205 3462 5279 Moysi
3511 5191 3709 5267 videre

2052 5303 2165 5340 non
2200 5291 2486 5358 poterant,
2520 5287 2660 5358 quia
2689 5294 3017 5359 peccatores
3047 5297 3233 5362 erant,
3264 5299 3323 5350 et
3354 5294 3414 5349 in
3449 5297 3709 5355 infideli-

2051 5378 2169 5429 tate
2196 5378 2361 5429 erant
2391 5375 2781 5446 permansuri.
2804 5380 2937 5433 Haec
2958 5379 3114 5434 enim
3145 5379 3248 5436 illa
3277 5387 3387 5452 est,
3409 5400 3591 5455 quam
3618 5388 3709 5443 vi-

2050 5463 2263 5518 derunt
2313 5463 2557 5534 apostoli
2604 5463 2663 5519 in
2709 5470 2907 5521 monte
2938 5466 3149 5539 (Matth.
3202 5486 3344 5538 xvn,
3397 5473 3495 5546 4);
3534 5475 3703 5533 Marc.

2052 5552 2229 5620 111,1;
2262 5552 2391 5608 Luc.
2442 5568 2515 5624 ix,
2557 5553 2688 5628 28);
2722 5558 2928 5613 Petrus
2973 5556 3263 5629 videlicet,
3311 5559 3594 5639 Jacobus,
3644 5568 3700 5624 et
