3990 6224
171 381 295 444 437

755 375 1168 438 EXPOSITlO
1215 376 1294 436 IN
1341 372 1766 437 EPISTOLAS
1811 369 2072 432 PAULI.
2099 371 2274 432 -ῙΝ
2318 372 2570 434 EPIS'I‘.
2617 371 2666 434 ll
2712 371 2815 433 AD
2859 371 3033 434 COR.

3479 377 3598 439 438

177 517 433 582 Patrem,
467 510 625 569 sicut
655 510 785 584 ipse
820 512 965 580 :Qui
995 511 1141 567 videt
1168 526 1273 577 me,
1319 510 1458 565 videt
1514 511 1564 562 et
1617 509 1837 562 Patrem
1867 505 1920 571 Α
1952 506 2397 572 ΑΠΧῘΒΠΊΠΓ,8ϐιί
2429 523 2538 562 ηοη
2595 506 3069 568 destituimur,"id
3121 508 3210 562 est
3260 511 3374 563 Deo
3424 507 3598 564 relin-

179 608 362 679 (Joan.
395 621 511 673 x1v,
545 603 624 669 9).

251 715 370 768 Non
402 712 554 766 enim
584 711 945 780 nosmetipsos
989 706 1377 778 praedicamus,
1411 711 1518 761 etc.
1550 731 1563 774 ;
1622 706 1679 760 id
1730 710 1838 766 est,

181 807 422 875 propter
453 817 581 863 nos,
617 800 718 854 sed
755 802 990 868 propter
1017 798 1201 852 Jesum
1234 797 1550 858 Christum,-
1615 795 1672 850 id
1733 799 1840 861 est,

184 897 427 963 propter
457 904 722 943 amorem
747 886 971 957 ipsius;
1017 885 1155 956 quia
1186 903 1301 941 non
1335 903 1514 941 causa
1559 889 1841 956 quaestus,

182 980 272 1036 vel
308 980 456 1034 lucri
478 977 887 1051 praedicamus.
914 975 1138 1031 Pseudo
1167 993 1419 1047 namque
1436 974 1707 1045 apostoli,
1735 972 1843 1027 etsi

183 1071 397 1126 Jesum
432 1067 851 1140 praedicabant,
886 1082 998 1118 non
1032 1069 1226 1119 tamen
1251 1069 1482 1135 propter
1502 1081 1636 1118 eum
1665 1083 1675 1130 ;
1707 1064 1845 1134 quia

187 1175 375 1214 causa
405 1154 692 1223 1ucri,vel
746 1172 862 1209 suae
911 1152 1103 1208 laudis
1153 1155 1459 1209 docebant.
1511 1156 1612 1208 Nos
1664 1166 1843 1208 (uitem

189 1250 344 1305 servi
376 1254 598 1315 propter
630 1244 924 1310 Christum,
961 1249 1069 1297 etc.
1099 1245 1294 1298 Tantae
1325 1243 1676 1298 humilitatis
1700 1248 1841 1305 erat,

193 1343 264 1394 ut
286 1352 514 1391 servum
535 1351 595 1389 se
610 1333 951 1388 nominaret.
971 1332 1076 1386 Sed
1106 1337 1370 1385 etservos
1396 1331 1590 1401 posuit
1613 1337 1846 1401 propter

190 1425 528 1486 ministros;
553 1419 1045 1487 sed,utbumilius
1069 1419 1424 1491 loqueretur,
1453 1419 1599 1473 dixit
1622 1437 1840 1487 servos,

189 1518 435 1587 propter
455 1512 659 1566 Jesum
696 1511 874 1575 dicit;
910 1510 965 1564 id
1001 1515 1106 1573 est,
1143 1514 1380 1580 prepter
1401 1526 1660 1564 amorem
1682 1509 1842 1574 Jesu,

187 1609 252 1659 ut
268 1601 541 1658 ostendat
556 1616 617 1654 se
633 1617 747 1654 non
764 1615 941 1654 causa
955 1598 1375 1670 dignitatis,vel
1394 1615 1594 1652 eorum
1617 1598 1757 1651 meri
1770 1599 1842 1651 tis

199 1710 262 1748 se
294 1707 526 1746 servum
560 1687 914 1743 nominasse.
948 1688 1057 1742 Sed
1092 1687 1417 1750 sciendum,
1468 1687 1607 1757 quia
1659 1687 1844 1740 sancti

209 1779 525 1850 aliquando
557 1777 812 1831 honores
845 1776 1160 1846 refugiunt,
1196 1792 1264 1830 ne
1296 1774 1686 1841 extollantur;
1748 1774 1848 1828 ali-

1956 597 2281 667 quimur.In
2307 597 2660 666 quibusdam
2675 595 3444 667 exemplaribusinvenitur:
3471 597 3596 654 ino-

1953 688 2108 758 piam
2144 688 2416 757 patimur,
2444 688 2542 741 scd
2569 704 2680 741 non
2706 686 3100 751 destituimur,
3124 688 3401 757 quoniam
3425 705 3458 742 a
3479 687 3596 744 Deo

1953 780 2181 847 pastore
2208 776 2525 847 pascimur.

2024 885 2460 939 l’ersecutionem
2487 886 2752 954 patimur,
2780 900 2812 937 a
2836 881 3029 946 malis,
3054 887 3110 937 et
3132 883 3324 954 pravis
3347 884 3596 940 homini-

1953 973 2064 1028 bus
2095 992 2106 1038 ;
2139 974 2230 1027 sed
2289 989 2395 1028 non.
2445 973 2900 1042 derelinquimur,
2938 989 2967 1025 a
2999 971 3152 1026 Deo:
3212 972 3526 1043 deficimur,
3560 991 3595 1028 a

1955 1063 2310 1133 potentibus,
2347 1069 2402 1117 et
2429 1061 2891 1127 sublimioribus,
2930 1062 3391 1132 praecipitamur;
3416 1062 3592 1118 veluti

1954 1151 2085 1222 quis
2117 1152 2186 1205 de
2222 1156 2434 1216 monte,
2470 1152 2554 1205 vel
2588 1153 2658 1204 de
2689 1155 2853 1220 tecto,
2909 1157 2975 1204 ut
3022 1151 3454 1221 exstinguatur;
3506 1151 3598 1207 sed

1953 1256 2059 1294 non
2091 1243 2352 1310 perimus,
2387 1240 2524 1310 quia
2556 1258 2671 1294 non
2723 1239 3119 1309 extinguimur
3168 1257 3345 1294 causa
3392 1244 3594 1295 vestrae

1955 1327 2184 1383 salutis.
2213 1329 2354 1383 Nam
2372 1329 2522 1399 quod
2541 1329 2632 1383 isti
2661 1329 2936 1399 prredicta
2958 1328 3154 1381 omnia
3173 1329 3596 1384 sustinuissent

1954 1423 2009 1472 et
2039 1418 2258 1472 alacres
2291 1418 2490 1472 crediti
2528 1419 2798 1487 fuissent,
2835 1417 2980 1471 liber
3001 1423 3276 1472 Actorum
3299 1416 3594 1489 apostolo-

1955 1524 2084 1560 rum
2118 1508 2473 1575 manifestat,
2506 1507 2602 1560 ubi
2637 1507 2883 1577 legitur:
2919 1508 3073 1562 Ibant
3116 1507 3413 1574 gaudentes
3453 1508 3592 1576 (Act.

1955 1613 2005 1660 v,
2043 1598 2267 1665 -il),etc.
2297 1613 2307 1649 :
2339 1601 2393 1650 et
2425 1597 2521 1650 ubi
2555 1596 2790 1661 Paulus,
2823 1601 2879 1649 et
2906 1595 3111 1665 Sileas,
3135 1612 3268 1649 cum
3320 1593 3595 1667 flagellati

1957 1684 2223 1753 fuissent,
2249 1689 2303 1738 et
2325 1685 2381 1738 in
2407 1701 2695 1739 carcerem
2726 1685 2915 1750 missi,
2943 1689 2998 1738 et
3015 1685 3190 1754 pedes
3211 1699 3412 1738 eorum
3438 1681 3596 1754 ligno

1957 1773 2041 1829 vel
2076 1791 2248 1828 nervo
2281 1774 2530 1828 fuissent
2553 1773 2799 1838 astricti,
2819 1772 3147 1838 alacriores,
3171 1777 3224 1826 et
3247 1771 3497 1826 laetiores
3523 1771 3592 1825 ad

193 1862 1840 1940 quandorequiruntutimitentur,utApostolusbic.Nam
1875 1878 1922 1942 Β
1958 1863 2140 1917 Deum
2165 1861 2523 1915 laudandum
2548 1860 2730 1914 relicti
2753 1860 3096 1914 existebant.
3122 1860 3341 1932 Semper
3363 1861 3596 1928 mortiﬁ-

198 1972 332 2010 cum
364 1971 425 2008 se
456 1970 716 2019 servum,
744 1957 800 2007 et
830 1951 887 2006 in
913 1952 1295 2022 sequentibus
1329 1951 1634 2022 parvulum
1657 1951 1845 2004 nomi-

199 2049 318 2112 net,
345 2043 485 2098 alibi
517 2042 689 2097 dicit:
723 2043 784 2097 ln
815 2058 918 2113 quo
939 2044 1062 2113 quis
1080 2043 1274 2106 audet,
1300 2043 1360 2094 in
1387 2042 1706 2111 insipientia
1728 2039 1844 2095 (lico

198 2134 270 2204 (II
300 2133 420 2188 Cor.
457 2149 533 2196 x1,
563 2132 655 2201 21)
690 2147 703 2183 :
738 2129 836 2184 ubi
868 2131 1040 2184 etiam
1061 2130 1198 2185 dicit
1220 2146 1280 2185 se
1300 2146 1486 2201 usque
1517 2130 1586 2184 ad
1608 2130 1844 2184 tertium

197 2223 413 2279 coelum
446 2226 701 2293 raptum.
737 2222 923 2285 Quare
952 2221 1082 2285 hoc,
1118 2220 1228 2275 nisi
1265 2226 1327 2275 ut
1359 2219 1728 2275 imitaretur?
1781 2221 1847 2274 Et

197 2311 557 2377 notandum,
588 2309 726 2381 quia
755 2309 882 2363 ideo
916 2325 977 2364 se
998 2308 1219 2376 laudat,
1247 2313 1312 2363 ut
1338 2307 1516 2362 falsos
1538 2308 1841 2362 excludat:

197 2417 367 2466 nam,
401 2400 452 2453 si
477 2415 537 2454 se
563 2398 859 2462 tacuisset,
890 2398 1023 2453 illos
1071 2398 1559 2453 commendasset.

281 2506 557 2574 Quoniam
586 2505 740 2569 Deus,
772 2507 866 2576 qui
896 2505 1038 2559 dixit
1069 2505 1134 2558 de
1189 2506 1445 2568 tenebris,
1505 2509 1612 2558 etc.
1661 2505 1843 2558 Tene-

198 2598 342 2652 bras
361 2595 538 2650 corda
560 2593 919 2649 infidelitatis
942 2592 1214 2665 appellat,
1241 2610 1366 2664 quas
1389 2592 1501 2664 ipsi
1543 2591 1843 2664 quoniam,

198 2686 258 2740 in
292 2682 639 2738 infidelitate
690 2683 1000 2750 manendo,
1046 2682 1412 2750 habuerunt;
1454 2681 1651 2736 lumen
1712 2698 1845 2736 vero

199 2772 488 2846 spiritalis
507 2771 902 2843 intelligentiae
927 2771 1249 2826 doctrinam
1266 2771 1840 2826 dicit.Etestsensus:

200 2868 281 2917 De
311 2862 403 2917 his
433 2861 692 2916 tenebris
713 2860 956 2923 dixit,id
976 2864 1084 2925 est,
1115 2860 1297 2929 jussit
1330 2859 1529 2915 lumen
1564 2858 1845 2930 spiritalis

200 2951 480 3006 doctrinae
502 2965 778 3005 emanare
799 2968 812 3016 ;
832 2949 952 3004 sive
975 2950 1044 3003 de
1066 2949 1319 3004 tenebris
1338 2949 1540 3004 litteraa
1563 2949 1849 3020 legis,spi-

201 3038 436 3095 ritalem
468 3025 912 3108 intelligentiam
933 3037 1116 3106 jussit
1148 3037 1474 3107 procedere.
1501 3040 1705 3102 Quare,
1733 3053 1850 3090 ma-

202 3127 462 3194 nifestat,
488 3127 720 3182 dicens:
757 3126 833 3180 Ad
854 3127 1318 3180 illuminationem
1346 3125 1618 3190 scientiae;
1653 3125 1707 3178 id
1740 3128 1848 3189 est,

1954 1953 2219 2005 cntionem
2247 1953 2374 2005 Iesu
2405 1952 2539 2020 (Act.
2575 1967 2688 2014 xvi,
2720 1950 2832 2018 25),
2865 1953 2973 2002 etc.
2999 1947 3146 2014 Quid
3168 1952 3256 2001 est
3277 1947 3384 2002 hoc
3407 1952 3595 2002 totum

1955 2041 2163 2104 dicere,
2199 2039 2310 2093 nisi
2346 2038 2512 2109 quasi
2545 2037 2674 2092 aliis
2704 2036 2894 2092 verbis
2926 2036 3102 2102 dicat,
3149 2035 3334 2106 parati
3388 2051 3597 2090 sumus

1957 2128 2100 2183 mori
2137 2132 2368 2198 propter
2397 2127 2598 2180 Jesum
2625 2144 2636 2192 ;
2665 2135 2726 2180 ut
2761 2128 2869 2180 vita
2897 2127 3025 2181 Jesu
3057 2127 3116 2179 in
3136 2125 3446 2194 corporibus
3467 2139 3598 2178 nos-

1953 2219 2054 2271 tris
2086 2219 2482 2286 manifestetur,
2508 2215 2564 2269 id
2588 2220 2694 2279 est,
2723 2215 2795 2269 ad
2819 2213 3313 2269 immortalitatem
3335 2217 3597 2268 transea-

1957 2323 2087 2359 mus
2103 2306 2200 2360 ?Et
2221 2305 2521 2360 sciendum
2542 2305 2679 2375 quia
2703 2303 2962 2375 quotidie
2983 2303 3153 2358 Jesus
3177 2301 3442 2368 moritur,
3468 2317 3596 2355 cru-

1955 2393 2228 2466 ciﬁgitur,
2263 2393 2513 2464 resurgit
2570 2393 2628 2447 in
2691 2391 2972 2448 membris
3028 2392 3175 2460 suis,
3235 2395 3291 2445 et
3332 2390 3598 2446 membra

1954 2483 2140 2554 ipsius
2172 2483 2362 2552 inipso
2393 2483 2774 2536 vivificantur.

2025 2592 2170 2658 (712)
2195 2589 2544 2660 Exsequitur
2563 2589 2835 2643 eumdem
2861 2604 3100 2643 sensum
3124 2586 3299 2642 latius
3323 2585 3451 2642 aliis
3471 2602 3597 2642 ver-

1955 2680 2044 2735 bis
2077 2680 2320 2734 dicendo
2355 2697 2366 2733 :
2400 2680 2622 2748 Semper
2651 2679 2799 2733 enim
2817 2694 2914 2732 nos
2935 2680 3032 2749 qui
3051 2679 3302 2742 vivimus,
3326 2681 3435 2731 etc.
3461 2681 3596 2732 Pro—

1951 2777 2074 2840 pter
2099 2770 2280 2823 Iesum
2309 2767 2467 2834 dicit,
2495 2772 2728 2838 propter
2757 2783 2968 2838 corpus
2989 2767 3149 2835 Jesu,
3173 2766 3313 2837 quia
3346 2763 3601 2820 Ecclesia

1955 2873 2167 2928 corpus
2193 2862 2281 2911 est
2309 2856 2447 2911 Jesu
2477 2872 2490 2911 :
2523 2864 2582 2911 ut
2608 2861 2659 2911 et
2681 2859 2792 2911 vita
2821 2861 2971 2927 Jesu,
3005 2865 3114 2912 etc.
3141 2874 3153 2923 ;
3180 2856 3238 2911 id
3260 2860 3370 2924 est,
3391 2856 3460 2911 ad
3493 2855 3598 2910 im-

1957 2947 2368 3002 mortalitatem
2400 2952 2788 3002 transeamus.
2823 2949 2961 3018 Ergo
2982 2966 3128 3004 mors
3167 2951 3223 3004 in
3262 2951 3437 3014 nobis,
3489 2951 3598 3004 etc.

1958 3036 2133 3100 Quasi
2167 3035 2418 3090 diceret:
2454 3036 2602 3090 Dum
2639 3052 2744 3091 nos
2772 3037 2936 3092 vobis
2967 3037 3143 3092 etiam
3182 3040 3600 3110 praedicamus,

1961 3125 2060 3196 qui
2084 3125 2668 3191 vivitis,saevitiam,et
2692 3127 3155 3196 persecutionem
3172 3132 3292 3182 tam
3315 3129 3601 3199 gentium,

206 3221 276 3273 ut
299 3216 442 3272 alios
463 3216 668 3271 eadem
695 3215 959 3270 doctrina
983 3213 1611 3282 illuminaremus(710)
1631 3217 1686 3269 in
1708 3215 1852 3284 facie
1883 3247 1926 3314 Ε
1966 3229 2142 3284 quam
2173 3213 2507 3268 Judzeorum
2541 3213 2850 3268 adversum
2882 3231 2988 3269 nos
3009 3216 3350 3282 excitamus,
3381 3216 3522 3271 adeo
3545 3220 3611 3271 ut

204 3307 454 3372 Christi;
487 3305 545 3360 id
576 3311 666 3360 est
693 3304 755 3359 in
785 3304 926 3372 vice,
961 3303 1154 3358 sivein
1175 3320 1420 3375 persona
1440 3303 1688 3367 Christi;
1717 3319 1854 3356 nam

206 3395 384 3450 facies
417 3411 520 3466 pro
562 3410 813 3465 persona
858 3393 1139 3464 ponitur:
1193 3393 1347 3447 unde
1394 3393 1451 3446 in
1501 3393 1855 3463 quibusdam

205 3483 641 3555 exemplaribus
676 3483 830 3553 (711)
862 3499 1111 3553 persona
1137 3482 1450 3551 invenitur,
1484 3499 1598 3536 non
1658 3481 1852 3535 facies.

287 3590 561 3644 Habemus
590 3594 769 3644 autem
788 3589 1108 3644 thesaurum
1141 3591 1328 3659 istum,
1363 3593 1471 3643 etc.
1506 3587 1859 3658 Aggreditur

211 3676 534 3750 Apostolus
546 3679 843 3734 ostendere
861 3694 1040 3749 quare
1052 3695 1116 3732 se
1139 3695 1317 3749 supra
1338 3679 1613 3732 idoneum
1637 3677 1861 3730 dixerat

212 3767 587 3840 magistrum,
621 3773 677 3822 et
707 3784 888 3838 quare
941 3767 1373 3838 persecutiones
1424 3769 1756 3837 pateretur:
1807 3769 1862 3819 et

209 3857 322 3912 hoc
346 3857 628 3912 adversus
652 3856 1192 3928 pseudoapostolos,
1222 3855 1318 3926 qui
1345 3855 1615 3909 dicebant
1642 3852 1861 3908 nullius

213 3945 408 4002 meriti
440 3950 498 4000 et
532 3945 664 3999 fidei
698 3960 832 3998 eum
864 3960 1028 4009 esse;
1062 3949 1117 3998 et
1155 3945 1227 3999 ob
1273 3943 1381 3998 hoc
1431 3943 1862 4015 persecutiones

213 4039 535 4108 pateretur.
561 4033 925 4088 Thesaurum
945 4032 1160 4103 itaque,
1187 4031 1509 4102 spiritalem
1532 4030 1862 4102 intelligen-

211 4124 358 4180 tiam
391 4122 661 4177 nominat
686 4139 700 4186 ;
723 4137 864 4175 vasa
885 4125 1077 4176 autem
1104 4119 1324 4187 fictilia,
1347 4119 1575 4191 fragilia
1597 4135 1856 4191 corpora.

213 4214 281 4268 Et
321 4215 413 4268 est
442 4227 694 4265 sensus:
748 4209 1016 4264 Habemus
1073 4209 1415 4279 thesaurum,
1467 4213 1616 4276 etc.;
1671 4209 1728 4262 id
1777 4213 1865 4262 est

215 4299 544 4374 spiritalem
578 4296 1032 4369 intelligentiam
1064 4297 1123 4351 in
1157 4296 1463 4367 fragilibus
1522 4296 1864 4367 corporibus

213 4394 542 4463 gestamus.
574 4385 739 4441 Unde
770 4401 921 4456 saepe
950 4384 1162 4452 evenit,
1204 4389 1270 4439 ut
1317 4384 1450 4438 inde
1499 4383 1866 4438 infirmemur

215 4477 376 4532 unde
407 4475 553 4531 alios
585 4474 899 4530 salvamus.
934 4477 1120 4540 Quare
1141 4473 1169 4527 *ἶ
1201 4473 1272 4528 Ut
1298 4489 1413 4544 quo
1446 4474 1503 4526 in
1558 4472 1864 4541 fragilibus

218 4566 569 4638 corporibus
602 4564 878 4636 mysteria
906 4563 1103 4618 divina
1123 4566 1444 4634 gestamus,
1469 4579 1532 4616 eo
1557 4562 1866 4616 sublimitas

1967 3304 2037 3357 ad
2072 3307 2316 3356 mortem
2340 3301 2665 3356 trahamur.
2693 3301 2875 3356 Potest
2904 3303 3080 3357 etiam
3104 3303 3456 3375 increpative
3481 3320 3610 3375 pro-

1968 3391 2125 3457 ferri,
2162 3396 2227 3445 ut
2259 3391 2333 3444 sit
2365 3407 2574 3444 sensus
2601 3405 2612 3443 :
2649 3391 2787 3457 Ergo
2816 3406 2960 3444 mors
2990 3393 3051 3445 in
3073 3392 3247 3457 nobis,
3269 3397 3377 3446 etc.
3400 3392 3428 3446 ?
3457 3392 3604 3448 Non.

1969 3481 2028 3534 Id
2061 3484 2167 3544 est,
2195 3497 2307 3533 non
2330 3496 2560 3549 semper
2586 3495 2692 3532 nos
2725 3478 3063 3545 moriemur,
3093 3484 3148 3535 et
3166 3496 3268 3534 vos
3290 3480 3490 3537 vivetis
3514 3497 3527 3536 ε
3555 3485 3612 3537 et

1969 3572 2246 3626 adversus
2269 3567 2418 3635 illos,
2446 3566 2544 3636 qui
2566 3567 3068 3638 pseudoapostolis
3091 3569 3266 3623 tidem
3291 3585 3614 3625 accommo-

1969 3656 2373 3726 daverant,qui
2397 3655 2666 3710 dicebant
2689 3655 3029 3727 Apostolum
3052 3656 3274 3714 nullius
3297 3658 3611 3714 auctorita-

1970 3747 2045 3802 tis
2077 3761 2226 3808 esse,
2259 3750 2315 3799 et
2347 3745 2418 3799 ob
2454 3743 2558 3798 hoc
2589 3744 3051 3816 persecutionem
3075 3746 3192 3818 pati
3225 3746 3432 3819 ;quasi
3457 3745 3612 3803 dice-

1971 3840 2089 3891 ret:
2125 3834 2398 3905 Nunquid
2432 3850 2662 3905 semper
2689 3835 2866 3890 vestri
2888 3835 3296 3907 praadicatores
3322 3837 3533 3907 vivent,
3559 3840 3616 3893 et

1972 3943 2075 3980 nos
2107 3924 2466 3978 moriemur?
2496 3924 2640 3978 Non.
2679 3923 3000 3979 Mutabitur
3027 3925 3207 3980 ordo:
3259 3929 3316 3980 et
3356 3925 3462 3993 illi,
3512 3924 3612 3997 qui

1972 4031 2126 4068 nunc
2156 4013 2376 4077 vivunt,
2415 4012 2754 4075 morientur,
2789 4016 2845 4065 et
2874 4029 3001 4081 nos,
3035 4013 3135 4083 qui
3160 4012 3448 4068 morimur
3466 4013 3618 4068 vive-

1971 4112 2124 4149 mus.

2045 4199 2347 4268 Sequitur:
2384 4198 2655 4251 Haben—tes
2687 4196 2934 4254 eumdem
2962 4198 3222 4267 spiritum
3249 4198 3377 4266 ﬁdei
3394 4215 3407 4265 ;
3431 4196 3487 4252 id
3511 4203 3619 4263 est,

1977 4289 2248 4359 spiritum
2284 4288 2538 4340 Patrum.
2574 4285 2721 4341 Nam
2752 4300 2884 4338 cum
2919 4284 3060 4338 dicit
3082 4285 3346 4354 eumdem,
3376 4284 3622 4355 patriar-

1974 4378 2135 4448 chas,
2164 4382 2218 4432 et
2262 4375 2574 4448 prophetas
2601 4373 2722 4428 vult
2751 4372 3014 4444 intelligi,
3043 4377 3098 4428 et
3118 4388 3322 4427 omnes
3352 4371 3624 4444 illos,per

1977 4483 2124 4538 quos
2141 4465 2404 4520 doctrina
2430 4479 2593 4518 sacra
2614 4467 2702 4516 est
2724 4461 3150 4516 administrata.
3177 4461 3441 4515 Ostendit
3461 4463 3620 4517 enim

1975 4555 2068 4610 his
2099 4555 2288 4608 verbis
2312 4570 2372 4608 se
2403 4566 2634 4623 quoque
2665 4566 2732 4605 ea
2763 4550 2874 4604 fide
2897 4549 3124 4616 salvari,
3151 4565 3266 4620 qua
3287 4553 3341 4603 et
3371 4549 3570 4604 Patres
3605 4571 3618 4608 :

603 4616 1526 4707 excellentiorostendatur.’Et
1579 4650 1722 4703 bene
1770 4666 1868 4720 per
1895 4616 1944 4682 Β
1981 4646 2119 4718 quia
2137 4616 2790 4716 quodiililbtuiumﬁsti
2811 4654 3042 4710 quoque
3058 4616 3620 4694 fact'umcredebant.

221 4744 572 4798 thesaurum
606 4739 892 4812 spiritalis
916 4737 1299 4811 intelligentia
1320 4739 1647 4794 ostenditur
1671 4756 1682 4794 :
1710 4738 1869 4809 quia,

223 4831 386 4888 sicut
416 4829 719 4884 thesaurus
751 4845 870 4883 non
897 4827 1240 4882 hominibus
1272 4827 1682 4883 manifestatur
1703 4844 1735 4880 a
1756 4843 1871 4897 quo

219 4919 484 4975 habetur
504 4918 614 4973 :ita
637 4923 694 4973 et
719 4915 1005 4988 spiritalis
1023 4915 1408 4986 intelligentia
1425 4915 1483 4969 in
1508 4915 1781 4970 cordibus
1815 4915 1876 4967 fi-

220 5008 449 5065 delium
481 5007 832 5071 inculcetur,
859 5004 916 5058 in
943 5002 1278 5058 inﬁdelibus
1303 5020 1433 5058 vero
1447 5003 1787 5058 occultatur.
1813 5004 1876 5056 In

220 5099 480 5154 omnibus
507 5096 627 5151 sive
661 5093 826 5159 locis,
849 5093 935 5148 vel
956 5093 1341 5163 temporibus,
1366 5092 1502 5164 quia
1529 5091 1714 5147 multa
1735 5092 1874 5145 sub-

223 5187 417 5245 audiri
451 5187 724 5258 possunt,
754 5182 1172 5237 tribulationem
1195 5183 1462 5252 patimur,
1497 5180 1552 5234 id
1585 5186 1692 5244 est,
1717 5196 1877 5251 pres-

223 5294 427 5345 surae;
462 5274 557 5330 sed
589 5289 701 5328 non
731 5273 1143 5342 angustiamur,
1177 5269 1313 5341 quia
1344 5286 1447 5341 spe
1494 5269 1700 5323 futurae
1748 5268 1877 5322 vita:

225 5367 570 5422 dilatamur.
607 5361 959 5432 Aporiamur,
1021 5358 1317 5413 derivatur
1364 5375 1396 5413 a
1441 5357 1615 5412 verbo
1664 5357 1877 5424 Graeco,

226 5458 379 5530 quod
412 5459 507 5511 est
535 5451 735 5522 uporia
763 5467 776 5517 ;
805 5449 860 5504 id
896 5453 1003 5515 est,
1039 5447 1363 5502 anxiamur.
1399 5447 1465 5501 Et
1499 5451 1588 5501 est
1628 5461 1874 5502 sensus:

299 5638 451 5709 (710)
484 5638 553 5688 In
587 5633 785 5709 autog.
819 5625 1168 5709 illuminaret
1196 5625 1356 5693 mihi,
1388 5626 1539 5698 quod
1598 5629 1879 5696 tanquam

227 5698 507 5768 mendam
541 5698 950 5772 corrigendum
981 5698 1274 5756 duximus.

1981 4733 2173 4789 Voluit
2195 4748 2447 4802 namque
2471 4747 2637 4785 suam
2656 4728 3044 4784 narrationem
3061 4728 3406 4782 confirmare
3427 4743 3620 4783 exem-

1984 4824 2102 4895 plo,
2131 4828 2189 4877 et
2215 4823 2343 4876 idco
2376 4819 2714 4890 subjunxit:
2766 4818 2917 4873 Sicut
2946 4819 3211 4888 scriptum
3251 4821 3354 4884 est;
3385 4817 3623 4885 Credidi,

1979 4917 2199 4985 prOpIer
2227 4910 2366 4982 quod
2399 4911 2625 4965 loc-uiua
2640 4925 2761 4962 sum
2780 4908 2948 4978 (Psal.
2983 4923 3106 4976 cxv,
3129 4907 3239 4974 10).
3263 4905 3444 4962 David
3469 4906 3624 4962 enim

1985 5002 2350 5073 loquebatur,
2384 5002 2784 5053 verumtamen
2818 4996 2970 5067 quod
3004 4995 3308 5051 credebat:
3349 4995 3627 5066 quoniam

1986 5092 2222 5164 quidem
2258 5105 2428 5144 nemo
2461 5104 2616 5142 sanas
2639 5087 2852 5142 mentis
2869 5085 2978 5140 hoc
3003 5085 3136 5140 aliis
3155 5083 3279 5139 vult
3313 5085 3627 5153 affirmare,

1987 5182 2138 5254 quod
2173 5180 2297 5250 ipse
2330 5194 2444 5232 non
2477 5175 2738 5231 credidit.
2771 5174 3080 5245 Sequitur:
3114 5175 3178 5228 Et
3203 5189 3300 5228 nos
3329 5174 3629 5236 credimus,

1987 5276 2094 5326 etc.
2135 5269 2202 5321 Et
2233 5272 2322 5320 est
2355 5282 2562 5319 sensus
2587 5281 2598 5319 :
2621 5265 2765 5330 Quia
2786 5262 3100 5330 credimus,
3127 5266 3452 5333 propterea,
3473 5259 3630 5331 quod

1987 5358 2301 5421 credimus,
2333 5351 2649 5421 loquimur.

2060 5448 2126 5500 Et
2156 5441 2324 5517 quasi
2346 5441 2766 5511 interrogasset
2788 5439 3000 5511 aliquis
3023 5456 3034 5494 :
3073 5439 3213 5510 quid
3237 5439 3449 5505 credis,
3473 5435 3628 5507 quod

2062 5626 2209 5696 (711)
2238 5619 2468 5696 Scilicet
2507 5617 2566 5672 in
2598 5617 2828 5696 Gracia:

2065 5687 2212 5768 (712')
2242 5695 2305 5750 In
2338 5696 2533 5762 autog.
2569 5704 2753 5760 marg.
2774 5687 2868 5744 hic
2893 5688 3111 5760 legitur
3130 5706 3258 5760 cap.
3290 5690 3383 5747 XI.
