3990 6224
403 338 526 400 ιθθ

1433 339 1772 407 ΑΤΤΟΝΙΒ
1815 336 2398 400 VERCELLENSIS
2442 336 2797 400 EPISCOPI

3700 340 3859 402 ιιιιο

405 472 589 531 etiam
617 475 673 529 te
704 471 860 546 loqui
894 432 1087 529 dicis?
1116 471 1244 543 Ipse
1294 489 1426 529 vero
1475 473 1643 545 quasi
1693 472 2053 544 respondens
2083 472 2138 538 Α
2171 474 2496 537 mentaneo,
2530 487 2595 526 ac
2624 470 2755 541 levi,
2790 467 2985 542 gloriae
3016 470 3248 544 pondus
3278 475 3604 543 comparat.
3626 470 3855 543 Hujus

408 561 718 633 subjunxit
746 578 758 616 :
790 560 1032 618 Scientes
1054 562 1315 633 quoniam
1342 562 1625 617 suscitavit
1656 563 1857 617 Iesum.
1883 560 2056 615 Erant

409 655 606 706 autem
638 649 904 705 nonnulli
938 650 1089 705 inter
1119 649 1473 720 Corinthios,
1525 650 1627 721 qui
1678 651 1749 705 de
1797 665 2053 705 resurre-

408 738 597 793 ctione
614 738 962 792 dubitabant
987 755 998 791 :
1023 742 1078 792 et
1099 738 1224 792 ideo
1246 738 1529 792 adversus
1544 755 1643 793 eos
1664 739 1734 792 de
1747 739 1948 793 eodem
1969 738 2053 791 lo-

408 825 627 897 quitur.
655 827 719 880 In
746 844 861 898 qua
882 826 1203 881 intentione
1228 826 1453 881 diutius
1472 827 2052 891 versatur,adversus

406 929 557 986 quos
587 914 645 968 in
682 915 873 987 prima
902 914 1159 987 Epistola
1181 916 1369 970 fuerat
1391 914 1692 986 loquutus.
1721 916 1783 969 In
1806 932 1871 969 eo
1896 931 2047 970 vero.

407 1002 564 1074 quod
597 1002 697 1071 ait,
732 1004 827 1072 qui
855 1003 1158 1071 suscitavit,
1192 1020 1307 1057 non
1358 1003 1575 1069 obstat,
1624 1002 1746 1057 sive
1797 1007 2048 1066 Patrem,

406 1090 526 1145 sive
557 1095 738 1145 totam
769 1090 1065 1163 intelligas
1094 1090 1458 1146 Trinitatem.

483 1177 553 1233 Ut
582 1178 911 1234 ostenderet
939 1177 1118 1249 igitur
1144 1178 1476 1251 Apostolus,
1509 1179 1647 1251 quia
1682 1179 2050 1247 resurrectio,

408 1282 535 1337 quat
556 1265 848 1322 celebrata
865 1271 953 1322 est
972 1266 1034 1323 in
1054 1266 1274 1340 Capite,
1298 1267 1690 1323 celebrabitur
1709 1272 1765 1323 et
1786 1268 1843 1323 in
1868 1284 2051 1323 mem-

405 1354 531 1410 bris
547 1360 604 1410 et
625 1371 752 1426 quae
775 1356 1054 1428 processit
1074 1356 1129 1411 in
1154 1356 1379 1429 Capite,
1413 1363 1697 1431 sequetur
1714 1361 1771 1412 et
1791 1357 1849 1413 in
1867 1374 2050 1413 mem-

405 1443 550 1515 bris,
582 1445 917 1516 subjunxit:
954 1451 1022 1502 Et
1078 1462 1176 1502 nos
1228 1463 1355 1502 cum
1401 1448 1530 1504 Jesu
1582 1447 1887 1504 suscitabit.
1943 1447 2047 1510 Qui

404 1531 606 1603 etiam,
640 1536 705 1588 ut
734 1538 1105 1601 monstraret,
1140 1534 1278 1607 quia
1307 1552 1555 1607 quorum
1586 1552 1706 1591 una
1750 1539 1839 1590 est
1884 1534 2048 1604 fides,

408 1620 520 1675 erit
547 1625 604 1676 et
632 1637 750 1677 una
779 1623 1042 1679 omnium
1075 1624 1133 1678 in
1165 1624 1338 1679 domo
1368 1622 1527 1695 pacis
1556 1622 1859 1689 habitatio,
1893 1622 2050 1677 addi-

409 1710 530 1765 dit:
564 1712 626 1765 Et
654 1713 940 1767 constituet
969 1713 1262 1767 vobiscum.
1296 1713 1605 1783 Sequitur:
1649 1711 1853 1768 Omnia
1900 1713 2049 1766 enim

403 1805 626 1872 propter
652 1815 743 1856 vos
771 1801 1168 1872 (subauditur,
1199 1801 1501 1869 sustineo).
1529 1801 1716 1865 Quare
1732 1799 2049 1856 sustineret

401 1887 695 1960 proipsis,
728 1889 1001 1958 ostendit,
1034 1897 1095 1945 ut
1121 1891 1335 1959 gratia,
1383 1889 1595 1961 inquit,
1629 1889 1916 1945 abundans
1944 1905 2050 1960 per

402 1976 620 2041 multos,
649 1980 790 2043 etc.;
823 1976 993 2048 quasi
1024 1977 1266 2033 dixisset
1292 1995 1304 2032 :
1342 1978 1492 2033 Deus
1514 1978 1729 2049 quippe
1753 1976 2045 2032 neminem

401 2062 527 2118 vult
555 2064 678 2120 suis
708 2064 878 2121 donis
912 2064 1139 2135 privari,
1186 2066 1478 2121 neminem
1528 2081 1761 2137 quoque
1813 2065 1999 2137 perire
2030 2080 2043 2119 :

401 2152 541 2225 quia
570 2170 685 2209 non
717 2153 945 2210 laetatur
973 2154 1033 2209 in
1056 2154 1378 2226 perditione
1401 2154 1799 2221 morientium,
1827 2154 1926 2209 sed
1952 2169 2046 2224 po-

399 2242 518 2298 tius
539 2259 744 2299 omnes
765 2242 889 2298 vult
913 2243 1102 2298 salvos
1116 2244 1321 2298 facere.
1346 2243 1728 2315 Quapropter,
1755 2246 1819 2297 ut
1845 2241 2041 2297 multis

394 2331 507 2387 sibi
539 2332 859 2403 gratiarum
918 2332 1245 2387 referantur
1300 2331 1576 2401 actiones,
1627 2332 1752 2403 ipse
1801 2332 2039 2403 quidem

395 2419 586 2474 multa
614 2420 673 2473 in
707 2436 767 2476 se
797 2420 1171 2475 credentibus
1204 2419 1405 2474 intulit
1434 2420 1605 2485 dona,
1639 2424 1695 2474 et
1733 2419 2040 2475 credituris

395 2507 687 2579 promisit.
723 2510 1103 2579 Quapropter,
1138 2507 1289 2563 sicut
1319 2508 1483 2563 valde
1540 2508 1940 2574 inhonestum,
1974 2525 2039 2564 ac

393 2599 567 2665 turpe
595 2599 704 2661 est,
736 2595 1033 2651 hominem
1055 2612 1276 2650 scenam
1303 2612 1598 2666 magnam,
1623 2601 1680 2651 et
1702 2596 2037 2667 opulentam

397 2683 606 2751 facere,
639 2687 696 2737 et
726 2682 945 2739 multos
976 2683 1241 2749 invitare,
1274 2690 1331 2740 et
1362 2685 1433 2739 ad
1467 2689 1791 2739 extremum
1825 2701 2039 2755 paucos

393 2771 612 2827 habere
635 2786 648 2825 :
673 2770 757 2826 sic
780 2787 1013 2843 quoque
1032 2770 1201 2827 valde
1223 2777 1312 2826 est
1333 2771 1730 2843 inhonestum,
1754 2778 1929 2844 atque
1946 2773 2040 2828 in-

395 2859 665 2931 dignum.
684 2858 865 2914 Deum
882 2858 1104 2915 scilicet
1124 2875 1341 2932 paucos
1364 2860 1576 2916 habere
1597 2860 2039 2917 laudatores.Ad

394 2947 505 3003 hoc
533 2946 750 3019 igitur;
782 2947 842 3002 id
875 2952 984 3014 est,
1019 2951 1083 3003 ut
1117 2947 1335 3004 multos
1385 2949 1731 3021 acquireret,
1783 2950 2044 3022 quotidie

395 3034 708 3108 Apostolus
740 3034 982 3093 laborat.
1016 3037 1407 3101 Quamobrem
1461 3038 2039 3096 animadvertendum

396 3129 488 3180 est
517 3125 719 3197 quanti
752 3125 942 3181 meriti
974 3125 1120 3198 ipse,
1154 3132 1500 3199 quantaeque
1530 3128 2041 3200 fueritdignitatis,

2165 559 2275 614 loci
2306 575 2517 614 sensus
2548 562 2604 613 et
2635 559 2691 613 in
2726 558 2986 631 Epistula
3015 561 3087 614 ad
3119 560 3417 616 Romanos
3459 558 3848 628 continetur,

2166 647 2267 701 ubi
2298 648 2411 702 ait:
2446 650 2716 702 Existimo
2747 649 2916 713 enim,
2949 649 3092 718 quod
3111 664 3222 706 non
3241 652 3369 704 sunt
3388 648 3680 720 condignae
3694 666 3854 722 pas-

2162 736 2340 790 siones
2369 736 2532 806 hujus
2564 738 2831 806 temporis
2860 736 3038 806 (Rom.
3070 752 3194 804 VIII,
3230 736 3339 805 18),
3373 741 3482 791 etc.
3518 737 3648 808 Ipse
3670 753 3849 808 quo-

2164 840 2297 894 que,
2325 823 2736 879 tribulationes
2768 825 2827 879 in
2880 826 3095 896 quibus
3148 824 3347 897 gloriae
3396 824 3629 897 pondus
3680 842 3848 897 ope-

2163 917 2384 979 rentur,
2418 914 2695 975 ostendit,
2729 930 2863 968 cum
2896 913 3202 984 subjunxit
3228 931 3240 968 :
3266 915 3384 969 Non
3402 914 3852 985 contemplanti-

2164 1001 2262 1056 bus
2287 1003 2446 1057 nobis
2475 1017 2602 1073 qua?
2631 1002 2906 1068 videntur,
2938 1007 3047 1057 etc.
3084 1003 3148 1057 Et
3167 1007 3256 1057 est
3278 1018 3522 1058 sensus:
3545 1003 3673 1057 Non
3700 1002 3851 1058 sol-

2160 1088 2303 1144 liciti
2336 1107 2544 1145 sumus
2565 1090 2635 1145 de
2658 1090 3101 1162 temporalibus,
3122 1108 3248 1162 quas
3272 1095 3602 1157 transeunt,
3622 1092 3732 1147 sed
3760 1092 3851 1147 de

2161 1180 2415 1248 aeternis,
2448 1196 2575 1251 quae
2609 1183 2867 1235 manent.
2903 1179 2972 1234 Et
3003 1180 3111 1235 hoc
3141 1179 3397 1252 exponit,
3418 1196 3553 1235 cum
3578 1180 3843 1236 subdit:

2162 1269 2297 1337 Quae
2319 1269 2467 1323 enim
2488 1268 2760 1333 videntur,
2794 1269 3123 1338 temporalia
3146 1273 3298 1338 sunt,
3328 1273 3437 1324 etc.
3468 1267 3536 1324 Et
3564 1272 3657 1324 est
3682 1283 3845 1324 sen-

2161 1373 2297 1412 sus:
2332 1356 2449 1413 Nos
2478 1356 2849 1412 solummodo
2893 1356 3239 1413 necessariis
3293 1357 3575 1422 contenti,
3630 1356 3838 1414 aciem

2162 1446 2375 1500 mentis
2400 1444 2460 1499 in
2494 1461 2725 1515 semper
2755 1461 3037 1501 mansura
3084 1445 3415 1517 dirigimus.

2231 1534 2343 1606 (74)
2377 1534 2533 1604 (CAP.
2570 1534 2659 1605 V.)
2683 1535 3006 1606 Sequitur:
3045 1534 3104 1588 Si
3133 1535 3410 1589 terrestris
3455 1535 3658 1591 domus
3716 1552 3839 1592 no-

2158 1626 2280 1677 stra
2308 1624 2473 1694 hujus
2513 1623 2870 1678 habitationis
2900 1623 3261 1694 dissolvatur,
3292 1626 3401 1678 etc.
3445 1624 3832 1682 Terrestrem

2159 1709 2399 1765 domum
2432 1709 2699 1766 mortalia
2730 1727 2973 1783 corpora
2995 1714 3183 1767 vocat.
3243 1713 3366 1767 Non
3410 1716 3826 1784 manu/actam,

2158 1798 2359 1853 eadem
2392 1814 2656 1871 corpora,
2689 1800 2786 1853 sed
2810 1800 2936 1869 jam
2967 1798 3328 1855 immortalia
3358 1799 3608 1855 reddita.
3634 1802 3705 1857 Et
3727 1807 3830 1859 est

2157 1902 2367 1943 sensus
2403 1905 2416 1943 :
2451 1888 2584 1943 Ideo
2650 1887 2708 1943 in
2759 1888 3269 1959 persecutionibus
3326 1892 3383 1944 et
3431 1890 3826 1962 passionibus

2157 1981 2593 2048 perseverantes
2622 1993 2851 2044 sumus,
2885 1981 2942 2032 et
2970 1994 3067 2032 eas
3099 1976 3361 2033 hilariter
3416 1978 3817 2045 sustinemus,

2157 2064 2295 2135 quia
2325 2066 2464 2120 certi
2495 2066 2565 2121 de
2595 2066 3017 2123 resurrectione
3045 2082 3254 2123 sumus
3280 2085 3293 2135 ;
3319 2067 3621 2139 quoniam,
3656 2069 3707 2124 si
3738 2071 3817 2126 ab

2155 2152 2264 2209 hac
2295 2154 2411 2210 vita
2425 2154 2892 2226 migraverimus,
2909 2156 2980 2211 ad
3003 2155 3506 2211 immortalitatem
3530 2157 3814 2214 transibi-
3832 2174 3847 2183 ·

2155 2259 2308 2297 mus.
2347 2244 2409 2297 In
2442 2259 2507 2298 eo
2537 2260 2693 2309 vero,
2725 2245 2880 2316 quod
2912 2243 3089 2299 dicit:
3122 2246 3353 2299 Domum
3377 2247 3643 2301 aeternam
3681 2261 3803 2302 non

2150 2333 2543 2402 manufactam,
2576 2331 2700 2387 vult
2728 2331 2974 2405 intelligi
3001 2337 3333 2388 terrestrem
3359 2334 3761 2389 manufactam
3786 2352 3801 2389 :

2152 2436 2277 2491 quae
2310 2421 2549 2493 pulchre
2575 2422 2910 2477 manufacta
2935 2422 3170 2489 dicitur,
3204 2421 3482 2494 quoniam
3523 2423 3807 2478 mortalia

2150 2524 2389 2581 corpora
2408 2508 2737 2564 visibilibus
2758 2509 3131 2565 incrementis
3154 2510 3669 2566 administrantur.
3700 2509 3809 2566 llla

2148 2610 2280 2652 vero
2303 2596 2553 2653 caelestis
2585 2614 2700 2653 non
2745 2599 3079 2654 manufacta
3128 2599 3361 2671 dicitur,
3413 2599 3554 2671 quia
3599 2599 3809 2655 eadem

2149 2701 2392 2757 corpora
2422 2687 2642 2758 Spiritu
2673 2686 2773 2742 Dei
2807 2685 3174 2743 invisibiliter
3203 2686 3494 2759 spiritalia
3541 2687 3810 2743 efﬁcien-

2153 2780 2213 2829 tu
2226 2792 2270 2829 r.

2223 2862 2539 2933 Sequitur:
2572 2864 2712 2919 Nam
2739 2872 2790 2920 et
2819 2865 2917 2920 hoc
2964 2864 3150 2937 (715(;
3183 2864 3241 2919 id
3273 2868 3383 2930 est,
3416 2865 3488 2920 ad
3523 2865 3657 2932 hoc,
3717 2867 3809 2925 vel

2153 2955 2389 3023 propter
2418 2951 2526 3007 hoc
2580 2955 3013 3023 ingemiscimus,
3073 2953 3469 3010 habitationem
3531 2958 3806 3026 nostram,

2154 3056 2272 3110 quae
2302 3040 2359 3095 in
2389 3041 2524 3097 etelo
2553 3046 2651 3107 est,
2685 3041 2742 3096 id
2777 3045 2884 3107 est,
2918 3040 3441 3113 immortalitatem,
3471 3044 3808 3115 superindui

2152 3131 2446 3200 cupientes.
2480 3130 2737 3193 Qualiter
2764 3146 2898 3185 vero
2930 3130 3297 3202 superindui,
3330 3131 3715 3189 manifestat:
3755 3136 3808 3189 si

396 3212 495 3285 qui
526 3212 701 3268 etiam
723 3213 904 3269 vitam
927 3214 1383 3286 parvipendebat
1402 3215 1779 3286 temporalem
1804 3220 2038 3288 ;quate-
2071 3205 2115 3283 (ζ
2150 3221 2334 3273 tamen
2362 3220 2551 3275 vestiti
2576 3219 2795 3276 Christo
2823 3219 2991 3289 (716).
3030 3219 3192 3275 Unde
3222 3219 3384 3291 ipse:
3419 3220 3696 3292 Quotquot
3741 3224 3804 3277 in

394 3318 507 3357 nus
538 3300 757 3358 multos
783 3303 1131 3375 acquireret,
1156 3303 1255 3375 qui
1288 3303 1403 3359 Deo
1428 3304 1747 3376 gratiarum
1779 3305 2039 3361 actiones

393 3391 688 3447 referrent.

464 3479 767 3550 Sequitur:
801 3481 1029 3552 Propter
1054 3482 1217 3552 quod,
1252 3481 1360 3537 hoc
1390 3487 1481 3537 est
1512 3483 1625 3537 fide
1674 3484 2039 3539 resurrectio-

392 3566 507 3639 nis,
539 3567 626 3624 vel
657 3573 833 3635 certe,
868 3574 930 3624 ut
962 3569 1180 3625 multos
1210 3572 1609 3643 acquiramus,
1637 3572 1694 3626 in
1721 3572 2035 3643 pressuris,

393 3659 452 3710 et
482 3655 855 3726 passionibus
886 3674 994 3713 non
1021 3658 1338 3728 defecimus.
1371 3663 1585 3715 Verum
1619 3660 1758 3732 quia
1814 3665 2039 3732 poterat

397 3741 612 3813 aliquis
642 3743 832 3799 dicere
865 3761 877 3798 :
914 3746 1206 3817 quomodo
1237 3764 1351 3803 non
1394 3748 1662 3819 deﬁcitis,
1696 3766 1828 3805 cum
1861 3749 2037 3805 multi

395 3830 844 3903 exstinguuntur
871 3850 938 3889 ex
961 3834 1123 3890 vobis
1147 3836 1173 3890 ?
1196 3836 1327 3892 Ideo
1345 3837 1474 3909 subj
1485 3839 1674 3893 unxit:
1699 3839 1800 3894 sed
1822 3840 1944 3894 licet
1969 3840 2034 3905 is,

395 3921 495 3990 qui
521 3921 660 3991 [oris
687 3924 967 3987 est,noster
994 3924 1151 3980 homo
1178 3930 1581 3997 corrumpatur,
1616 3932 1672 3981 et
1696 3926 1830 3981 rel.:
1865 3943 1931 3982 ac
1961 3925 2037 3982 si-

393 4007 638 4064 dixisset
663 4027 677 4065 :
711 4024 827 4082 quo
859 4012 1047 4085 magis
1076 4013 1177 4085 qui
1209 4014 1350 4070 foris
1380 4019 1470 4070 est
1499 4015 1789 4085 atteritur,
1812 4030 1878 4069 eo
1910 4032 2034 4070 ma-

333 4106 346 4118 '
392 4095 481 4168 gis
510 4095 751 4153 interior
781 4098 955 4156 homo
984 4101 1271 4158 relevetur
1301 4103 1483 4173 (713):
1522 4107 1597 4170 et,
1633 4120 1748 4173 quo
1789 4103 2037 4158 exterior

392 4185 614 4256 majora
642 4187 862 4260 patitur
889 4189 1167 4261 pericula,
1191 4207 1258 4246 eo
1281 4190 1523 4246 interior
1552 4192 1776 4262 majora
1813 4190 1907 4247 his
1937 4207 2032 4247 ac-

390 4272 572 4344 quirit
598 4273 779 4343 lucra,
814 4282 989 4349 atque
1014 4278 1351 4334 accumulat
1402 4278 1660 4350 praemia.
1715 4279 2030 4350 Sequitur:

387 4361 454 4420 Id
480 4365 645 4430 enim,
693 4367 838 4438 quod
867 4368 925 4421 in
982 4368 1250 4439 presenti
1304 4372 1385 4421 est
1440 4377 1904 4437 momentaneum,
1964 4384 2035 4423 ac

389 4450 521 4519 leve,
552 4456 660 4508 etc.
685 4454 832 4519 Quid
861 4460 950 4510 est
980 4456 1135 4511 enim
1168 4455 1226 4510 in
1260 4454 1528 4524 praesenti
1551 4453 1579 4508 ‘l
1600 4454 2033 4512 Tribulationes

388 4540 602 4615 quippe
632 4542 982 4614 corporales,
1017 4542 1473 4632 persecutiones,
1506 4545 1563 4595 et
1591 4541 1828 4596 similia.
1884 4547 2033 4601 Bene
2064 4567 2109 4632 Β

387 4641 523 4699 ergo
569 4635 992 4686 momentaneze
1051 4646 1118 4685 ac
1173 4629 1329 4683 leves
1378 4626 1677 4698 dicuntur,
1727 4630 1868 4699 quia
1918 4631 2031 4689 cito

389 4718 716 4785 transeunt,
731 4717 971 4788 etquasi
994 4718 1065 4772 ad
1084 4718 1448 4771 momentum
1473 4719 1825 4785 praetereunt
1847 4736 1860 4773 :
1887 4724 2034 4777 atta-

389 4817 523 4857 men
552 4819 722 4874 supra
744 4807 973 4860 modum
1001 4812 1276 4862 (sternam
1304 4803 1506 4873 gloriae
1519 4804 1732 4874 pondus
1755 4814 2030 4878 operatur.

387 4894 573 4965 Supra
603 4890 821 4946 modum
877 4892 1038 4960 dicit,
1099 4891 1241 4962 quia
1294 4889 1455 4953 nulla
1512 4896 1600 4947 est
1655 4899 2029 4968 comparatio.

389 4975 582 5041 Nullo,
615 4975 881 5048 inquam,
917 4983 1083 5050 pacto
1116 4983 1346 5034 terrena
1365 4976 1715 5051 caelestibus,
1749 4989 2035 5059 tempora-

390 5063 774 5131 liaaeternis,
800 5067 1021 5122 caduca
1063 5072 1288 5139 queunt
1333 5070 1657 5140 comparari
1713 5079 2028 5135 mansuris.

390 5152 702 5209 Sciendum
736 5169 899 5222 sane,
925 5154 1063 5226 quia
1085 5155 1490 5229 metaphoram
1510 5164 1723 5232 servat,
1745 5164 1888 5221 dum
1906 5184 2031 5224 mo-

460 5347 701 5434 In,
726 5350 922 5428 autog.
944 5349 1243 5434 revela-tur,
1274 5355 1333 5408 et
1361 5353 1605 5434 fortasse
1649 5358 1816 5429 bene,
1851 5362 2027 5434 quia,

392 5420 447 5469 ut
474 5419 553 5537 in];
580 5418 1065 5539 (tlixerim,cortice
1085 5424 1306 5495 attrito,
1323 5426 1478 5496 quod
1500 5428 1659 5485 intus
1679 5436 1787 5500 est,
1801 5418 2028 5491 clarius

389 5502 517 5541 TCVP.
547 5505 577 5539 tt
609 5503 694 5540 ΗΓ.

638 5558 926 5648 Ipputog.
952 5578 1135 5648 marg.
1159 5564 1482 5648 hiclegitur
1502 5585 1626 5644 cap.
1652 5571 1770 5630 XII.

459 5625 612 5698 (725)
640 5628 810 5705 Vulg.
842 5625 974 5692 nam
1001 5640 1054 5693 et
1080 5625 1142 5694 in
1170 5638 1285 5696 hoc.

2148 3304 2356 3361 Christo
2386 3306 2651 3376 baptizati
2677 3307 2810 3362 estis
2839 3306 3012 3377 (717),
3042 3310 3153 3361 etc.
3185 3306 3394 3362 Vestiti
3423 3308 3603 3363 etiam
3665 3308 3798 3377 ﬂde,

2148 3410 2214 3448 ac
2246 3394 2357 3465 piis
2386 3394 2681 3465 operibus,
2714 3399 2768 3450 et
2798 3410 2909 3449 non
2939 3395 3011 3449 ab
3045 3394 3138 3450 his
3168 3396 3313 3450 nudi
3349 3397 3726 3452 inveniamur.

2216 3483 2489 3553 Sequitur
2513 3500 2526 3538 :
2560 3486 2706 3538 Num
2733 3491 2785 3539 et
2813 3484 2909 3555 qui
2938 3499 3128 3538 sumus
3158 3484 3220 3538 in
3249 3485 3348 3539 hoc
3405 3485 3798 3552 tabernaculo;

2146 3570 2254 3627 hoc
2285 3577 2396 3638 est,
2430 3571 2660 3627 mortali
2691 3588 2952 3644 corpore,
2983 3574 3395 3643 ingemiscimus
3411 3575 3662 3644 gravati;
3687 3575 3795 3631 sci-

2145 3659 2299 3731 licet,
2337 3660 2866 3732 persecutionibue,
2885 3665 2945 3715 et
2968 3660 3213 3716 diversis
3234 3660 3710 3720 calamitatibus:
3737 3679 3797 3720 eo

2145 3749 2285 3819 quod
2310 3751 2568 3805 nolumus
2598 3750 2904 3820 exspoliari
2935 3768 2951 3817 ;
2984 3748 3040 3804 id
3071 3752 3181 3815 est,
3216 3749 3391 3805 ﬁdem
3444 3765 3682 3823 negare,
3730 3756 3797 3808 ut

2144 3836 2371 3894 Christo
2400 3839 2725 3894 nudemur:
2759 3837 2851 3892 sed
2867 3838 3257 3909 super-vestiri;
3287 3836 3347 3893 id
3379 3842 3487 3906 est,
3524 3856 3646 3896 non
3698 3858 3794 3898 so-

2145 3924 2267 3981 lum
2300 3926 2762 3997 immortalitate,
2796 3927 2896 3982 sed
2928 3926 3102 3981 etiam
3134 3925 3546 3983 immutatione
3567 3929 3796 3987 donari.

2144 4013 2307 4069 Unde
2326 4014 2480 4069 idem
2513 4014 2689 4070 alibi:
2720 4031 2929 4080 omnes,
2957 4014 3169 4085 inquit,
3202 4031 3564 4084 resurgemus
3595 4021 3646 4086 (Ι
3672 4021 3794 4077 Cor.

2141 4118 2233 4167 xv,
2264 4102 2378 4171 5i),
2410 4107 2519 4156 etc.
2551 4102 2853 4174 Sequitur:
2893 4105 2958 4160 Ut
2986 4103 3346 4159 absorbeatur
3373 4105 3517 4175 quod
3563 4109 3798 4165 mortale

2142 4198 2245 4260 est,
2278 4192 2480 4258 avita;
2513 4190 2623 4245 hoc
2654 4196 2764 4255 est,
2821 4191 2941 4247 vita
2997 4191 3307 4247 absorbeat
3354 4197 3631 4250 mortem.
3686 4196 3797 4252 Sed

2143 4279 2377 4350 quando
2404 4279 2526 4335 haec
2549 4279 2953 4351 implebuntur
2971 4279 3000 4332 ‘2
3022 4280 3157 4336 Cum
3176 4280 3410 4337 mortale
3425 4281 3531 4338 hoc
3549 4283 3798 4341 induerit

2143 4368 2613 4427 immortalitatem
2644 4367 2789 4439 (Ibid
2816 4368 2930 4439 53),
2961 4371 3072 4423 clo.
3105 4367 3236 4438 Ipse
3263 4368 3461 4436 etiam,
3487 4375 3554 4426 ut
3594 4376 3798 4429 osten-

2140 4456 2301 4510 deret
2330 4472 2489 4525 eum,
2515 4456 2616 4528 qui
2647 4460 2874 4511 tantum
2919 4454 3036 4511 illis
3077 4457 3518 4528 perseverantiae
3569 4460 3794 4517 donum

2141 4543 2453 4608 tribuebat,
2491 4544 2798 4614 subjunxit
2828 4559 2843 4600 :
2877 4544 2983 4612 Qui
3011 4551 3195 4599 autem
3219 4545 3390 4615 efﬁcit
3426 4561 3529 4602 nos
3586 4550 3648 4603 in
3697 4550 3797 4606 hoc

2146 4634 2345 4703 ipsum,
2380 4632 2520 4688 Deus
2549 4631 2944 4703 (subauditur,
2977 4632 3105 4703 est).
3137 4632 3451 4704 Sequitur:
3493 4636 3606 4704 Qui
3651 4637 3795 4695 dedit

2143 4721 2298 4776 nobis
2312 4722 2516 4792 pignus
2545 4720 2773 4792 spiritus
2793 4723 2916 4788 sui;
2946 4720 3234 4786 videlicet,
3270 4724 3335 4776 ut
3365 4723 3648 4783 certiores
3685 4743 3793 4785 nos

2145 4810 2216 4866 de
2246 4808 2554 4881 promissis
2584 4809 2869 4865 redderet.

2216 4897 2365 4967 (718)
2424 4895 2728 4968 Sequitur:
2788 4897 3084 4954 Audientes
3136 4898 3283 4969 (719)
3342 4900 3538 4970 igitur.
3594 4902 3665 4958 Et
3708 4910 3795 4961 est

2143 5001 2392 5043 sensus:
2428 4987 2583 5040 Inter
2610 4985 2769 5041 varia
2798 4984 3074 5057 pericula,
3108 4989 3165 5040 et
3220 4984 3480 5055 plurima
3526 4990 3789 5062 adversa,

2144 5090 2376 5146 semper
2396 5091 2604 5130 sumus
2625 5074 2952 5139 audientes,
2968 5073 3648 5146 quiescentes.an
3666 5081 3795 5137 dum

2141 5180 2329 5219 sumus
2359 5166 2418 5219 in
2449 5178 2693 5235 corpore.
2718 5168 2828 5220 etc.
2858 5162 2975 5219 Sed
2998 5162 3182 5218 oritur
3201 5164 3471 5235 quaestio,
3497 5170 3793 5239 quomodo

2209 5360 2359 5431 (716)
2392 5358 2564 5431 Yulg.
2596 5359 2838 5414 verbum
2872 5357 3087 5431 Qhristo
3120 5372 3234 5411 non
3265 5356 3463 5415 habet.-

2208 5428 2762 5510 (717)A(2al.j_111.h2‘7._
2780 5428 3281 5510 Yulg._qu_icunque
3299 5431 3451 5510 enim
3475 5431 3539 5488 in
3559 5432 3787 5493 Christo

2137 5498 2412 5571 baptizati
2441 5499 2603 5570 estis,
2632 5498 2927 5555 Christum
2957 5498 3254 5571 induistis.
3284 5506 3398 5556 etc.
3564 5552 3571 5553 κ
3784 5530 3809 5545 ί

2208 5568 2353 5645 (718)
2383 5571 2495 5645 I_i_ic
2514 5568 2802 5645 in'autog.
2836 5586 3023 5644 marg.
3056 5568 3270 5643 legitur
3297 5587 3423 5645 cap.
3486 5572 3642 5635 XIII.

2207 5641 2356 5716 (719)
2389 5641 2558 5716 Vulg.
2593 5641 2870 5701 audentes.
