3990 6224
376 391 493 459 443

1389 386 1726 449 ATTONIS
1775 378 2359 447 VERGELLENSIS
2406 383 2758 449 EPISCOPI

3665 388 3793 451 444

380 530 439 583 et
461 526 591 583 ideo
622 541 775 581 unus
822 540 926 597 pro
984 522 1259 581 omnibus
1307 530 1577 581 mortuus
1634 530 1742 592 est,
1797 530 1862 581 ut
1891 525 2022 581 illos
2050 516 2107 583 Α
2136 535 2348 575 novum
2382 521 2624 589 scimus,
2648 526 2704 578 et
2723 522 2796 579 ob
2818 521 2927 577 hoc
2949 521 3124 579 etiam
3139 522 3429 579 neminem
3455 523 3792 582 secundum

332 615 335 617 ’
383 617 456 672 ad
486 613 987 670 immortalitatem
1046 618 1339 669 revocaret
1366 633 1378 670 :
1423 615 1544 671 sive
1573 631 1777 671 omnes
1809 614 2025 670 mortui

384 709 549 761 erant
577 703 817 770 anima;
846 708 905 759 et
958 704 1088 759 ideo
1144 720 1298 758 unus
1354 704 1541 774 vivus,
1579 704 1635 759 id
1670 710 1777 768 est,
1808 704 2027 775 peccati

386 810 557 850 carne
588 797 857 849 mortuus
886 797 1066 862 est,ut
1095 791 1225 849 illos
1242 793 1574 848 viviﬁcaret.
1603 796 1665 850 Ut
1692 796 1789 865 qui
1814 796 2025 861 vivunt,

377 884 499 956 jam
526 900 635 940 non
664 884 772 938 sibi
800 885 1024 948 vivant;
1056 882 1111 936 id
1136 886 1242 947 est,
1277 882 1376 953 qui
1408 882 1610 936 vivunt
1639 882 1943 953 redempti,
1973 886 2030 936 et

387 973 785 1037 renovati,non
819 971 928 1026 sibi
955 971 1170 1037 vivant,
1203 972 1259 1026 id
1293 976 1533 1041 est,non
1567 971 1691 1027 suis
1721 971 2029 1026 desideriis

388 1061 767 1117 satisfaciant.
803 1060 1018 1114 Aliter:
1062 1061 1125 1117 Ut
1178 1063 1274 1132 qui
1314 1063 1525 1126 vivunt,
1576 1077 1676 1133 spe
1707 1060 2027 1115 cmlestium

387 1148 873 1222 promissionum,
905 1166 1017 1205 non
1072 1151 1179 1205 sibi
1222 1152 1429 1215 vivant,
1488 1167 1589 1221 spe
1618 1149 2027 1221 temporalium

387 1253 603 1293 rerum.

461 1326 607 1398 (724)
637 1327 951 1398 Sequitur:
985 1332 1176 1398 Itaque
1204 1345 1301 1384 nos
1329 1345 1398 1384 ex
1448 1329 1544 1384 hoc
1570 1330 1846 1385 neminem
1876 1330 2030 1383 novi-

387 1432 509 1471 mus
537 1416 836 1471 secundum
895 1434 1138 1473 carnem.
1200 1423 1283 1473 Ex
1340 1419 1436 1473 hoc
1478 1418 1659 1483 dicit;
1715 1418 1820 1472 hoc
1852 1422 2032 1473 estex

390 1521 506 1575 quo
535 1509 797 1576 tempore
826 1505 926 1561 ille
956 1506 1289 1572 resurrexit,
1336 1512 1392 1561 et
1420 1508 1665 1561 formam
1712 1506 1934 1571 tribuit,
1969 1510 2036 1561 ut

393 1594 494 1664 qui
524 1595 746 1664 vivunt,
777 1610 893 1649 non
925 1594 1037 1651 sibi
1084 1596 1280 1651 vivant
1308 1598 1584 1651 neminem
1614 1613 1712 1651 nos
1741 1596 2036 1651 secundum

391 1699 615 1738 carnem
642 1686 912 1739 novimus.
973 1684 1040 1740 Et
1096 1702 1275 1756 quare
1333 1686 1537 1742 dixerit
1590 1686 1885 1741 secundum
1912 1702 2034 1741 car-

393 1788 523 1826 nem
553 1772 947 1828 manifestavit
971 1790 1102 1829 cum
1136 1775 1441 1845 subjunxit
1468 1792 1480 1829 :
1514 1777 1579 1830 Et
1606 1778 1655 1829 si
1684 1778 2033 1845 cognovimus

2135 627 2368 666 carnem
2404 610 2977 683 novimus,quoniam
3005 612 3386 683 novitas,quaa
3409 612 3466 667 in
3491 611 3589 668 illo
3612 618 3704 669 est
3726 616 3793 670 in

2136 716 2216 762 re,
2243 703 2331 753 est
2353 703 2409 754 et
2430 699 2488 754 in
2518 700 2801 756 membris
2823 700 3441 772 ipsius,verumtamen
3465 700 3523 755 in
3555 719 3678 774 spe.
3705 702 3795 759 De

2135 788 2245 842 hac
2276 789 2533 843 novitate
2589 789 2728 844 dicit
2758 806 2892 845 cum
2951 789 3292 862 subjungit:
3330 789 3389 844 Si
3431 807 3539 862 qua
3567 807 3693 863 ergo
3727 794 3796 848 in

2139 876 2349 932 Christo
2380 894 2520 933 nova
2540 882 2811 933 creatura.
2836 880 3050 933 Novam
3080 882 3405 934 creaturam
3430 879 3794 937 ecclesiasti-

2139 983 2271 1022 cum
2305 967 2583 1039 populum
2609 974 2791 1036 vocat,
2828 969 2925 1041 qui
2960 986 3144 1024 novus
3175 973 3282 1037 est,
3314 968 3400 1024 vel
3430 986 3533 1041 per
3562 969 3794 1041 baptis-

2139 1055 2314 1111 matis
2344 1059 2797 1127 renovationem,
2831 1076 3007 1129 quam
3030 1058 3204 1113 habet
3235 1058 3294 1113 in
3328 1075 3406 1128 re,
3439 1057 3525 1113 vel
3561 1075 3662 1130 per
3696 1058 3794 1114 fu-

2139 1150 2285 1200 turae
2316 1147 2759 1203 resurrectionis
2813 1147 3262 1214 renovationem,
3309 1164 3487 1219 quam
3520 1147 3698 1203 habet
3728 1147 3795 1203 in

2141 1250 2263 1305 spe,
2299 1235 2467 1305 cujus
2498 1236 2670 1291 etiam
2696 1236 3004 1308 reparatio,
3033 1234 3406 1307 baptismatis
3427 1240 3517 1291 est
3549 1252 3795 1291 renova-

2141 1322 2259 1376 tio:
2296 1338 2422 1394 quze
2453 1327 2593 1379 tunc
2626 1341 2857 1396 quoque
2902 1324 3011 1380 erit
3042 1323 3314 1395 perfecta,
3346 1325 3581 1396 quando
3610 1323 3795 1381 victo-

2143 1427 2235 1474 res
2267 1411 2554 1467 dixerint:
2591 1415 2689 1469 Ubi
2711 1419 2813 1482 est,
2846 1429 3017 1482 mors,
3041 1415 3271 1468 victoria
3297 1416 3393 1468 tua
3416 1412 3444 1468 ?
3465 1415 3513 1484 (I
3541 1413 3660 1469 Cor.
3694 1432 3793 1483 xv,

2141 1500 2253 1570 55),
2287 1506 2396 1556 etc.

2216 1588 2525 1660 Sequitur:
2563 1591 2749 1646 Vetera
2788 1592 3153 1657 transierunt,
3184 1591 3241 1646 id
3273 1596 3363 1647 est
3391 1608 3525 1664 spes
3555 1597 3790 1664 tempo-

2143 1675 2359 1732 ralium
2390 1695 2584 1733 rerum
2617 1684 2673 1734 et
2704 1683 3067 1735 terrenarum
3101 1680 3558 1752 promissionum
3592 1686 3788 1738 trans-

2144 1764 2247 1833 iit;
2283 1766 2421 1838 quia
2449 1772 2617 1822 vetus
2648 1766 2738 1822 lex
2768 1769 3113 1840 temporalia
3144 1769 3317 1840 bona,
3349 1772 3409 1824 et
3439 1785 3618 1841 regna
3650 1787 3786 1842 pro-

397 1860 675 1916 Chn‘stum
703 1863 996 1917 secundum
1052 1880 1300 1929 carnem,
1347 1864 1439 1919 sed
1467 1880 1614 1918 nunc
1654 1865 1776 1934 jam
1808 1882 1913 1919 non
1946 1881 2034 1920 ηο.
2062 1880 2113 1946 Β
2146 1854 2412 1911 mittebat
2440 1861 2708 1916 terrena:
2740 1863 2796 1913 et
2825 1857 2954 1914 ideo
2986 1862 3137 1914 recte
3172 1859 3449 1914 dicuntur
3477 1859 3786 1937 transisse.

403 1952 598 2004 vimus.
627 1950 729 2005 Hic
759 1950 927 2023 erigit
945 1951 1296 2007 Manichaaus
1319 1953 1652 2025 aurem,qui
1678 1957 1851 2024 negat
1876 1953 2034 2008 Chri-

401 2042 556 2093 stum
588 2053 781 2093 veram
814 2055 1046 2095 carnem
1072 2041 1415 2113 sumpsisse.
1442 2041 1592 2096 Dicit
1617 2042 1772 2096 enim
1805 2041 1963 2114 quia,
1984 2041 2033 2095 si

390 2142 585 2181 veram
605 2143 840 2183 carnem
856 2128 1557 2202 habuisset,nequaquam
1577 2131 1836 2185 diceretA
1848 2134 2036 2202 posto-

391 2214 506 2287 lus,
537 2219 587 2270 et
615 2217 1072 2273 sinovimus.Sed
1098 2219 1304 2275 beatus
1333 2218 1698 2290 Augustinus
1720 2219 1895 2274 dicit:
1919 2219 2031 2274 No-

390 2305 639 2360 tandum
667 2306 805 2377 quia
830 2322 945 2361 non
969 2306 1110 2361 dicit
1129 2307 1461 2379 Apostolus,
1482 2295 1606 2363 etsi‘
1622 2307 1905 2379 suspicati
1938 2325 2035 2362 su-

393 2410 550 2459 mus,
581 2394 681 2448 sed
710 2395 1129 2450 novimus.Rem
1154 2397 1330 2461 enim,
1360 2413 1536 2469 quam
1568 2397 1808 2452 dubiam
1838 2396 2034 2464 habet,

396 2480 748 2551 uspicatur,
780 2499 894 2538 non
927 2499 1054 2537 eam
1088 2500 1263 2555 quam
1294 2484 1471 2540 habet
1506 2486 1819 2558 cognitam.

469 2569 579 2624 Sed
612 2569 704 2623 hic
736 2571 921 2625 oritur
951 2573 1195 2642 quaestio
1226 2590 1331 2628 cur
1360 2574 1516 2629 dicat
1545 2574 1857 2646 Apostolus
1890 2593 1902 2630 :
1936 2574 2038 2629 Sed

395 2674 546 2713 nunc
574 2659 686 2717 iam
714 2675 823 2716 non
844 2663 1255 2733 novimus,cum
1282 2662 1407 2733 ipse
1429 2664 1706 2718 Dominus
1730 2680 2039 2735 resurgens

397 2765 431 2804 a
461 2747 730 2814 mortuis,
756 2749 878 2804 suis
900 2749 1109 2805 dixerit
1128 2751 1434 2823 discipulis
1461 2769 1473 2807 :
1508 2753 1759 2823 Palpate,
1789 2757 1841 2807 et
1868 2753 2041 2808 videte

396 2838 552 2905 (Luc.
581 2853 735 2903 xxxv,
765 2836 876 2908 39),
919 2843 1028 2894 etc.
1061 2839 1172 2894 Sed
1218 2856 1332 2895 non
1363 2844 1451 2895 est
1480 2840 1856 2897 contrarium.
1892 2842 2037 2896 Nam

399 2925 705 2981 sciendum
739 2926 877 2998 quia
934 2943 1066 2984 caro
1106 2929 1164 2983 in
1223 2930 1539 3001 Scripturis
1571 2929 1780 2986 divinis
1810 2931 2041 3001 ponitur

395 3018 515 3069 tam
548 3030 651 3085 pro
708 3014 1080 3083 mortalitate,
1139 3034 1316 3089 quam
1374 3035 1476 3089 pro
1526 3023 1749 3073 natura:
1777 3020 2035 3076 veritate.

396 3102 544 3174 Ergo
574 3102 749 3159 habet
777 3103 930 3160 Deus
975 3103 1240 3161 Christus
1270 3122 1504 3162 carnem
1536 3109 1859 3163 secundum
1891 3108 2036 3163 veri-

396 3195 574 3247 tatem
607 3196 849 3261 naturis,
882 3194 991 3271 sed.
1017 3210 1131 3250 non
1153 3194 1327 3250 habet
1349 3196 1673 3251 secundum
1705 3196 2037 3268 fragilitatis

2143 1942 2307 1999 Nunc
2339 1961 2490 2015 vero,
2552 1946 2692 2018 quia
2747 1947 3043 2019 Evangelii
3096 1947 3285 2021 gratia
3342 1964 3458 2003 non
3499 1936 3790 2020 promittit

2141 2042 2393 2103 terrena,
2426 2035 2528 2090 sed
2558 2034 2835 2104 caelestia,
2862 2053 2978 2092 non
3024 2034 3385 2109 temporalia,
3416 2037 3511 2092 sed
3543 2043 3779 2107 aeterna,

2146 2142 2258 2180 non
2289 2124 2646 2190 transitoria,
2680 2126 2779 2180 sed
2814 2142 3114 2196 mansura,
3154 2126 3281 2182 ideo
3311 2126 3606 2199 sequitur:
3641 2128 3786 2182 Ecce

2141 2217 2290 2288 facta
2316 2218 2443 2269 sunt
2470 2215 2656 2269 omnia
2683 2230 2840 2270 nova.

2215 2303 2526 2376 Sequitur:
2559 2304 2757 2359 Omnia
2787 2310 2973 2360 autem
3018 2321 3088 2361 ex
3116 2306 3238 2361 Deo.
3271 2305 3517 2361 Pulchre
3547 2305 3788 2378 quidem

2147 2393 2322 2449 dicit:
2355 2394 2553 2449 Omnia
2601 2409 2670 2448 ea:
2699 2394 2823 2463 Deo,
2882 2394 3021 2466 quia
3074 2394 3209 2449 licet
3263 2394 3461 2466 passio
3492 2395 3683 2450 crucis
3714 2395 3789 2450 ad

2146 2499 2455 2556 personam
2487 2480 2613 2536 Filii
2645 2483 2875 2553 pr0prie
2905 2484 3169 2554 attineat,
3229 2489 3444 2540 nostra:
3471 2488 3668 2540 tamen
3701 2501 3791 2540 re-

2147 2571 2504 2644 demptionis
2533 2576 2590 2627 et
2617 2572 3009 2628 renovationis
3063 2590 3230 2645 Opus,
3265 2574 3447 2629 totius
3478 2577 3569 2630 est
3599 2574 3790 2629 Trini-

2147 2660 2306 2716 tatis.
2341 2662 2520 2715 Item:
2583 2661 2779 2716 Omnia
2830 2678 2900 2717 ex
2960 2663 3107 2724 Deo;
3164 2662 3273 2719 hoc
3328 2667 3436 2731 est,
3486 2668 3608 2719 tam
3644 2680 3794 2719 nova

2148 2766 2324 2822 quam
2357 2754 2415 2805 et
2442 2754 2635 2805 vetera
2667 2768 2679 2818 ;
2710 2751 2848 2823 quia
2870 2768 2971 2823 pro
2994 2756 3324 2824 temporum
3355 2752 3650 2821 varietate,
3683 2770 3791 2809 seu

2148 2838 2451 2909 qualitate,
2480 2844 2729 2911 utraque
2784 2840 3159 2895 Testamenta
3216 2840 3286 2895 ab
3336 2839 3434 2896 illo
3466 2845 3608 2896 sunt
3633 2841 3793 2897 data.

2146 2928 2294 3000 Ergo
2320 2928 2627 2999 utriusque
2658 2929 3014 2985 Testamenti
3061 2946 3217 2985 unus
3248 2931 3418 2985 Deus.
3450 2930 3519 2984 Et
3547 2929 3656 2986 hoc
3685 2931 3794 2986 ad-

2146 3034 2349 3072 versus
2381 3016 2533 3084 illos,
2569 3016 2669 3086 qui
2700 3018 2948 3074 alterum
2980 3019 3165 3075 Deum
3188 3019 3351 3084 Novi,
3380 3018 3644 3074 Alterum
3678 3024 3794 3076 Ve-

2146 3107 2287 3160 teris
2317 3106 2672 3160 Testamenti
2702 3106 2989 3161 dixerunt.

2218 3194 2492 3279 Sequitur
2517 3212 2529 3249 :
2567 3196 2673 3263 Qui
2693 3196 3067 3269 reconciliavit
3095 3212 3198 3251 nos
3227 3196 3337 3253 sibi
3360 3213 3459 3269 per
3486 3196 3797 3279 Christum.

607 3244 849 3261 ww",
882 3244 991 3271 τη.
1018 3244 1131 3250 ____
1156 3244 1673 3251 __~-----____._
1705 3244 2036 3268 --Ἵππη
2219 3244 2482 3265 ηἸ---η
2517 3244 2529 3249 -
2570 3244 2667 3263 ηπ-
2694 3244 3063 3269 .---.---.-..---
3096 3244 3194 3251 .-η
3228 3244 3333 3253 --η
3360 3244 3440 3269 τ-.
3490 3244 3577 3253 -.η
3600 3244 3797 3253 ---....-.

395 3279 846 3338 mortalitatem:
903 3283 1045 3351 Quia
1101 3300 1390 3356 resurgam
1444 3287 1743 3341 amortuis
1774 3287 1896 3357 jam
1924 3301 2036 3341 non
2065 3244 2110 3319 α
2148 3272 2383 3338 Primus
2439 3282 2613 3339 homo
2673 3288 2900 3339 creatus
2958 3283 3177 3341 astutia
3204 3285 3418 3342 diaboli
3469 3260 3664 3342 fuerat
3693 3288 3801 3343 de-

390 3372 629 3426 moritur
656 3370 830 3442 (Rom.
860 3388 935 3437 VI,
967 3372 1046 3440 9),
1079 3377 1186 3428 etc.
1219 3373 1276 3429 Si
1318 3390 1454 3445 ergo
1483 3375 1566 3430 ita
1589 3375 1660 3429 de
1691 3373 1917 3430 Christo
1947 3374 2034 3429 in-

391 3458 571 3532 telligi
602 3464 811 3532 potest,
839 3477 1019 3533 quare
1050 3463 1323 3535 superius
1343 3464 1585 3520 dixerit:
1618 3466 1906 3520 Neminem
1933 3479 2034 3519 no-

392 3549 572 3604 vimus
599 3552 899 3605 secundum
924 3568 1146 3607 carnem
1164 3553 1193 3607 ?
1216 3552 1513 3625 Numquid
1542 3554 1666 3625 ipse
1689 3569 1803 3609 non
1826 3558 1948 3609 erat
1976 3553 2034 3607 in

394 3652 586 3706 carne,
620 3641 720 3692 aut
748 3637 855 3703 illi,
906 3640 1124 3709 quibus
1168 3639 1564 3713 loquebatur?
1607 3642 1803 3709 Erant,
1834 3646 1892 3697 et
1921 3658 2033 3697 non

396 3727 563 3779 erant
590 3725 649 3779 in
682 3741 875 3781 carne.
899 3728 1022 3783 Non
1046 3733 1231 3795 erant,
1249 3730 1387 3801 quia
1416 3747 1529 3786 non
1573 3730 1633 3785 in
1665 3748 1766 3803 spe
1796 3730 2038 3787 saecula-

398 3812 553 3867 rium
584 3829 780 3868 rerum
812 3819 913 3870 aut
935 3817 1347 3889 temporalium
1369 3818 1656 3874 honorum
1687 3820 2036 3887 manebant;

399 3916 466 3957 eo
498 3902 653 3974 quod
684 3919 745 3958 se
767 3903 868 3959 diu
893 3921 1006 3960 non
1039 3921 1455 3977 permansuros
1475 3907 1876 3978 intelligebant
1899 3926 1912 3975 ;
1937 3909 2038 3964 sed

400 3990 459 4046 in
493 4007 594 4063 spe
624 3990 927 4061 habentes,
963 3995 1313 4067 quandoque
1343 4013 1405 4052 se
1435 3998 1506 4053 ad
1539 3996 2038 4053 immortalitatem

399 4079 772 4147 transituros,
801 4082 1149 4138 credebant:
1184 4101 1342 4145 nam.
1366 4086 1519 4157 quod
1544 4086 1655 4141 sub
1685 4102 1789 4157 spe
1817 4089 2039 4140 certum

400 4174 544 4238 erat,
576 4169 743 4242 quasi
767 4170 894 4241 jam
926 4172 1146 4227 factum
1204 4172 1517 4229 habebant.
1568 4174 1728 4239 Quod
1762 4190 1893 4229 vero
1926 4190 2039 4245 res,

401 4274 528 4332 quae
550 4258 660 4314 sub
682 4275 786 4331 spe
804 4262 960 4316 certa
981 4261 1417 4334 habetur,quasi
1433 4262 1559 4333 jam
1582 4262 1733 4317 facta
1754 4267 2040 4331 teneatur,

400 4347 557 4404 idem
587 4347 713 4420 ipse
744 4348 1098 4421 manifestat,
1132 4367 1266 4407 cum
1324 4351 1501 4406 dicit:
1535 4351 1596 4405 Si
1620 4352 2046 4407 consurrexistis

318 4510 323 4513 _
401 4454 525 4493 cum
558 4436 770 4493 Christo
800 4437 1024 4510 (Coloss.
1058 4457 1140 4511 ιιι,
1175 4441 1246 4509 1),
1280 4444 1388 4495 etc.
1423 4440 1549 4494 Non
1580 4438 1700 4504 illa,
1733 4456 1851 4510 qua
1880 4439 2044 4495 Chri-

402 4531 499 4582 tus
518 4527 873 4594 resurrexit,i
882 4545 982 4599 pse
1005 4528 1323 4584 resurrexit
1346 4545 1359 4594 ;
1386 4528 1488 4583 sed
1504 4530 1644 4581 tunc
1667 4527 1775 4582 sub
1799 4542 1901 4599 spe
1921 4543 2043 4582 cer-

2144 3376 2391 3443 ceptus:
2428 3373 2550 3436 sed,
2585 3388 2655 3427 ne
2711 3372 2772 3428 in
2815 3376 3096 3429 aeternum
3159 3373 3389 3445 periret,
3442 3375 3607 3431 misit
3637 3375 3801 3432 Deus

2146 3461 2356 3517 Filium
2389 3477 2585 3528 suum,
2621 3466 2686 3516 ut
2715 3477 2847 3518 eum
2876 3463 2987 3518 sibi
3024 3463 3426 3520 reconciliaret
3454 3482 3468 3533 ;
3499 3468 3804 3535 quatenus

2145 3568 2249 3624 per
2278 3566 2411 3605 eum
2444 3550 2755 3605 redimeret
2781 3550 3212 3622 hominem,per
3242 3569 3414 3623 quem
3442 3552 3620 3609 etiam
3646 3554 3803 3610 fece-

2146 3643 2237 3696 rat
2266 3637 2584 3694 hominem.
2621 3638 2932 3710 Sequitur:
2962 3641 3030 3695 Et
3056 3638 3205 3695 dedit
3232 3642 3390 3697 nobis
3418 3642 3805 3698 ministerium

2147 3729 2628 3787 reconciliationis.
2686 3728 2922 3784 Dixerat
2989 3745 3051 3784 se
3109 3730 3587 3798 reconciliatum;
3652 3731 3805 3788 dicit

2147 3819 2322 3876 etiam
2380 3833 2442 3872 se
2499 3816 2792 3888 accepisse
2857 3817 3342 3875 reconciliationis
3400 3820 3800 3893 mysterium;

2150 3906 2426 3981 quoniam
2460 3904 2594 3961 talis
2613 3910 2737 3961 erat
2765 3906 3002 3974 ordo,ut
3030 3906 3194 3979 prius
3213 3907 3425 3964 Filium
3454 3925 3630 3966 suum
3666 3911 3806 3966 mit-

2147 4000 2314 4059 teret,
2348 3994 2447 4067 qui
2479 3993 2778 4049 hominem
2808 3994 3201 4062 redimeret,et
3230 3996 3339 4052 sibi
3370 3997 3801 4067 reconciliaret,

2151 4082 2605 4158 quem,peractis
2632 4083 3008 4150 omnibus,ad
3030 4101 3161 4156 quae
3183 4088 3803 4159 venerat,assumpsit,

2152 4177 2210 4229 et
2238 4172 2359 4227 vice
2389 4172 2537 4242 ejus,
2596 4172 3088 4228 reconciliationis
3119 4172 3537 4242 ministerium,
3568 4172 3680 4229 hoc
3716 4179 3808 4231 est

2152 4259 2582 4334 praedicationis
2612 4260 2871 4316 ofﬁcium
2894 4260 3173 4333 apostolis
3202 4262 3636 4328 tradidit.Quod
3660 4266 3807 4320 tunc

2154 4350 2371 4405 factum
2421 4353 2530 4417 est,
2586 4350 2820 4421 quando
2876 4349 3056 4406 dixit:
3116 4350 3319 4406 Euntes
3378 4351 3558 4407 docete
3588 4351 3805 4422 (Matth.

2152 4456 2346 4507 xxvul,
2381 4438 2488 4511 19),
2523 4443 2629 4495 etc.

2226 4527 2541 4599 Sequitur:
2576 4528 2850 4596 Quoniam
2904 4528 3124 4599 quidem
3151 4529 3292 4584 Deus
3319 4536 3438 4585 erat
3466 4530 3525 4585 in
3559 4528 3807 4598 Christo,

405 4618 501 4672 tus
532 4616 824 4685 manebat,
857 4617 997 4689 quia
1026 4635 1151 4689 quae
1182 4615 1478 4688 praecessit
1508 4614 1568 4668 in
1600 4614 1815 4686 Capite,
1849 4628 2048 4688 seque-
2075 4613 2125 4682 D
2154 4616 2265 4673 hoc
2293 4621 2383 4673 est
2411 4616 2579 4673 Pater
2606 4616 2665 4671 in
2698 4616 2861 4672 Filio.
2908 4617 3018 4674 Sed
3050 4618 3319 4690 nunquid
3350 4618 3432 4675 ita
3459 4621 3585 4675 erat
3615 4618 3677 4674 in
3715 4618 3805 4674 Fi-

404 4710 565 4761 retur
593 4702 652 4760 in
685 4706 966 4761 membris
995 4723 1009 4774 ;
1043 4710 1099 4761 et
1156 4705 1369 4759 iterum
1396 4719 1409 4757 :
1454 4703 1563 4769 Qui
1587 4703 1764 4758 salvos
1791 4720 1889 4760 nos
1916 4706 2046 4777 fecit

400 4810 499 4865 per
528 4794 811 4849 lavacrum
840 4794 1270 4866 regenerationis
1325 4793 1379 4844 et
1407 4794 1775 4848 renovationis
1804 4794 1923 4866 (Tit.
1959 4812 2043 4863 III,

401 4883 477 4955 5),
510 4887 622 4938 etc.
655 4883 932 4955 Nunquid
956 4881 1057 4937 illa
1086 4879 1327 4937 salvatio
1348 4880 1807 4954 resurrectionis,
1831 4901 1961 4958 quae
1984 4885 2044 4940 in

403 4971 756 5044 baptismate
778 4972 1151 5043 praefiguratu
1162 4967 1274 5037 r,in
1297 4969 1502 5025 eodem
1525 4969 1874 5042 baptismate
1898 4973 2044 5031 cele-

402 5060 655 5117 bratur?
681 5059 827 5114 Non.
861 5059 973 5114 Sed
1027 5073 1149 5126 spe,
1182 5072 1316 5112 cum
1363 5058 1441 5114 sit
1480 5059 1695 5133 futura,
1728 5062 1896 5134 quasi
1917 5064 2045 5135 jam

401 5149 554 5206 facta
584 5150 837 5202 tenetur.
870 5144 1105 5199 Dixerat
1136 5146 1307 5215 paulo
1355 5148 1661 5218 superius:
1697 5155 1779 5207 Ex
1807 5152 1905 5208 hoc
1923 5154 2046 5223 jam

398 5240 679 5295 neminem
699 5235 955 5289 novimus
973 5232 1265 5289 secundum
1282 5252 1523 5293 carnem.
1550 5239 1735 5303 Quare
1757 5241 1865 5297 hoc
1886 5240 2043 5296 dixe-

400 5326 497 5395 rit,
521 5320 812 5379 ostendit:
838 5323 965 5393 quia
990 5324 1093 5378 etsi
1108 5327 1460 5392 cognovimus
1476 5328 1777 5384 secundum
1799 5345 2043 5398 carnem,

399 5429 509 5469 non
541 5410 797 5464 novimus
824 5409 1118 5477 Christum,
1150 5417 1258 5468 etc.
1286 5432 1299 5482 ;
1331 5432 1397 5471 ac
1428 5416 1474 5473 si
1507 5417 1636 5473 aliis
1666 5418 1861 5474 verbis
1891 5417 2044 5473 dice-

402 5505 526 5555 ret:
562 5496 689 5551 Non
720 5495 885 5554 illum
921 5502 1242 5557 secundum
1299 5520 1530 5561 carnem
1581 5506 1871 5576 novimus,
1905 5505 2045 5577 quia

403 5654 1697 5774 “(72%)i’zi’EiiiSET’thigL‘hid'iegitur‘Eas.
1724 5700 1895 5760 xvn.
1956 5667 1979 5682 ”

2155 4707 2253 4775 lio,
2285 4705 2464 4762 veluti
2514 4705 2574 4760 in
2614 4705 2982 4777 patriarchis,
3041 4711 3099 4762 et
3128 4706 3477 4779 prophetis?
3502 4706 3653 4762 Non.
3686 4707 3807 4764 Nec

2156 4795 2332 4852 etiam
2365 4794 2518 4849 sicut
2543 4793 2601 4848 in
2631 4793 2876 4866 angelis.
2907 4794 3053 4861 Quia
3081 4795 3140 4850 in
3172 4794 3289 4851 illis
3319 4812 3423 4867 per
3450 4795 3808 4868 gratiam,in

2154 4884 2267 4940 isto
2298 4900 2401 4955 per
2432 4883 2893 4939 naturam.Unde
2922 4883 3047 4955 ipse
3078 4882 3256 4940 dicit:
3287 4885 3458 4940 Pater
3480 4886 3541 4939 in
3570 4901 3662 4939 me
3690 4902 3810 4940 ma-

2155 4989 2315 5040 nens,
2348 4974 2464 5045 ipse
2491 4972 2635 5044 facit
2686 4988 2853 5043 opera
2901 4973 3075 5044 (Joan.
3133 4988 3246 5044 xxv,
3280 4973 3404 5045 10):
3436 4977 3495 5028 et
3522 4972 3667 5029 item
3695 4976 3806 5044 Ego

2156 5066 2208 5118 et
2237 5064 2412 5117 Pater
2439 5078 2612 5116 unum
2638 5077 2831 5116 sumus
2860 5061 3032 5132 (Joan.
3071 5078 3208 5128 xvu,
3240 5062 3365 5129 11);
3398 5065 3456 5117 et
3483 5061 3625 5117 item
3651 5077 3665 5118 :
3701 5063 3810 5131 Qui

2156 5168 2265 5217 me,
2298 5152 2449 5206 misit
2478 5165 2689 5205 mecum
2721 5153 2800 5205 est
2829 5151 3007 5221 (Joan.
3038 5167 3161 5217 νηί,
3193 5150 3307 5221 29),
3339 5154 3450 5206 etc.
3484 5149 3805 5223 Sequitur:

2157 5241 2534 5297 Reconcilians
2558 5240 2670 5295 sibi
2686 5239 2973 5294 mundum.
3009 5239 3294 5311 Mundum
3325 5256 3560 5312 quoque
3588 5239 3807 5297 electos

2157 5329 2432 5402 appellat,
2464 5329 2535 5385 de
2567 5328 2783 5400 quibus
2813 5328 3135 5384 Dominus:
3178 5330 3295 5385 Non
3320 5331 3447 5384 veni
3474 5329 3807 5399 utjudicem

2154 5417 2420 5472 mundum
2473 5420 2653 5486 (Joan.
2711 5433 2814 5484 xu,
2872 5418 2961 5482 47,
3009 5420 3118 5473 etc.
3172 5417 3279 5472 Per
3322 5421 3512 5472 totum
3546 5431 3805 5490 namque

2156 5506 2447 5561 mundum
2465 5510 2555 5561 est
2573 5506 2916 5574 mundus;et
2934 5506 3223 5562 mundum
3239 5506 3617 5577 persequitur
3635 5521 3807 5563 mun-
