3990 6224
151 337 270 399 445

733 342 1150 410 EXPOSITIO
1197 347 1274 410 IN
1323 350 1752 413 EPISTULAS
1798 351 2054 414 PAULI.
2083 386 2160 397 —
2201 353 2279 415 IN
2322 355 2572 420 EPIST.
2619 358 2670 420 II
2719 358 2822 420 AD
2868 360 3047 421 COR.

3454 369 3570 430 446

151 474 294 544 dus,
326 473 752 546 coinquinatus
783 479 1093 547 mundum,
1128 483 1390 554 perditus
1421 486 1810 557 redemptum,
1844 486 1897 550 Α
1930 485 2114 556 fungi,
2145 493 2380 559 propter
2415 491 2568 561 quod
2600 492 2775 547 etiam
2807 494 3145 550 obsecrasse
3179 512 3240 551 se
3271 499 3567 555 ostendit:

151 563 474 619 damnatus
507 565 827 622 salvatum.
857 569 933 622 Ex
955 568 1058 623 hoc
1091 588 1321 644 quoque
1347 575 1564 628 mundo
1591 575 1812 645 perdito

152 658 243 707 est
276 654 538 708 mundus
571 653 831 722 electus;
869 659 1021 712 unde
1073 662 1389 716 Dominus:
1441 667 1548 733 Ego
1603 679 1692 718 vos
1721 664 1815 717 in-

155 741 308 812 quit,
341 743 480 813 elegi
508 744 576 797 de
607 745 817 800 mundo
845 748 1020 815 (Joan.
1051 765 1139 812 xv,
1178 752 1283 819 19)⁹
1316 757 1424 806 etc.
1485 754 1600 807 Non
1652 769 1813 823 repu-

153 835 283 885 tans
313 833 426 885 illis
455 833 680 899 delicta,
717 842 774 887 et
798 836 1000 906 gratis,
1035 841 1090 890 ct
1123 837 1378 894 indebite
1412 858 1511 912 per
1569 844 1812 911 gratiam

154 920 538 993 baptismatis
574 928 810 994 peccata
841 924 956 979 illis
982 926 1224 995 dimisit,
1251 929 1430 984 nullis
1459 933 1815 1002 procedenti-

157 1010 273 1064 bus
307 1010 548 1064 meritis.

232 1100 552 1170 Sequitur:
588 1103 651 1156 Et
677 1105 862 1172 posuit
895 1106 952 1158 in
1010 1107 1164 1160 nobis
1223 1110 1447 1163 verbum
1493 1113 1815 1166 reconcilia-

159 1192 354 1244 tionis.
383 1194 504 1244 Hoc
535 1195 640 1256 est,
675 1193 827 1262 quod
865 1195 1133 1266 superius
1152 1196 1396 1263 dixerat,
1422 1199 1814 1256 ministerium

163 1276 685 1334 reconciliationis.
720 1284 963 1353 Propter
1019 1290 1172 1355 quod
1233 1291 1289 1340 et
1337 1289 1644 1359 subjungit
1671 1308 1682 1344 :
1711 1295 1816 1344 Pro

166 1365 388 1421 Christo
417 1383 540 1437 ergo
561 1369 827 1438 legatione
844 1375 1154 1441 fungimur,
1180 1374 1289 1430 hoc
1321 1382 1409 1431 est
1438 1377 1556 1431 vice
1578 1377 1812 1433 Christi.

161 1454 474 1525 Sequitur:
537 1460 997 1516 Reconciliamini
1053 1465 1176 1518 Deo.
1238 1464 1346 1518 Sed
1405 1467 1557 1520 unde
1606 1467 1816 1521 ﬁthmc

160 1543 561 1600 reconciliatio
583 1546 610 1598 ?
641 1546 921 1604 Videlicet
951 1567 1018 1604 ex
1039 1550 1816 1610 inimicitiis.Verumtamen

161 1632 274 1688 has
307 1633 649 1690 inimicitias
671 1643 906 1707 peccata
939 1646 1289 1711 genuerunt,
1326 1659 1438 1697 non
1463 1643 1698 1714 quidem
1724 1661 1820 1698 na-

162 1726 228 1776 tu
238 1739 320 1776 ra.

239 1811 555 1882 Sequitur:
595 1818 756 1881 Eum,
816 1819 910 1887 qui
940 1834 1045 1872 non
1107 1826 1332 1875 noverat
1384 1831 1685 1892 peccatum,
1718 1839 1821 1894 pro

164 1900 323 1954 nobis
347 1905 633 1970 peccatum
669 1905 820 1973 fecit.
853 1908 958 1961 Sed
995 1910 1373 1978 quaerendum
1406 1916 1492 1965 est
1525 1929 1704 1982 quare
1736 1913 1820 1966 di-

175 1993 310 2042 cat:
347 1995 634 2046 Peccatum
653 1995 803 2063 fecit,
839 2012 966 2049 cum
1003 1997 1073 2051 de
1105 1996 1203 2052 illo
1234 2000 1516 2071 scriptum
1577 2002 1687 2056 sit:
1724 2003 1829 2069 Qui

173 2081 460 2148 peccatum
488 2096 604 2134 non
633 2083 762 2149 fecit
793 2083 916 2153 (lsa.
952 2101 1070 2154 Lm,
1095 2086 1168 2146 9,·
1204 2088 1226 2141 1
1254 2089 1396 2142 Petr.
1436 2106 1496 2155 ιι,
1525 2091 1636 2155 22),
1671 2093 1777 2144 etc.
1812 2107 1824 2143 :

177 2165 278 2219 sed
312 2164 448 2220 talis
481 2171 570 2222 est
590 2184 837 2224 sensus:
874 2171 1180 2228 Peccatum
1205 2191 1306 2244 pro
1331 2176 1498 2231 nobis
1529 2178 1828 2248 fecit,quia

175 2253 437 2308 hostiam
469 2255 636 2310 illum
681 2273 783 2328 pro
831 2261 1081 2329 peccatis
1141 2263 1358 2317 nostris
1417 2265 1645 2320 obtulit.
1679 2266 1822 2321 Nam

167 2343 395 2409 hostia,
430 2361 556 2414 qua:
591 2362 690 2415 pro
723 2354 956 2418 peccato
990 2351 1046 2404 in
1071 2350 1254 2406 Veteri
1287 2354 1656 2409 Testamento
1686 2355 1822 2410 oﬂ'e-

170 2432 440 2494 rebatur,
478 2439 774 2503 peccatum
809 2437 1131 2494 dicebatur.
1166 2441 1332 2510 Item,
1385 2450 1686 2514 peccatum
1721 2461 1822 2515 pro

169 2520 348 2576 nobis
382 2520 536 2588 fecit,
575 2523 706 2593 quia
737 2541 836 2594 per
867 2543 1123 2596 carnem,
1155 2529 1209 2583 id
1235 2535 1343 2595 est,
1371 2547 1473 2601 per
1493 2531 1824 2585 similitudi-

165 2624 302 2663 nem
340 2610 537 2664 carnis
567 2614 778 2682 peccati
832 2615 1146 2671 habentem
1199 2618 1256 2673 in
1318 2620 1483 2674 nobis
1517 2626 1819 2691 peccatum

167 2696 492 2755 damnavit.
528 2699 688 2755 Unde
714 2702 867 2757 idem
895 2706 1208 2774 Apostolus
1240 2707 1376 2762 alibi
1404 2726 1416 2762 :
1465 2709 1695 2779 Mittens,
1733 2711 1818 2763 in-

168 2787 319 2857 quit,
354 2790 494 2842 Deus
520 2791 721 2845 Filium
741 2809 898 2847 suum
932 2796 992 2848 in
1021 2797 1442 2852 similitudinem
1480 2800 1666 2852 carnis
1691 2815 1816 2869 pec-

165 2879 275 2932 cati
304 2878 484 2947 (Rom.
520 2895 644 2946 vm,
677 2881 754 2952 3),
788 2887 894 2938 etc.

241 2969 306 3022 Ut
338 2983 441 3023 nos
470 2969 815 3038 efficerentur
837 2974 1058 3042 justitia
1093 2977 1194 3029 Dei
1224 2978 1284 3030 in
1315 2979 1450 3047 ipso,
1484 2978 1592 3034 hoc
1643 2984 1730 3035 est
1759 2981 1816 3036 in

165 3055 445 3120 Ecclesia,
480 3073 612 3128 quae
641 3063 732 3113 est
762 3076 974 3131 corpus
1004 3062 1152 3132 ejus,
1188 3066 1357 3134 cujus
1417 3067 1591 3122 etiam
1645 3075 1819 3140 caput

162 3143 291 3215 ipse
323 3150 430 3199 est.
463 3147 632 3212 Nota,
664 3149 804 3219 quia
825 3149 1116 3220 justitiam
1143 3153 1238 3206 Dei
1261 3155 1418 3210 dicit.
1447 3156 1631 3211 Judaei
1655 3175 1815 3213 nam-

1923 580 1977 628 et
2013 575 2139 629 ideo
2172 578 2510 647 aggreditur
2543 598 2695 635 nunc
2726 582 3037 649 exhortari,
3073 588 3136 637 ut
3165 601 3338 640 suum
3380 587 3570 643 adim-

1924 662 2076 733 pleat
2106 666 2362 720 ol'licium
2391 683 2402 720 :
2437 668 2517 722 ait
2547 669 2702 723 enim
2731 687 2741 722 :
2778 673 3077 741 Ajuvantcs
3121 679 3306 728 autem
3338 692 3567 746 sumus,

1923 751 2190 808 videlicet
2222 755 2460 818 orando,
2494 762 2548 810 et
2577 757 2952 814 exhortamur
2983 761 3368 819 admonendo.

1996 841 2304 911 Sequitur:
2339 846 2413 898 Ne
2445 847 2498 898 in
2535 863 2764 900 vacuum
2829 852 3076 920 gratiam
3128 853 3228 906 Dei
3252 857 3566 924 recipiatis.

1925 929 2093 984 Multi
2127 932 2374 1000 gratiam
2411 934 2506 987 Dei
2538 935 2592 988 in
2628 953 2872 991 vacuum
2909 941 3217 1010 recipiunt.
3268 942 3355 997 Illi
3388 944 3566 1011 enim,

1926 1019 2025 1089 qui
2060 1018 2262 1073 divinae
2288 1021 2652 1090 inspirationi
2676 1043 2793 1079 suae
2817 1027 3131 1084 voluntatis
3153 1031 3572 1104 ell‘ectumjun-

1927 1113 2091 1176 gunt,
2125 1109 2373 1176 gratiam
2406 1110 2464 1164 in
2497 1129 2746 1167 vacuum
2782 1132 2894 1169 non
2930 1117 3253 1188 recipiunt;
3302 1120 3573 1176 similiter

1928 1200 1985 1250 et
2014 1196 2107 1264 qui
2140 1198 2488 1266 sapientiam
2522 1218 2552 1254 a
2586 1201 2698 1256 Deo
2732 1204 2994 1275 percipit,
3028 1207 3075 1260 si
3129 1207 3183 1260 in
3239 1218 3326 1275 ea,
3362 1214 3424 1263 ut
3455 1210 3568 1265 Deo

1927 1284 2169 1356 placeat,
2205 1287 2468 1356 desudet,
2495 1291 2739 1358 gratiam
2774 1294 2867 1346 Dei
2893 1294 2948 1348 in
2974 1312 3220 1350 vacuum
3245 1315 3357 1352 non
3383 1299 3569 1354 susci-

1929 1373 2048 1444 pit;
2084 1374 2357 1429 similiter
2380 1383 2566 1447 potest
2593 1379 2840 1452 intelligi
2868 1383 2937 1436 de
2963 1385 3094 1448 ﬁde,
3119 1391 3174 1440 et
3191 1387 3567 1458 caeteris,quae

1929 1461 2102 1515 homo
2125 1463 2352 1518 cmlitus
2378 1468 2636 1538 percipit.
2664 1470 2808 1525 Nam
2833 1472 3372 1562 sciendumguiaﬁi
3397 1477 3570 1532 homo

1927 1550 2283 1607 voluntatem
2355 1557 2646 1626 propriam
2695 1561 3010 1623 amisisset.
3067 1550 3390 1620 exhortatio
3458 1583 3570 1620 non

1928 1639 2317 1708 prodesset,ct
2340 1642 2388 1696 si
2421 1645 2542 1699 sola
2575 1647 2843 1703 voluntas
2865 1653 3179 1720 sufﬁceret,
3204 1670 3569 1725 nequaquam

1931 1727 2081 1781 idem
2114 1730 2423 1799 Apostolus
2455 1733 2592 1787 alibi
2625 1735 2876 1792 diceret:
2911 1741 2972 1793 Et
3003 1745 3193 1808 gratia
3223 1745 3338 1813 ejus
3385 1745 3442 1797 in
3488 1760 3575 1799 me

1932 1832 2101 1870 vacua
2134 1833 2240 1870 non
2272 1822 2380 1887 fuit
2410 1822 2454 1890 (Ι
2487 1822 2606 1876 Cor.
2637 1841 2726 1890 xv,
2765 1827 2872 1894 10).

2009 1904 2203 1959 γοιυὶῐ
2234 1924 2486 1979 namque
2506 1912 2817 1981 Apostolus
2843 1932 3010 1969 suam
3031 1919 3421 1974 narrationem
3445 1938 3577 1974 con-

1939 1993 2170 2049 firmare
2194 1996 2482 2068 exemplo,
2505 1998 2751 2070 ideoque
2774 2003 3072 2073 subjuxit:
3106 2008 3187 2060 ait
3213 2009 3574 2074 (subaudies,

1937 2082 2139 2146 Isaias)
2169 2102 2178 2136 :
2221 2087 2472 2156 Tempore
2500 2100 2721 2156 accepto
2751 2093 3018 2147 exaudiui
3047 2103 3096 2147 te
3135 2097 3260 2163 (Isa.
3312 2113 3462 2164 xux,
3496 2099 3574 2166 8),

1935 2175 2042 2224 etc.
2079 2172 2335 2243 Tempus
2367 2176 2578 2247 quippe
2613 2185 2935 2250 acceptum,
2967 2186 3024 2236 et
3044 2182 3197 2237 diem
3220 2183 3577 2249 salutis,sta-

1937 2263 2060 2312 tum
2095 2261 2347 2332 appellat
2379 2264 2508 2318 vitae
2542 2268 2863 2336 praesentis,
2894 2270 2950 2324 in
2987 2287 3101 2341 qua
3127 2272 3375 2343 quisque
3405 2291 3573 2329 suam

1935 2352 2125 2418 potest
2156 2352 2378 2421 operari
2415 2353 2686 2410 salutem.
2727 2358 2849 2429 lpse
2902 2377 3175 2431 namque,
3233 2364 3387 2432 quod
3421 2368 3576 2418 esset

1934 2437 2041 2492 hoc
2073 2443 2327 2510 tempus,
2361 2445 2646 2512 exposuit,
2703 2463 2836 2501 cum
2897 2449 3235 2519 subjunxit:
3270 2451 3400 2506 Ecce
3427 2468 3576 2506 nunc

1932 2533 2140 2596 tempus
2171 2533 2522 2599 acceptabile.
2555 2538 2661 2587 etc.
2697 2536 2866 2604 (726).
2892 2537 3022 2592 Ecce
3049 2553 3200 2593 nunc
3246 2539 3405 2606 dicit,
3441 2556 3572 2610 pro-

1931 2619 2059 2685 pter
2077 2621 2308 2687 tempus
2332 2619 2645 2676 Dominicze
2672 2624 3112 2692 lncarnationis,
3129 2627 3267 2698 quia
3288 2627 3574 2699 propheta

1929 2703 1998 2756 de
2023 2703 2118 2758 illo
2142 2706 2486 2775 przedixerat
2511 2710 2563 2763 in
2587 2727 2833 2781 persona
2857 2714 2954 2768 Dei
2989 2715 3369 2787 Patris,quasi
3393 2717 3571 2773 dixis-

1929 2796 2052 2846 set:
2084 2795 2333 2865 Tempore
2353 2802 2594 2866 accepto,
2619 2801 2674 2855 id
2706 2806 2790 2857 est
2821 2803 2947 2857 Filii
2981 2805 3091 2860 mei
3127 2807 3568 2863 Incarnationis.

1929 2879 2445 2940 Praedestinavcrat
2477 2905 2729 2960 namque
2761 2891 2914 2948 Deus
2945 2893 3113 2949 Pater
3144 2896 3394 2951 maxime
3424 2902 3569 2952 tem-

1927 2985 2063 3040 pore
2095 2972 2515 3031 Incarnationis
2548 2979 2829 3050 unigeniti
2870 2981 2991 3036 Filii
3041 2984 3156 3050 sui,
3206 2989 3476 3055 gratiam,
3511 2991 3568 3042 et

1926 3057 2171 3114 salutem
2207 3068 2479 3131 praestare
2503 3068 2894 3124 credentibus.
2927 3073 3075 3127 Huic
3097 3072 3397 3129 salutifero
3419 3080 3567 3130 tem-

1926 3147 2048 3217 pori
2077 3153 2134 3203 et
2163 3149 2273 3203 diei
2305 3154 2563 3208 succedit
2586 3173 2716 3221 nox,
2750 3156 2808 3211 in
2839 3175 2954 3228 qua
2986 3177 3155 3214 nemo
3189 3162 3399 3231 poterit
3428 3179 3562 3233 ope-

163 3249 298 3303 que,
325 3233 456 3305 ipsa
486 3252 654 3290 suam
709 3237 1110 3308 exquisierunt
1147 3242 1465 3311 justitiam,
1528 3263 1640 3302 non
1675 3253 1810 3303 sunt

1930 3236 2060 3302 rari,
2110 3238 2180 3292 de
2227 3256 2342 3310 qua
2392 3241 2675 3298 Dominus
2725 3246 2781 3298 in
2835 3247 3180 3319 Evangelio:
3238 3251 3418 3304 Veniet
3454 3266 3568 3305 nox

159 3322 348 3376 effecti
374 3324 612 3394 justitia
644 3325 768 3390 Dei,
802 3326 937 3397 quia
969 3345 1083 3383 non
1136 3337 1274 3386 sunt
1321 3333 1495 3388 etiam
1541 3337 1809 3406 subjecti.

156 3411 260 3467 Dei
293 3412 439 3466 dicit
462 3413 781 3483 justitiam,
816 3431 930 3471 non
962 3422 1244 3487 nostram,
1274 3425 1330 3475 et
1351 3422 1409 3476 in
1434 3423 1579 3493 ipsa,
1614 3443 1727 3481 non
1754 3427 1810 3482 in

155 3499 370 3566 nobis;
403 3501 544 3571 quia
572 3504 723 3557 sicut
770 3503 896 3574 ipse
947 3512 1246 3578 peccatum
1307 3527 1421 3564 non
1480 3529 1678 3580 suum,
1710 3517 1808 3570 sed

153 3594 461 3659 nostrum,
496 3595 552 3644 et
582 3608 691 3646 non
725 3593 781 3647 in
816 3610 898 3658 se,
932 3597 1032 3650 sed
1067 3597 1122 3651 in
1158 3599 1325 3654 nobis
1357 3601 1545 3656 factus
1589 3610 1695 3670 est,
1728 3607 1811 3660 sic

153 3686 214 3734 et
248 3695 361 3734 nos
393 3679 520 3748 ejus
539 3680 798 3750 justitia,
831 3700 943 3737 non
979 3690 1196 3755 nostra,
1230 3693 1286 3742 et
1318 3688 1376 3743 in
1409 3690 1558 3760 ipsa,
1606 3709 1720 3748 non
1753 3695 1809 3748 in

155 3767 333 3824 nobis
367 3766 502 3821 facti
531 3784 760 3823 sumus.
804 3771 1013 3827 Beatus
1058 3790 1190 3829 vero
1237 3779 1601 3849 Augustinus
1650 3782 1808 3855 dicit,

155 3857 298 3929 quia
324 3858 386 3912 in
422 3858 723 3912 mendosis
754 3861 1184 3932 exemplaribus
1216 3864 1509 3922 invenitur
1540 3870 1622 3925 sic
1667 3871 1810 3926 scri-

151 3953 326 4019 ptum
355 3965 366 4000 :
401 3950 560 4014 Eum,
590 3949 688 4017 qui
704 3965 813 4002 non
842 3960 1064 4007 noverat
1103 3963 1400 4023 peccatum,
1437 3963 1546 4014 etc.
1575 3977 1587 4026 ;
1623 3959 1680 4014 in
1713 3978 1810 4016 ve-

151 4035 484 4091 racioribus
513 4055 687 4094 vero:
725 4040 828 4106 Qui
857 4057 967 4096 non
1016 4051 1240 4097 noverat
1279 4055 1586 4114 peccatum,
1633 4051 1810 4118 factus

148 4133 230 4180 est
255 4135 547 4196 peccatum
575 4145 589 4195 ;
622 4129 719 4183 sed
755 4146 868 4183 non
891 4132 1352 4187 estcontrarium
1377 4137 1530 4206 quod
1555 4137 1804 4210 legitur:

143 4214 290 4268 Eum
323 4215 426 4284 qui
452 4231 564 4269 non
593 4225 843 4284 noverat,
893 4219 942 4272 si
993 4220 1296 4290 superiora
1343 4224 1804 4282 consideremus.

147 4301 442 4373 Superius
472 4303 632 4358 enim
664 4305 735 4360 de
762 4310 931 4361 Patre
961 4305 1192 4363 locutus
1223 4315 1330 4378 est,
1387 4312 1587 4368 dicens
1613 4333 1624 4368 :
1659 4320 1808 4371 Deus

148 4397 270 4446 erat
303 4394 364 4446 in
395 4393 640 4461 Christo,
675 4399 732 4450 et
764 4395 997 4464 similia,
1033 4401 1090 4451 et
1141 4397 1212 4452 de
1252 4398 1378 4469 ipso
1411 4401 1585 4458 dicit:
1617 4408 1803 4474 Fecit;

148 4480 198 4534 si
229 4497 368 4536 vero
394 4480 627 4553 legatur
656 4483 1026 4540 solummodo
1047 4504 1058 4540 :
1083 4488 1189 4554 Qui
1207 4505 1320 4542 non
1341 4493 1805 4558 noverat,melius

1922 3327 2108 3390 (Joan.
2142 3344 2256 3392 xix,
2290 3329 2364 3398 4),
2398 3334 2507 3382 etc.
2533 3330 2678 3386 Hinc
2699 3337 2756 3387 et
2790 3333 3102 3390 Salomon:
3156 3339 3320 3404 Piger
3347 3347 3566 3408 propter

1919 3414 2100 3482 frigus
2131 3431 2297 3470 arare
2325 3418 2507 3472 noluit
2537 3425 2716 3485 (Prov.
2744 3439 2834 3490 xx,
2861 3424 2937 3492 4),
2966 3429 3073 3478 etc.
3102 3442 3114 3491 ;
3141 3430 3196 3478 et
3220 3425 3356 3481 item
3382 3442 3394 3479 :
3427 3427 3565 3483 Vade

1919 3501 1988 3554 ad
2016 3504 2329 3570 formicam,
2365 3521 2393 3559 0
2421 3508 2576 3576 piger
2605 3510 2786 3574 (Prov.
2822 3529 2896 3581 v1,
2929 3513 3006 3583 6),
3039 3518 3150 3568 etc.

1992 3590 2298 3661 Sequitur:
2333 3594 2552 3650 Nemini
2579 3597 2784 3669 dantes,
2837 3599 2895 3655 id
2944 3606 3051 3667 est,
3103 3607 3221 3658 tam
3275 3603 3559 3672 fidelium,

1921 3695 2097 3749 quam
2133 3680 2478 3748 inﬁdelium,
2509 3687 2844 3745 Judaeorum
2869 3691 3152 3760 videlicet,
3179 3698 3234 3748 et
3263 3694 3558 3752 Gentium.

1923 3770 2100 3824 Ullam
2125 3771 2474 3840 offensionem
2503 3775 2645 3831 dicit
2675 3782 2792 3835 tam
2827 3781 2882 3835 in
2917 3782 3110 3853 parvis
3143 3783 3333 3851 malis,
3383 3802 3560 3857 quam

1921 3856 1978 3911 in
2013 3858 2262 3929 magnis.
2295 3862 2602 3931 Sequitur:
2640 3867 2702 3921 Ut
2759 3885 2867 3924 non
2923 3873 3266 3942 vituperet-ur
3311 3874 3560 3929 ministe-

1919 3948 2065 4000 rium
2097 3950 2361 4004 nostrum.
2408 3952 2567 4007 Tunc
2616 3956 2771 4011 enim
2820 3959 3265 4032 vituperaretur,
3317 3961 3365 4017 si
3397 3962 3564 4018 aliter

1919 4050 2096 4105 quam
2123 4038 2512 4106 praedicabant
2532 4041 3186 4119 viverent.Vituperatur
3206 4050 3381 4105 etiam
3405 4068 3560 4106 nunc

1917 4122 2228 4178 Christiani
2281 4127 2691 4196 ministerium,
2744 4135 2791 4187 si
2854 4135 3038 4204 aliter,
3106 4155 3281 4208 quam
3335 4139 3556 4204 deceat,

1916 4212 2088 4266 vivat.

1987 4301 2425 4371 Sequitur:Sed
2484 4307 2543 4360 in
2594 4310 2845 4366 omnibus
2899 4311 3254 4368 ew/iibeamus
3302 4320 3558 4369 nosmeti-

1912 4406 2056 4460 psos,
2090 4394 2198 4444 etc.
2232 4389 2375 4445 Nota
2408 4394 2544 4465 quia
2577 4413 2686 4451 non
2723 4399 2883 4468 dicit,
2918 4400 2976 4454 in
3037 4402 3413 4472 quibusdam,
3455 4403 3556 4458 sed

1915 4480 1972 4534 in
2005 4480 2275 4536 omnibus.
2301 4482 2448 4536 Sunt
2481 4487 2767 4554 nonnulli,
2793 4490 2890 4561 qui
2917 4492 3316 4547 suntstudiosi
3341 4491 3400 4545 in
3424 4508 3555 4562 par-

147 4575 344 4637 sonat,
368 4571 657 4639 factum“,
686 4589 860 4643 quam
884 4575 1030 4644 fecit,
1057 4574 1202 4630 Illud
1232 4581 1423 4632 tamen
1457 4585 1802 4654 notandum,
1838 4597 1882 4660 D
1914 4570 2000 4624 vis
2023 4567 2390 4626 solummodo
2424 4573 2610 4641 bonis,
2645 4577 2741 4631 alii
2777 4595 2908 4634 vero
2941 4585 3167 4634 tantum
3197 4579 3252 4634 in
3290 4581 3552 4651 magnis:

149 4675 338 4729 quare
372 4658 562 4715 dicat:
595 4663 710 4731 Qui
727 4680 841 4716 non
872 4673 1117 4719 noverat.
1149 4664 1206 4720 Si
1241 4683 1352 4720 non
1387 4674 1640 4738 noverat,
1672 4689 1811 4743 quo-

151 4748 335 4802 modo
368 4749 715 4807 ﬁducialitcr
743 4755 1026 4825 arguebat
1047 4754 1073 4808 ?
1095 4755 1205 4810 Sed
1230 4757 1466 4814 omnino
1490 4777 1808 4831 possumus

148 4835 352 4891 dicere
376 4844 633 4906 noverat,
667 4845 724 4894 et
744 4858 857 4896 non
892 4847 1147 4897 noverat.
1181 4844 1674 4916 Noveratquidem
1708 4868 1810 4923 per

145 4924 531 4997 sapientiam,
557 4929 658 4983 sed
685 4945 798 4984 non
833 4937 1068 4986 noverat
1099 4949 1202 5003 per
1231 4934 1665 5006 experientiam.
1701 4941 1804 4995 Cui

142 5015 380 5071 credere
416 5016 622 5072 debuit
652 5018 880 5089 primus
902 5019 1076 5076 homo
1099 5021 1125 5075 ?
1147 5023 1289 5077 Huic
1313 5026 1564 5093 credere,
1596 5035 1659 5082 ut
1691 5047 1805 5086 non

141 5111 492 5175 agnosceret
516 5112 825 5176 peccatum
860 5125 962 5179 per
995 5111 1410 5181 experientiam
1437 5130 1448 5167 :
1483 5115 1578 5184 qui
1607 5115 1657 5170 si
1687 5134 1803 5172 non

136 5192 393 5264 fecisset,
432 5193 600 5248 nullo
635 5196 807 5250 modo
838 5198 1193 5269 agnovisset.

207 5282 363 5352 (CAP.
399 5282 521 5354 VI.)
554 5282 705 5354 (725)
730 5284 1044 5356 Sequitur:
1069 5288 1410 5360 Adjuvantes
1439 5294 1647 5361 autem,
1689 5298 1798 5349 etc.

136 5367 365 5425 Dixerat
397 5371 684 5443 superius
715 5389 775 5426 se
811 5374 1224 5443 ministerium,
1253 5383 1308 5432 et
1331 5377 1572 5434 verbum
1598 5397 1800 5436 recon-

1921 4664 2050 4720 ideo
2077 4664 2251 4719 dicit:
2274 4666 2332 4719 In
2363 4667 2630 4721 omnibus.
2657 4668 2754 4722 Dei
2779 4669 2992 4740 quippe
3024 4668 3291 4724 minister
3337 4668 3395 4723 in
3431 4685 3556 4723 0m-

1920 4756 2093 4809 nibus
2125 4771 2186 4810 se
2209 4755 2287 4810 ita
2307 4754 2556 4822 exhibet,
2584 4763 2648 4812 ut
2673 4763 2781 4814 Deo
2805 4757 3029 4830 placere
3049 4759 3255 4830 possit.
3290 4763 3435 4832 Ergo
3457 4760 3560 4831 qui

1918 4846 2288 4916 sapientiam,
2321 4853 2422 4903 aut
2451 4848 2706 4916 divitias,
2743 4852 2842 4903 aut
2896 4852 3116 4916 caetera,
3179 4865 3304 4919 qua:
3360 4866 3393 4904 a
3441 4849 3556 4905 Deo

1917 4936 2150 5003 dantur,
2187 4937 2376 5005 habet,
2401 4938 2480 4993 ita
2506 4939 2807 4993 studiosus
2834 4938 2891 4992 in
2926 4936 3042 4992 illis
3085 4937 3398 5009 existat,ut
3441 4938 3557 4994 Deo

1915 5024 2142 5096 placere
2171 5032 2362 5097 queat.
2398 5028 2673 5098 Sequitur
2700 5044 2710 5081 :
2745 5029 2805 5081 In.
2836 5027 3011 5080 multa
3061 5029 3357 5098 patientia.
3387 5027 3552 5095 Nota,

1915 5115 2052 5184 quia
2083 5131 2197 5168 non
2231 5114 2369 5169 dicit
2401 5115 2457 5168 in
2491 5115 2788 5186 patientia,
2823 5115 2922 5169 sed
2953 5115 3012 5169 in
3041 5116 3244 5171 multa.
3276 5116 3421 5170 Nam
3456 5116 3556 5169 ubi

1913 5202 2099 5257 multa
2129 5207 2268 5256 sunt
2297 5203 2559 5271 adversa,
2585 5203 2769 5258 multa
2791 5204 3118 5258 necessaria
3137 5207 3225 5259 est
3251 5203 3553 5274 patientia,

1911 5291 2055 5353 Quia
2079 5307 2293 5361 magna
2315 5291 2551 5361 quidem
2574 5293 2758 5346 virtus
2779 5297 2868 5347 est
2885 5293 3186 5363 patientia,
3211 5309 3327 5363 qua
3349 5293 3556 5347 salvati

1910 5385 2049 5434 sunt
2079 5378 2362 5434 Corinthii
2390 5397 2404 5447 ;
2439 5379 2575 5448 quia
2607 5380 2717 5433 nisi
2753 5380 3034 5450 patienter
3051 5397 3150 5435 eos
3170 5379 3551 5436 sustinuisset

139 5457 452 5517 ciliationis
487 5459 808 5532 accepisse,
840 5464 1054 5536 et~ideo
1100 5483 1199 5538 pro
1248 5467 1476 5523 Christo
1509 5469 1799 5542 legatione
1905 5467 2240 5540 ApostoluS,
2270 5482 2417 5538 quos
2438 5466 2497 5521 in
2525 5466 2703 5521 tantis
2728 5467 2962 5542 ﬂagitiis
2986 5469 3546 5542 receperat.0mnin0

200 5677 448 5753 (725-26)
484 5677 553 5734 In
588 5677 785 5748 autog.
815 5693 998 5752 marg.
1033 5681 1128 5741 hic
1167 5683 1382 5759 legitur
1429 5697 1556 5755 cap.
1590 5681 1794 5746 XVIII.
