3990 6224
423 337 542 401 447

1448 342 1788 408 AT'I‘ONIS
1833 343 2414 408 VERCELLENSIS
2459 345 2808 408 EPlSCOPI

3715 344 3874 406 448

427 474 686 546 perirent
707 491 726 539 ;
750 473 1028 545 patientia
1045 479 1238 531 autem
1270 475 1368 532 Dei
1403 480 1660 536 mundus
1679 479 1932 537 salvatus
1953 487 2060 537 est.
2095 479 2148 546 Α
2177 481 2421 535 beamus
2453 495 2558 534 nos
2590 479 2648 533 in
2681 477 2956 534 omnibus
2986 477 3044 532 in
3074 477 3288 532 virtute
3322 475 3440 543 Dei,
3464 471 3574 533 hoc
3596 480 3711 543 est,
3742 493 3875 550 per

427 565 738 634 Sequitur:
765 564 824 617 In
851 565 1574 624 tribulationibusMultum
1594 571 1808 642 quippe
1830 573 2072 627 tribula-

429 652 663 716 bantur,
696 652 795 707 sed
826 670 860 708 a
891 655 1005 710 Deo
1037 655 1105 708 de
1128 655 1608 714 tribulationibus
1631 662 2072 717 eruebantur.ln

426 742 858 798 necessitatibus.
884 748 1127 799 Necesse
1150 746 1366 817 quippe
1397 753 1539 815 erat,
1576 754 1639 803 ut
1671 753 1842 806 etiam
1878 752 1934 805 in
1968 752 2071 806 tri-

427 829 831 888 bulationibus
852 833 1226 903 Evangelium
1252 837 1636 905 praedicarent
1652 858 1664 905 ;
1681 841 1799 894 sive
1814 843 1872 894 in.
1892 857 2072 895 neces-

425 919 678 974 sitatibus
708 921 868 989 dicit,
901 921 1147 976 aliarum
1184 940 1399 979 rerum.
1437 929 1499 980 In
1534 931 1825 996 angustiis.
1875 931 2072 999 Angu-

426 1007 758 1062 stiabantur
777 1008 991 1079 quippe
1013 1010 1260 1066 diversis
1275 1017 1910 1084 persecutionibus,sed
1927 1017 2072 1072 dila-

424 1094 704 1148 tabantur
727 1111 828 1166 spe
861 1098 1021 1169 regni
1055 1099 1325 1158 caelestis.
1387 1103 1697 1175 Sequitur:
1761 1109 1818 1162 In
1870 1109 2070 1178 plagis.

423 1189 615 1260 Plaga:
639 1190 937 1256 dicuntur,
962 1196 1126 1264 quasi
1160 1196 1342 1268 flagze,
1368 1216 1433 1254 eo
1462 1203 1614 1270 quod
1642 1202 1777 1257 flatu
1803 1204 2072 1275 ingeran-

421 1284 542 1334 tur.
574 1280 720 1334 Nam
755 1282 907 1351 quod
939 1283 1185 1338 diversis
1219 1287 1404 1358 plagis
1429 1289 1602 1343 fuerit
1627 1292 1886 1356 attritus,
1921 1295 2071 1350 idem

422 1368 550 1438 ipse
580 1369 935 1434 manifestat,
969 1388 1100 1428 cum
1133 1374 1310 1430 dicit:
1352 1378 1448 1432 Ter
1512 1380 1680 1449 virgis
1735 1397 1906 1438 caesus
1949 1400 2072 1438 sum

424 1457 496 1524 (11
520 1458 640 1512 Cor.
667 1475 747 1522 x1,
775 1460 902 1524 25):
934 1464 990 1514 et
1011 1460 1148 1516 item
1179 1481 1190 1517 :
1226 1465 1526 1536 Quinquies
1556 1469 1941 1539 quadragenas
1962 1489 2074 1527 una

425 1547 615 1600 minus
634 1549 816 1616 accepi
835 1550 1142 1616 (Ibid.,2-i).
1168 1554 1229 1607 In
1249 1557 1574 1611 carceribus.
1602 1557 1745 1612 Nam
1776 1561 1928 1630 quod
1950 1563 2073 1631 ipsc

427 1633 488 1687 in
513 1634 848 1690 carceribus
870 1637 1043 1692 fuerit
1065 1639 1351 1706 reclusus,
1377 1643 1525 1699 liber
1544 1647 1817 1702 Actorum
1841 1655 2071 1719 aposto-

429 1720 622 1776 lorum
655 1725 930 1778 ostendit.
961 1726 1275 1798 Sequitur:
1312 1734 1371 1786 In
1417 1733 1799 1790 seditionibus.
1852 1738 2071 1792 Seditio

428 1810 638 1864 attinet
655 1813 744 1913 ‘ad.
772 1812 950 1913 cives,
983 1815 1198 1913 bellum
1232 1820 1300 1913 ad
1335 1819 1552 1877 hostes.
1587 1825 1802 1880 Seditio
1833 1826 2071 1893 dicitur,
2104 1849 2151 1913 B

428 1915 495 1954 eo
519 1899 672 1968 quod
697 1901 849 1956 cives
871 1902 1022 1958 inter
1050 1921 1112 1960 se
1142 1906 1484 1964 dissidendo
1516 1912 1813 1968 dimicent.
1834 1915 2068 1984 thuod

428 1986 636 2042 seditio
660 1989 834 2043 fuerit
863 1996 990 2045 orta
1007 1993 1284 2051 adversus
1306 2012 1461 2064 eum,
1489 2001 1760 2070 praefatus
1782 2001 1928 2057 liber
1948 2020 2069 2058 ma-

429 2075 685 2130 nifestat.
711 2077 1024 2148 Sequitur:
1058 2085 1126 2137 In
1159 2083 1460 2142 laboribus.
1499 2089 1557 2142 In
1587 2089 1888 2146 laboribus
1918 2097 2072 2158 se,ut

428 2164 528 2219 Dei
560 2165 894 2223 ministrum
928 2170 1213 2238 exhibuit,
1247 2177 1385 2245 quia
1415 2178 1525 2232 sibi
1583 2179 1777 2234 cibum
1821 2182 2070 2252 propriis

427 2269 711 2309 manuum
746 2253 1046 2314 laboribus
1077 2262 1432 2333 acquirebat,
1484 2266 1602 2322 sive
1647 2267 1708 2323 in
1740 2271 2072 2341 evangelica

425 2341 836 2411 praedicatione
895 2345 1218 2414 plurimum
1276 2351 1595 2417 laborabat,
1653 2357 1967 2428 Sequitur:
2010 2363 2066 2415 In

426 2430 657 2498 vigiliis.
688 2429 982 2501 Vigilabat
1011 2452 1266 2508 namque
1313 2457 1416 2511 per
1462 2448 1663 2498 noctes
1703 2447 1877 2501 etiam
1909 2448 2070 2504 labo-

427 2517 636 2607 rando,
669 2522 732 2572 ut
753 2519 861 2574 sibi
888 2522 1084 2578 cibum
1109 2530 1432 2598 acquireret
1457 2548 1470 2592 ;
1493 2530 1580 2585 vel
1599 2538 1751 2588 certe
1772 2535 2070 2607 vigilabat,

426 2606 568 2678 quia
590 2623 703 2662 non
728 2609 871 2663 satis
891 2617 1016 2666 erat
1036 2612 1118 2667 illi
1145 2631 1245 2686 per
1264 2617 1387 2672 dies
1405 2620 1734 2690 praedicare,
1761 2606 1874 2678 nisi
1895 2625 2068 2680 etiam

427 2694 799 2784 praedicando
823 2703 1024 2754 noctes
1046 2702 1354 2773 pervigiles
1384 2707 1638 2764 duceret.
1667 2710 1827 2766 Unde
1855 2712 2070 2784 legitur

426 2781 484 2836 in
509 2783 749 2840 Actibus
780 2787 1212 2857 apostolorum:
1246 2793 1408 2861 Quia,
1441 2812 1575 2852 cum
1623 2809 1793 2854 nocte
1834 2781 2068 2872 proten-

428 2872 590 2926 deret
622 2888 975 2943 sermonem,
1001 2879 1237 2948 quidam
1270 2899 1413 2953 puer
1433 2886 1638 2943 cecidit
1659 2889 1728 2944 de
1750 2893 2068 2957 caanaculo,

431 2966 491 3015 et
522 2965 789 3018 mortuus
843 2971 934 3020 est
959 2968 1094 3034 (Act.
1130 2987 1221 3038 xx,
1253 2972 1329 3042 9).
1365 2973 1680 3046 Sequitur:
1717 2980 1773 3033 In
1811 2981 2067 3051 jejuniis.

429 3056 711 3114 Videlicet
731 3065 848 3116 tam
882 3063 940 3118 in
975 3069 1333 3137 spontaneis,
1358 3087 1532 3143 quam
1559 3078 1614 3129 et
1636 3080 2070 3146 necessariis,in

433 3146 650 3217 quibus
669 3149 932 3223 utrisque
952 3153 1069 3209 Deo
1089 3157 1308 3226 gratias
1342 3161 1640 3218 referebat.
1675 3166 1987 3238 Sequitur:
2011 3171 2071 3224 In

2181 568 2456 622 virtutem
2486 586 2498 625 :
2535 568 2671 639 quia
2703 569 2919 623 nostris
2949 567 3170 622 viribus
3202 584 3316 622 non
3350 584 3691 640 possumus,
3721 567 3869 622 sive

2183 656 2254 711 ad
2288 657 2582 724 inferiora,
2607 660 2663 712 in
2697 659 2895 712 virtute
2926 659 3022 712 Dei
3048 674 3145 728 per
3175 674 3333 711 arma
3354 658 3586 728 justitiae
3631 674 3667 712 a
3697 658 3870 712 dex-

2183 747 2358 810 tris,et
2389 765 2422 802 a
2450 749 2693 802 sinistris
2724 747 2910 802 simus
2944 746 3292 818 praeliantes.
3325 749 3503 801 Arma
3532 746 3866 816 dicuntur,

2183 851 2248 890 eo
2277 837 2428 905 quod
2466 836 2733 891 minuant
2758 852 2974 903 armos,
3006 852 3256 906 quorum
3276 836 3392 889 duo
3419 839 3560 889 sunt
3581 851 3823 906 genera
3851 853 3866 890 :

2188 939 2371 977 unum
2397 940 2510 995 quo
2534 925 2751 991 tegitur
2772 941 2972 978 armus
2998 942 3010 990 ;
3036 923 3304 992 alterum,
3331 940 3446 994 quo
3465 924 3717 978 caeditur
3743 923 3870 979 ini-

2185 1014 2392 1067 micus.
2424 1017 2490 1066 Et
2511 1013 2649 1083 quia
2668 1019 2785 1066 tam
2813 1014 2870 1066 in
2891 1014 3040 1067 bono
3065 1029 3240 1083 quam
3259 1017 3317 1066 et
3343 1012 3401 1066 in
3428 1012 3580 1067 malo
3604 1029 3866 1084 ponun-

2184 1107 2301 1170 tur,
2335 1102 2464 1156 ideo
2498 1103 2760 1156 addidit:
2795 1104 3057 1157 Justitiw.
3082 1102 3230 1174 Ergo
3264 1117 3367 1173 per
3398 1103 3865 1173 armajustitiae

2185 1191 2345 1254 dicit,
2370 1192 2427 1246 id
2453 1197 2561 1256 est,
2597 1208 2696 1261 per
2727 1191 2950 1262 capiam
2983 1190 3288 1244 virtutum.
3324 1191 3544 1246 Dextra:
3573 1192 3857 1260 nomine,

2184 1297 2461 1352 prospera
2487 1298 2500 1346 ;
2526 1280 2776 1334 sinistra:
2807 1297 2940 1334 vero
2973 1279 3285 1350 significari
3318 1280 3582 1345 adversa,
3617 1297 3857 1337 secun-

2183 1370 2323 1424 dum
2351 1385 2567 1424 morem
2590 1385 2685 1424 sac
2697 1385 2766 1421 rte
2785 1369 3097 1439 Scriptura:
3113 1367 3319 1422 solent.
3342 1368 3455 1422 Iste
3477 1384 3636 1440 ergo,
3656 1368 3856 1424 veluti

2184 1457 2542 1512 fortissimus
2575 1456 2743 1511 miles
2776 1456 2956 1510 armis
2991 1456 3276 1522 munitus,
3310 1455 3462 1511 inter
3482 1473 3708 1512 cuneos
3746 1458 3856 1512 ho-

2184 1547 2363 1602 stium
2391 1545 2831 1610 incedens,hinc
2854 1545 3377 1615 indeladversarios
3398 1548 3849 1616 prasternebat;

2181 1637 2322 1706 quia
2353 1653 2542 1706 neque
2573 1637 2906 1706 erigebatur
2937 1634 3254 1705 prosperis,
3287 1650 3476 1705 neque
3503 1635 3851 1705 ldejicieba-

2179 1727 2277 1778 tur
2307 1724 2585 1778 adversis.
2621 1724 2767 1788 Quid
2789 1727 2943 1778 esset
2968 1724 3122 1794 quod
3154 1723 3318 1791 dixit,
3353 1740 3394 1778 α
3442 1724 3685 1790 dextris,
3723 1729 3780 1779 et
3813 1743 3849 1779 α

2180 1815 2444 1875 sinistris,
2506 1812 2843 1866 manifestat
2897 1812 3258 1866 subdendo:
3319 1827 3417 1881 per
3471 1813 3738 1884 gloriam,
3797 1821 3852 1868 et

2181 1903 2601 1974 ignobilitatem.
2639 1901 2760 1966 His,
2792 1901 3059 1971 inquam,
3117 1900 3216 1970 qui
3247 1899 3514 1971 gloriam,
3567 1907 3624 1955 et
3653 1903 3847 1956 decus

2179 1991 2239 2046 in
2270 1988 3036 2060 Evangeliointelligebant,
3098 2004 3159 2042 se
3217 2004 3450 2059 quoque
3511 1989 3848 2059 Apostolus

2181 2077 2779 2149 irreprehensibilem,
2813 2082 2987 2148 atque
3019 2093 3279 2133 veracem
3317 2079 3431 2132 fore
3451 2078 3798 2133 declarabat
3827 2095 3840 2132 :

2181 2172 2436 2236 econtra,
2471 2165 2684 2237 quibus
2715 2167 3173 2236 dedccus,atque
3205 2165 3545 2220 inhonestas
3566 2165 3842 2236 Evange-

2183 2257 2324 2312 lium
2384 2261 2507 2311 erat
2567 2254 2744 2310 simili
2804 2255 2976 2310 modo
3038 2270 3099 2309 se
3156 2254 3736 2326 irreprehensibilem
3771 2272 3840 2310 ac

2180 2362 2441 2401 veracem
2475 2361 2603 2399 esse
2627 2345 3012 2399 monstrabat.
3041 2341 3348 2413 Sequitur:
3372 2344 3480 2398 Per
3500 2344 3834 2412 in/amiam,

2179 2445 2231 2490 et
2265 2436 2460 2490 bonam
2519 2436 2747 2504 famam.
2804 2433 2980 2488 Fama
3033 2432 3264 2498 dicitur,
3324 2448 3389 2488 eo
3450 2433 3608 2504 quod
3659 2433 3836 2488 fando

2181 2525 2470 2579 discurrat
2496 2539 2598 2592 per
2627 2538 2817 2576 aures.
2852 2523 3029 2577 Fama
3084 2526 3194 2586 est,
3255 2521 3515 2592 quandiu
3579 2538 3699 2576 non
3749 2527 3836 2576 est

2179 2611 2533 2666 manifesta:
2569 2625 2703 2664 cum
2752 2615 2947 2665 autem
3008 2610 3320 2664 manifesta
3376 2614 3488 2680 est,
3542 2611 3678 2681 jam
3721 2627 3837 2665 non

2180 2701 2355 2768 fama,
2389 2700 2488 2754 sed
2520 2715 2614 2754 res
2644 2703 2752 2754 est.
2786 2699 2856 2754 Et
2887 2701 2976 2753 est
3005 2699 3162 2754 fama
3192 2702 3314 2753 tam
3341 2698 3637 2754 bonarum
3660 2715 3836 2770 quam

2179 2793 2238 2844 et
2269 2788 2557 2843 malarum
2589 2804 2807 2842 rerum.
2867 2787 3250 2844 Credentibus
3308 2803 3441 2843 vero
3502 2787 3674 2842 bona:
3721 2792 3845 2842 erat

2178 2878 2368 2943 famae,
2395 2876 2536 2949 quia
2564 2875 2762 2947 magni
2794 2875 2985 2931 meriti
3019 2891 3153 2930 eum
3197 2891 3325 2930 esse
3353 2875 3634 2932 dicebant
3660 2895 3672 2944 ;
3731 2892 3842 2931 non

2183 2965 2561 3021 credentibus
2586 2964 2752 3019 malae
2777 2966 2943 3019 famae
2967 2969 3114 3030 erat,
3139 2964 3278 3035 quia
3309 2965 3688 3020 seductorem
3711 2981 3843 3021 eum

2179 3071 2311 3112 esse
2335 3054 2630 3109 dicebant.
2650 3058 2782 3125 Ipse
2806 3069 2938 3108 vero
2962 3051 3184 3108 illaesus
3205 3052 3356 3108 inter
3379 3057 3704 3125 utramque
3723 3071 3842 3126 par-

2186 3149 2304 3200 tem
2339 3143 2634 3211 incedens,
2664 3159 2852 3213 neque
2879 3142 3125 3197 istorum
3154 3140 3430 3197 laudibus
3479 3141 3841 3206 elevabatur,

428 3210 682 3327 έαίέίίαίθ
714 3210 1051 3298 ηοηιεοιῠῐη
1071 3210 1354 3318 athletis;
1375 3210 1476 3304 sed
1493 3210 2076 3327 veﬂv‘anglelilcgpraidi:
2105 3210 2149 3276 Ο
2189 3250 2378 3327 neque
2404 3210 3185 3327 illorumobt'rectationibus
3206 3230 3712 3303 praecipitabatur.
3747 3233 3838 3289 Se-

429 3325 678 3382 cationis
705 3344 718 3382 :
752 3333 808 3384 et
841 3331 977 3400 quia
1007 3333 1282 3406 utrinque
1313 3341 1603 3405 servabat,
1657 3325 1889 3400 multos
1917 3347 1976 3400 in
2012 3363 2074 3402 se

429 3416 814 3483 adversarios,
846 3421 1099 3477 maxime
1133 3426 1645 3497 pseudoapostolos
1675 3433 1981 3489 excitabat.
2012 3437 2074 3490 In

428 3507 680 3560 scientia.
714 3511 860 3561 Nota
885 3509 1025 3579 quia
1053 3512 1358 3568 scientiam
1391 3515 1542 3570 inter
1571 3523 1776 3575 caetera
1805 3521 2074 3578 dinume-

430 3598 521 3681 rat
545 3600 980 3650 :verumtamen
998 3615 1112 3652 non
1130 3599 1523 3658 humanarum
1540 3604 2074 3681 litterarum,quam

431 3680 490 3734 in
516 3681 707 3751 prima
727 3683 987 3753 Epistola
1011 3686 1272 3754 denotat,
1306 3691 1406 3746 sed
1437 3693 1740 3750 scientiam
1773 3680 1924 3752 dicit
1942 3715 2074 3754 sen-

434 3785 568 3858 sum
602 3769 770 3858 Legis
799 3776 856 3825 et
885 3773 1202 3846 Evangelii.
1254 3783 1320 3833 In
1380 3781 1820 3853 longanimitate.
1855 3787 2077 3858 Longa-

437 3855 633 3912 nimus
663 3857 877 3914 dicitur
905 3878 938 3915 a
967 3861 1426 3934 longanimitate.
1462 3870 1527 3924 Et
1557 3872 1771 3928 dicitur
1809 3855 2075 3945 longani-

435 3961 590 4011 mus,
624 3961 689 4001 eo
720 3949 873 4018 quod
905 3948 1144 4023 longum
1204 3955 1416 4012 habeat
1470 3959 1736 4016 animum
1787 3963 1857 4016 ad
1891 3962 2077 4018 multa

435 4042 589 4098 mala
611 4045 970 4116 perferenda.
992 4051 1049 4104 In
1072 4055 1361 4122 suavitate,
1387 4071 1448 4112 se
1471 4058 1708 4128 quidem
1736 4058 2073 4116 ministrum

432 4130 715 4205 exhibuit,
749 4136 906 4206 quia,
939 4138 1046 4193 etsi
1080 4147 1412 4210 peccatores
1444 4143 1802 4216 increpabat,
1842 4163 2073 4203 verum-

431 4227 627 4276 tamen
661 4229 791 4294 post
809 4229 1274 4286 emendationem
1298 4234 1474 4288 verba
1495 4233 1912 4291 exhortationis
1933 4239 2074 4292 sub-

425 4311 806 4382 jungebat,ut
827 4313 959 4371 illos
983 4318 1054 4374 de
1077 4320 1468 4376 amaritudine
1495 4323 1566 4377 ad
1587 4322 1960 4381 dilectionem
1983 4327 2076 4382 sui

432 4400 707 4455 traheret.
744 4401 886 4456 Nam
921 4404 1018 4460 ille
1047 4408 1352 4463 verissime
1384 4409 1580 4462 suavis
1611 4415 1720 4475 est,
1756 4412 1855 4480 qui
1888 4429 2077 4483 neque

431 4488 736 4544 verborum
775 4489 1020 4559 levitate,
1049 4511 1238 4567 neque
1263 4495 1476 4550 mentis
1509 4497 1900 4552 commotione
1930 4499 2074 4556 alios

2182 3323 2382 3394 quitur
2403 3339 2422 3376 :
2457 3323 2521 3378 Ut
2549 3321 2870 3376 seductares
2898 3329 2950 3375 et
2983 3336 3220 3376 veraces.

2253 3447 2408 3503 Adeo
2431 3445 2807 3502 credentibus
2835 3460 3089 3512 veraces,
3123 3448 3181 3499 et
3221 3443 3420 3515 magni
3478 3444 3690 3500 meriti
3719 3461 3837 3501 esse

2182 3536 2550 3598 videbantur,
2587 3539 2651 3588 ut
2680 3533 2759 3587 dii
2792 3533 3207 3599 crederentur;
3266 3531 3611 3588 inﬁdelibus
3649 3539 3833 3590 autem

2181 3625 2532 3680 videbantur
2560 3623 2915 3687 seductores,
2951 3622 3007 3676 id
3041 3625 3148 3688 est,
3180 3621 3541 3691 deceptores.
3600 3623 3676 3678 Et
3706 3621 3830 3694 quid

2184 3712 2422 3778 mirum,
2457 3727 2588 3767 cum
2618 3710 2688 3764 de
2722 3709 2962 3764 Domino
3011 3709 3233 3764 dictum
3266 3708 3380 3764 sit:
3414 3711 3726 3768 Recordati
3749 3728 3833 3766 su-

2182 3801 2461 3870 mus,quia
2479 3799 2730 3854 seductor
2749 3799 2845 3852 ille
2864 3797 3048 3852 adhuc
3071 3798 3255 3852 vivens
3271 3798 3482 3866 (Matth.
3518 3817 3704 3871 xxvn,
3729 3800 3831 3870 63),

2184 3895 2292 3943 etc.
2316 3888 2668 3958 ‘tSequitur:
2696 3886 2849 3942 Sicut
2879 3888 2975 3956 qui
3005 3888 3197 3957 ignoti,
3229 3889 3280 3940 et
3311 3888 3542 3958 cogniti.
3609 3887 3831 3963 Cogniti

2184 3978 2401 4048 quippe
2423 3979 2588 4030 erant
2612 3974 2904 4044 fidelibus,
2929 3973 3028 4044 qui
3045 3974 3192 4028 tanti
3207 3990 3308 4030 eos
3330 3975 3617 4042 meriti,et
3649 3975 3829 4049 digni-

2183 4063 2322 4119 tatis
2353 4062 2746 4134 agnoscebant
2772 4081 2784 4129 ;
2822 4061 3001 4135 ignoti
3033 4066 3233 4117 autem
3273 4067 3438 4118 erant
3469 4063 3830 4127 inﬁdelibus,

2185 4151 2284 4222 qui
2316 4150 2519 4222 quales
2547 4154 2760 4212 essent,
2796 4168 2911 4206 non
2943 4151 3356 4222 agnoscebant.
3377 4152 3569 4219 ἕρμαδί
3599 4156 3830 4211 morien-

2185 4247 2280 4302 tes,
2313 4243 2421 4294 etc.
2461 4239 2604 4294 Dicit
2634 4240 2790 4294 enim
2821 4239 3184 4310 Augustinus
3211 4256 3223 4294 :
3257 4240 3318 4294 In
3378 4239 3497 4296 illis
3541 4244 3727 4299 rebus
3753 4245 3830 4296 est

2184 4329 2358 4399 quasi,
2384 4327 2440 4381 in
2465 4328 2680 4400 quibus
2703 4344 2816 4382 non
2842 4332 2932 4383 est
2959 4327 3192 4395 veritas,
3217 4331 3305 4384 vel
3333 4345 3460 4400 quea
3482 4329 3826 4388 transitoria

2183 4421 2322 4472 sunt
2347 4435 2360 4485 ;
2385 4417 2883 4489 quemadmodum
2906 4416 3102 4488 siquis
3116 4417 3418 4474 somnians
3441 4418 3605 4474 dicat
3636 4421 3827 4476 :Puta—

2184 4505 2318 4560 bam
2352 4522 2445 4561 me
2474 4521 2602 4561 esse
2628 4504 2794 4575 quasi
2828 4505 2886 4559 in
2917 4505 3173 4576 quodam
3207 4504 3353 4560 loco.
3389 4505 3490 4562 Isti
3513 4507 3690 4577 quasi
3711 4521 3823 4561 mo-

432 4575 503 4630 ad
534 4576 899 4636 iracundiam
932 4589 1223 4653 provocat.
1257 4586 1318 4638 In
1351 4584 1563 4652 Spiritu
1617 4593 1800 4638 sancto
1831 4587 2071 4657 (subau-
2105 4574 2151 4638 D
2182 4593 2395 4650 rientes
2425 4598 2612 4659 erant,
2644 4574 2786 4664 quia
2815 4593 2898 4649 ita
2930 4574 3454 4665 persequebantur,
3517 4574 3585 4650 ut
3634 4597 3704 4652 de
3729 4607 3820 4665 spe

434 4665 610 4732 ditur,
645 4667 1023 4726 exhibeamus
1057 4688 1184 4736 nos,
1217 4671 1345 4737 ejus
1374 4671 1624 4740 gratiam
1657 4680 1987 4745 sequentes,
2023 4682 2080 4733 et

431 4752 788 4813 voluntatem
808 4757 1035 4813 illiusin
1053 4759 1208 4813 omni
1223 4759 1330 4810 bus
1343 4756 2073 4835 adimplentes).Sequitur:

429 4851 492 4906 In
524 4852 793 4911 charitate
819 4871 926 4910 non
952 4853 1104 4924 ﬁcta.
1139 4853 1239 4908 Ille
1271 4853 1465 4907 fictam
1491 4853 1834 4914 charitatam
1881 4860 2076 4928 habet,

429 4939 526 5011 qui
558 4958 713 5010 eum,
748 4956 921 5013 quem
957 4957 1019 4994 se
1076 4939 1316 5011 diligere
1373 4939 1532 5011 dicit,
1589 4942 1649 4998 in
1700 4946 2076 5009 tribulatione

430 5029 688 5102 positum
723 5025 1094 5096 derelinquit.
1122 5027 1281 5082 Hanc
1311 5027 1650 5087 charitatem
1676 5051 1789 5090 non
1823 5037 2076 5097 habebat

428 5118 768 5190 Apostolus,
801 5115 939 5185 quia
968 5116 1165 5171 omnia
1192 5116 1443 5172 aliorum
1475 5119 1708 5190 damna,
1733 5129 1790 5179 et
1812 5143 2076 5196 persecu-

435 5207 648 5269 tiones,
681 5203 852 5274 quasi
885 5205 1148 5274 proprias
1210 5206 1567 5278 deputabat;
1626 5211 1711 5266 sic
1761 5215 1915 5268 enim
1949 5217 2074 5286 ipse

428 5293 609 5349 dicit:
639 5293 771 5358 Quis
794 5291 1137 5366 inﬁrmatur,
1169 5300 1218 5352 et
1247 5312 1348 5366 ego
1379 5313 1486 5352 non
1521 5300 1821 5369 inﬁrmor?
1850 5305 1922 5371 (II
1949 5305 2070 5360 Cor.

428 5398 508 5441 x1,
539 5380 652 5450 29),
687 5385 795 5437 etc.
832 5379 1145 5454 Sequitur:
1205 5387 1263 5440 In
1321 5387 1483 5439 verbo
1539 5389 1805 5444 veritatis.
1847 5390 2072 5448 Veritas

430 5466 700 5523 Christus
731 5475 852 5526 est:
887 5487 1021 5544 ergo
1049 5472 1104 5528 in
1141 5475 1312 5529 verbo
1345 5472 1602 5529 veritatis
1635 5477 1796 5545 dicit,
1831 5494 2070 5550 evange-

432 5555 555 5610 licae
580 5556 799 5614 scilicet
820 5561 1264 5632 praedicationis.
1303 5561 1608 5631 Sequitur:
1635 5565 1692 5618 In
1725 5567 1928 5621 virtute
1951 5568 2067 5622 Dei.

428 5647 629 5703 Potest
659 5646 766 5706 hoc
789 5649 984 5709 referri
1008 5651 1077 5709 ad
1101 5651 1492 5726 superiora,ut
1523 5649 1600 5706 sit
1629 5667 1872 5711 sensus:
1897 5654 2068 5710 Exhi-

2186 4682 2358 4738 istius
2378 4683 2506 4736 vitae
2540 4682 2840 4753 praesentis
2871 4683 3267 4754 desperarent.
3300 4684 3368 4737 Et
3422 4699 3544 4740 ecce
3573 4687 3818 4740 vivimus.

2185 4771 2470 4826 Vivebant
2499 4771 2619 4838 isti,
2651 4770 2790 4842 quia
2846 4788 2960 4826 non
3019 4769 3530 4842 extinguebantur,
3595 4777 3662 4829 ut
3690 4771 3819 4826 liber

2184 4863 2462 4915 Actorum
2495 4859 2895 4931 apostolorum
2955 4857 3311 4915 manifestat.
3369 4859 3612 4932 Legitur
3639 4861 3816 4918 enim:

2185 4948 2332 5014 Quia
2353 4964 2483 5002 cum
2503 4947 2759 5003 venisset
2777 4947 2992 5002 Paulus
3018 4947 3320 5019 Lystris,et
3339 4946 3640 5020 lapidatus
3659 4949 3814 5013 esset,

2184 5043 2250 5092 ut
2269 5042 2534 5092 mortuus
2553 5037 2961 5102 aestimaretur,
3007 5035 3106 5090 ille
3137 5036 3413 5103 surrexit,
3435 5039 3609 5110 cepit
3626 5033 3814 5110 praedi-

2183 5143 2313 5181 care
2337 5127 2470 5196 (Act.
2505 5143 2582 5191 IV,
2608 5126 2732 5196 18);
2767 5125 2886 5181 sive
2918 5125 3256 5193 morientes,
3289 5127 3429 5197 quia
3459 5127 3605 5184 adeo
3639 5138 3812 5198 perse-

2183 5217 2534 5288 quebantur,
2569 5219 2634 5270 ut
2665 5215 2866 5270 cedere
2897 5229 2959 5269 se
3017 5218 3333 5286 putarent;
3395 5216 3498 5271 sed
3539 5212 3808 5280 vivebant,

2181 5307 2322 5378 quia
2354 5322 2467 5360 non
2490 5304 2812 5360 cedebant:
2847 5302 2895 5359 si
2923 5304 3080 5360 enim
3111 5304 3451 5370 cessissent,
3481 5306 3680 5361 anima
3708 5314 3811 5356 mo-

2180 5396 2466 5449 rerentur.
2497 5394 2558 5448 Ut
2579 5393 2866 5462 castigati,
2886 5395 2992 5446 etc.
3017 5391 3086 5447 Ut
3113 5393 3405 5464 superius.
3423 5396 3600 5462 Qua-si
3615 5393 3804 5451 tristes,

2179 5486 2287 5537 etc.
2318 5479 2408 5536 :id
2441 5483 2549 5546 est,
2582 5478 2886 5534 severitate
2916 5478 3113 5534 vultus
3170 5495 3232 5534 se
3289 5481 3683 5545 ostendentes,
3717 5484 3804 5542 spe

2180 5585 2311 5623 vero
2331 5566 2460 5621 vitae
2475 5567 2680 5622 futurae
2701 5566 3041 5638 gaudentes.
3065 5567 3222 5624 Sicut
3242 5572 3475 5640 egentes,
3506 5575 3614 5626 etc.
3638 5566 3802 5638 Egen-

2178 5661 2267 5714 tes
2313 5658 2501 5724 erant,
2535 5655 2677 5727 quia
2706 5670 3012 5727 pauperes.
3057 5657 3249 5716 Multos
3287 5656 3611 5732 locupletes
3645 5647 3801 5713 iacie-
