  <div class='ocr_page' id='page_1' title='image "/cluster/home/n/w/nwhite01/storage/ocr_20150623/134-135/uva.x000829784/260.png"; bbox 0 0 3990 6224; ppageno 0'>
   <div class='ocr_carea' id='block_1_1' title="bbox 109 351 243 409">
    <p class='ocr_par' dir='ltr' id='par_1_1' title="bbox 109 351 243 409">
     <span class='ocr_line' id='line_1_1' title="bbox 109 351 243 409; baseline 0 -1"><span class='ocrx_word' id='word_1_1' title='bbox 109 351 243 409; x_wconf 67' lang='grc'><strong>449</strong></span> 
     </span>
    </p>
   </div>
   <div class='ocr_carea' id='block_1_2' title="bbox 714 337 2999 415">
    <p class='ocr_par' dir='ltr' id='par_1_2' title="bbox 714 337 2999 415">
     <span class='ocr_line' id='line_1_2' title="bbox 714 337 2999 415; baseline 0.006 -14"><span class='ocrx_word' id='word_1_2' title='bbox 714 337 1129 403; x_wconf 84' lang='lat' dir='ltr'><strong>EXPOSITIO</strong></span> <span class='ocrx_word' id='word_1_3' title='bbox 1173 342 1250 402; x_wconf 87' lang='lat' dir='ltr'><strong>IN</strong></span> <span class='ocrx_word' id='word_1_4' title='bbox 1297 343 1724 403; x_wconf 84' lang='lat' dir='ltr'><strong>EPISTOLAS</strong></span> <span class='ocrx_word' id='word_1_5' title='bbox 1772 343 2127 405; x_wconf 78' lang='lat' dir='ltr'><strong>PAULL—</strong></span> <span class='ocrx_word' id='word_1_6' title='bbox 2161 345 2234 404; x_wconf 84' lang='lat' dir='ltr'><strong>IN</strong></span> <span class='ocrx_word' id='word_1_7' title='bbox 2280 344 2531 410; x_wconf 87' lang='lat' dir='ltr'><strong>EPIST.</strong></span> <span class='ocrx_word' id='word_1_8' title='bbox 2578 348 2626 409; x_wconf 93' lang='lat' dir='ltr'><strong>Il</strong></span> <span class='ocrx_word' id='word_1_9' title='bbox 2674 352 2778 412; x_wconf 82' lang='lat' dir='ltr'><strong>AD</strong></span> <span class='ocrx_word' id='word_1_10' title='bbox 2823 354 2999 415; x_wconf 80' lang='lat' dir='ltr'><strong>COR.</strong></span> 
     </span>
    </p>
   </div>
   <div class='ocr_carea' id='block_1_3' title="bbox 3428 368 3548 427">
    <p class='ocr_par' dir='ltr' id='par_1_3' title="bbox 3428 368 3548 427">
     <span class='ocr_line' id='line_1_3' title="bbox 3428 368 3548 427; baseline 0.025 -3"><span class='ocrx_word' id='word_1_11' title='bbox 3428 368 3548 427; x_wconf 77' lang='grc'><strong>450</strong></span> 
     </span>
    </p>
   </div>
   <div class='ocr_carea' id='block_1_4' title="bbox 114 473 3545 559">
    <p class='ocr_par' dir='ltr' id='par_1_4' title="bbox 114 473 3545 559">
     <span class='ocr_line' id='line_1_4' title="bbox 114 473 3545 559; baseline 0.004 -23"><span class='ocrx_word' id='word_1_12' title='bbox 114 484 293 545; x_wconf 87' lang='lat' dir='ltr'><strong>bant,</strong></span> <span class='ocrx_word' id='word_1_13' title='bbox 316 477 453 549; x_wconf 89' lang='lat' dir='ltr'><strong>quia</strong></span> <span class='ocrx_word' id='word_1_14' title='bbox 472 474 653 530; x_wconf 89' lang='lat' dir='ltr'><strong>donis</strong></span> <span class='ocrx_word' id='word_1_15' title='bbox 676 473 1041 544; x_wconf 77' lang='lat' dir='ltr'><strong>spiritalibus</strong></span> <span class='ocrx_word' id='word_1_16' title='bbox 1056 474 1605 529; x_wconf 85' lang='lat' dir='ltr'><strong>abundabant.Nam</strong></span> <span class='ocrx_word' id='word_1_17' title='bbox 1630 474 1786 529; x_wconf 86' lang='lat' dir='ltr'><strong>locu-</strong></span> <span class='ocrx_word' id='word_1_18' title='bbox 1820 482 1873 544; x_wconf 85' lang='grc' dir='ltr'><strong>Α</strong></span> <span class='ocrx_word' id='word_1_19' title='bbox 1905 476 2411 543; x_wconf 88' lang='lat' dir='ltr'><strong>similitudinibus,</strong></span> <span class='ocrx_word' id='word_1_20' title='bbox 2445 486 2618 553; x_wconf 88' lang='lat' dir='ltr'><strong>atque</strong></span> <span class='ocrx_word' id='word_1_21' title='bbox 2666 485 2929 556; x_wconf 87' lang='lat' dir='ltr'><strong>exemplo</strong></span> <span class='ocrx_word' id='word_1_22' title='bbox 2970 488 3303 559; x_wconf 89' lang='lat' dir='ltr'><strong>prophetico</strong></span> <span class='ocrx_word' id='word_1_23' title='bbox 3333 497 3545 551; x_wconf 83' lang='lat' dir='ltr'><strong>conﬁr-</strong></span> 
     </span>
    </p>
   </div>
   <div class='ocr_carea' id='block_1_5' title="bbox 114 561 1788 641">
    <p class='ocr_par' dir='ltr' id='par_1_5' title="bbox 114 561 1788 641">
     <span class='ocr_line' id='line_1_5' title="bbox 114 561 1788 641; baseline -0.002 -20"><span class='ocrx_word' id='word_1_24' title='bbox 114 568 253 641; x_wconf 88' lang='lat' dir='ltr'><strong>ples</strong></span> <span class='ocrx_word' id='word_1_25' title='bbox 284 567 581 621; x_wconf 70' lang='lat' dir='ltr'><strong>derivatur</strong></span> <span class='ocrx_word' id='word_1_26' title='bbox 640 581 674 617; x_wconf 90' lang='lat' dir='ltr'><strong>a</strong></span> <span class='ocrx_word' id='word_1_27' title='bbox 707 561 915 616; x_wconf 86' lang='lat' dir='ltr'><strong>loculo.</strong></span> <span class='ocrx_word' id='word_1_28' title='bbox 973 561 1221 617; x_wconf 90' lang='lat' dir='ltr'><strong>Loculus</strong></span> <span class='ocrx_word' id='word_1_29' title='bbox 1269 563 1482 617; x_wconf 90' lang='lat' dir='ltr'><strong>dicitur</strong></span> <span class='ocrx_word' id='word_1_30' title='bbox 1519 564 1788 618; x_wconf 83' lang='lat' dir='ltr'><strong>sacculus</strong></span> 
     </span>
    </p>
   </div>
   <div class='ocr_carea' id='block_1_6' title="bbox 116 651 1786 729">
    <p class='ocr_par' dir='ltr' id='par_1_6' title="bbox 116 651 1786 729">
     <span class='ocr_line' id='line_1_6' title="bbox 116 651 1786 729; baseline -0.003 -18"><span class='ocrx_word' id='word_1_31' title='bbox 116 672 361 729; x_wconf 86' lang='lat' dir='ltr'><strong>parvus.</strong></span> <span class='ocrx_word' id='word_1_32' title='bbox 400 652 753 722; x_wconf 89' lang='lat' dir='ltr'><strong>Locupletes</strong></span> <span class='ocrx_word' id='word_1_33' title='bbox 773 651 926 704; x_wconf 89' lang='lat' dir='ltr'><strong>enim</strong></span> <span class='ocrx_word' id='word_1_34' title='bbox 952 656 1115 705; x_wconf 90' lang='lat' dir='ltr'><strong>erant</strong></span> <span class='ocrx_word' id='word_1_35' title='bbox 1139 651 1254 715; x_wconf 93' lang='lat' dir='ltr'><strong>isti,</strong></span> <span class='ocrx_word' id='word_1_36' title='bbox 1280 652 1417 723; x_wconf 90' lang='lat' dir='ltr'><strong>quia</strong></span> <span class='ocrx_word' id='word_1_37' title='bbox 1449 652 1664 706; x_wconf 90' lang='lat' dir='ltr'><strong>multos</strong></span> <span class='ocrx_word' id='word_1_38' title='bbox 1688 652 1786 707; x_wconf 86' lang='lat' dir='ltr'><strong>ha-</strong></span> 
     </span>
    </p>
   </div>
   <div class='ocr_carea' id='block_1_7' title="bbox 120 738 1787 810">
    <p class='ocr_par' dir='ltr' id='par_1_7' title="bbox 120 738 1787 810">
     <span class='ocr_line' id='line_1_7' title="bbox 120 738 1787 810; baseline -0.002 -11"><span class='ocrx_word' id='word_1_39' title='bbox 120 746 347 799; x_wconf 76' lang='lat' dir='ltr'><strong>bebant.</strong></span> <span class='ocrx_word' id='word_1_40' title='bbox 392 740 644 803; x_wconf 78' lang='lat' dir='ltr'><strong>loculos,</strong></span> <span class='ocrx_word' id='word_1_41' title='bbox 680 740 735 793; x_wconf 88' lang='lat' dir='ltr'><strong>id</strong></span> <span class='ocrx_word' id='word_1_42' title='bbox 771 744 878 807; x_wconf 91' lang='lat' dir='ltr'><strong>est,</strong></span> <span class='ocrx_word' id='word_1_43' title='bbox 912 740 1064 793; x_wconf 89' lang='lat' dir='ltr'><strong>dona</strong></span> <span class='ocrx_word' id='word_1_44' title='bbox 1114 738 1420 810; x_wconf 83' lang='lat' dir='ltr'><strong>spiritalia,</strong></span> <span class='ocrx_word' id='word_1_45' title='bbox 1457 742 1609 794; x_wconf 91' lang='lat' dir='ltr'><strong>unde</strong></span> <span class='ocrx_word' id='word_1_46' title='bbox 1642 741 1787 795; x_wconf 90' lang='lat' dir='ltr'><strong>alios</strong></span> 
     </span>
    </p>
   </div>
   <div class='ocr_carea' id='block_1_8' title="bbox 122 827 1789 900">
    <p class='ocr_par' dir='ltr' id='par_1_8' title="bbox 122 827 1789 900">
     <span class='ocr_line' id='line_1_8' title="bbox 122 827 1789 900; baseline -0.004 -12"><span class='ocrx_word' id='word_1_47' title='bbox 122 835 420 889; x_wconf 84' lang='lat' dir='ltr'><strong>ditabant.</strong></span> <span class='ocrx_word' id='word_1_48' title='bbox 478 833 769 900; x_wconf 73' lang='lat' dir='ltr'><strong>Tanquam</strong></span> <span class='ocrx_word' id='word_1_49' title='bbox 818 827 966 881; x_wconf 83' lang='lat' dir='ltr'><strong>nihil</strong></span> <span class='ocrx_word' id='word_1_50' title='bbox 1015 828 1288 896; x_wconf 79' lang='lat' dir='ltr'><strong>habentes,</strong></span> <span class='ocrx_word' id='word_1_51' title='bbox 1338 834 1447 882; x_wconf 90' lang='lat' dir='ltr'><strong>etc.</strong></span> <span class='ocrx_word' id='word_1_52' title='bbox 1502 828 1616 883; x_wconf 81' lang='lat' dir='ltr'><strong>Hoc</strong></span> <span class='ocrx_word' id='word_1_53' title='bbox 1666 834 1789 884; x_wconf 90' lang='lat' dir='ltr'><strong>erat</strong></span> 
     </span>
    </p>
   </div>
   <div class='ocr_carea' id='block_1_9' title="bbox 122 916 1787 993">
    <p class='ocr_par' dir='ltr' id='par_1_9' title="bbox 122 916 1787 993">
     <span class='ocr_line' id='line_1_9' title="bbox 122 916 1787 993; baseline -0.004 -15"><span class='ocrx_word' id='word_1_54' title='bbox 122 924 455 993; x_wconf 84' lang='lat' dir='ltr'><strong>gloriosum</strong></span> <span class='ocrx_word' id='word_1_55' title='bbox 490 918 735 985; x_wconf 81' lang='lat' dir='ltr'><strong>sanctis,</strong></span> <span class='ocrx_word' id='word_1_56' title='bbox 772 922 836 970; x_wconf 90' lang='lat' dir='ltr'><strong>ut</strong></span> <span class='ocrx_word' id='word_1_57' title='bbox 883 918 1105 986; x_wconf 82' lang='lat' dir='ltr'><strong>absque</strong></span> <span class='ocrx_word' id='word_1_58' title='bbox 1138 916 1549 983; x_wconf 87' lang='lat' dir='ltr'><strong>sollicitudine,</strong></span> <span class='ocrx_word' id='word_1_59' title='bbox 1583 922 1635 972; x_wconf 90' lang='lat' dir='ltr'><strong>et</strong></span> <span class='ocrx_word' id='word_1_60' title='bbox 1689 935 1787 971; x_wconf 87' lang='lat' dir='ltr'><strong>no-</strong></span> 
     </span>
    </p>
   </div>
   <div class='ocr_carea' id='block_1_10' title="bbox 126 1005 1786 1082">
    <p class='ocr_par' dir='ltr' id='par_1_10' title="bbox 126 1005 1786 1082">
     <span class='ocr_line' id='line_1_10' title="bbox 126 1005 1786 1082; baseline -0.003 -16"><span class='ocrx_word' id='word_1_61' title='bbox 126 1013 295 1066; x_wconf 84' lang='lat' dir='ltr'><strong>mine</strong></span> <span class='ocrx_word' id='word_1_62' title='bbox 325 1008 722 1082; x_wconf 84' lang='lat' dir='ltr'><strong>possessionis</strong></span> <span class='ocrx_word' id='word_1_63' title='bbox 745 1005 941 1060; x_wconf 87' lang='lat' dir='ltr'><strong>omnia</strong></span> <span class='ocrx_word' id='word_1_64' title='bbox 967 1006 1348 1076; x_wconf 82' lang='lat' dir='ltr'><strong>possiderent,</strong></span> <span class='ocrx_word' id='word_1_65' title='bbox 1375 1007 1515 1061; x_wconf 87' lang='lat' dir='ltr'><strong>adeo</strong></span> <span class='ocrx_word' id='word_1_66' title='bbox 1550 1024 1662 1060; x_wconf 92' lang='lat' dir='ltr'><strong>non</strong></span> <span class='ocrx_word' id='word_1_67' title='bbox 1697 1024 1786 1061; x_wconf 90' lang='lat' dir='ltr'><strong>so-</strong></span> 
     </span>
    </p>
   </div>
   <div class='ocr_carea' id='block_1_11' title="bbox 126 1094 1786 1170">
    <p class='ocr_par' dir='ltr' id='par_1_11' title="bbox 126 1094 1786 1170">
     <span class='ocr_line' id='line_1_11' title="bbox 126 1094 1786 1170; baseline -0.003 -16"><span class='ocrx_word' id='word_1_68' title='bbox 126 1100 258 1154; x_wconf 88' lang='lat' dir='ltr'><strong>lum</strong></span> <span class='ocrx_word' id='word_1_69' title='bbox 290 1100 557 1170; x_wconf 89' lang='lat' dir='ltr'><strong>ipsarum</strong></span> <span class='ocrx_word' id='word_1_70' title='bbox 574 1111 794 1158; x_wconf 86' lang='lat' dir='ltr'><strong>rerum,</strong></span> <span class='ocrx_word' id='word_1_71' title='bbox 812 1095 909 1147; x_wconf 91' lang='lat' dir='ltr'><strong>sed</strong></span> <span class='ocrx_word' id='word_1_72' title='bbox 929 1094 1298 1149; x_wconf 88' lang='lat' dir='ltr'><strong>dominorum</strong></span> <span class='ocrx_word' id='word_1_73' title='bbox 1320 1095 1786 1159; x_wconf 87' lang='lat' dir='ltr'><strong>dominarentur,</strong></span> 
     </span>
    </p>
   </div>
   <div class='ocr_carea' id='block_1_12' title="bbox 125 1182 1789 1255">
    <p class='ocr_par' dir='ltr' id='par_1_12' title="bbox 125 1182 1789 1255">
     <span class='ocr_line' id='line_1_12' title="bbox 125 1182 1789 1255; baseline -0.002 -13"><span class='ocrx_word' id='word_1_74' title='bbox 125 1194 196 1242; x_wconf 89' lang='lat' dir='ltr'><strong>ut</strong></span> <span class='ocrx_word' id='word_1_75' title='bbox 229 1188 293 1241; x_wconf 88' lang='lat' dir='ltr'><strong>in</strong></span> <span class='ocrx_word' id='word_1_76' title='bbox 327 1187 573 1241; x_wconf 84' lang='lat' dir='ltr'><strong>Actibus</strong></span> <span class='ocrx_word' id='word_1_77' title='bbox 604 1182 996 1255; x_wconf 86' lang='lat' dir='ltr'><strong>apostolorum</strong></span> <span class='ocrx_word' id='word_1_78' title='bbox 1029 1182 1260 1254; x_wconf 82' lang='lat' dir='ltr'><strong>legitur,</strong></span> <span class='ocrx_word' id='word_1_79' title='bbox 1295 1183 1433 1253; x_wconf 90' lang='lat' dir='ltr'><strong>quia</strong></span> <span class='ocrx_word' id='word_1_80' title='bbox 1463 1185 1789 1239; x_wconf 84' lang='lat' dir='ltr'><strong>vendebant</strong></span> 
     </span>
    </p>
   </div>
   <div class='ocr_carea' id='block_1_13' title="bbox 123 1272 1589 1343">
    <p class='ocr_par' dir='ltr' id='par_1_13' title="bbox 123 1272 1589 1343">
     <span class='ocr_line' id='line_1_13' title="bbox 123 1272 1589 1343; baseline -0.003 -12"><span class='ocrx_word' id='word_1_81' title='bbox 123 1277 364 1343; x_wconf 85' lang='lat' dir='ltr'><strong>omnia,</strong></span> <span class='ocrx_word' id='word_1_82' title='bbox 398 1278 454 1329; x_wconf 89' lang='lat' dir='ltr'><strong>et</strong></span> <span class='ocrx_word' id='word_1_83' title='bbox 484 1274 793 1329; x_wconf 79' lang='lat' dir='ltr'><strong>oti‘erebant</strong></span> <span class='ocrx_word' id='word_1_84' title='bbox 823 1272 1028 1343; x_wconf 88' lang='lat' dir='ltr'><strong>pretia,</strong></span> <span class='ocrx_word' id='word_1_85' title='bbox 1064 1276 1170 1325; x_wconf 91' lang='lat' dir='ltr'><strong>etc.</strong></span> <span class='ocrx_word' id='word_1_86' title='bbox 1203 1273 1334 1339; x_wconf 83' lang='lat' dir='ltr'><strong>(Act.</strong></span> <span class='ocrx_word' id='word_1_87' title='bbox 1370 1290 1444 1337; x_wconf 83' lang='lat' dir='ltr'><strong>v1,</strong></span> <span class='ocrx_word' id='word_1_88' title='bbox 1478 1274 1589 1341; x_wconf 65' lang='grc'><strong>34).</strong></span> 
     </span>
    </p>
   </div>
   <div class='ocr_carea' id='block_1_14' title="bbox 210 1362 1785 1435">
    <p class='ocr_par' dir='ltr' id='par_1_14' title="bbox 210 1362 1785 1435">
     <span class='ocr_line' id='line_1_14' title="bbox 210 1362 1785 1435; baseline 0 -18"><span class='ocrx_word' id='word_1_89' title='bbox 210 1365 366 1435; x_wconf 80' lang='lat'><strong>(7‘27)</strong></span> <span class='ocrx_word' id='word_1_90' title='bbox 398 1364 464 1419; x_wconf 81' lang='lat' dir='ltr'><strong>Os</strong></span> <span class='ocrx_word' id='word_1_91' title='bbox 510 1371 753 1417; x_wconf 86' lang='lat' dir='ltr'><strong>nostrum</strong></span> <span class='ocrx_word' id='word_1_92' title='bbox 800 1368 964 1432; x_wconf 79' lang='lat' dir='ltr'><strong>patet.</strong></span> <span class='ocrx_word' id='word_1_93' title='bbox 1003 1364 1312 1430; x_wconf 85' lang='lat' dir='ltr'><strong>Postquam</strong></span> <span class='ocrx_word' id='word_1_94' title='bbox 1366 1362 1587 1417; x_wconf 80' lang='lat' dir='ltr'><strong>dixerat</strong></span> <span class='ocrx_word' id='word_1_95' title='bbox 1616 1379 1785 1433; x_wconf 89' lang='lat' dir='ltr'><strong>supe-</strong></span> 
     </span>
    </p>
   </div>
   <div class='ocr_carea' id='block_1_15' title="bbox 125 1450 1787 1513">
    <p class='ocr_par' dir='ltr' id='par_1_15' title="bbox 125 1450 1787 1513">
     <span class='ocr_line' id='line_1_15' title="bbox 125 1450 1787 1513; baseline -0.001 -5"><span class='ocrx_word' id='word_1_96' title='bbox 125 1456 262 1509; x_wconf 88' lang='lat' dir='ltr'><strong>rius</strong></span> <span class='ocrx_word' id='word_1_97' title='bbox 321 1453 616 1507; x_wconf 87' lang='lat' dir='ltr'><strong>neminem</strong></span> <span class='ocrx_word' id='word_1_98' title='bbox 672 1467 842 1505; x_wconf 89' lang='lat' dir='ltr'><strong>nosse</strong></span> <span class='ocrx_word' id='word_1_99' title='bbox 892 1450 1216 1505; x_wconf 88' lang='lat' dir='ltr'><strong>secundum</strong></span> <span class='ocrx_word' id='word_1_100' title='bbox 1262 1467 1515 1513; x_wconf 85' lang='lat' dir='ltr'><strong>carnem.</strong></span> <span class='ocrx_word' id='word_1_101' title='bbox 1549 1457 1604 1506; x_wconf 91' lang='lat' dir='ltr'><strong>et</strong></span> <span class='ocrx_word' id='word_1_102' title='bbox 1653 1452 1787 1507; x_wconf 83' lang='lat' dir='ltr'><strong>sub-</strong></span> 
     </span>
    </p>
   </div>
   <div class='ocr_carea' id='block_1_16' title="bbox 116 1538 1784 1613">
    <p class='ocr_par' dir='ltr' id='par_1_16' title="bbox 116 1538 1784 1613">
     <span class='ocr_line' id='line_1_16' title="bbox 116 1538 1784 1613; baseline 0 -18"><span class='ocrx_word' id='word_1_103' title='bbox 116 1545 409 1613; x_wconf 86' lang='lat' dir='ltr'><strong>junxerat</strong></span> <span class='ocrx_word' id='word_1_104' title='bbox 458 1555 659 1611; x_wconf 82' lang='lat' dir='ltr'><strong>quare,</strong></span> <span class='ocrx_word' id='word_1_105' title='bbox 690 1539 747 1593; x_wconf 91' lang='lat' dir='ltr'><strong>id</strong></span> <span class='ocrx_word' id='word_1_106' title='bbox 798 1542 904 1603; x_wconf 90' lang='lat' dir='ltr'><strong>est,</strong></span> <span class='ocrx_word' id='word_1_107' title='bbox 948 1538 1087 1608; x_wconf 87' lang='lat' dir='ltr'><strong>quia</strong></span> <span class='ocrx_word' id='word_1_108' title='bbox 1136 1539 1181 1592; x_wconf 90' lang='lat' dir='ltr'><strong>si</strong></span> <span class='ocrx_word' id='word_1_109' title='bbox 1234 1539 1632 1607; x_wconf 83' lang='lat' dir='ltr'><strong>cognovimus,</strong></span> <span class='ocrx_word' id='word_1_110' title='bbox 1667 1542 1784 1609; x_wconf 82' lang='lat' dir='ltr'><strong>iam</strong></span> 
     </span>
    </p>
   </div>
   <div class='ocr_carea' id='block_1_17' title="bbox 126 1626 1785 1699">
    <p class='ocr_par' dir='ltr' id='par_1_17' title="bbox 126 1626 1785 1699">
     <span class='ocr_line' id='line_1_17' title="bbox 126 1626 1785 1699; baseline -0.001 -14"><span class='ocrx_word' id='word_1_111' title='bbox 126 1648 247 1686; x_wconf 89' lang='lat' dir='ltr'><strong>non</strong></span> <span class='ocrx_word' id='word_1_112' title='bbox 284 1629 559 1685; x_wconf 88' lang='lat' dir='ltr'><strong>novimus</strong></span> <span class='ocrx_word' id='word_1_113' title='bbox 588 1626 883 1681; x_wconf 91' lang='lat' dir='ltr'><strong>Christum</strong></span> <span class='ocrx_word' id='word_1_114' title='bbox 906 1627 1227 1681; x_wconf 90' lang='lat' dir='ltr'><strong>secundum</strong></span> <span class='ocrx_word' id='word_1_115' title='bbox 1261 1644 1517 1693; x_wconf 88' lang='lat' dir='ltr'><strong>carnem,</strong></span> <span class='ocrx_word' id='word_1_116' title='bbox 1546 1630 1785 1699; x_wconf 86' lang='lat' dir='ltr'><strong>subjun-</strong></span> 
     </span>
    </p>
   </div>
   <div class='ocr_carea' id='block_1_18' title="bbox 127 1716 1783 1785">
    <p class='ocr_par' dir='ltr' id='par_1_18' title="bbox 127 1716 1783 1785">
     <span class='ocr_line' id='line_1_18' title="bbox 127 1716 1783 1785; baseline -0.002 -11"><span class='ocrx_word' id='word_1_117' title='bbox 127 1724 298 1775; x_wconf 79' lang='lat' dir='ltr'><strong>xerat</strong></span> <span class='ocrx_word' id='word_1_118' title='bbox 329 1720 506 1773; x_wconf 79' lang='lat' dir='ltr'><strong>etiam</strong></span> <span class='ocrx_word' id='word_1_119' title='bbox 539 1734 602 1771; x_wconf 91' lang='lat' dir='ltr'><strong>se</strong></span> <span class='ocrx_word' id='word_1_120' title='bbox 636 1716 927 1785; x_wconf 83' lang='lat' dir='ltr'><strong>accepisse</strong></span> <span class='ocrx_word' id='word_1_121' title='bbox 961 1716 1354 1770; x_wconf 83' lang='lat' dir='ltr'><strong>ministerium</strong></span> <span class='ocrx_word' id='word_1_122' title='bbox 1388 1718 1783 1773; x_wconf 88' lang='lat' dir='ltr'><strong>reconciliato-</strong></span> 
     </span>
    </p>
   </div>
   <div class='ocr_carea' id='block_1_19' title="bbox 130 1805 1781 1879">
    <p class='ocr_par' dir='ltr' id='par_1_19' title="bbox 130 1805 1781 1879">
     <span class='ocr_line' id='line_1_19' title="bbox 130 1805 1781 1879; baseline -0.001 -16"><span class='ocrx_word' id='word_1_123' title='bbox 130 1810 250 1873; x_wconf 91' lang='lat' dir='ltr'><strong>nis,</strong></span> <span class='ocrx_word' id='word_1_124' title='bbox 284 1809 438 1862; x_wconf 88' lang='lat' dir='ltr'><strong>unde</strong></span> <span class='ocrx_word' id='word_1_125' title='bbox 487 1811 543 1861; x_wconf 89' lang='lat' dir='ltr'><strong>et</strong></span> <span class='ocrx_word' id='word_1_126' title='bbox 574 1823 679 1877; x_wconf 91' lang='lat' dir='ltr'><strong>pro</strong></span> <span class='ocrx_word' id='word_1_127' title='bbox 729 1805 957 1859; x_wconf 88' lang='lat' dir='ltr'><strong>Christo</strong></span> <span class='ocrx_word' id='word_1_128' title='bbox 990 1805 1129 1858; x_wconf 87' lang='lat' dir='ltr'><strong>dicit</strong></span> <span class='ocrx_word' id='word_1_129' title='bbox 1162 1821 1221 1859; x_wconf 91' lang='lat' dir='ltr'><strong>se</strong></span> <span class='ocrx_word' id='word_1_130' title='bbox 1272 1805 1557 1876; x_wconf 80' lang='lat' dir='ltr'><strong>legatione</strong></span> <span class='ocrx_word' id='word_1_131' title='bbox 1598 1807 1781 1879; x_wconf 84' lang='lat' dir='ltr'><strong>fungi,</strong></span> 
     </span>
    </p>
   </div>
   <div class='ocr_carea' id='block_1_20' title="bbox 1900 568 3543 653">
    <p class='ocr_par' dir='ltr' id='par_1_20' title="bbox 1900 568 3543 653">
     <span class='ocr_line' id='line_1_20' title="bbox 1900 568 3543 653; baseline 0.015 -36"><span class='ocrx_word' id='word_1_132' title='bbox 1900 581 2079 627; x_wconf 84' lang='lat' dir='ltr'><strong>mare,</strong></span> <span class='ocrx_word' id='word_1_133' title='bbox 2135 568 2441 637; x_wconf 85' lang='lat' dir='ltr'><strong>subjunxit</strong></span> <span class='ocrx_word' id='word_1_134' title='bbox 2476 587 2488 623; x_wconf 86' lang='lat'><strong>:</strong></span> <span class='ocrx_word' id='word_1_135' title='bbox 2521 574 2650 637; x_wconf 69' lang='lat' dir='ltr'><strong>Quae</strong></span> <span class='ocrx_word' id='word_1_136' title='bbox 2692 576 2839 628; x_wconf 85' lang='lat' dir='ltr'><strong>enim</strong></span> <span class='ocrx_word' id='word_1_137' title='bbox 2882 580 3243 648; x_wconf 80' lang='lat' dir='ltr'><strong>participatio</strong></span> <span class='ocrx_word' id='word_1_138' title='bbox 3283 584 3543 653; x_wconf 60' lang='lat' dir='ltr'><strong>justitiz,</strong></span> 
     </span>
    </p>
   </div>
   <div class='ocr_carea' id='block_1_21' title="bbox 1898 657 3547 737">
    <p class='ocr_par' dir='ltr' id='par_1_21' title="bbox 1898 657 3547 737">
     <span class='ocr_line' id='line_1_21' title="bbox 1898 657 3547 737; baseline 0.013 -30"><span class='ocrx_word' id='word_1_139' title='bbox 1898 660 2006 708; x_wconf 90' lang='lat' dir='ltr'><strong>etc.</strong></span> <span class='ocrx_word' id='word_1_140' title='bbox 2046 659 2151 709; x_wconf 80' lang='lat' dir='ltr'><strong>Lex</strong></span> <span class='ocrx_word' id='word_1_141' title='bbox 2197 657 2356 711; x_wconf 90' lang='lat' dir='ltr'><strong>enim</strong></span> <span class='ocrx_word' id='word_1_142' title='bbox 2402 659 2699 728; x_wconf 78' lang='lat' dir='ltr'><strong>justitiam</strong></span> <span class='ocrx_word' id='word_1_143' title='bbox 2750 665 3041 733; x_wconf 79' lang='lat' dir='ltr'><strong>prmdicat,</strong></span> <span class='ocrx_word' id='word_1_144' title='bbox 3077 683 3203 737; x_wconf 70' lang='lat' dir='ltr'><strong>qum</strong></span> <span class='ocrx_word' id='word_1_145' title='bbox 3253 675 3547 729; x_wconf 83' lang='lat' dir='ltr'><strong>contraria</strong></span> 
     </span>
    </p>
   </div>
   <div class='ocr_carea' id='block_1_22' title="bbox 1898 742 3543 833">
    <p class='ocr_par' dir='ltr' id='par_1_22' title="bbox 1898 742 3543 833">
     <span class='ocr_line' id='line_1_22' title="bbox 1898 742 3543 833; baseline 0.014 -38"><span class='ocrx_word' id='word_1_146' title='bbox 1898 748 1986 796; x_wconf 88' lang='lat' dir='ltr'><strong>est</strong></span> <span class='ocrx_word' id='word_1_147' title='bbox 2016 742 2333 813; x_wconf 90' lang='lat' dir='ltr'><strong>iniquitati.</strong></span> <span class='ocrx_word' id='word_1_148' title='bbox 2370 747 2435 800; x_wconf 88' lang='lat' dir='ltr'><strong>Et</strong></span> <span class='ocrx_word' id='word_1_149' title='bbox 2465 754 2551 801; x_wconf 87' lang='lat' dir='ltr'><strong>est</strong></span> <span class='ocrx_word' id='word_1_150' title='bbox 2602 765 2810 803; x_wconf 86' lang='lat' dir='ltr'><strong>sensus</strong></span> <span class='ocrx_word' id='word_1_151' title='bbox 2842 770 2854 806; x_wconf 88' lang='lat'><strong>:</strong></span> <span class='ocrx_word' id='word_1_152' title='bbox 2890 754 3023 819; x_wconf 65' lang='lat' dir='ltr'><strong>Quae</strong></span> <span class='ocrx_word' id='word_1_153' title='bbox 3049 759 3409 829; x_wconf 82' lang='lat' dir='ltr'><strong>participatio</strong></span> <span class='ocrx_word' id='word_1_154' title='bbox 3442 764 3543 833; x_wconf 87' lang='lat' dir='ltr'><strong>ju-</strong></span> 
     </span>
    </p>
   </div>
   <div class='ocr_carea' id='block_1_23' title="bbox 1896 832 3547 907">
    <p class='ocr_par' dir='ltr' id='par_1_23' title="bbox 1896 832 3547 907">
     <span class='ocr_line' id='line_1_23' title="bbox 1896 832 3547 907; baseline 0.015 -24"><span class='ocrx_word' id='word_1_155' title='bbox 1896 832 2063 887; x_wconf 66' lang='lat' dir='ltr'><strong>stitiaz</strong></span> <span class='ocrx_word' id='word_1_156' title='bbox 2120 850 2243 887; x_wconf 86' lang='lat' dir='ltr'><strong>cum</strong></span> <span class='ocrx_word' id='word_1_157' title='bbox 2294 838 2637 905; x_wconf 71' lang='lat' dir='ltr'><strong>iniquitate?</strong></span> <span class='ocrx_word' id='word_1_158' title='bbox 2684 839 2872 894; x_wconf 86' lang='lat' dir='ltr'><strong>Nulla.</strong></span> <span class='ocrx_word' id='word_1_159' title='bbox 2926 842 3007 896; x_wconf 88' lang='lat' dir='ltr'><strong>Ita</strong></span> <span class='ocrx_word' id='word_1_160' title='bbox 3064 850 3120 898; x_wconf 89' lang='lat' dir='ltr'><strong>et</strong></span> <span class='ocrx_word' id='word_1_161' title='bbox 3166 848 3327 902; x_wconf 87' lang='lat' dir='ltr'><strong>nulla</strong></span> <span class='ocrx_word' id='word_1_162' title='bbox 3374 832 3547 907; x_wconf 87' lang='lat' dir='ltr'><strong>debet</strong></span> 
     </span>
    </p>
   </div>
   <div class='ocr_carea' id='block_1_24' title="bbox 1897 923 3550 1003">
    <p class='ocr_par' dir='ltr' id='par_1_24' title="bbox 1897 923 3550 1003">
     <span class='ocr_line' id='line_1_24' title="bbox 1897 923 3550 1003; baseline 0.014 -30"><span class='ocrx_word' id='word_1_163' title='bbox 1897 937 2024 974; x_wconf 89' lang='lat' dir='ltr'><strong>esse</strong></span> <span class='ocrx_word' id='word_1_164' title='bbox 2054 923 2299 976; x_wconf 82' lang='lat' dir='ltr'><strong>societas</strong></span> <span class='ocrx_word' id='word_1_165' title='bbox 2346 925 2622 993; x_wconf 85' lang='lat' dir='ltr'><strong>ﬁdelium,</strong></span> <span class='ocrx_word' id='word_1_166' title='bbox 2654 933 2764 981; x_wconf 86' lang='lat' dir='ltr'><strong>etc.</strong></span> <span class='ocrx_word' id='word_1_167' title='bbox 2799 931 2931 993; x_wconf 67' lang='lat' dir='ltr'><strong>Quae</strong></span> <span class='ocrx_word' id='word_1_168' title='bbox 2981 942 3310 1003; x_wconf 87' lang='lat' dir='ltr'><strong>sequuntur</strong></span> <span class='ocrx_word' id='word_1_169' title='bbox 3338 939 3409 993; x_wconf 89' lang='lat' dir='ltr'><strong>ad</strong></span> <span class='ocrx_word' id='word_1_170' title='bbox 3442 956 3550 995; x_wconf 88' lang='lat' dir='ltr'><strong>su-</strong></span> 
     </span>
    </p>
   </div>
   <div class='ocr_carea' id='block_1_25' title="bbox 1900 1009 3545 1087">
    <p class='ocr_par' dir='ltr' id='par_1_25' title="bbox 1900 1009 3545 1087">
     <span class='ocr_line' id='line_1_25' title="bbox 1900 1009 3545 1087; baseline 0.016 -27"><span class='ocrx_word' id='word_1_171' title='bbox 1900 1009 2125 1077; x_wconf 89' lang='lat' dir='ltr'><strong>periora</strong></span> <span class='ocrx_word' id='word_1_172' title='bbox 2176 1013 2525 1067; x_wconf 80' lang='lat' dir='ltr'><strong>referuntur.</strong></span> <span class='ocrx_word' id='word_1_173' title='bbox 2564 1017 2665 1069; x_wconf 80' lang='lat' dir='ltr'><strong>Aut</strong></span> <span class='ocrx_word' id='word_1_174' title='bbox 2712 1034 2827 1085; x_wconf 69' lang='lat' dir='ltr'><strong>quae</strong></span> <span class='ocrx_word' id='word_1_175' title='bbox 2876 1022 3107 1075; x_wconf 78' lang='lat' dir='ltr'><strong>societas</strong></span> <span class='ocrx_word' id='word_1_176' title='bbox 3139 1025 3251 1080; x_wconf 81' lang='lat' dir='ltr'><strong>luci</strong></span> <span class='ocrx_word' id='word_1_177' title='bbox 3295 1028 3364 1082; x_wconf 87' lang='lat' dir='ltr'><strong>ad</strong></span> <span class='ocrx_word' id='word_1_178' title='bbox 3393 1039 3545 1087; x_wconf 85' lang='lat' dir='ltr'><strong>tene-</strong></span> 
     </span>
    </p>
   </div>
   <div class='ocr_carea' id='block_1_26' title="bbox 1900 1097 3545 1187">
    <p class='ocr_par' dir='ltr' id='par_1_26' title="bbox 1900 1097 3545 1187">
     <span class='ocr_line' id='line_1_26' title="bbox 1900 1097 3545 1187; baseline 0.016 -38"><span class='ocrx_word' id='word_1_179' title='bbox 1900 1097 2068 1151; x_wconf 78' lang='lat' dir='ltr'><strong>bras?</strong></span> <span class='ocrx_word' id='word_1_180' title='bbox 2113 1098 2229 1152; x_wconf 84' lang='lat' dir='ltr'><strong>Lux</strong></span> <span class='ocrx_word' id='word_1_181' title='bbox 2280 1102 2435 1155; x_wconf 90' lang='lat' dir='ltr'><strong>enim</strong></span> <span class='ocrx_word' id='word_1_182' title='bbox 2504 1104 2803 1159; x_wconf 85' lang='lat' dir='ltr'><strong>veritatem</strong></span> <span class='ocrx_word' id='word_1_183' title='bbox 2856 1110 3148 1177; x_wconf 68' lang='lat' dir='ltr'><strong>praedicat,</strong></span> <span class='ocrx_word' id='word_1_184' title='bbox 3182 1121 3237 1167; x_wconf 91' lang='lat' dir='ltr'><strong>et</strong></span> <span class='ocrx_word' id='word_1_185' title='bbox 3279 1118 3404 1187; x_wconf 87' lang='lat' dir='ltr'><strong>ipsa</strong></span> <span class='ocrx_word' id='word_1_186' title='bbox 3457 1137 3545 1175; x_wconf 81' lang='lat' dir='ltr'><strong>ve-</strong></span> 
     </span>
    </p>
   </div>
   <div class='ocr_carea' id='block_1_27' title="bbox 1899 1184 3545 1274">
    <p class='ocr_par' dir='ltr' id='par_1_27' title="bbox 1899 1184 3545 1274">
     <span class='ocr_line' id='line_1_27' title="bbox 1899 1184 3545 1274; baseline 0.016 -37"><span class='ocrx_word' id='word_1_187' title='bbox 1899 1184 2040 1239; x_wconf 90' lang='lat' dir='ltr'><strong>ritas</strong></span> <span class='ocrx_word' id='word_1_188' title='bbox 2070 1186 2169 1241; x_wconf 86' lang='lat' dir='ltr'><strong>lux</strong></span> <span class='ocrx_word' id='word_1_189' title='bbox 2218 1194 2324 1252; x_wconf 91' lang='lat' dir='ltr'><strong>est,</strong></span> <span class='ocrx_word' id='word_1_190' title='bbox 2359 1207 2482 1260; x_wconf 68' lang='lat' dir='ltr'><strong>qua:</strong></span> <span class='ocrx_word' id='word_1_191' title='bbox 2532 1191 2627 1246; x_wconf 81' lang='lat' dir='ltr'><strong>lux</strong></span> <span class='ocrx_word' id='word_1_192' title='bbox 2681 1194 2841 1265; x_wconf 87' lang='lat' dir='ltr'><strong>l&#39;ugat</strong></span> <span class='ocrx_word' id='word_1_193' title='bbox 2872 1199 3140 1255; x_wconf 81' lang='lat' dir='ltr'><strong>tenebras</strong></span> <span class='ocrx_word' id='word_1_194' title='bbox 3190 1184 3445 1274; x_wconf 78' lang='lat' dir='ltr'><strong>erroris;</strong></span> <span class='ocrx_word' id='word_1_195' title='bbox 3486 1216 3545 1263; x_wconf 87' lang='lat' dir='ltr'><strong>et</strong></span> 
     </span>
    </p>
   </div>
   <div class='ocr_carea' id='block_1_28' title="bbox 1898 1274 3542 1354">
    <p class='ocr_par' dir='ltr' id='par_1_28' title="bbox 1898 1274 3542 1354">
     <span class='ocr_line' id='line_1_28' title="bbox 1898 1274 3542 1354; baseline 0.016 -28"><span class='ocrx_word' id='word_1_196' title='bbox 1898 1274 2025 1327; x_wconf 92' lang='lat' dir='ltr'><strong>ideo</strong></span> <span class='ocrx_word' id='word_1_197' title='bbox 2078 1276 2240 1331; x_wconf 88' lang='lat' dir='ltr'><strong>nulla</strong></span> <span class='ocrx_word' id='word_1_198' title='bbox 2293 1279 2537 1334; x_wconf 89' lang='lat' dir='ltr'><strong>societas</strong></span> <span class='ocrx_word' id='word_1_199' title='bbox 2588 1298 2715 1335; x_wconf 85' lang='lat' dir='ltr'><strong>esse</strong></span> <span class='ocrx_word' id='word_1_200' title='bbox 2764 1290 2970 1353; x_wconf 90' lang='lat' dir='ltr'><strong>potest.</strong></span> <span class='ocrx_word' id='word_1_201' title='bbox 3016 1290 3145 1354; x_wconf 68' lang='lat' dir='ltr'><strong>Quae</strong></span> <span class='ocrx_word' id='word_1_202' title='bbox 3186 1297 3369 1348; x_wconf 79' lang='lat' dir='ltr'><strong>autem</strong></span> <span class='ocrx_word' id='word_1_203' title='bbox 3416 1312 3542 1352; x_wconf 84' lang='lat' dir='ltr'><strong>con-</strong></span> 
     </span>
    </p>
   </div>
   <div class='ocr_carea' id='block_1_29' title="bbox 1898 1365 3546 1455">
    <p class='ocr_par' dir='ltr' id='par_1_29' title="bbox 1898 1365 3546 1455">
     <span class='ocr_line' id='line_1_29' title="bbox 1898 1365 3546 1455; baseline 0.015 -39"><span class='ocrx_word' id='word_1_204' title='bbox 1898 1365 2073 1418; x_wconf 74' lang='lat' dir='ltr'><strong>ventio</strong></span> <span class='ocrx_word' id='word_1_205' title='bbox 2122 1365 2328 1421; x_wconf 81' lang='lat' dir='ltr'><strong>Christi</strong></span> <span class='ocrx_word' id='word_1_206' title='bbox 2378 1368 2447 1422; x_wconf 80' lang='lat' dir='ltr'><strong>ad</strong></span> <span class='ocrx_word' id='word_1_207' title='bbox 2498 1371 2721 1424; x_wconf 73' lang='lat' dir='ltr'><strong>Belial?</strong></span> <span class='ocrx_word' id='word_1_208' title='bbox 2751 1373 2923 1428; x_wconf 78' lang='lat' dir='ltr'><strong>Belial</strong></span> <span class='ocrx_word' id='word_1_209' title='bbox 2968 1394 3221 1449; x_wconf 85' lang='lat' dir='ltr'><strong>namque</strong></span> <span class='ocrx_word' id='word_1_210' title='bbox 3270 1382 3546 1455; x_wconf 89' lang='lat' dir='ltr'><strong>interpre-</strong></span> 
     </span>
    </p>
   </div>
   <div class='ocr_carea' id='block_1_30' title="bbox 1897 1455 3541 1539">
    <p class='ocr_par' dir='ltr' id='par_1_30' title="bbox 1897 1455 3541 1539">
     <span class='ocr_line' id='line_1_30' title="bbox 1897 1455 3541 1539; baseline 0.016 -35"><span class='ocrx_word' id='word_1_211' title='bbox 1897 1455 2053 1506; x_wconf 86' lang='lat' dir='ltr'><strong>tatur</strong></span> <span class='ocrx_word' id='word_1_212' title='bbox 2098 1455 2219 1509; x_wconf 85' lang='lat' dir='ltr'><strong>sine</strong></span> <span class='ocrx_word' id='word_1_213' title='bbox 2269 1458 2413 1524; x_wconf 77' lang='lat' dir='ltr'><strong>iugo,</strong></span> <span class='ocrx_word' id='word_1_214' title='bbox 2464 1458 2757 1527; x_wconf 82' lang='lat' dir='ltr'><strong>signiﬁcat</strong></span> <span class='ocrx_word' id='word_1_215' title='bbox 2804 1463 3126 1532; x_wconf 89' lang='lat' dir='ltr'><strong>diabolum,</strong></span> <span class='ocrx_word' id='word_1_216' title='bbox 3178 1471 3277 1539; x_wconf 91' lang='lat' dir='ltr'><strong>qui</strong></span> <span class='ocrx_word' id='word_1_217' title='bbox 3326 1473 3541 1531; x_wconf 78' lang='lat' dir='ltr'><strong>similis</strong></span> 
     </span>
    </p>
   </div>
   <div class='ocr_carea' id='block_1_31' title="bbox 1896 1542 3543 1629">
    <p class='ocr_par' dir='ltr' id='par_1_31' title="bbox 1896 1542 3543 1629">
     <span class='ocr_line' id='line_1_31' title="bbox 1896 1542 3543 1629; baseline 0.016 -37"><span class='ocrx_word' id='word_1_218' title='bbox 1896 1556 2023 1594; x_wconf 89' lang='lat' dir='ltr'><strong>esse</strong></span> <span class='ocrx_word' id='word_1_219' title='bbox 2057 1546 2168 1596; x_wconf 86' lang='lat' dir='ltr'><strong>Deo</strong></span> <span class='ocrx_word' id='word_1_220' title='bbox 2212 1542 2413 1607; x_wconf 90' lang='lat' dir='ltr'><strong>voluit,</strong></span> <span class='ocrx_word' id='word_1_221' title='bbox 2448 1547 2695 1601; x_wconf 91' lang='lat' dir='ltr'><strong>nolendo</strong></span> <span class='ocrx_word' id='word_1_222' title='bbox 2751 1551 2898 1605; x_wconf 80' lang='lat' dir='ltr'><strong>ferre</strong></span> <span class='ocrx_word' id='word_1_223' title='bbox 2922 1556 3135 1624; x_wconf 81' lang='lat' dir='ltr'><strong>jugum</strong></span> <span class='ocrx_word' id='word_1_224' title='bbox 3185 1558 3391 1629; x_wconf 88' lang='lat' dir='ltr'><strong>ipsius.</strong></span> <span class='ocrx_word' id='word_1_225' title='bbox 3430 1563 3543 1618; x_wconf 92' lang='lat' dir='ltr'><strong>Lex</strong></span> 
     </span>
    </p>
   </div>
   <div class='ocr_carea' id='block_1_32' title="bbox 1896 1632 3544 1723">
    <p class='ocr_par' dir='ltr' id='par_1_32' title="bbox 1896 1632 3544 1723">
     <span class='ocr_line' id='line_1_32' title="bbox 1896 1632 3544 1723; baseline 0.016 -43"><span class='ocrx_word' id='word_1_226' title='bbox 1896 1645 2150 1699; x_wconf 89' lang='lat' dir='ltr'><strong>namque</strong></span> <span class='ocrx_word' id='word_1_227' title='bbox 2182 1632 2240 1684; x_wconf 94' lang='lat' dir='ltr'><strong>in</strong></span> <span class='ocrx_word' id='word_1_228' title='bbox 2292 1634 2494 1704; x_wconf 88' lang='lat' dir='ltr'><strong>ﬁguris</strong></span> <span class='ocrx_word' id='word_1_229' title='bbox 2543 1641 2600 1689; x_wconf 90' lang='lat' dir='ltr'><strong>et</strong></span> <span class='ocrx_word' id='word_1_230' title='bbox 2630 1638 3087 1697; x_wconf 89' lang='lat' dir='ltr'><strong>obscuritatibus</strong></span> <span class='ocrx_word' id='word_1_231' title='bbox 3136 1645 3339 1702; x_wconf 71' lang='lat' dir='ltr'><strong>litteraa</strong></span> <span class='ocrx_word' id='word_1_232' title='bbox 3393 1668 3544 1723; x_wconf 55' lang='lat' dir='ltr'><strong>pras-</strong></span> 
     </span>
    </p>
   </div>
   <div class='ocr_carea' id='block_1_33' title="bbox 1899 1718 3542 1796">
    <p class='ocr_par' dir='ltr' id='par_1_33' title="bbox 1899 1718 3542 1796">
     <span class='ocr_line' id='line_1_33' title="bbox 1899 1718 3542 1796; baseline 0.018 -28"><span class='ocrx_word' id='word_1_233' title='bbox 1899 1718 2055 1770; x_wconf 84' lang='lat' dir='ltr'><strong>dicat</strong></span> <span class='ocrx_word' id='word_1_234' title='bbox 2129 1718 2452 1789; x_wconf 87' lang='lat' dir='ltr'><strong>Christum,</strong></span> <span class='ocrx_word' id='word_1_235' title='bbox 2487 1725 2583 1792; x_wconf 87' lang='lat' dir='ltr'><strong>qui</strong></span> <span class='ocrx_word' id='word_1_236' title='bbox 2621 1728 2783 1795; x_wconf 79' lang='lat' dir='ltr'><strong>l‘ugat</strong></span> <span class='ocrx_word' id='word_1_237' title='bbox 2832 1729 3128 1787; x_wconf 90' lang='lat' dir='ltr'><strong>diabolum</strong></span> <span class='ocrx_word' id='word_1_238' title='bbox 3164 1736 3233 1791; x_wconf 90' lang='lat' dir='ltr'><strong>de</strong></span> <span class='ocrx_word' id='word_1_239' title='bbox 3266 1718 3542 1796; x_wconf 79' lang='lat' dir='ltr'><strong>cordibus</strong></span> 
     </span>
    </p>
   </div>
   <div class='ocr_carea' id='block_1_34' title="bbox 1897 1805 3543 1885">
    <p class='ocr_par' dir='ltr' id='par_1_34' title="bbox 1897 1805 3543 1885">
     <span class='ocr_line' id='line_1_34' title="bbox 1897 1805 3543 1885; baseline 0.017 -28"><span class='ocrx_word' id='word_1_240' title='bbox 1897 1805 2177 1875; x_wconf 84' lang='lat' dir='ltr'><strong>ﬁdelium,</strong></span> <span class='ocrx_word' id='word_1_241' title='bbox 2212 1808 2310 1878; x_wconf 89' lang='lat' dir='ltr'><strong>qui</strong></span> <span class='ocrx_word' id='word_1_242' title='bbox 2344 1814 2455 1863; x_wconf 87' lang='lat' dir='ltr'><strong>Deo</strong></span> <span class='ocrx_word' id='word_1_243' title='bbox 2501 1811 2712 1867; x_wconf 89' lang='lat' dir='ltr'><strong>similis</strong></span> <span class='ocrx_word' id='word_1_244' title='bbox 2741 1832 2867 1870; x_wconf 89' lang='lat' dir='ltr'><strong>esse</strong></span> <span class='ocrx_word' id='word_1_245' title='bbox 2916 1819 3096 1874; x_wconf 88' lang='lat' dir='ltr'><strong>voluit</strong></span> <span class='ocrx_word' id='word_1_246' title='bbox 3127 1828 3183 1876; x_wconf 89' lang='lat' dir='ltr'><strong>et</strong></span> <span class='ocrx_word' id='word_1_247' title='bbox 3215 1825 3341 1881; x_wconf 90' lang='lat' dir='ltr'><strong>ideo</strong></span> <span class='ocrx_word' id='word_1_248' title='bbox 3375 1830 3543 1885; x_wconf 86' lang='lat' dir='ltr'><strong>nulla</strong></span> 
     </span>
    </p>
   </div>
   <div class='ocr_carea' id='block_1_35' title="bbox 129 1870 2214 1966">
    <p class='ocr_par' dir='ltr' id='par_1_35' title="bbox 129 1870 2214 1966">
     <span class='ocr_line' id='line_1_35' title="bbox 129 1870 2214 1966; baseline -0.001 -14"><span class='ocrx_word' id='word_1_249' title='bbox 129 1904 191 1953; x_wconf 86' lang='lat' dir='ltr'><strong>et</strong></span> <span class='ocrx_word' id='word_1_250' title='bbox 243 1898 634 1966; x_wconf 85' lang='lat' dir='ltr'><strong>subjunxerat</strong></span> <span class='ocrx_word' id='word_1_251' title='bbox 686 1893 1163 1959; x_wconf 89' lang='lat' dir='ltr'><strong>admonitionem,</strong></span> <span class='ocrx_word' id='word_1_252' title='bbox 1197 1898 1253 1948; x_wconf 86' lang='lat' dir='ltr'><strong>et</strong></span> <span class='ocrx_word' id='word_1_253' title='bbox 1300 1895 1784 1965; x_wconf 84' lang='lat' dir='ltr'><strong>exhortationem,</strong></span> <span class='ocrx_word' id='word_1_254' title='bbox 1818 1870 1863 1933; x_wconf 83' lang='lat' dir='ltr'><strong>B</strong></span> <span class='ocrx_word' id='word_1_255' title='bbox 1895 1896 2214 1949; x_wconf 86' lang='lat' dir='ltr'><strong>conventio.</strong></span> 
     </span>
    </p>
   </div>
   <div class='ocr_carea' id='block_1_36' title="bbox 128 1981 1785 2059">
    <p class='ocr_par' dir='ltr' id='par_1_36' title="bbox 128 1981 1785 2059">
     <span class='ocr_line' id='line_1_36' title="bbox 128 1981 1785 2059; baseline 0 -19"><span class='ocrx_word' id='word_1_256' title='bbox 128 2004 251 2059; x_wconf 87' lang='lat' dir='ltr'><strong>qua</strong></span> <span class='ocrx_word' id='word_1_257' title='bbox 282 1986 544 2039; x_wconf 89' lang='lat' dir='ltr'><strong>mundus</strong></span> <span class='ocrx_word' id='word_1_258' title='bbox 568 1984 684 2037; x_wconf 91' lang='lat' dir='ltr'><strong>Deo</strong></span> <span class='ocrx_word' id='word_1_259' title='bbox 716 1981 1431 2054; x_wconf 86' lang='lat' dir='ltr'><strong>reconciliatur:prorupit</strong></span> <span class='ocrx_word' id='word_1_260' title='bbox 1461 1984 1518 2039; x_wconf 90' lang='lat' dir='ltr'><strong>in</strong></span> <span class='ocrx_word' id='word_1_261' title='bbox 1552 1985 1785 2040; x_wconf 90' lang='lat' dir='ltr'><strong>laudem</strong></span> 
     </span>
    </p>
   </div>
   <div class='ocr_carea' id='block_1_37' title="bbox 128 2072 1784 2141">
    <p class='ocr_par' dir='ltr' id='par_1_37' title="bbox 128 2072 1784 2141">
     <span class='ocr_line' id='line_1_37' title="bbox 128 2072 1784 2141; baseline 0.001 -12"><span class='ocrx_word' id='word_1_262' title='bbox 128 2074 600 2141; x_wconf 84' lang='lat' dir='ltr'><strong>Corinthiorum,</strong></span> <span class='ocrx_word' id='word_1_263' title='bbox 633 2073 833 2126; x_wconf 90' lang='lat' dir='ltr'><strong>dicens</strong></span> <span class='ocrx_word' id='word_1_264' title='bbox 870 2089 881 2125; x_wconf 91' lang='lat'>:</span> <span class='ocrx_word' id='word_1_265' title='bbox 917 2072 983 2124; x_wconf 86' lang='lat' dir='ltr'><strong>Os</strong></span> <span class='ocrx_word' id='word_1_266' title='bbox 1016 2074 1264 2126; x_wconf 84' lang='lat' dir='ltr'><strong>nostrum</strong></span> <span class='ocrx_word' id='word_1_267' title='bbox 1285 2090 1303 2131; x_wconf 85' lang='lat'><strong><em>;</em></strong></span> <span class='ocrx_word' id='word_1_268' title='bbox 1334 2078 1389 2127; x_wconf 90' lang='lat' dir='ltr'><strong>et</strong></span> <span class='ocrx_word' id='word_1_269' title='bbox 1420 2078 1509 2128; x_wconf 87' lang='lat' dir='ltr'><strong>est</strong></span> <span class='ocrx_word' id='word_1_270' title='bbox 1538 2090 1784 2131; x_wconf 88' lang='lat' dir='ltr'><strong>sensus:</strong></span> 
     </span>
    </p>
   </div>
   <div class='ocr_carea' id='block_1_38' title="bbox 128 2160 1785 2231">
    <p class='ocr_par' dir='ltr' id='par_1_38' title="bbox 128 2160 1785 2231">
     <span class='ocr_line' id='line_1_38' title="bbox 128 2160 1785 2231; baseline 0.002 -16"><span class='ocrx_word' id='word_1_271' title='bbox 128 2164 343 2218; x_wconf 90' lang='lat' dir='ltr'><strong>Vestra</strong></span> <span class='ocrx_word' id='word_1_272' title='bbox 392 2161 744 2224; x_wconf 80' lang='lat' dir='ltr'><strong>emendatio,</strong></span> <span class='ocrx_word' id='word_1_273' title='bbox 788 2160 1089 2223; x_wconf 86' lang='lat' dir='ltr'><strong>correctio,</strong></span> <span class='ocrx_word' id='word_1_274' title='bbox 1124 2165 1296 2231; x_wconf 91' lang='lat' dir='ltr'><strong>atque</strong></span> <span class='ocrx_word' id='word_1_275' title='bbox 1348 2161 1586 2217; x_wconf 89' lang='lat' dir='ltr'><strong>salvatio</strong></span> <span class='ocrx_word' id='word_1_276' title='bbox 1643 2165 1785 2219; x_wconf 89' lang='lat' dir='ltr'><strong>adeo</strong></span> 
     </span>
    </p>
   </div>
   <div class='ocr_carea' id='block_1_39' title="bbox 127 2249 1787 2321">
    <p class='ocr_par' dir='ltr' id='par_1_39' title="bbox 127 2249 1787 2321">
     <span class='ocr_line' id='line_1_39' title="bbox 127 2249 1787 2321; baseline 0.001 -15"><span class='ocrx_word' id='word_1_277' title='bbox 127 2270 221 2307; x_wconf 89' lang='lat' dir='ltr'><strong>me</strong></span> <span class='ocrx_word' id='word_1_278' title='bbox 284 2252 482 2306; x_wconf 69' lang='lat' dir='ltr'><strong>laetam</strong></span> <span class='ocrx_word' id='word_1_279' title='bbox 541 2249 814 2313; x_wconf 89' lang='lat' dir='ltr'><strong>reddidit,</strong></span> <span class='ocrx_word' id='word_1_280' title='bbox 867 2254 930 2303; x_wconf 87' lang='lat' dir='ltr'><strong>ut</strong></span> <span class='ocrx_word' id='word_1_281' title='bbox 986 2252 1175 2303; x_wconf 90' lang='lat' dir='ltr'><strong>tacere</strong></span> <span class='ocrx_word' id='word_1_282' title='bbox 1220 2267 1334 2303; x_wconf 93' lang='lat' dir='ltr'><strong>non</strong></span> <span class='ocrx_word' id='word_1_283' title='bbox 1384 2252 1626 2321; x_wconf 90' lang='lat' dir='ltr'><strong>possim.</strong></span> <span class='ocrx_word' id='word_1_284' title='bbox 1686 2254 1787 2308; x_wconf 81' lang='lat' dir='ltr'><strong>Cor</strong></span> 
     </span>
    </p>
   </div>
   <div class='ocr_carea' id='block_1_40' title="bbox 121 2337 1780 2408">
    <p class='ocr_par' dir='ltr' id='par_1_40' title="bbox 121 2337 1780 2408">
     <span class='ocr_line' id='line_1_40' title="bbox 121 2337 1780 2408; baseline -0.001 -12"><span class='ocrx_word' id='word_1_285' title='bbox 121 2350 389 2397; x_wconf 78' lang='lat' dir='ltr'><strong>nostrum</strong></span> <span class='ocrx_word' id='word_1_286' title='bbox 421 2340 710 2393; x_wconf 75' lang='lat' dir='ltr'><strong>dilatatam</strong></span> <span class='ocrx_word' id='word_1_287' title='bbox 738 2342 835 2392; x_wconf 85' lang='lat' dir='ltr'><strong>est.</strong></span> <span class='ocrx_word' id='word_1_288' title='bbox 868 2337 1108 2393; x_wconf 90' lang='lat' dir='ltr'><strong>Duobus</strong></span> <span class='ocrx_word' id='word_1_289' title='bbox 1133 2340 1321 2393; x_wconf 90' lang='lat' dir='ltr'><strong>modis</strong></span> <span class='ocrx_word' id='word_1_290' title='bbox 1353 2340 1634 2394; x_wconf 84' lang='lat' dir='ltr'><strong>dilatatur</strong></span> <span class='ocrx_word' id='word_1_291' title='bbox 1665 2358 1780 2408; x_wconf 88' lang='lat' dir='ltr'><strong>cor,</strong></span> 
     </span>
    </p>
   </div>
   <div class='ocr_carea' id='block_1_41' title="bbox 122 2427 1785 2499">
    <p class='ocr_par' dir='ltr' id='par_1_41' title="bbox 122 2427 1785 2499">
     <span class='ocr_line' id='line_1_41' title="bbox 122 2427 1785 2499; baseline -0.001 -13"><span class='ocrx_word' id='word_1_292' title='bbox 122 2436 236 2486; x_wconf 87' lang='lat' dir='ltr'><strong>aut.</strong></span> <span class='ocrx_word' id='word_1_293' title='bbox 272 2429 491 2483; x_wconf 87' lang='lat' dir='ltr'><strong>ﬁducia</strong></span> <span class='ocrx_word' id='word_1_294' title='bbox 537 2428 695 2482; x_wconf 68' lang='lat' dir='ltr'><strong>bona:</strong></span> <span class='ocrx_word' id='word_1_295' title='bbox 747 2427 1223 2491; x_wconf 85' lang='lat' dir='ltr'><strong>conversationis,</strong></span> <span class='ocrx_word' id='word_1_296' title='bbox 1252 2433 1350 2482; x_wconf 91' lang='lat' dir='ltr'><strong>aut</strong></span> <span class='ocrx_word' id='word_1_297' title='bbox 1400 2446 1501 2499; x_wconf 90' lang='lat' dir='ltr'><strong>spe</strong></span> <span class='ocrx_word' id='word_1_298' title='bbox 1532 2446 1785 2485; x_wconf 89' lang='lat' dir='ltr'><strong>resurre-</strong></span> 
     </span>
    </p>
   </div>
   <div class='ocr_carea' id='block_1_42' title="bbox 123 2516 1785 2588">
    <p class='ocr_par' dir='ltr' id='par_1_42' title="bbox 123 2516 1785 2588">
     <span class='ocr_line' id='line_1_42' title="bbox 123 2516 1785 2588; baseline 0.001 -14"><span class='ocrx_word' id='word_1_299' title='bbox 123 2517 352 2575; x_wconf 88' lang='lat' dir='ltr'><strong>ctionis</strong></span> <span class='ocrx_word' id='word_1_300' title='bbox 379 2535 392 2585; x_wconf 91' lang='lat'><strong>;</strong></span> <span class='ocrx_word' id='word_1_301' title='bbox 426 2516 595 2588; x_wconf 87' lang='lat' dir='ltr'><strong>quasi</strong></span> <span class='ocrx_word' id='word_1_302' title='bbox 627 2516 833 2570; x_wconf 88' lang='lat' dir='ltr'><strong>diceret</strong></span> <span class='ocrx_word' id='word_1_303' title='bbox 866 2534 877 2570; x_wconf 94' lang='lat'>:</span> <span class='ocrx_word' id='word_1_304' title='bbox 914 2517 1071 2571; x_wconf 85' lang='lat' dir='ltr'><strong>Adeo</strong></span> <span class='ocrx_word' id='word_1_305' title='bbox 1100 2522 1290 2572; x_wconf 88' lang='lat' dir='ltr'><strong>vestra</strong></span> <span class='ocrx_word' id='word_1_306' title='bbox 1321 2519 1671 2586; x_wconf 86' lang='lat' dir='ltr'><strong>emendatio,</strong></span> <span class='ocrx_word' id='word_1_307' title='bbox 1706 2528 1785 2575; x_wconf 86' lang='lat' dir='ltr'><strong>at-</strong></span> 
     </span>
    </p>
   </div>
   <div class='ocr_carea' id='block_1_43' title="bbox 124 2604 1781 2680">
    <p class='ocr_par' dir='ltr' id='par_1_43' title="bbox 124 2604 1781 2680">
     <span class='ocr_line' id='line_1_43' title="bbox 124 2604 1781 2680; baseline 0.001 -17"><span class='ocrx_word' id='word_1_308' title='bbox 124 2626 245 2680; x_wconf 89' lang='lat' dir='ltr'><strong>que</strong></span> <span class='ocrx_word' id='word_1_309' title='bbox 280 2606 564 2662; x_wconf 86' lang='lat' dir='ltr'><strong>correctio</strong></span> <span class='ocrx_word' id='word_1_310' title='bbox 589 2622 691 2660; x_wconf 91' lang='lat' dir='ltr'><strong>nos</strong></span> <span class='ocrx_word' id='word_1_311' title='bbox 722 2604 880 2659; x_wconf 62' lang='lat' dir='ltr'><strong>latos</strong></span> <span class='ocrx_word' id='word_1_312' title='bbox 912 2605 1185 2672; x_wconf 90' lang='lat' dir='ltr'><strong>reddidit,</strong></span> <span class='ocrx_word' id='word_1_313' title='bbox 1208 2612 1273 2659; x_wconf 90' lang='lat' dir='ltr'><strong>ut</strong></span> <span class='ocrx_word' id='word_1_314' title='bbox 1302 2611 1357 2660; x_wconf 90' lang='lat' dir='ltr'><strong>et</strong></span> <span class='ocrx_word' id='word_1_315' title='bbox 1385 2623 1485 2661; x_wconf 91' lang='lat' dir='ltr'><strong>cor</strong></span> <span class='ocrx_word' id='word_1_316' title='bbox 1515 2614 1781 2663; x_wconf 85' lang='lat' dir='ltr'><strong>nostrum</strong></span> 
     </span>
    </p>
   </div>
   <div class='ocr_carea' id='block_1_44' title="bbox 126 2694 1784 2766">
    <p class='ocr_par' dir='ltr' id='par_1_44' title="bbox 126 2694 1784 2766">
     <span class='ocr_line' id='line_1_44' title="bbox 126 2694 1784 2766; baseline 0 -14"><span class='ocrx_word' id='word_1_317' title='bbox 126 2698 452 2753; x_wconf 89' lang='lat' dir='ltr'><strong>dilatatum</strong></span> <span class='ocrx_word' id='word_1_318' title='bbox 482 2694 600 2766; x_wconf 58' lang='lat' dir='ltr'><strong>tsit,</strong></span> <span class='ocrx_word' id='word_1_319' title='bbox 634 2698 691 2748; x_wconf 90' lang='lat' dir='ltr'><strong>et</strong></span> <span class='ocrx_word' id='word_1_320' title='bbox 733 2710 796 2749; x_wconf 88' lang='lat' dir='ltr'><strong>os</strong></span> <span class='ocrx_word' id='word_1_321' title='bbox 850 2694 1223 2765; x_wconf 82' lang='lat' dir='ltr'><strong>patefactum,</strong></span> <span class='ocrx_word' id='word_1_322' title='bbox 1258 2700 1547 2765; x_wconf 88' lang='lat' dir='ltr'><strong>quatenus</strong></span> <span class='ocrx_word' id='word_1_323' title='bbox 1595 2702 1784 2753; x_wconf 87' lang='lat' dir='ltr'><strong>tacere</strong></span> 
     </span>
    </p>
   </div>
   <div class='ocr_carea' id='block_1_45' title="bbox 125 2782 1785 2858">
    <p class='ocr_par' dir='ltr' id='par_1_45' title="bbox 125 2782 1785 2858">
     <span class='ocr_line' id='line_1_45' title="bbox 125 2782 1785 2858; baseline -0.001 -15"><span class='ocrx_word' id='word_1_324' title='bbox 125 2805 245 2843; x_wconf 91' lang='lat' dir='ltr'><strong>non</strong></span> <span class='ocrx_word' id='word_1_325' title='bbox 292 2784 618 2858; x_wconf 90' lang='lat' dir='ltr'><strong>possimus.</strong></span> <span class='ocrx_word' id='word_1_326' title='bbox 652 2782 757 2837; x_wconf 91' lang='lat' dir='ltr'><strong>Ubi</strong></span> <span class='ocrx_word' id='word_1_327' title='bbox 806 2782 1134 2837; x_wconf 86' lang='lat' dir='ltr'><strong>ostenditur</strong></span> <span class='ocrx_word' id='word_1_328' title='bbox 1163 2783 1299 2853; x_wconf 88' lang='lat' dir='ltr'><strong>quia</strong></span> <span class='ocrx_word' id='word_1_329' title='bbox 1346 2786 1691 2853; x_wconf 89' lang='lat' dir='ltr'><strong>obcdientia,</strong></span> <span class='ocrx_word' id='word_1_330' title='bbox 1728 2793 1785 2842; x_wconf 90' lang='lat' dir='ltr'><strong>et</strong></span> 
     </span>
    </p>
   </div>
   <div class='ocr_carea' id='block_1_46' title="bbox 128 2872 1784 2942">
    <p class='ocr_par' dir='ltr' id='par_1_46' title="bbox 128 2872 1784 2942">
     <span class='ocr_line' id='line_1_46' title="bbox 128 2872 1784 2942; baseline 0 -11"><span class='ocrx_word' id='word_1_331' title='bbox 128 2875 415 2931; x_wconf 87' lang='lat' dir='ltr'><strong>correctio</strong></span> <span class='ocrx_word' id='word_1_332' title='bbox 470 2874 759 2928; x_wconf 89' lang='lat' dir='ltr'><strong>bonorum</strong></span> <span class='ocrx_word' id='word_1_333' title='bbox 812 2872 1228 2942; x_wconf 89' lang='lat' dir='ltr'><strong>subjectorum,</strong></span> <span class='ocrx_word' id='word_1_334' title='bbox 1262 2874 1341 2927; x_wconf 88' lang='lat' dir='ltr'><strong>ita</strong></span> <span class='ocrx_word' id='word_1_335' title='bbox 1385 2873 1544 2930; x_wconf 77' lang='lat' dir='ltr'><strong>laetos</strong></span> <span class='ocrx_word' id='word_1_336' title='bbox 1595 2877 1784 2931; x_wconf 90' lang='lat' dir='ltr'><strong>reddit</strong></span> 
     </span>
    </p>
   </div>
   <div class='ocr_carea' id='block_1_47' title="bbox 127 2961 1781 3037">
    <p class='ocr_par' dir='ltr' id='par_1_47' title="bbox 127 2961 1781 3037">
     <span class='ocr_line' id='line_1_47' title="bbox 127 2961 1781 3037; baseline -0.001 -16"><span class='ocrx_word' id='word_1_337' title='bbox 127 2964 472 3037; x_wconf 81' lang='lat' dir='ltr'><strong>magistros.</strong></span> <span class='ocrx_word' id='word_1_338' title='bbox 509 2966 575 3016; x_wconf 91' lang='lat' dir='ltr'><strong>ut</strong></span> <span class='ocrx_word' id='word_1_339' title='bbox 605 2961 747 3015; x_wconf 89' lang='lat' dir='ltr'><strong>talia</strong></span> <span class='ocrx_word' id='word_1_340' title='bbox 775 2961 858 3015; x_wconf 90' lang='lat' dir='ltr'><strong>eis</strong></span> <span class='ocrx_word' id='word_1_341' title='bbox 902 2961 1213 3031; x_wconf 84' lang='lat' dir='ltr'><strong>proferant,</strong></span> <span class='ocrx_word' id='word_1_342' title='bbox 1245 2962 1437 3032; x_wconf 84' lang='lat' dir='ltr'><strong>qualia</strong></span> <span class='ocrx_word' id='word_1_343' title='bbox 1470 2981 1529 3019; x_wconf 90' lang='lat' dir='ltr'><strong>se</strong></span> <span class='ocrx_word' id='word_1_344' title='bbox 1560 2965 1631 3019; x_wconf 90' lang='lat' dir='ltr'><strong>ab</strong></span> <span class='ocrx_word' id='word_1_345' title='bbox 1664 2966 1781 3021; x_wconf 89' lang='lat' dir='ltr'><strong>eis-</strong></span> 
     </span>
    </p>
   </div>
   <div class='ocr_carea' id='block_1_48' title="bbox 124 3048 987 3121">
    <p class='ocr_par' dir='ltr' id='par_1_48' title="bbox 124 3048 987 3121">
     <span class='ocr_line' id='line_1_48' title="bbox 124 3048 987 3121; baseline -0.008 -13"><span class='ocrx_word' id='word_1_346' title='bbox 124 3054 261 3109; x_wconf 87' lang='lat' dir='ltr'><strong>dem</strong></span> <span class='ocrx_word' id='word_1_347' title='bbox 296 3068 415 3106; x_wconf 87' lang='lat' dir='ltr'><strong>non</strong></span> <span class='ocrx_word' id='word_1_348' title='bbox 450 3050 737 3121; x_wconf 87' lang='lat' dir='ltr'><strong>putabant</strong></span> <span class='ocrx_word' id='word_1_349' title='bbox 767 3048 987 3102; x_wconf 87' lang='lat' dir='ltr'><strong>audire.</strong></span> 
     </span>
    </p>
   </div>
   <div class='ocr_carea' id='block_1_49' title="bbox 195 3135 1783 3213">
    <p class='ocr_par' dir='ltr' id='par_1_49' title="bbox 195 3135 1783 3213">
     <span class='ocr_line' id='line_1_49' title="bbox 195 3135 1783 3213; baseline 0 -16"><span class='ocrx_word' id='word_1_350' title='bbox 195 3142 322 3198; x_wconf 83' lang='lat' dir='ltr'><strong>Non</strong></span> <span class='ocrx_word' id='word_1_351' title='bbox 351 3139 775 3208; x_wconf 80' lang='lat' dir='ltr'><strong>angustiamini,</strong></span> <span class='ocrx_word' id='word_1_352' title='bbox 808 3141 916 3191; x_wconf 87' lang='lat' dir='ltr'><strong>etc.</strong></span> <span class='ocrx_word' id='word_1_353' title='bbox 953 3135 1053 3191; x_wconf 85' lang='lat' dir='ltr'><strong>His</strong></span> <span class='ocrx_word' id='word_1_354' title='bbox 1082 3138 1272 3193; x_wconf 90' lang='lat' dir='ltr'><strong>verbis</strong></span> <span class='ocrx_word' id='word_1_355' title='bbox 1296 3142 1624 3195; x_wconf 85' lang='lat' dir='ltr'><strong>ostenditur</strong></span> <span class='ocrx_word' id='word_1_356' title='bbox 1644 3142 1783 3213; x_wconf 91' lang='lat' dir='ltr'><strong>quia</strong></span> 
     </span>
    </p>
   </div>
   <div class='ocr_carea' id='block_1_50' title="bbox 1969 1984 3539 2060">
    <p class='ocr_par' dir='ltr' id='par_1_50' title="bbox 1969 1984 3539 2060">
     <span class='ocr_line' id='line_1_50' title="bbox 1969 1984 3539 2060; baseline 0.015 -24"><span class='ocrx_word' id='word_1_357' title='bbox 1969 1984 2069 2051; x_wconf 80' lang='lat' dir='ltr'><strong>Qui</strong></span> <span class='ocrx_word' id='word_1_358' title='bbox 2098 1994 2280 2039; x_wconf 87' lang='lat' dir='ltr'><strong>autem</strong></span> <span class='ocrx_word' id='word_1_359' title='bbox 2314 2004 2602 2043; x_wconf 78' lang='lat' dir='ltr'><strong>ronsensus</strong></span> <span class='ocrx_word' id='word_1_360' title='bbox 2651 1994 2846 2060; x_wconf 81' lang='lat' dir='ltr'><strong>templo</strong></span> <span class='ocrx_word' id='word_1_361' title='bbox 2890 1995 2986 2049; x_wconf 80' lang='lat' dir='ltr'><strong>Dei</strong></span> <span class='ocrx_word' id='word_1_362' title='bbox 3033 2014 3156 2052; x_wconf 75' lang='lat' dir='ltr'><strong>cum</strong></span> <span class='ocrx_word' id='word_1_363' title='bbox 3188 2002 3395 2059; x_wconf 78' lang='lat' dir='ltr'><strong>idolis?</strong></span> <span class='ocrx_word' id='word_1_364' title='bbox 3425 2005 3539 2059; x_wconf 92' lang='lat' dir='ltr'><strong>No-</strong></span> 
     </span>
    </p>
   </div>
   <div class='ocr_carea' id='block_1_51' title="bbox 1898 2074 3541 2160">
    <p class='ocr_par' dir='ltr' id='par_1_51' title="bbox 1898 2074 3541 2160">
     <span class='ocr_line' id='line_1_51' title="bbox 1898 2074 3541 2160; baseline 0.015 -36"><span class='ocrx_word' id='word_1_365' title='bbox 1898 2074 2143 2141; x_wconf 82' lang='lat' dir='ltr'><strong>tandum</strong></span> <span class='ocrx_word' id='word_1_366' title='bbox 2178 2075 2313 2145; x_wconf 89' lang='lat' dir='ltr'><strong>quia</strong></span> <span class='ocrx_word' id='word_1_367' title='bbox 2346 2076 2425 2129; x_wconf 91' lang='lat' dir='ltr'><strong>nil</strong></span> <span class='ocrx_word' id='word_1_368' title='bbox 2461 2080 2645 2149; x_wconf 89' lang='lat' dir='ltr'><strong>magis</strong></span> <span class='ocrx_word' id='word_1_369' title='bbox 2679 2084 3037 2138; x_wconf 89' lang='lat' dir='ltr'><strong>contrarium</strong></span> <span class='ocrx_word' id='word_1_370' title='bbox 3072 2093 3161 2142; x_wconf 87' lang='lat' dir='ltr'><strong>est</strong></span> <span class='ocrx_word' id='word_1_371' title='bbox 3185 2090 3541 2160; x_wconf 85' lang='lat' dir='ltr'><strong>Christiano,</strong></span> 
     </span>
    </p>
   </div>
   <div class='ocr_carea' id='block_1_52' title="bbox 1897 2162 3541 2238">
    <p class='ocr_par' dir='ltr' id='par_1_52' title="bbox 1897 2162 3541 2238">
     <span class='ocr_line' id='line_1_52' title="bbox 1897 2162 3541 2238; baseline 0.015 -25"><span class='ocrx_word' id='word_1_372' title='bbox 1897 2177 2073 2230; x_wconf 91' lang='lat' dir='ltr'><strong>quam</strong></span> <span class='ocrx_word' id='word_1_373' title='bbox 2128 2162 2478 2227; x_wconf 86' lang='lat' dir='ltr'><strong>idololatria,</strong></span> <span class='ocrx_word' id='word_1_374' title='bbox 2520 2172 2574 2220; x_wconf 89' lang='lat' dir='ltr'><strong>et</strong></span> <span class='ocrx_word' id='word_1_375' title='bbox 2605 2168 2796 2223; x_wconf 88' lang='lat' dir='ltr'><strong>idola:</strong></span> <span class='ocrx_word' id='word_1_376' title='bbox 2851 2188 2983 2226; x_wconf 85' lang='lat' dir='ltr'><strong>nam</strong></span> <span class='ocrx_word' id='word_1_377' title='bbox 3036 2174 3147 2229; x_wconf 92' lang='lat' dir='ltr'><strong>ista</strong></span> <span class='ocrx_word' id='word_1_378' title='bbox 3196 2178 3463 2236; x_wconf 82' lang='lat' dir='ltr'><strong>homines</strong></span> <span class='ocrx_word' id='word_1_379' title='bbox 3507 2200 3541 2238; x_wconf 86' lang='lat' dir='ltr'><strong>a</strong></span> 
     </span>
    </p>
   </div>
   <div class='ocr_carea' id='block_1_53' title="bbox 1896 2248 3535 2332">
    <p class='ocr_par' dir='ltr' id='par_1_53' title="bbox 1896 2248 3535 2332">
     <span class='ocr_line' id='line_1_53' title="bbox 1896 2248 3535 2332; baseline 0.015 -31"><span class='ocrx_word' id='word_1_380' title='bbox 1896 2248 2011 2302; x_wconf 91' lang='lat' dir='ltr'><strong>Deo</strong></span> <span class='ocrx_word' id='word_1_381' title='bbox 2063 2267 2331 2321; x_wconf 86' lang='lat' dir='ltr'><strong>separare</strong></span> <span class='ocrx_word' id='word_1_382' title='bbox 2382 2254 2592 2321; x_wconf 87' lang='lat' dir='ltr'><strong>solent,</strong></span> <span class='ocrx_word' id='word_1_383' title='bbox 2644 2262 2699 2310; x_wconf 89' lang='lat' dir='ltr'><strong>et</strong></span> <span class='ocrx_word' id='word_1_384' title='bbox 2748 2258 2816 2311; x_wconf 88' lang='lat' dir='ltr'><strong>ad</strong></span> <span class='ocrx_word' id='word_1_385' title='bbox 2870 2262 3235 2332; x_wconf 86' lang='lat' dir='ltr'><strong>negationem</strong></span> <span class='ocrx_word' id='word_1_386' title='bbox 3288 2268 3535 2326; x_wconf 89' lang='lat' dir='ltr'><strong>trahere.</strong></span> 
     </span>
    </p>
   </div>
   <div class='ocr_carea' id='block_1_54' title="bbox 1895 2338 3534 2422">
    <p class='ocr_par' dir='ltr' id='par_1_54' title="bbox 1895 2338 3534 2422">
     <span class='ocr_line' id='line_1_54' title="bbox 1895 2338 3534 2422; baseline 0.013 -31"><span class='ocrx_word' id='word_1_387' title='bbox 1895 2338 1963 2392; x_wconf 87' lang='lat' dir='ltr'><strong>Et</strong></span> <span class='ocrx_word' id='word_1_388' title='bbox 1994 2338 2142 2403; x_wconf 91' lang='lat' dir='ltr'><strong>ideo,</strong></span> <span class='ocrx_word' id='word_1_389' title='bbox 2176 2358 2512 2413; x_wconf 89' lang='lat' dir='ltr'><strong>quanquam</strong></span> <span class='ocrx_word' id='word_1_390' title='bbox 2563 2345 2761 2401; x_wconf 90' lang='lat' dir='ltr'><strong>omnia</strong></span> <span class='ocrx_word' id='word_1_391' title='bbox 2810 2349 2946 2403; x_wconf 81' lang='lat' dir='ltr'><strong>vitia</strong></span> <span class='ocrx_word' id='word_1_392' title='bbox 2998 2352 3343 2410; x_wconf 87' lang='lat' dir='ltr'><strong>detestanda</strong></span> <span class='ocrx_word' id='word_1_393' title='bbox 3396 2358 3534 2422; x_wconf 87' lang='lat' dir='ltr'><strong>sint,</strong></span> 
     </span>
    </p>
   </div>
   <div class='ocr_carea' id='block_1_55' title="bbox 1894 2428 3539 2514">
    <p class='ocr_par' dir='ltr' id='par_1_55' title="bbox 1894 2428 3539 2514">
     <span class='ocr_line' id='line_1_55' title="bbox 1894 2428 3539 2514; baseline 0.013 -33"><span class='ocrx_word' id='word_1_394' title='bbox 1894 2428 2048 2482; x_wconf 90' lang='lat' dir='ltr'><strong>istud</strong></span> <span class='ocrx_word' id='word_1_395' title='bbox 2098 2432 2401 2502; x_wconf 65' lang='lat' dir='ltr'><strong>prmeipue,</strong></span> <span class='ocrx_word' id='word_1_396' title='bbox 2441 2436 2595 2503; x_wconf 90' lang='lat' dir='ltr'><strong>quod</strong></span> <span class='ocrx_word' id='word_1_397' title='bbox 2648 2436 2912 2493; x_wconf 87' lang='lat' dir='ltr'><strong>homines</strong></span> <span class='ocrx_word' id='word_1_398' title='bbox 2944 2456 2977 2493; x_wconf 91' lang='lat' dir='ltr'><strong>a</strong></span> <span class='ocrx_word' id='word_1_399' title='bbox 3028 2440 3141 2495; x_wconf 92' lang='lat' dir='ltr'><strong>Deo</strong></span> <span class='ocrx_word' id='word_1_400' title='bbox 3185 2450 3435 2514; x_wconf 89' lang='lat' dir='ltr'><strong>separat.</strong></span> <span class='ocrx_word' id='word_1_401' title='bbox 3471 2449 3539 2503; x_wconf 86' lang='lat' dir='ltr'><strong>Et</strong></span> 
     </span>
    </p>
   </div>
   <div class='ocr_carea' id='block_1_56' title="bbox 1894 2517 3539 2591">
    <p class='ocr_par' dir='ltr' id='par_1_56' title="bbox 1894 2517 3539 2591">
     <span class='ocr_line' id='line_1_56' title="bbox 1894 2517 3539 2591; baseline 0.013 -21"><span class='ocrx_word' id='word_1_402' title='bbox 1894 2517 2022 2571; x_wconf 90' lang='lat' dir='ltr'><strong>ideo</strong></span> <span class='ocrx_word' id='word_1_403' title='bbox 2077 2520 2276 2573; x_wconf 89' lang='lat' dir='ltr'><strong>eodem</strong></span> <span class='ocrx_word' id='word_1_404' title='bbox 2330 2523 2637 2587; x_wconf 90' lang='lat' dir='ltr'><strong>conclusit,</strong></span> <span class='ocrx_word' id='word_1_405' title='bbox 2692 2526 2996 2583; x_wconf 92' lang='lat' dir='ltr'><strong>subdendo</strong></span> <span class='ocrx_word' id='word_1_406' title='bbox 3034 2545 3044 2582; x_wconf 94' lang='lat'>:</span> <span class='ocrx_word' id='word_1_407' title='bbox 3090 2532 3180 2585; x_wconf 80' lang='lat' dir='ltr'><strong>Vos</strong></span> <span class='ocrx_word' id='word_1_408' title='bbox 3219 2536 3367 2588; x_wconf 81' lang='lat' dir='ltr'><strong>enim</strong></span> <span class='ocrx_word' id='word_1_409' title='bbox 3411 2538 3539 2591; x_wconf 82' lang='lat' dir='ltr'><strong>estis</strong></span> 
     </span>
    </p>
   </div>
   <div class='ocr_carea' id='block_1_57' title="bbox 1892 2608 3537 2681">
    <p class='ocr_par' dir='ltr' id='par_1_57' title="bbox 1892 2608 3537 2681">
     <span class='ocr_line' id='line_1_57' title="bbox 1892 2608 3537 2681; baseline 0.013 -22"><span class='ocrx_word' id='word_1_410' title='bbox 1892 2608 2157 2673; x_wconf 86' lang='lat' dir='ltr'><strong>templum</strong></span> <span class='ocrx_word' id='word_1_411' title='bbox 2189 2611 2307 2675; x_wconf 84' lang='lat' dir='ltr'><strong>Dei,</strong></span> <span class='ocrx_word' id='word_1_412' title='bbox 2340 2615 2446 2664; x_wconf 87' lang='lat' dir='ltr'><strong>etc.</strong></span> <span class='ocrx_word' id='word_1_413' title='bbox 2476 2629 2487 2677; x_wconf 87' lang='lat'><strong>;</strong></span> <span class='ocrx_word' id='word_1_414' title='bbox 2523 2613 2690 2681; x_wconf 89' lang='lat' dir='ltr'><strong>quasi</strong></span> <span class='ocrx_word' id='word_1_415' title='bbox 2738 2614 2992 2671; x_wconf 91' lang='lat' dir='ltr'><strong>diceret:</strong></span> <span class='ocrx_word' id='word_1_416' title='bbox 3022 2619 3079 2672; x_wconf 91' lang='lat' dir='ltr'><strong>Si</strong></span> <span class='ocrx_word' id='word_1_417' title='bbox 3129 2637 3227 2675; x_wconf 92' lang='lat' dir='ltr'><strong>vos</strong></span> <span class='ocrx_word' id='word_1_418' title='bbox 3252 2624 3537 2681; x_wconf 90' lang='lat' dir='ltr'><strong>credendo</strong></span> 
     </span>
    </p>
   </div>
   <div class='ocr_carea' id='block_1_58' title="bbox 1892 2696 3538 2780">
    <p class='ocr_par' dir='ltr' id='par_1_58' title="bbox 1892 2696 3538 2780">
     <span class='ocr_line' id='line_1_58' title="bbox 1892 2696 3538 2780; baseline 0.013 -33"><span class='ocrx_word' id='word_1_419' title='bbox 1892 2696 2175 2765; x_wconf 86' lang='lat' dir='ltr'><strong>templum</strong></span> <span class='ocrx_word' id='word_1_420' title='bbox 2201 2696 2296 2751; x_wconf 90' lang='lat' dir='ltr'><strong>Dei</strong></span> <span class='ocrx_word' id='word_1_421' title='bbox 2330 2700 2492 2763; x_wconf 83' lang='lat' dir='ltr'><strong>estis,</strong></span> <span class='ocrx_word' id='word_1_422' title='bbox 2522 2699 2604 2754; x_wconf 92' lang='lat' dir='ltr'><strong>illi</strong></span> <span class='ocrx_word' id='word_1_423' title='bbox 2638 2718 2750 2755; x_wconf 92' lang='lat' dir='ltr'><strong>non</strong></span> <span class='ocrx_word' id='word_1_424' title='bbox 2770 2704 3056 2759; x_wconf 91' lang='lat' dir='ltr'><strong>credendo</strong></span> <span class='ocrx_word' id='word_1_425' title='bbox 3090 2710 3373 2780; x_wconf 87' lang='lat' dir='ltr'><strong>templum</strong></span> <span class='ocrx_word' id='word_1_426' title='bbox 3397 2719 3538 2769; x_wconf 89' lang='lat' dir='ltr'><strong>sunt</strong></span> 
     </span>
    </p>
   </div>
   <div class='ocr_carea' id='block_1_59' title="bbox 1893 2783 3537 2867">
    <p class='ocr_par' dir='ltr' id='par_1_59' title="bbox 1893 2783 3537 2867">
     <span class='ocr_line' id='line_1_59' title="bbox 1893 2783 3537 2867; baseline 0.012 -31"><span class='ocrx_word' id='word_1_427' title='bbox 1893 2783 2107 2837; x_wconf 90' lang='lat' dir='ltr'><strong>diaboli</strong></span> <span class='ocrx_word' id='word_1_428' title='bbox 2145 2810 2157 2850; x_wconf 87' lang='lat'><strong>;</strong></span> <span class='ocrx_word' id='word_1_429' title='bbox 2192 2790 2247 2839; x_wconf 91' lang='lat' dir='ltr'><strong>et</strong></span> <span class='ocrx_word' id='word_1_430' title='bbox 2275 2784 2403 2839; x_wconf 88' lang='lat' dir='ltr'><strong>ideo</strong></span> <span class='ocrx_word' id='word_1_431' title='bbox 2437 2793 2651 2854; x_wconf 87' lang='lat' dir='ltr'><strong>cavete,</strong></span> <span class='ocrx_word' id='word_1_432' title='bbox 2688 2807 2777 2856; x_wconf 90' lang='lat' dir='ltr'><strong>ne,</strong></span> <span class='ocrx_word' id='word_1_433' title='bbox 2800 2808 2899 2862; x_wconf 88' lang='lat' dir='ltr'><strong>per</strong></span> <span class='ocrx_word' id='word_1_434' title='bbox 2932 2794 3356 2867; x_wconf 88' lang='lat' dir='ltr'><strong>inlidelitatem,</strong></span> <span class='ocrx_word' id='word_1_435' title='bbox 3378 2801 3537 2857; x_wconf 91' lang='lat' dir='ltr'><strong>illius</strong></span> 
     </span>
    </p>
   </div>
   <div class='ocr_carea' id='block_1_60' title="bbox 1893 2872 3539 2949">
    <p class='ocr_par' dir='ltr' id='par_1_60' title="bbox 1893 2872 3539 2949">
     <span class='ocr_line' id='line_1_60' title="bbox 1893 2872 3539 2949; baseline 0.013 -25"><span class='ocrx_word' id='word_1_436' title='bbox 1893 2872 2245 2927; x_wconf 83' lang='lat' dir='ltr'><strong>elﬁciamini.</strong></span> <span class='ocrx_word' id='word_1_437' title='bbox 2306 2876 2573 2947; x_wconf 85' lang='lat' dir='ltr'><strong>Templum</strong></span> <span class='ocrx_word' id='word_1_438' title='bbox 2625 2879 2719 2933; x_wconf 85' lang='lat' dir='ltr'><strong>Dei</strong></span> <span class='ocrx_word' id='word_1_439' title='bbox 2752 2882 2861 2934; x_wconf 79' lang='lat' dir='ltr'><strong>rivi</strong></span> <span class='ocrx_word' id='word_1_440' title='bbox 2891 2881 3051 2949; x_wconf 92' lang='lat' dir='ltr'><strong>dicit,</strong></span> <span class='ocrx_word' id='word_1_441' title='bbox 3085 2886 3156 2939; x_wconf 91' lang='lat' dir='ltr'><strong>ad</strong></span> <span class='ocrx_word' id='word_1_442' title='bbox 3209 2887 3539 2946; x_wconf 90' lang='lat' dir='ltr'><strong>distinctio-</strong></span> 
     </span>
    </p>
   </div>
   <div class='ocr_carea' id='block_1_61' title="bbox 1894 2966 3533 3047">
    <p class='ocr_par' dir='ltr' id='par_1_61' title="bbox 1894 2966 3533 3047">
     <span class='ocr_line' id='line_1_61' title="bbox 1894 2966 3533 3047; baseline 0.013 -34"><span class='ocrx_word' id='word_1_443' title='bbox 1894 2978 2024 3014; x_wconf 90' lang='lat' dir='ltr'><strong>nem</strong></span> <span class='ocrx_word' id='word_1_444' title='bbox 2077 2968 2461 3017; x_wconf 90' lang='lat' dir='ltr'><strong>mortuorum.</strong></span> <span class='ocrx_word' id='word_1_445' title='bbox 2514 2966 2790 3037; x_wconf 88' lang='lat' dir='ltr'><strong>Sequitur</strong></span> <span class='ocrx_word' id='word_1_446' title='bbox 2824 2987 2835 3023; x_wconf 89' lang='lat'><strong>:</strong></span> <span class='ocrx_word' id='word_1_447' title='bbox 2873 2972 3141 3037; x_wconf 84' lang='lat' dir='ltr'><strong>Quoniam</strong></span> <span class='ocrx_word' id='word_1_448' title='bbox 3192 2977 3533 3047; x_wconf 84' lang='lat' dir='ltr'><strong>inhabitabo,</strong></span> 
     </span>
    </p>
   </div>
   <div class='ocr_carea' id='block_1_62' title="bbox 1891 3050 3539 3134">
    <p class='ocr_par' dir='ltr' id='par_1_62' title="bbox 1891 3050 3539 3134">
     <span class='ocr_line' id='line_1_62' title="bbox 1891 3050 3539 3134; baseline 0.012 -31"><span class='ocrx_word' id='word_1_449' title='bbox 1891 3054 1999 3104; x_wconf 90' lang='lat' dir='ltr'><strong>etc.</strong></span> <span class='ocrx_word' id='word_1_450' title='bbox 2026 3050 2107 3103; x_wconf 87' lang='lat' dir='ltr'><strong>Ad</strong></span> <span class='ocrx_word' id='word_1_451' title='bbox 2135 3052 2631 3108; x_wconf 84' lang='lat' dir='ltr'><strong>conﬁrmationem</strong></span> <span class='ocrx_word' id='word_1_452' title='bbox 2661 3057 2749 3109; x_wconf 87' lang='lat' dir='ltr'><strong>sui</strong></span> <span class='ocrx_word' id='word_1_453' title='bbox 2776 3056 2883 3112; x_wconf 90' lang='lat' dir='ltr'><strong>iste</strong></span> <span class='ocrx_word' id='word_1_454' title='bbox 2904 3061 3172 3133; x_wconf 86' lang='lat' dir='ltr'><strong>egregius</strong></span> <span class='ocrx_word' id='word_1_455' title='bbox 3195 3067 3539 3134; x_wconf 67' lang='lat' dir='ltr'><strong>praedicator</strong></span> 
     </span>
    </p>
   </div>
   <div class='ocr_carea' id='block_1_63' title="bbox 1892 3137 3539 3226">
    <p class='ocr_par' dir='ltr' id='par_1_63' title="bbox 1892 3137 3539 3226">
     <span class='ocr_line' id='line_1_63' title="bbox 1892 3137 3539 3226; baseline 0.013 -36"><span class='ocrx_word' id='word_1_456' title='bbox 1892 3137 2079 3193; x_wconf 86' lang='lat' dir='ltr'><strong>ﬁdelis</strong></span> <span class='ocrx_word' id='word_1_457' title='bbox 2112 3140 2167 3192; x_wconf 90' lang='lat' dir='ltr'><strong>in</strong></span> <span class='ocrx_word' id='word_1_458' title='bbox 2224 3142 2414 3209; x_wconf 88' lang='lat' dir='ltr'><strong>verbo,</strong></span> <span class='ocrx_word' id='word_1_459' title='bbox 2449 3146 2505 3195; x_wconf 92' lang='lat' dir='ltr'><strong>et</strong></span> <span class='ocrx_word' id='word_1_460' title='bbox 2554 3144 2811 3209; x_wconf 85' lang='lat' dir='ltr'><strong>veritate,</strong></span> <span class='ocrx_word' id='word_1_461' title='bbox 2848 3149 3250 3206; x_wconf 82' lang='lat' dir='ltr'><strong>testimonium</strong></span> <span class='ocrx_word' id='word_1_462' title='bbox 3296 3156 3539 3226; x_wconf 86' lang='lat' dir='ltr'><strong>prophe-</strong></span> 
     </span>
    </p>
   </div>
   <div class='ocr_carea' id='block_1_64' title="bbox 122 3225 3539 3304">
    <p class='ocr_par' dir='ltr' id='par_1_64' title="bbox 122 3225 3539 3304">
     <span class='ocr_line' id='line_1_64' title="bbox 122 3225 3539 3304; baseline 0.001 -17"><span class='ocrx_word' id='word_1_463' title='bbox 122 3230 299 3287; x_wconf 88' lang='lat' dir='ltr'><strong>bonis</strong></span> <span class='ocrx_word' id='word_1_464' title='bbox 314 3226 957 3301; x_wconf 68' lang='lat' dir='ltr'><strong>predicatoribusbona</strong></span> <span class='ocrx_word' id='word_1_465' title='bbox 973 3226 1421 3296; x_wconf 66' lang='lat' dir='ltr'><strong>praedicantibus</strong></span> <span class='ocrx_word' id='word_1_466' title='bbox 1438 3245 1549 3282; x_wconf 92' lang='lat' dir='ltr'><strong>non</strong></span> <span class='ocrx_word' id='word_1_467' title='bbox 1575 3230 1779 3288; x_wconf 90' lang='lat' dir='ltr'><strong>obesse</strong></span> <span class='ocrx_word' id='word_1_468' title='bbox 1811 3237 1852 3302; x_wconf 75' lang='grc' dir='ltr'><strong>ί]</strong></span> <span class='ocrx_word' id='word_1_469' title='bbox 1892 3225 2072 3280; x_wconf 90' lang='lat' dir='ltr'><strong>ticum</strong></span> <span class='ocrx_word' id='word_1_470' title='bbox 2105 3229 2304 3282; x_wconf 90' lang='lat' dir='ltr'><strong>sumit.</strong></span> <span class='ocrx_word' id='word_1_471' title='bbox 2326 3228 2427 3283; x_wconf 89' lang='lat' dir='ltr'><strong>Ubi</strong></span> <span class='ocrx_word' id='word_1_472' title='bbox 2463 3236 2778 3285; x_wconf 90' lang='lat' dir='ltr'><strong>monentur</strong></span> <span class='ocrx_word' id='word_1_473' title='bbox 2801 3236 3225 3304; x_wconf 66' lang='lat' dir='ltr'><strong>praedicatores,</strong></span> <span class='ocrx_word' id='word_1_474' title='bbox 3248 3258 3353 3296; x_wconf 89' lang='lat' dir='ltr'><strong>sua</strong></span> <span class='ocrx_word' id='word_1_475' title='bbox 3384 3225 3539 3300; x_wconf 71' lang='lat' dir='ltr'><strong>dicta</strong></span> 
     </span>
    </p>
   </div>
   <div class='ocr_carea' id='block_1_65' title="bbox 124 3315 1782 3388">
    <p class='ocr_par' dir='ltr' id='par_1_65' title="bbox 124 3315 1782 3388">
     <span class='ocr_line' id='line_1_65' title="bbox 124 3315 1782 3388; baseline -0.002 -11"><span class='ocrx_word' id='word_1_476' title='bbox 124 3324 380 3386; x_wconf 90' lang='lat' dir='ltr'><strong>possunt</strong></span> <span class='ocrx_word' id='word_1_477' title='bbox 412 3316 551 3371; x_wconf 87' lang='lat' dir='ltr'><strong>mali</strong></span> <span class='ocrx_word' id='word_1_478' title='bbox 601 3315 933 3381; x_wconf 89' lang='lat' dir='ltr'><strong>auditores;</strong></span> <span class='ocrx_word' id='word_1_479' title='bbox 967 3319 1026 3368; x_wconf 91' lang='lat' dir='ltr'><strong>et</strong></span> <span class='ocrx_word' id='word_1_480' title='bbox 1056 3315 1184 3369; x_wconf 88' lang='lat' dir='ltr'><strong>ideo</strong></span> <span class='ocrx_word' id='word_1_481' title='bbox 1236 3316 1377 3370; x_wconf 89' lang='lat' dir='ltr'><strong>dicit</strong></span> <span class='ocrx_word' id='word_1_482' title='bbox 1420 3318 1733 3388; x_wconf 80' lang='lat' dir='ltr'><strong>Apostolus</strong></span> <span class='ocrx_word' id='word_1_483' title='bbox 1768 3337 1782 3377; x_wconf 89' lang='lat'><strong>:</strong></span> 
     </span>
    </p>
   </div>
   <div class='ocr_carea' id='block_1_66' title="bbox 122 3404 1787 3477">
    <p class='ocr_par' dir='ltr' id='par_1_66' title="bbox 122 3404 1787 3477">
     <span class='ocr_line' id='line_1_66' title="bbox 122 3404 1787 3477; baseline -0.001 -12"><span class='ocrx_word' id='word_1_484' title='bbox 122 3411 245 3466; x_wconf 82' lang='lat' dir='ltr'><strong>Non</strong></span> <span class='ocrx_word' id='word_1_485' title='bbox 294 3406 699 3477; x_wconf 82' lang='lat' dir='ltr'><strong>angustiamini</strong></span> <span class='ocrx_word' id='word_1_486' title='bbox 744 3405 803 3457; x_wconf 87' lang='lat' dir='ltr'><strong>in</strong></span> <span class='ocrx_word' id='word_1_487' title='bbox 851 3404 1031 3469; x_wconf 83' lang='lat' dir='ltr'><strong>nobis,</strong></span> <span class='ocrx_word' id='word_1_488' title='bbox 1065 3405 1232 3474; x_wconf 85' lang='lat' dir='ltr'><strong>quasi</strong></span> <span class='ocrx_word' id='word_1_489' title='bbox 1282 3405 1541 3461; x_wconf 90' lang='lat' dir='ltr'><strong>diceret:</strong></span> <span class='ocrx_word' id='word_1_490' title='bbox 1575 3408 1633 3461; x_wconf 90' lang='lat' dir='ltr'><strong>Si</strong></span> <span class='ocrx_word' id='word_1_491' title='bbox 1684 3427 1787 3465; x_wconf 91' lang='lat' dir='ltr'><strong>vos</strong></span> 
     </span>
    </p>
   </div>
   <div class='ocr_carea' id='block_1_67' title="bbox 125 3492 1787 3567">
    <p class='ocr_par' dir='ltr' id='par_1_67' title="bbox 125 3492 1787 3567">
     <span class='ocr_line' id='line_1_67' title="bbox 125 3492 1787 3567; baseline 0 -15"><span class='ocrx_word' id='word_1_492' title='bbox 125 3516 245 3554; x_wconf 89' lang='lat' dir='ltr'><strong>non</strong></span> <span class='ocrx_word' id='word_1_493' title='bbox 276 3494 639 3559; x_wconf 86' lang='lat' dir='ltr'><strong>correxistis,</strong></span> <span class='ocrx_word' id='word_1_494' title='bbox 658 3509 773 3548; x_wconf 92' lang='lat' dir='ltr'><strong>non</strong></span> <span class='ocrx_word' id='word_1_495' title='bbox 808 3492 976 3547; x_wconf 89' lang='lat' dir='ltr'><strong>nobis</strong></span> <span class='ocrx_word' id='word_1_496' title='bbox 999 3492 1187 3559; x_wconf 87' lang='lat' dir='ltr'><strong>obest,</strong></span> <span class='ocrx_word' id='word_1_497' title='bbox 1207 3494 1305 3564; x_wconf 91' lang='lat' dir='ltr'><strong>qui</strong></span> <span class='ocrx_word' id='word_1_498' title='bbox 1341 3495 1492 3549; x_wconf 86' lang='lat' dir='ltr'><strong>bona</strong></span> <span class='ocrx_word' id='word_1_499' title='bbox 1514 3498 1787 3567; x_wconf 78' lang='lat' dir='ltr'><strong>praedica-</strong></span> 
     </span>
    </p>
   </div>
   <div class='ocr_carea' id='block_1_68' title="bbox 125 3581 1786 3652">
    <p class='ocr_par' dir='ltr' id='par_1_68' title="bbox 125 3581 1786 3652">
     <span class='ocr_line' id='line_1_68' title="bbox 125 3581 1786 3652; baseline -0.001 -10"><span class='ocrx_word' id='word_1_500' title='bbox 125 3603 294 3650; x_wconf 87' lang='lat' dir='ltr'><strong>mus,</strong></span> <span class='ocrx_word' id='word_1_501' title='bbox 348 3585 451 3638; x_wconf 90' lang='lat' dir='ltr'><strong>sed</strong></span> <span class='ocrx_word' id='word_1_502' title='bbox 503 3582 685 3647; x_wconf 90' lang='lat' dir='ltr'><strong>vobis,</strong></span> <span class='ocrx_word' id='word_1_503' title='bbox 732 3581 828 3652; x_wconf 91' lang='lat' dir='ltr'><strong>qui</strong></span> <span class='ocrx_word' id='word_1_504' title='bbox 884 3581 1068 3636; x_wconf 85' lang='lat' dir='ltr'><strong>facere</strong></span> <span class='ocrx_word' id='word_1_505' title='bbox 1117 3584 1509 3638; x_wconf 89' lang='lat' dir='ltr'><strong>contemnitis.</strong></span> <span class='ocrx_word' id='word_1_506' title='bbox 1563 3590 1631 3639; x_wconf 86' lang='lat' dir='ltr'><strong>Et</strong></span> <span class='ocrx_word' id='word_1_507' title='bbox 1678 3588 1786 3641; x_wconf 93' lang='lat' dir='ltr'><strong>hoc</strong></span> 
     </span>
    </p>
   </div>
   <div class='ocr_carea' id='block_1_69' title="bbox 126 3671 1786 3745">
    <p class='ocr_par' dir='ltr' id='par_1_69' title="bbox 126 3671 1786 3745">
     <span class='ocr_line' id='line_1_69' title="bbox 126 3671 1786 3745; baseline -0.001 -14"><span class='ocrx_word' id='word_1_508' title='bbox 126 3673 421 3745; x_wconf 89' lang='lat' dir='ltr'><strong>est,quod</strong></span> <span class='ocrx_word' id='word_1_509' title='bbox 454 3671 651 3726; x_wconf 89' lang='lat' dir='ltr'><strong>subdit</strong></span> <span class='ocrx_word' id='word_1_510' title='bbox 680 3688 695 3725; x_wconf 88' lang='lat'><strong>:</strong></span> <span class='ocrx_word' id='word_1_511' title='bbox 724 3672 1141 3740; x_wconf 82' lang='lat' dir='ltr'><strong>Angustiamini</strong></span> <span class='ocrx_word' id='word_1_512' title='bbox 1170 3674 1227 3725; x_wconf 91' lang='lat' dir='ltr'><strong>in</strong></span> <span class='ocrx_word' id='word_1_513' title='bbox 1252 3673 1545 3728; x_wconf 78' lang='lat' dir='ltr'><strong>visceribus</strong></span> <span class='ocrx_word' id='word_1_514' title='bbox 1566 3678 1754 3731; x_wconf 85' lang='lat' dir='ltr'><strong>vestris</strong></span> <span class='ocrx_word' id='word_1_515' title='bbox 1768 3693 1786 3735; x_wconf 91' lang='grc'><strong>.·</strong></span> 
     </span>
    </p>
   </div>
   <div class='ocr_carea' id='block_1_70' title="bbox 127 3761 1787 3833">
    <p class='ocr_par' dir='ltr' id='par_1_70' title="bbox 127 3761 1787 3833">
     <span class='ocr_line' id='line_1_70' title="bbox 127 3761 1787 3833; baseline -0.001 -13"><span class='ocrx_word' id='word_1_516' title='bbox 127 3764 386 3821; x_wconf 80' lang='lat' dir='ltr'><strong>eamdem</strong></span> <span class='ocrx_word' id='word_1_517' title='bbox 415 3764 605 3817; x_wconf 82' lang='lat' dir='ltr'><strong>autem</strong></span> <span class='ocrx_word' id='word_1_518' title='bbox 658 3761 914 3815; x_wconf 78' lang='lat' dir='ltr'><strong>habentes</strong></span> <span class='ocrx_word' id='word_1_519' title='bbox 953 3764 1453 3816; x_wconf 82' lang='lat' dir='ltr'><strong>remunerationem</strong></span> <span class='ocrx_word' id='word_1_520' title='bbox 1482 3764 1787 3833; x_wconf 86' lang='lat' dir='ltr'><strong>(subaudi-</strong></span> 
     </span>
    </p>
   </div>
   <div class='ocr_carea' id='block_1_71' title="bbox 127 3849 1786 3921">
    <p class='ocr_par' dir='ltr' id='par_1_71' title="bbox 127 3849 1786 3921">
     <span class='ocr_line' id='line_1_71' title="bbox 127 3849 1786 3921; baseline 0 -12"><span class='ocrx_word' id='word_1_521' title='bbox 127 3862 249 3917; x_wconf 85' lang='lat' dir='ltr'><strong>tur,</strong></span> <span class='ocrx_word' id='word_1_522' title='bbox 301 3850 512 3921; x_wconf 86' lang='lat' dir='ltr'><strong>eritis).</strong></span> <span class='ocrx_word' id='word_1_523' title='bbox 546 3849 722 3913; x_wconf 78' lang='lat' dir='ltr'><strong>Quasi</strong></span> <span class='ocrx_word' id='word_1_524' title='bbox 769 3850 987 3904; x_wconf 89' lang='lat' dir='ltr'><strong>diceret</strong></span> <span class='ocrx_word' id='word_1_525' title='bbox 1034 3868 1045 3903; x_wconf 87' lang='lat'>:</span> <span class='ocrx_word' id='word_1_526' title='bbox 1097 3851 1151 3903; x_wconf 91' lang='lat' dir='ltr'><strong>Si</strong></span> <span class='ocrx_word' id='word_1_527' title='bbox 1201 3852 1472 3905; x_wconf 91' lang='lat' dir='ltr'><strong>eumdem</strong></span> <span class='ocrx_word' id='word_1_528' title='bbox 1525 3868 1786 3919; x_wconf 88' lang='lat' dir='ltr'><strong>cursum,</strong></span> 
     </span>
    </p>
   </div>
   <div class='ocr_carea' id='block_1_72' title="bbox 133 3938 1789 4013">
    <p class='ocr_par' dir='ltr' id='par_1_72' title="bbox 133 3938 1789 4013">
     <span class='ocr_line' id='line_1_72' title="bbox 133 3938 1789 4013; baseline -0.001 -16"><span class='ocrx_word' id='word_1_529' title='bbox 133 3957 313 4013; x_wconf 89' lang='lat' dir='ltr'><strong>quem</strong></span> <span class='ocrx_word' id='word_1_530' title='bbox 349 3956 479 4002; x_wconf 88' lang='lat' dir='ltr'><strong>nos,</strong></span> <span class='ocrx_word' id='word_1_531' title='bbox 504 3938 894 4001; x_wconf 89' lang='lat' dir='ltr'><strong>cocurreritis,</strong></span> <span class='ocrx_word' id='word_1_532' title='bbox 928 3938 1191 3992; x_wconf 87' lang='lat' dir='ltr'><strong>eamdem</strong></span> <span class='ocrx_word' id='word_1_533' title='bbox 1252 3938 1542 3995; x_wconf 80' lang='lat' dir='ltr'><strong>habebitis</strong></span> <span class='ocrx_word' id='word_1_534' title='bbox 1599 3958 1789 3996; x_wconf 90' lang='lat' dir='ltr'><strong>remu-</strong></span> 
     </span>
    </p>
   </div>
   <div class='ocr_carea' id='block_1_73' title="bbox 135 4025 1791 4101">
    <p class='ocr_par' dir='ltr' id='par_1_73' title="bbox 135 4025 1791 4101">
     <span class='ocr_line' id='line_1_73' title="bbox 135 4025 1791 4101; baseline 0.001 -17"><span class='ocrx_word' id='word_1_535' title='bbox 135 4028 544 4084; x_wconf 88' lang='lat' dir='ltr'><strong>nerationem:</strong></span> <span class='ocrx_word' id='word_1_536' title='bbox 600 4030 655 4079; x_wconf 88' lang='lat' dir='ltr'><strong>et</strong></span> <span class='ocrx_word' id='word_1_537' title='bbox 719 4025 816 4095; x_wconf 90' lang='lat' dir='ltr'><strong>qui</strong></span> <span class='ocrx_word' id='word_1_538' title='bbox 858 4026 1122 4080; x_wconf 88' lang='lat' dir='ltr'><strong>eamdem</strong></span> <span class='ocrx_word' id='word_1_539' title='bbox 1184 4031 1241 4081; x_wconf 89' lang='lat' dir='ltr'><strong>et</strong></span> <span class='ocrx_word' id='word_1_540' title='bbox 1289 4032 1573 4099; x_wconf 86' lang='lat' dir='ltr'><strong>tanquam</strong></span> <span class='ocrx_word' id='word_1_541' title='bbox 1626 4034 1791 4101; x_wconf 89' lang='lat' dir='ltr'><strong>pater</strong></span> 
     </span>
    </p>
   </div>
   <div class='ocr_carea' id='block_1_74' title="bbox 130 4113 1787 4186">
    <p class='ocr_par' dir='ltr' id='par_1_74' title="bbox 130 4113 1787 4186">
     <span class='ocr_line' id='line_1_74' title="bbox 130 4113 1787 4186; baseline 0.002 -14"><span class='ocrx_word' id='word_1_542' title='bbox 130 4118 287 4173; x_wconf 78' lang='lat' dir='ltr'><strong>ﬁlios</strong></span> <span class='ocrx_word' id='word_1_543' title='bbox 347 4132 579 4179; x_wconf 81' lang='lat' dir='ltr'><strong>moneo,</strong></span> <span class='ocrx_word' id='word_1_544' title='bbox 641 4113 973 4168; x_wconf 83' lang='lat' dir='ltr'><strong>dilatamini.</strong></span> <span class='ocrx_word' id='word_1_545' title='bbox 1034 4114 1198 4169; x_wconf 89' lang='lat' dir='ltr'><strong>Sicut</strong></span> <span class='ocrx_word' id='word_1_546' title='bbox 1245 4116 1401 4171; x_wconf 90' lang='lat' dir='ltr'><strong>enim</strong></span> <span class='ocrx_word' id='word_1_547' title='bbox 1462 4118 1787 4186; x_wconf 91' lang='lat' dir='ltr'><strong>sacculum,</strong></span> 
     </span>
    </p>
   </div>
   <div class='ocr_carea' id='block_1_75' title="bbox 128 4202 1789 4275">
    <p class='ocr_par' dir='ltr' id='par_1_75' title="bbox 128 4202 1789 4275">
     <span class='ocr_line' id='line_1_75' title="bbox 128 4202 1789 4275; baseline -0.001 -12"><span class='ocrx_word' id='word_1_548' title='bbox 128 4209 175 4263; x_wconf 90' lang='lat' dir='ltr'><strong>si</strong></span> <span class='ocrx_word' id='word_1_549' title='bbox 211 4224 333 4261; x_wconf 90' lang='lat' dir='ltr'><strong>non</strong></span> <span class='ocrx_word' id='word_1_550' title='bbox 367 4203 563 4275; x_wconf 88' lang='lat' dir='ltr'><strong>capiat</strong></span> <span class='ocrx_word' id='word_1_551' title='bbox 593 4203 749 4273; x_wconf 91' lang='lat' dir='ltr'><strong>quod</strong></span> <span class='ocrx_word' id='word_1_552' title='bbox 803 4202 1119 4274; x_wconf 83' lang='lat' dir='ltr'><strong>pretiosum</strong></span> <span class='ocrx_word' id='word_1_553' title='bbox 1150 4208 1259 4269; x_wconf 88' lang='lat' dir='ltr'><strong>est,</strong></span> <span class='ocrx_word' id='word_1_554' title='bbox 1293 4207 1689 4273; x_wconf 85' lang='lat' dir='ltr'><strong>extendimus,</strong></span> <span class='ocrx_word' id='word_1_555' title='bbox 1722 4212 1789 4262; x_wconf 89' lang='lat' dir='ltr'><strong>ut</strong></span> 
     </span>
    </p>
   </div>
   <div class='ocr_carea' id='block_1_76' title="bbox 128 4292 1788 4368">
    <p class='ocr_par' dir='ltr' id='par_1_76' title="bbox 128 4292 1788 4368">
     <span class='ocr_line' id='line_1_76' title="bbox 128 4292 1788 4368; baseline -0.002 -15"><span class='ocrx_word' id='word_1_556' title='bbox 128 4311 346 4368; x_wconf 86' lang='lat' dir='ltr'><strong>capere</strong></span> <span class='ocrx_word' id='word_1_557' title='bbox 396 4292 604 4365; x_wconf 83' lang='lat' dir='ltr'><strong>possit,</strong></span> <span class='ocrx_word' id='word_1_558' title='bbox 656 4292 738 4345; x_wconf 90' lang='lat' dir='ltr'><strong>ita</strong></span> <span class='ocrx_word' id='word_1_559' title='bbox 792 4296 991 4345; x_wconf 87' lang='lat' dir='ltr'><strong>monet</strong></span> <span class='ocrx_word' id='word_1_560' title='bbox 1036 4292 1351 4362; x_wconf 87' lang='lat' dir='ltr'><strong>Apostolus</strong></span> <span class='ocrx_word' id='word_1_561' title='bbox 1402 4294 1632 4349; x_wconf 87' lang='lat' dir='ltr'><strong>dilatari</strong></span> <span class='ocrx_word' id='word_1_562' title='bbox 1679 4296 1788 4350; x_wconf 89' lang='lat' dir='ltr'><strong>Co-</strong></span> 
     </span>
    </p>
   </div>
   <div class='ocr_carea' id='block_1_77' title="bbox 128 4381 1789 4453">
    <p class='ocr_par' dir='ltr' id='par_1_77' title="bbox 128 4381 1789 4453">
     <span class='ocr_line' id='line_1_77' title="bbox 128 4381 1789 4453; baseline -0.001 -13"><span class='ocrx_word' id='word_1_563' title='bbox 128 4383 413 4447; x_wconf 89' lang='lat' dir='ltr'><strong>rinthios,</strong></span> <span class='ocrx_word' id='word_1_564' title='bbox 465 4387 529 4436; x_wconf 90' lang='lat' dir='ltr'><strong>ut</strong></span> <span class='ocrx_word' id='word_1_565' title='bbox 575 4381 907 4452; x_wconf 86' lang='lat' dir='ltr'><strong>capaciores</strong></span> <span class='ocrx_word' id='word_1_566' title='bbox 956 4381 1319 4447; x_wconf 89' lang='lat' dir='ltr'><strong>reddantur;</strong></span> <span class='ocrx_word' id='word_1_567' title='bbox 1383 4388 1671 4453; x_wconf 88' lang='lat' dir='ltr'><strong>quatenus</strong></span> <span class='ocrx_word' id='word_1_568' title='bbox 1723 4400 1789 4438; x_wconf 89' lang='lat' dir='ltr'><strong>ea</strong></span> 
     </span>
    </p>
   </div>
   <div class='ocr_carea' id='block_1_78' title="bbox 128 4469 1791 4545">
    <p class='ocr_par' dir='ltr' id='par_1_78' title="bbox 128 4469 1791 4545">
     <span class='ocr_line' id='line_1_78' title="bbox 128 4469 1791 4545; baseline -0.002 -17"><span class='ocrx_word' id='word_1_569' title='bbox 128 4473 416 4545; x_wconf 86' lang='lat' dir='ltr'><strong>pretiosa,</strong></span> <span class='ocrx_word' id='word_1_570' title='bbox 468 4487 593 4541; x_wconf 71' lang='lat' dir='ltr'><strong>qua:</strong></span> <span class='ocrx_word' id='word_1_571' title='bbox 644 4469 905 4524; x_wconf 89' lang='lat' dir='ltr'><strong>dicturus</strong></span> <span class='ocrx_word' id='word_1_572' title='bbox 957 4474 1098 4535; x_wconf 88' lang='lat' dir='ltr'><strong>erat,</strong></span> <span class='ocrx_word' id='word_1_573' title='bbox 1151 4486 1355 4540; x_wconf 89' lang='lat' dir='ltr'><strong>capere</strong></span> <span class='ocrx_word' id='word_1_574' title='bbox 1406 4478 1663 4541; x_wconf 89' lang='lat' dir='ltr'><strong>possent.</strong></span> <span class='ocrx_word' id='word_1_575' title='bbox 1722 4473 1791 4525; x_wconf 84' lang='lat' dir='ltr'><strong>Et</strong></span> 
     </span>
    </p>
   </div>
   <div class='ocr_carea' id='block_1_79' title="bbox 126 4558 1788 4631">
    <p class='ocr_par' dir='ltr' id='par_1_79' title="bbox 126 4558 1788 4631">
     <span class='ocr_line' id='line_1_79' title="bbox 126 4558 1788 4631; baseline -0.002 -13"><span class='ocrx_word' id='word_1_576' title='bbox 126 4565 264 4618; x_wconf 90' lang='lat' dir='ltr'><strong>ideo</strong></span> <span class='ocrx_word' id='word_1_577' title='bbox 298 4560 475 4615; x_wconf 89' lang='lat' dir='ltr'><strong>dicit:</strong></span> <span class='ocrx_word' id='word_1_578' title='bbox 510 4559 853 4625; x_wconf 84' lang='lat' dir='ltr'><strong>Dilatamini,</strong></span> <span class='ocrx_word' id='word_1_579' title='bbox 874 4559 1042 4629; x_wconf 87' lang='lat' dir='ltr'><strong>quasi</strong></span> <span class='ocrx_word' id='word_1_580' title='bbox 1065 4558 1284 4613; x_wconf 85' lang='lat' dir='ltr'><strong>diceret</strong></span> <span class='ocrx_word' id='word_1_581' title='bbox 1307 4576 1319 4613; x_wconf 91' lang='lat'>:</span> <span class='ocrx_word' id='word_1_582' title='bbox 1346 4562 1600 4631; x_wconf 89' lang='lat' dir='ltr'><strong>Capaces</strong></span> <span class='ocrx_word' id='word_1_583' title='bbox 1622 4560 1788 4629; x_wconf 89' lang='lat' dir='ltr'><strong>estis,</strong></span> 
     </span>
    </p>
   </div>
   <div class='ocr_carea' id='block_1_80' title="bbox 128 4648 1786 4720">
    <p class='ocr_par' dir='ltr' id='par_1_80' title="bbox 128 4648 1786 4720">
     <span class='ocr_line' id='line_1_80' title="bbox 128 4648 1786 4720; baseline -0.003 -12"><span class='ocrx_word' id='word_1_584' title='bbox 128 4652 237 4708; x_wconf 89' lang='lat' dir='ltr'><strong>sed</strong></span> <span class='ocrx_word' id='word_1_585' title='bbox 292 4648 626 4720; x_wconf 85' lang='lat' dir='ltr'><strong>capaciores</strong></span> <span class='ocrx_word' id='word_1_586' title='bbox 673 4652 880 4713; x_wconf 88' lang='lat' dir='ltr'><strong>estote,</strong></span> <span class='ocrx_word' id='word_1_587' title='bbox 915 4653 979 4702; x_wconf 90' lang='lat' dir='ltr'><strong>ut</strong></span> <span class='ocrx_word' id='word_1_588' title='bbox 1030 4663 1235 4718; x_wconf 88' lang='lat' dir='ltr'><strong>capere</strong></span> <span class='ocrx_word' id='word_1_589' title='bbox 1286 4649 1526 4719; x_wconf 90' lang='lat' dir='ltr'><strong>possitis</strong></span> <span class='ocrx_word' id='word_1_590' title='bbox 1577 4655 1633 4705; x_wconf 91' lang='lat' dir='ltr'><strong>et</strong></span> <span class='ocrx_word' id='word_1_591' title='bbox 1664 4666 1786 4704; x_wconf 90' lang='lat' dir='ltr'><strong>vos.</strong></span> 
     </span>
    </p>
   </div>
   <div class='ocr_carea' id='block_1_81' title="bbox 128 4736 1787 4808">
    <p class='ocr_par' dir='ltr' id='par_1_81' title="bbox 128 4736 1787 4808">
     <span class='ocr_line' id='line_1_81' title="bbox 128 4736 1787 4808; baseline -0.001 -14"><span class='ocrx_word' id='word_1_592' title='bbox 128 4739 267 4794; x_wconf 85' lang='lat' dir='ltr'><strong>Non</strong></span> <span class='ocrx_word' id='word_1_593' title='bbox 323 4736 481 4790; x_wconf 89' lang='lat' dir='ltr'><strong>enim</strong></span> <span class='ocrx_word' id='word_1_594' title='bbox 528 4736 687 4805; x_wconf 86' lang='lat' dir='ltr'><strong>dicit,</strong></span> <span class='ocrx_word' id='word_1_595' title='bbox 747 4753 867 4803; x_wconf 85' lang='lat' dir='ltr'><strong>vos,</strong></span> <span class='ocrx_word' id='word_1_596' title='bbox 923 4737 1045 4805; x_wconf 90' lang='lat' dir='ltr'><strong>sed,</strong></span> <span class='ocrx_word' id='word_1_597' title='bbox 1103 4740 1157 4791; x_wconf 87' lang='lat' dir='ltr'><strong>et</strong></span> <span class='ocrx_word' id='word_1_598' title='bbox 1214 4753 1336 4798; x_wconf 84' lang='lat' dir='ltr'><strong>vos;</strong></span> <span class='ocrx_word' id='word_1_599' title='bbox 1369 4738 1534 4808; x_wconf 90' lang='lat' dir='ltr'><strong>quasi</strong></span> <span class='ocrx_word' id='word_1_600' title='bbox 1590 4736 1787 4793; x_wconf 86' lang='lat' dir='ltr'><strong>dicat:</strong></span> 
     </span>
    </p>
   </div>
   <div class='ocr_carea' id='block_1_82' title="bbox 124 4822 1792 4896">
    <p class='ocr_par' dir='ltr' id='par_1_82' title="bbox 124 4822 1792 4896">
     <span class='ocr_line' id='line_1_82' title="bbox 124 4822 1792 4896; baseline 0.002 -16"><span class='ocrx_word' id='word_1_601' title='bbox 124 4828 271 4883; x_wconf 86' lang='lat' dir='ltr'><strong>Jam</strong></span> <span class='ocrx_word' id='word_1_602' title='bbox 308 4840 415 4878; x_wconf 89' lang='lat' dir='ltr'><strong>nos</strong></span> <span class='ocrx_word' id='word_1_603' title='bbox 447 4822 665 4879; x_wconf 88' lang='lat' dir='ltr'><strong>dilatati</strong></span> <span class='ocrx_word' id='word_1_604' title='bbox 700 4842 908 4879; x_wconf 88' lang='lat' dir='ltr'><strong>sumus</strong></span> <span class='ocrx_word' id='word_1_605' title='bbox 940 4826 1012 4879; x_wconf 90' lang='lat' dir='ltr'><strong>ab</strong></span> <span class='ocrx_word' id='word_1_606' title='bbox 1047 4824 1198 4879; x_wconf 88' lang='lat' dir='ltr'><strong>bona</strong></span> <span class='ocrx_word' id='word_1_607' title='bbox 1228 4827 1665 4896; x_wconf 77' lang='lat' dir='ltr'><strong>proferendum,</strong></span> <span class='ocrx_word' id='word_1_608' title='bbox 1693 4844 1792 4883; x_wconf 88' lang='lat' dir='ltr'><strong>vos</strong></span> 
     </span>
    </p>
   </div>
   <div class='ocr_carea' id='block_1_83' title="bbox 128 4911 980 4985">
    <p class='ocr_par' dir='ltr' id='par_1_83' title="bbox 128 4911 980 4985">
     <span class='ocr_line' id='line_1_83' title="bbox 128 4911 980 4985; baseline -0.004 -14"><span class='ocrx_word' id='word_1_609' title='bbox 128 4911 473 4971; x_wconf 88' lang='lat' dir='ltr'><strong>dilatamini</strong></span> <span class='ocrx_word' id='word_1_610' title='bbox 508 4912 577 4966; x_wconf 90' lang='lat' dir='ltr'><strong>ad</strong></span> <span class='ocrx_word' id='word_1_611' title='bbox 608 4914 980 4985; x_wconf 87' lang='lat' dir='ltr'><strong>capiendum.</strong></span> 
     </span>
    </p>
   </div>
   <div class='ocr_carea' id='block_1_84' title="bbox 204 5002 1791 5076">
    <p class='ocr_par' dir='ltr' id='par_1_84' title="bbox 204 5002 1791 5076">
     <span class='ocr_line' id='line_1_84' title="bbox 204 5002 1791 5076; baseline 0.001 -17"><span class='ocrx_word' id='word_1_612' title='bbox 204 5006 283 5059; x_wconf 85' lang='lat' dir='ltr'><strong>Et</strong></span> <span class='ocrx_word' id='word_1_613' title='bbox 336 5003 508 5056; x_wconf 81' lang='lat' dir='ltr'><strong>nolite</strong></span> <span class='ocrx_word' id='word_1_614' title='bbox 549 5002 748 5073; x_wconf 85' lang='lat' dir='ltr'><strong>jugum</strong></span> <span class='ocrx_word' id='word_1_615' title='bbox 795 5002 1011 5071; x_wconf 84' lang='lat' dir='ltr'><strong>ducere,</strong></span> <span class='ocrx_word' id='word_1_616' title='bbox 1062 5008 1171 5057; x_wconf 85' lang='lat' dir='ltr'><strong>etc.</strong></span> <span class='ocrx_word' id='word_1_617' title='bbox 1221 5003 1437 5075; x_wconf 87' lang='lat' dir='ltr'><strong>Jugum</strong></span> <span class='ocrx_word' id='word_1_618' title='bbox 1483 5006 1639 5059; x_wconf 87' lang='lat' dir='ltr'><strong>enim</strong></span> <span class='ocrx_word' id='word_1_619' title='bbox 1688 5023 1791 5076; x_wconf 90' lang='lat' dir='ltr'><strong>pro</strong></span> 
     </span>
    </p>
   </div>
   <div class='ocr_carea' id='block_1_85' title="bbox 128 5090 1792 5163">
    <p class='ocr_par' dir='ltr' id='par_1_85' title="bbox 128 5090 1792 5163">
     <span class='ocr_line' id='line_1_85' title="bbox 128 5090 1792 5163; baseline 0 -14"><span class='ocrx_word' id='word_1_620' title='bbox 128 5093 412 5149; x_wconf 88' lang='lat' dir='ltr'><strong>societate</strong></span> <span class='ocrx_word' id='word_1_621' title='bbox 443 5090 837 5163; x_wconf 83' lang='lat' dir='ltr'><strong>ponitur,ideo</strong></span> <span class='ocrx_word' id='word_1_622' title='bbox 870 5091 1007 5162; x_wconf 91' lang='lat' dir='ltr'><strong>quia</strong></span> <span class='ocrx_word' id='word_1_623' title='bbox 1033 5092 1234 5146; x_wconf 90' lang='lat' dir='ltr'><strong>eodem</strong></span> <span class='ocrx_word' id='word_1_624' title='bbox 1260 5093 1597 5163; x_wconf 87' lang='lat' dir='ltr'><strong>junguntur</strong></span> <span class='ocrx_word' id='word_1_625' title='bbox 1618 5094 1792 5149; x_wconf 89' lang='lat' dir='ltr'><strong>boves</strong></span> 
     </span>
    </p>
   </div>
   <div class='ocr_carea' id='block_1_86' title="bbox 127 5179 1787 5251">
    <p class='ocr_par' dir='ltr' id='par_1_86' title="bbox 127 5179 1787 5251">
     <span class='ocr_line' id='line_1_86' title="bbox 127 5179 1787 5251; baseline 0 -14"><span class='ocrx_word' id='word_1_626' title='bbox 127 5182 200 5237; x_wconf 89' lang='lat' dir='ltr'><strong>ab</strong></span> <span class='ocrx_word' id='word_1_627' title='bbox 262 5180 485 5251; x_wconf 85' lang='lat' dir='ltr'><strong>aliquo,</strong></span> <span class='ocrx_word' id='word_1_628' title='bbox 538 5183 595 5232; x_wconf 91' lang='lat' dir='ltr'><strong>et</strong></span> <span class='ocrx_word' id='word_1_629' title='bbox 643 5179 778 5248; x_wconf 90' lang='lat' dir='ltr'><strong>equi</strong></span> <span class='ocrx_word' id='word_1_630' title='bbox 829 5180 899 5233; x_wconf 89' lang='lat' dir='ltr'><strong>ad</strong></span> <span class='ocrx_word' id='word_1_631' title='bbox 960 5197 1219 5235; x_wconf 90' lang='lat' dir='ltr'><strong>currum.</strong></span> <span class='ocrx_word' id='word_1_632' title='bbox 1272 5182 1339 5235; x_wconf 84' lang='lat' dir='ltr'><strong>Et</strong></span> <span class='ocrx_word' id='word_1_633' title='bbox 1379 5186 1466 5235; x_wconf 89' lang='lat' dir='ltr'><strong>est</strong></span> <span class='ocrx_word' id='word_1_634' title='bbox 1516 5198 1725 5237; x_wconf 87' lang='lat' dir='ltr'><strong>sensus</strong></span> <span class='ocrx_word' id='word_1_635' title='bbox 1774 5199 1787 5237; x_wconf 87' lang='lat'><strong>:</strong></span> 
     </span>
    </p>
   </div>
   <div class='ocr_carea' id='block_1_87' title="bbox 125 5267 1791 5341">
    <p class='ocr_par' dir='ltr' id='par_1_87' title="bbox 125 5267 1791 5341">
     <span class='ocr_line' id='line_1_87' title="bbox 125 5267 1791 5341; baseline 0 -15"><span class='ocrx_word' id='word_1_636' title='bbox 125 5272 314 5326; x_wconf 82' lang='lat' dir='ltr'><strong>Nolite</strong></span> <span class='ocrx_word' id='word_1_637' title='bbox 348 5271 561 5341; x_wconf 80' lang='lat' dir='ltr'><strong>jugum</strong></span> <span class='ocrx_word' id='word_1_638' title='bbox 607 5267 823 5339; x_wconf 86' lang='lat' dir='ltr'><strong>ducere,</strong></span> <span class='ocrx_word' id='word_1_639' title='bbox 857 5274 963 5323; x_wconf 90' lang='lat' dir='ltr'><strong>etc.</strong></span> <span class='ocrx_word' id='word_1_640' title='bbox 997 5288 1010 5337; x_wconf 90' lang='lat'><strong>;</strong></span> <span class='ocrx_word' id='word_1_641' title='bbox 1058 5269 1115 5323; x_wconf 92' lang='lat' dir='ltr'><strong>id</strong></span> <span class='ocrx_word' id='word_1_642' title='bbox 1148 5274 1256 5337; x_wconf 88' lang='lat' dir='ltr'><strong>est,</strong></span> <span class='ocrx_word' id='word_1_643' title='bbox 1291 5269 1469 5324; x_wconf 91' lang='lat' dir='ltr'><strong>nolite</strong></span> <span class='ocrx_word' id='word_1_644' title='bbox 1516 5270 1791 5326; x_wconf 90' lang='lat' dir='ltr'><strong>societate</strong></span> 
     </span>
    </p>
   </div>
   <div class='ocr_carea' id='block_1_88' title="bbox 122 5355 1789 5428">
    <p class='ocr_par' dir='ltr' id='par_1_88' title="bbox 122 5355 1789 5428">
     <span class='ocr_line' id='line_1_88' title="bbox 122 5355 1789 5428; baseline 0.001 -14"><span class='ocrx_word' id='word_1_645' title='bbox 122 5358 459 5414; x_wconf 80' lang='lat' dir='ltr'><strong>inﬁdelium</strong></span> <span class='ocrx_word' id='word_1_646' title='bbox 513 5355 761 5428; x_wconf 83' lang='lat' dir='ltr'><strong>perfrui.</strong></span> <span class='ocrx_word' id='word_1_647' title='bbox 814 5356 881 5411; x_wconf 83' lang='lat' dir='ltr'><strong>Et</strong></span> <span class='ocrx_word' id='word_1_648' title='bbox 926 5357 1127 5413; x_wconf 87' lang='lat' dir='ltr'><strong>volens</strong></span> <span class='ocrx_word' id='word_1_649' title='bbox 1178 5375 1345 5415; x_wconf 87' lang='lat' dir='ltr'><strong>suam</strong></span> <span class='ocrx_word' id='word_1_650' title='bbox 1396 5358 1789 5416; x_wconf 86' lang='lat' dir='ltr'><strong>narrationem</strong></span> 
     </span>
    </p>
   </div>
   <div class='ocr_carea' id='block_1_89' title="bbox 891 5593 1595 5669">
    <p class='ocr_par' dir='ltr' id='par_1_89' title="bbox 891 5593 1595 5669">
     <span class='ocr_line' id='line_1_89' title="bbox 891 5593 1595 5669; baseline 0.004 -20"><span class='ocrx_word' id='word_1_651' title='bbox 891 5593 1030 5669; x_wconf 62' lang='lat' dir='ltr'><strong>.hic</strong></span> <span class='ocrx_word' id='word_1_652' title='bbox 1060 5593 1271 5669; x_wconf 85' lang='lat' dir='ltr'><strong>legitur</strong></span> <span class='ocrx_word' id='word_1_653' title='bbox 1301 5612 1426 5669; x_wconf 78' lang='lat' dir='ltr'><strong>cap.</strong></span> <span class='ocrx_word' id='word_1_654' title='bbox 1458 5595 1595 5653; x_wconf 82' lang='grc' dir='ltr'><strong>ΧΙΧ.</strong></span> 
     </span>
    </p>
   </div>
   <div class='ocr_carea' id='block_1_90' title="bbox 1895 3314 3537 3398">
    <p class='ocr_par' dir='ltr' id='par_1_90' title="bbox 1895 3314 3537 3398">
     <span class='ocr_line' id='line_1_90' title="bbox 1895 3314 3537 3398; baseline 0.012 -31"><span class='ocrx_word' id='word_1_655' title='bbox 1895 3314 2142 3368; x_wconf 87' lang='lat' dir='ltr'><strong>aliorum</strong></span> <span class='ocrx_word' id='word_1_656' title='bbox 2176 3317 2451 3370; x_wconf 88' lang='lat' dir='ltr'><strong>studeant</strong></span> <span class='ocrx_word' id='word_1_657' title='bbox 2494 3320 2840 3374; x_wconf 81' lang='lat' dir='ltr'><strong>conﬁrmare</strong></span> <span class='ocrx_word' id='word_1_658' title='bbox 2882 3325 3188 3395; x_wconf 86' lang='lat' dir='ltr'><strong>exemplis.</strong></span> <span class='ocrx_word' id='word_1_659' title='bbox 3223 3328 3332 3383; x_wconf 89' lang='lat' dir='ltr'><strong>Sed</strong></span> <span class='ocrx_word' id='word_1_660' title='bbox 3358 3332 3537 3398; x_wconf 65' lang='lat' dir='ltr'><strong>quaeri</strong></span> 
     </span>
    </p>
   </div>
   <div class='ocr_carea' id='block_1_91' title="bbox 1896 3405 3535 3484">
    <p class='ocr_par' dir='ltr' id='par_1_91' title="bbox 1896 3405 3535 3484">
     <span class='ocr_line' id='line_1_91' title="bbox 1896 3405 3535 3484; baseline 0.011 -27"><span class='ocrx_word' id='word_1_661' title='bbox 1896 3408 2087 3473; x_wconf 87' lang='lat' dir='ltr'><strong>potest</strong></span> <span class='ocrx_word' id='word_1_662' title='bbox 2118 3420 2296 3473; x_wconf 90' lang='lat' dir='ltr'><strong>quare</strong></span> <span class='ocrx_word' id='word_1_663' title='bbox 2328 3405 2482 3458; x_wconf 91' lang='lat' dir='ltr'><strong>dicat</strong></span> <span class='ocrx_word' id='word_1_664' title='bbox 2516 3423 2527 3459; x_wconf 93' lang='lat'>:</span> <span class='ocrx_word' id='word_1_665' title='bbox 2560 3406 2907 3477; x_wconf 85' lang='lat' dir='ltr'><strong>Inhabitabo,</strong></span> <span class='ocrx_word' id='word_1_666' title='bbox 2951 3416 3009 3465; x_wconf 90' lang='lat' dir='ltr'><strong>et</strong></span> <span class='ocrx_word' id='word_1_667' title='bbox 3036 3415 3370 3484; x_wconf 79' lang='lat' dir='ltr'><strong>ambulabo;</strong></span> <span class='ocrx_word' id='word_1_668' title='bbox 3402 3435 3535 3475; x_wconf 92' lang='lat' dir='ltr'><strong>cum</strong></span> 
     </span>
    </p>
   </div>
   <div class='ocr_carea' id='block_1_92' title="bbox 1897 3490 3540 3563">
    <p class='ocr_par' dir='ltr' id='par_1_92' title="bbox 1897 3490 3540 3563">
     <span class='ocr_line' id='line_1_92' title="bbox 1897 3490 3540 3563; baseline 0.012 -20"><span class='ocrx_word' id='word_1_669' title='bbox 1897 3490 1993 3545; x_wconf 91' lang='lat' dir='ltr'><strong>ille</strong></span> <span class='ocrx_word' id='word_1_670' title='bbox 2026 3493 2242 3563; x_wconf 90' lang='lat' dir='ltr'><strong>ubique</strong></span> <span class='ocrx_word' id='word_1_671' title='bbox 2274 3492 2368 3555; x_wconf 91' lang='lat' dir='ltr'><strong>sit,</strong></span> <span class='ocrx_word' id='word_1_672' title='bbox 2402 3497 2459 3547; x_wconf 89' lang='lat' dir='ltr'><strong>et</strong></span> <span class='ocrx_word' id='word_1_673' title='bbox 2506 3496 2703 3549; x_wconf 90' lang='lat' dir='ltr'><strong>omnia</strong></span> <span class='ocrx_word' id='word_1_674' title='bbox 2734 3496 2853 3551; x_wconf 88' lang='lat' dir='ltr'><strong>sint</strong></span> <span class='ocrx_word' id='word_1_675' title='bbox 2899 3498 2956 3552; x_wconf 89' lang='lat' dir='ltr'><strong>in</strong></span> <span class='ocrx_word' id='word_1_676' title='bbox 2987 3500 3106 3555; x_wconf 93' lang='lat' dir='ltr'><strong>illo.</strong></span> <span class='ocrx_word' id='word_1_677' title='bbox 3142 3501 3252 3558; x_wconf 88' lang='lat' dir='ltr'><strong>Sed</strong></span> <span class='ocrx_word' id='word_1_678' title='bbox 3287 3505 3418 3561; x_wconf 84' lang='lat' dir='ltr'><strong>talis</strong></span> <span class='ocrx_word' id='word_1_679' title='bbox 3450 3515 3540 3563; x_wconf 85' lang='lat' dir='ltr'><strong>est</strong></span> 
     </span>
    </p>
   </div>
   <div class='ocr_carea' id='block_1_93' title="bbox 1898 3581 3540 3651">
    <p class='ocr_par' dir='ltr' id='par_1_93' title="bbox 1898 3581 3540 3651">
     <span class='ocr_line' id='line_1_93' title="bbox 1898 3581 3540 3651; baseline 0.012 -19"><span class='ocrx_word' id='word_1_680' title='bbox 1898 3596 2108 3634; x_wconf 90' lang='lat' dir='ltr'><strong>sensus</strong></span> <span class='ocrx_word' id='word_1_681' title='bbox 2142 3596 2153 3633; x_wconf 90' lang='lat'>:</span> <span class='ocrx_word' id='word_1_682' title='bbox 2192 3581 2466 3635; x_wconf 82' lang='lat' dir='ltr'><strong>Ambulat</strong></span> <span class='ocrx_word' id='word_1_683' title='bbox 2496 3581 2611 3645; x_wconf 88' lang='lat' dir='ltr'><strong>ille,</strong></span> <span class='ocrx_word' id='word_1_684' title='bbox 2636 3589 2693 3638; x_wconf 88' lang='lat' dir='ltr'><strong>et</strong></span> <span class='ocrx_word' id='word_1_685' title='bbox 2726 3585 3017 3643; x_wconf 87' lang='lat' dir='ltr'><strong>inhabitat</strong></span> <span class='ocrx_word' id='word_1_686' title='bbox 3048 3590 3105 3644; x_wconf 92' lang='lat' dir='ltr'><strong>in</strong></span> <span class='ocrx_word' id='word_1_687' title='bbox 3129 3594 3403 3651; x_wconf 89' lang='lat' dir='ltr'><strong>cordibus</strong></span> <span class='ocrx_word' id='word_1_688' title='bbox 3425 3595 3540 3651; x_wconf 88' lang='lat' dir='ltr'><strong>ele-</strong></span> 
     </span>
    </p>
   </div>
   <div class='ocr_carea' id='block_1_94' title="bbox 1898 3669 3539 3753">
    <p class='ocr_par' dir='ltr' id='par_1_94' title="bbox 1898 3669 3539 3753">
     <span class='ocr_line' id='line_1_94' title="bbox 1898 3669 3539 3753; baseline 0.01 -32"><span class='ocrx_word' id='word_1_689' title='bbox 1898 3673 2147 3737; x_wconf 89' lang='lat' dir='ltr'><strong>ctorum,</strong></span> <span class='ocrx_word' id='word_1_690' title='bbox 2181 3685 2314 3723; x_wconf 90' lang='lat' dir='ltr'><strong>cum</strong></span> <span class='ocrx_word' id='word_1_691' title='bbox 2375 3670 2446 3723; x_wconf 91' lang='lat' dir='ltr'><strong>ab</strong></span> <span class='ocrx_word' id='word_1_692' title='bbox 2495 3669 2837 3729; x_wconf 79' lang='lat' dir='ltr'><strong>infidelitate</strong></span> <span class='ocrx_word' id='word_1_693' title='bbox 2868 3676 2939 3729; x_wconf 90' lang='lat' dir='ltr'><strong>ad</strong></span> <span class='ocrx_word' id='word_1_694' title='bbox 2990 3677 3186 3746; x_wconf 86' lang='lat' dir='ltr'><strong>ﬁdem,</strong></span> <span class='ocrx_word' id='word_1_695' title='bbox 3218 3686 3273 3735; x_wconf 88' lang='lat' dir='ltr'><strong>et</strong></span> <span class='ocrx_word' id='word_1_696' title='bbox 3320 3700 3421 3753; x_wconf 91' lang='lat' dir='ltr'><strong>per</strong></span> <span class='ocrx_word' id='word_1_697' title='bbox 3452 3686 3539 3737; x_wconf 88' lang='lat' dir='ltr'><strong>in-</strong></span> 
     </span>
    </p>
   </div>
   <div class='ocr_carea' id='block_1_95' title="bbox 1900 3757 3542 3832">
    <p class='ocr_par' dir='ltr' id='par_1_95' title="bbox 1900 3757 3542 3832">
     <span class='ocr_line' id='line_1_95' title="bbox 1900 3757 3542 3832; baseline 0.011 -21"><span class='ocrx_word' id='word_1_698' title='bbox 1900 3762 2197 3812; x_wconf 88' lang='lat' dir='ltr'><strong>crementa</strong></span> <span class='ocrx_word' id='word_1_699' title='bbox 2226 3757 2283 3811; x_wconf 92' lang='lat' dir='ltr'><strong>in</strong></span> <span class='ocrx_word' id='word_1_700' title='bbox 2334 3758 2645 3815; x_wconf 87' lang='lat' dir='ltr'><strong>virtutibus</strong></span> <span class='ocrx_word' id='word_1_701' title='bbox 2677 3764 2954 3832; x_wconf 85' lang='lat' dir='ltr'><strong>prolicere</strong></span> <span class='ocrx_word' id='word_1_702' title='bbox 2998 3766 3153 3823; x_wconf 86' lang='lat' dir='ltr'><strong>facit.</strong></span> <span class='ocrx_word' id='word_1_703' title='bbox 3188 3770 3333 3826; x_wconf 89' lang='lat' dir='ltr'><strong>Nam</strong></span> <span class='ocrx_word' id='word_1_704' title='bbox 3386 3772 3542 3829; x_wconf 85' lang='lat' dir='ltr'><strong>sicut</strong></span> 
     </span>
    </p>
   </div>
   <div class='ocr_carea' id='block_1_96' title="bbox 1900 3846 3539 3926">
    <p class='ocr_par' dir='ltr' id='par_1_96' title="bbox 1900 3846 3539 3926">
     <span class='ocr_line' id='line_1_96' title="bbox 1900 3846 3539 3926; baseline 0.012 -27"><span class='ocrx_word' id='word_1_705' title='bbox 1900 3846 2075 3901; x_wconf 88' lang='lat' dir='ltr'><strong>habet</strong></span> <span class='ocrx_word' id='word_1_706' title='bbox 2126 3847 2235 3902; x_wconf 91' lang='lat' dir='ltr'><strong>iste</strong></span> <span class='ocrx_word' id='word_1_707' title='bbox 2284 3848 2531 3902; x_wconf 86' lang='lat' dir='ltr'><strong>exterior</strong></span> <span class='ocrx_word' id='word_1_708' title='bbox 2572 3849 2746 3906; x_wconf 89' lang='lat' dir='ltr'><strong>homo</strong></span> <span class='ocrx_word' id='word_1_709' title='bbox 2802 3870 2941 3909; x_wconf 87' lang='lat' dir='ltr'><strong>suos</strong></span> <span class='ocrx_word' id='word_1_710' title='bbox 2986 3857 3180 3926; x_wconf 90' lang='lat' dir='ltr'><strong>pedes,</strong></span> <span class='ocrx_word' id='word_1_711' title='bbox 3214 3860 3297 3915; x_wconf 93' lang='lat' dir='ltr'><strong>sic</strong></span> <span class='ocrx_word' id='word_1_712' title='bbox 3347 3868 3405 3916; x_wconf 91' lang='lat' dir='ltr'><strong>et</strong></span> <span class='ocrx_word' id='word_1_713' title='bbox 3451 3860 3539 3917; x_wconf 91' lang='lat' dir='ltr'><strong>in-</strong></span> 
     </span>
    </p>
   </div>
   <div class='ocr_carea' id='block_1_97' title="bbox 1899 3936 3542 4022">
    <p class='ocr_par' dir='ltr' id='par_1_97' title="bbox 1899 3936 3542 4022">
     <span class='ocr_line' id='line_1_97' title="bbox 1899 3936 3542 4022; baseline 0.01 -32"><span class='ocrx_word' id='word_1_714' title='bbox 1899 3936 2076 3990; x_wconf 89' lang='lat' dir='ltr'><strong>terior</strong></span> <span class='ocrx_word' id='word_1_715' title='bbox 2106 3936 2299 4002; x_wconf 91' lang='lat' dir='ltr'><strong>homo,</strong></span> <span class='ocrx_word' id='word_1_716' title='bbox 2328 3938 2544 4007; x_wconf 89' lang='lat' dir='ltr'><strong>quibus</strong></span> <span class='ocrx_word' id='word_1_717' title='bbox 2566 3940 2729 4009; x_wconf 79' lang='lat' dir='ltr'><strong>gradi</strong></span> <span class='ocrx_word' id='word_1_718' title='bbox 2766 3943 2969 4011; x_wconf 90' lang='lat' dir='ltr'><strong>possit.</strong></span> <span class='ocrx_word' id='word_1_719' title='bbox 2989 3944 3262 4016; x_wconf 88' lang='lat' dir='ltr'><strong>Magnum</strong></span> <span class='ocrx_word' id='word_1_720' title='bbox 3289 3967 3542 4022; x_wconf 89' lang='lat' dir='ltr'><strong>namque</strong></span> 
     </span>
    </p>
   </div>
   <div class='ocr_carea' id='block_1_98' title="bbox 1900 4026 3545 4110">
    <p class='ocr_par' dir='ltr' id='par_1_98' title="bbox 1900 4026 3545 4110">
     <span class='ocr_line' id='line_1_98' title="bbox 1900 4026 3545 4110; baseline 0.01 -32"><span class='ocrx_word' id='word_1_721' title='bbox 1900 4026 2007 4079; x_wconf 89' lang='lat' dir='ltr'><strong>iter</strong></span> <span class='ocrx_word' id='word_1_722' title='bbox 2051 4030 2159 4089; x_wconf 90' lang='lat' dir='ltr'><strong>est,</strong></span> <span class='ocrx_word' id='word_1_723' title='bbox 2194 4026 2263 4079; x_wconf 91' lang='lat' dir='ltr'><strong>de</strong></span> <span class='ocrx_word' id='word_1_724' title='bbox 2311 4026 2649 4080; x_wconf 76' lang='lat' dir='ltr'><strong>infidelitate</strong></span> <span class='ocrx_word' id='word_1_725' title='bbox 2702 4030 2772 4082; x_wconf 90' lang='lat' dir='ltr'><strong>ad</strong></span> <span class='ocrx_word' id='word_1_726' title='bbox 2828 4031 3001 4085; x_wconf 82' lang='lat' dir='ltr'><strong>ﬁdem</strong></span> <span class='ocrx_word' id='word_1_727' title='bbox 3036 4036 3303 4104; x_wconf 87' lang='lat' dir='ltr'><strong>transire,</strong></span> <span class='ocrx_word' id='word_1_728' title='bbox 3356 4044 3411 4092; x_wconf 89' lang='lat' dir='ltr'><strong>et</strong></span> <span class='ocrx_word' id='word_1_729' title='bbox 3442 4056 3545 4110; x_wconf 87' lang='lat' dir='ltr'><strong>per</strong></span> 
     </span>
    </p>
   </div>
   <div class='ocr_carea' id='block_1_99' title="bbox 1900 4114 3541 4194">
    <p class='ocr_par' dir='ltr' id='par_1_99' title="bbox 1900 4114 3541 4194">
     <span class='ocr_line' id='line_1_99' title="bbox 1900 4114 3541 4194; baseline 0.009 -27"><span class='ocrx_word' id='word_1_730' title='bbox 1900 4114 2260 4169; x_wconf 89' lang='lat' dir='ltr'><strong>incrementa</strong></span> <span class='ocrx_word' id='word_1_731' title='bbox 2308 4114 2365 4167; x_wconf 89' lang='lat' dir='ltr'><strong>in</strong></span> <span class='ocrx_word' id='word_1_732' title='bbox 2418 4115 2731 4171; x_wconf 85' lang='lat' dir='ltr'><strong>virtutibus</strong></span> <span class='ocrx_word' id='word_1_733' title='bbox 2778 4120 3104 4187; x_wconf 83' lang='lat' dir='ltr'><strong>proficere;</strong></span> <span class='ocrx_word' id='word_1_734' title='bbox 3165 4125 3320 4194; x_wconf 88' lang='lat' dir='ltr'><strong>quod</strong></span> <span class='ocrx_word' id='word_1_735' title='bbox 3380 4126 3541 4181; x_wconf 90' lang='lat' dir='ltr'><strong>nullo</strong></span> 
     </span>
    </p>
   </div>
   <div class='ocr_carea' id='block_1_100' title="bbox 1900 4202 3544 4277">
    <p class='ocr_par' dir='ltr' id='par_1_100' title="bbox 1900 4202 3544 4277">
     <span class='ocr_line' id='line_1_100' title="bbox 1900 4202 3544 4277; baseline 0.007 -20"><span class='ocrx_word' id='word_1_736' title='bbox 1900 4203 2071 4257; x_wconf 90' lang='lat' dir='ltr'><strong>modo</strong></span> <span class='ocrx_word' id='word_1_737' title='bbox 2116 4202 2237 4256; x_wconf 84' lang='lat' dir='ltr'><strong>ﬁeri</strong></span> <span class='ocrx_word' id='word_1_738' title='bbox 2273 4207 2458 4272; x_wconf 89' lang='lat' dir='ltr'><strong>potest</strong></span> <span class='ocrx_word' id='word_1_739' title='bbox 2504 4203 2718 4269; x_wconf 91' lang='lat' dir='ltr'><strong>subito,</strong></span> <span class='ocrx_word' id='word_1_740' title='bbox 2753 4205 2866 4259; x_wconf 90' lang='lat' dir='ltr'><strong>nisi</strong></span> <span class='ocrx_word' id='word_1_741' title='bbox 2917 4223 3020 4277; x_wconf 90' lang='lat' dir='ltr'><strong>per</strong></span> <span class='ocrx_word' id='word_1_742' title='bbox 3065 4210 3365 4266; x_wconf 85' lang='lat' dir='ltr'><strong>intervalla</strong></span> <span class='ocrx_word' id='word_1_743' title='bbox 3394 4219 3544 4269; x_wconf 85' lang='lat' dir='ltr'><strong>tem-</strong></span> 
     </span>
    </p>
   </div>
   <div class='ocr_carea' id='block_1_101' title="bbox 1900 4290 3540 4373">
    <p class='ocr_par' dir='ltr' id='par_1_101' title="bbox 1900 4290 3540 4373">
     <span class='ocr_line' id='line_1_101' title="bbox 1900 4290 3540 4373; baseline 0.007 -27"><span class='ocrx_word' id='word_1_744' title='bbox 1900 4307 2128 4362; x_wconf 88' lang='lat' dir='ltr'><strong>porum.</strong></span> <span class='ocrx_word' id='word_1_745' title='bbox 2163 4290 2270 4345; x_wconf 91' lang='lat' dir='ltr'><strong>Sed</strong></span> <span class='ocrx_word' id='word_1_746' title='bbox 2324 4290 2651 4357; x_wconf 90' lang='lat' dir='ltr'><strong>sciendum,</strong></span> <span class='ocrx_word' id='word_1_747' title='bbox 2685 4294 2824 4362; x_wconf 87' lang='lat' dir='ltr'><strong>quia</strong></span> <span class='ocrx_word' id='word_1_748' title='bbox 2852 4293 2938 4347; x_wconf 93' lang='lat' dir='ltr'><strong>illi</strong></span> <span class='ocrx_word' id='word_1_749' title='bbox 2990 4297 3361 4355; x_wconf 91' lang='lat' dir='ltr'><strong>solummodo</strong></span> <span class='ocrx_word' id='word_1_750' title='bbox 3410 4318 3540 4373; x_wconf 92' lang='lat' dir='ltr'><strong>pro-</strong></span> 
     </span>
    </p>
   </div>
   <div class='ocr_carea' id='block_1_102' title="bbox 1902 4380 3543 4451">
    <p class='ocr_par' dir='ltr' id='par_1_102' title="bbox 1902 4380 3543 4451">
     <span class='ocr_line' id='line_1_102' title="bbox 1902 4380 3543 4451; baseline 0.007 -17"><span class='ocrx_word' id='word_1_751' title='bbox 1902 4381 2125 4448; x_wconf 84' lang='lat' dir='ltr'><strong>ﬁciunt,</strong></span> <span class='ocrx_word' id='word_1_752' title='bbox 2150 4380 2247 4450; x_wconf 91' lang='lat' dir='ltr'><strong>qui</strong></span> <span class='ocrx_word' id='word_1_753' title='bbox 2282 4380 2408 4449; x_wconf 83' lang='lat' dir='ltr'><strong>ejus</strong></span> <span class='ocrx_word' id='word_1_754' title='bbox 2440 4380 2654 4451; x_wconf 84' lang='lat' dir='ltr'><strong>perfrui</strong></span> <span class='ocrx_word' id='word_1_755' title='bbox 2678 4382 2868 4451; x_wconf 88' lang='lat' dir='ltr'><strong>gratia</strong></span> <span class='ocrx_word' id='word_1_756' title='bbox 2898 4390 3214 4440; x_wconf 87' lang='lat' dir='ltr'><strong>merentur.</strong></span> <span class='ocrx_word' id='word_1_757' title='bbox 3246 4389 3543 4446; x_wconf 87' lang='lat' dir='ltr'><strong>Generalis</strong></span> 
     </span>
    </p>
   </div>
   <div class='ocr_carea' id='block_1_103' title="bbox 1899 4468 3546 4549">
    <p class='ocr_par' dir='ltr' id='par_1_103' title="bbox 1899 4468 3546 4549">
     <span class='ocr_line' id='line_1_103' title="bbox 1899 4468 3546 4549; baseline 0.006 -25"><span class='ocrx_word' id='word_1_758' title='bbox 1899 4473 1987 4524; x_wconf 90' lang='lat' dir='ltr'><strong>est</strong></span> <span class='ocrx_word' id='word_1_759' title='bbox 2018 4468 2126 4524; x_wconf 90' lang='lat' dir='ltr'><strong>iste</strong></span> <span class='ocrx_word' id='word_1_760' title='bbox 2160 4484 2407 4534; x_wconf 88' lang='lat' dir='ltr'><strong>sensus;</strong></span> <span class='ocrx_word' id='word_1_761' title='bbox 2446 4469 2544 4523; x_wconf 89' lang='lat' dir='ltr'><strong>sed</strong></span> <span class='ocrx_word' id='word_1_762' title='bbox 2578 4468 2892 4525; x_wconf 89' lang='lat' dir='ltr'><strong>videndum</strong></span> <span class='ocrx_word' id='word_1_763' title='bbox 2943 4478 3031 4527; x_wconf 86' lang='lat' dir='ltr'><strong>est</strong></span> <span class='ocrx_word' id='word_1_764' title='bbox 3060 4475 3191 4543; x_wconf 90' lang='lat' dir='ltr'><strong>quis</strong></span> <span class='ocrx_word' id='word_1_765' title='bbox 3224 4478 3301 4532; x_wconf 89' lang='lat' dir='ltr'><strong>sit</strong></span> <span class='ocrx_word' id='word_1_766' title='bbox 3330 4478 3546 4549; x_wconf 87' lang='lat' dir='ltr'><strong>specia-</strong></span> 
     </span>
    </p>
   </div>
   <div class='ocr_carea' id='block_1_104' title="bbox 1900 4556 3545 4633">
    <p class='ocr_par' dir='ltr' id='par_1_104' title="bbox 1900 4556 3545 4633">
     <span class='ocr_line' id='line_1_104' title="bbox 1900 4556 3545 4633; baseline 0.008 -23"><span class='ocrx_word' id='word_1_767' title='bbox 1900 4556 1993 4611; x_wconf 91' lang='lat' dir='ltr'><strong>lis.</strong></span> <span class='ocrx_word' id='word_1_768' title='bbox 2045 4556 2306 4611; x_wconf 88' lang='lat' dir='ltr'><strong>Primum</strong></span> <span class='ocrx_word' id='word_1_769' title='bbox 2357 4556 2619 4611; x_wconf 89' lang='lat' dir='ltr'><strong>omnium</strong></span> <span class='ocrx_word' id='word_1_770' title='bbox 2671 4558 3158 4617; x_wconf 89' lang='lat' dir='ltr'><strong>considerandum</strong></span> <span class='ocrx_word' id='word_1_771' title='bbox 3194 4564 3243 4619; x_wconf 90' lang='lat' dir='ltr'><strong>si</strong></span> <span class='ocrx_word' id='word_1_772' title='bbox 3291 4566 3387 4633; x_wconf 90' lang='lat' dir='ltr'><strong>sit,</strong></span> <span class='ocrx_word' id='word_1_773' title='bbox 3422 4566 3545 4622; x_wconf 72' lang='lat' dir='ltr'><strong>hinc</strong></span> 
     </span>
    </p>
   </div>
   <div class='ocr_carea' id='block_1_105' title="bbox 1900 4645 3547 4722">
    <p class='ocr_par' dir='ltr' id='par_1_105' title="bbox 1900 4645 3547 4722">
     <span class='ocr_line' id='line_1_105' title="bbox 1900 4645 3547 4722; baseline 0.007 -21"><span class='ocrx_word' id='word_1_774' title='bbox 1900 4662 2007 4701; x_wconf 89' lang='lat' dir='ltr'><strong>vox</strong></span> <span class='ocrx_word' id='word_1_775' title='bbox 2058 4645 2271 4700; x_wconf 89' lang='lat' dir='ltr'><strong>Christi</strong></span> <span class='ocrx_word' id='word_1_776' title='bbox 2302 4650 2434 4700; x_wconf 88' lang='lat' dir='ltr'><strong>est:</strong></span> <span class='ocrx_word' id='word_1_777' title='bbox 2482 4662 2618 4700; x_wconf 89' lang='lat' dir='ltr'><strong>nam</strong></span> <span class='ocrx_word' id='word_1_778' title='bbox 2668 4648 2949 4717; x_wconf 86' lang='lat' dir='ltr'><strong>propheta</strong></span> <span class='ocrx_word' id='word_1_779' title='bbox 3000 4650 3056 4703; x_wconf 90' lang='lat' dir='ltr'><strong>in</strong></span> <span class='ocrx_word' id='word_1_780' title='bbox 3108 4652 3237 4722; x_wconf 84' lang='lat' dir='ltr'><strong>ejus</strong></span> <span class='ocrx_word' id='word_1_781' title='bbox 3284 4671 3421 4711; x_wconf 88' lang='lat' dir='ltr'><strong>voce</strong></span> <span class='ocrx_word' id='word_1_782' title='bbox 3468 4656 3547 4712; x_wconf 88' lang='lat' dir='ltr'><strong>lo-</strong></span> 
     </span>
    </p>
   </div>
   <div class='ocr_carea' id='block_1_106' title="bbox 1902 4734 3543 4812">
    <p class='ocr_par' dir='ltr' id='par_1_106' title="bbox 1902 4734 3543 4812">
     <span class='ocr_line' id='line_1_106' title="bbox 1902 4734 3543 4812; baseline 0.007 -25"><span class='ocrx_word' id='word_1_783' title='bbox 1902 4734 2207 4806; x_wconf 90' lang='lat' dir='ltr'><strong>quebatur,</strong></span> <span class='ocrx_word' id='word_1_784' title='bbox 2242 4734 2440 4790; x_wconf 86' lang='lat' dir='ltr'><strong>dicens</strong></span> <span class='ocrx_word' id='word_1_785' title='bbox 2473 4752 2484 4790; x_wconf 94' lang='lat'><strong>:</strong></span> <span class='ocrx_word' id='word_1_786' title='bbox 2517 4736 2788 4802; x_wconf 82' lang='lat' dir='ltr'><strong>Quoniam</strong></span> <span class='ocrx_word' id='word_1_787' title='bbox 2819 4738 3137 4793; x_wconf 86' lang='lat' dir='ltr'><strong>inhabitabo</strong></span> <span class='ocrx_word' id='word_1_788' title='bbox 3168 4743 3356 4811; x_wconf 76' lang='lat' dir='ltr'><strong>(Levii.</strong></span> <span class='ocrx_word' id='word_1_789' title='bbox 3390 4761 3543 4812; x_wconf 80' lang='lat' dir='ltr'><strong>xxVI,</strong></span> 
     </span>
    </p>
   </div>
   <div class='ocr_carea' id='block_1_107' title="bbox 1904 4823 3547 4905">
    <p class='ocr_par' dir='ltr' id='par_1_107' title="bbox 1904 4823 3547 4905">
     <span class='ocr_line' id='line_1_107' title="bbox 1904 4823 3547 4905; baseline 0.008 -28"><span class='ocrx_word' id='word_1_790' title='bbox 1904 4825 2011 4893; x_wconf 86' lang='grc'><strong>12),</strong></span> <span class='ocrx_word' id='word_1_791' title='bbox 2045 4828 2151 4878; x_wconf 88' lang='lat' dir='ltr'><strong>etc.</strong></span> <span class='ocrx_word' id='word_1_792' title='bbox 2192 4823 2299 4877; x_wconf 90' lang='lat' dir='ltr'><strong>Sed</strong></span> <span class='ocrx_word' id='word_1_793' title='bbox 2352 4824 2601 4894; x_wconf 89' lang='lat' dir='ltr'><strong>qualiter</strong></span> <span class='ocrx_word' id='word_1_794' title='bbox 2646 4825 3052 4893; x_wconf 89' lang='lat' dir='ltr'><strong>inhabitasset,</strong></span> <span class='ocrx_word' id='word_1_795' title='bbox 3085 4829 3368 4888; x_wconf 86' lang='lat' dir='ltr'><strong>Jeremias</strong></span> <span class='ocrx_word' id='word_1_796' title='bbox 3416 4838 3547 4905; x_wconf 88' lang='lat' dir='ltr'><strong>post</strong></span> 
     </span>
    </p>
   </div>
   <div class='ocr_carea' id='block_1_108' title="bbox 1903 4912 3547 4984">
    <p class='ocr_par' dir='ltr' id='par_1_108' title="bbox 1903 4912 3547 4984">
     <span class='ocr_line' id='line_1_108' title="bbox 1903 4912 3547 4984; baseline 0.007 -17"><span class='ocrx_word' id='word_1_797' title='bbox 1903 4912 2179 4967; x_wconf 88' lang='lat' dir='ltr'><strong>ostendit.</strong></span> <span class='ocrx_word' id='word_1_798' title='bbox 2238 4914 2333 4967; x_wconf 83' lang='lat' dir='ltr'><strong>llic</strong></span> <span class='ocrx_word' id='word_1_799' title='bbox 2398 4916 2457 4966; x_wconf 87' lang='lat' dir='ltr'><strong>in</strong></span> <span class='ocrx_word' id='word_1_800' title='bbox 2509 4916 2672 4970; x_wconf 83' lang='lat' dir='ltr'><strong>terris</strong></span> <span class='ocrx_word' id='word_1_801' title='bbox 2722 4917 2869 4970; x_wconf 85' lang='lat' dir='ltr'><strong>visus</strong></span> <span class='ocrx_word' id='word_1_802' title='bbox 2924 4925 3025 4984; x_wconf 86' lang='lat' dir='ltr'><strong>est,</strong></span> <span class='ocrx_word' id='word_1_803' title='bbox 3076 4923 3127 4973; x_wconf 83' lang='lat' dir='ltr'><strong>et</strong></span> <span class='ocrx_word' id='word_1_804' title='bbox 3184 4922 3328 4977; x_wconf 83' lang='lat' dir='ltr'><strong>inter</strong></span> <span class='ocrx_word' id='word_1_805' title='bbox 3377 4923 3547 4979; x_wconf 87' lang='lat' dir='ltr'><strong>homi-</strong></span> 
     </span>
    </p>
   </div>
   <div class='ocr_carea' id='block_1_109' title="bbox 1901 5003 3546 5084">
    <p class='ocr_par' dir='ltr' id='par_1_109' title="bbox 1901 5003 3546 5084">
     <span class='ocr_line' id='line_1_109' title="bbox 1901 5003 3546 5084; baseline 0.008 -29"><span class='ocrx_word' id='word_1_806' title='bbox 1901 5018 1995 5056; x_wconf 86' lang='lat' dir='ltr'><strong>nes</strong></span> <span class='ocrx_word' id='word_1_807' title='bbox 2044 5006 2392 5057; x_wconf 84' lang='lat' dir='ltr'><strong>conversatus</strong></span> <span class='ocrx_word' id='word_1_808' title='bbox 2422 5003 2592 5073; x_wconf 79' lang='lat'><strong>(728).</strong></span> <span class='ocrx_word' id='word_1_809' title='bbox 2628 5004 2736 5058; x_wconf 91' lang='lat' dir='ltr'><strong>Sed</strong></span> <span class='ocrx_word' id='word_1_810' title='bbox 2790 5006 3049 5077; x_wconf 89' lang='lat' dir='ltr'><strong>apertius</strong></span> <span class='ocrx_word' id='word_1_811' title='bbox 3094 5010 3257 5079; x_wconf 90' lang='lat' dir='ltr'><strong>ponit</strong></span> <span class='ocrx_word' id='word_1_812' title='bbox 3307 5028 3546 5084; x_wconf 88' lang='lat' dir='ltr'><strong>evange-</strong></span> 
     </span>
    </p>
   </div>
   <div class='ocr_carea' id='block_1_110' title="bbox 1901 5090 3545 5171">
    <p class='ocr_par' dir='ltr' id='par_1_110' title="bbox 1901 5090 3545 5171">
     <span class='ocr_line' id='line_1_110' title="bbox 1901 5090 3545 5171; baseline 0.007 -26"><span class='ocrx_word' id='word_1_813' title='bbox 1901 5091 2063 5157; x_wconf 89' lang='lat' dir='ltr'><strong>lista,</strong></span> <span class='ocrx_word' id='word_1_814' title='bbox 2117 5090 2385 5161; x_wconf 91' lang='lat' dir='ltr'><strong>qualiter,</strong></span> <span class='ocrx_word' id='word_1_815' title='bbox 2439 5092 2729 5147; x_wconf 89' lang='lat' dir='ltr'><strong>dicendo:</strong></span> <span class='ocrx_word' id='word_1_816' title='bbox 2772 5095 2997 5150; x_wconf 84' lang='lat' dir='ltr'><strong>Verbum</strong></span> <span class='ocrx_word' id='word_1_817' title='bbox 3046 5112 3173 5153; x_wconf 86' lang='lat' dir='ltr'><strong>caro</strong></span> <span class='ocrx_word' id='word_1_818' title='bbox 3218 5104 3426 5171; x_wconf 75' lang='lat' dir='ltr'><strong>factum</strong></span> <span class='ocrx_word' id='word_1_819' title='bbox 3466 5104 3545 5157; x_wconf 82' lang='lat' dir='ltr'><strong>est</strong></span> 
     </span>
    </p>
   </div>
   <div class='ocr_carea' id='block_1_111' title="bbox 1902 5179 2444 5251">
    <p class='ocr_par' dir='ltr' id='par_1_111' title="bbox 1902 5179 2444 5251">
     <span class='ocr_line' id='line_1_111' title="bbox 1902 5179 2444 5251; baseline -0.009 -15"><span class='ocrx_word' id='word_1_820' title='bbox 1902 5181 2085 5251; x_wconf 87' lang='lat' dir='ltr'><strong>(Joan.</strong></span> <span class='ocrx_word' id='word_1_821' title='bbox 2120 5197 2158 5245; x_wconf 88' lang='lat'><strong>1,</strong></span> <span class='ocrx_word' id='word_1_822' title='bbox 2194 5179 2300 5247; x_wconf 78' lang='grc'><strong>14),</strong></span> <span class='ocrx_word' id='word_1_823' title='bbox 2333 5184 2444 5232; x_wconf 90' lang='lat' dir='ltr'><strong>etc.</strong></span> 
     </span>
    </p>
   </div>
   <div class='ocr_carea' id='block_1_112' title="bbox 1973 5267 3543 5346">
    <p class='ocr_par' dir='ltr' id='par_1_112' title="bbox 1973 5267 3543 5346">
     <span class='ocr_line' id='line_1_112' title="bbox 1973 5267 3543 5346; baseline 0.008 -24"><span class='ocrx_word' id='word_1_824' title='bbox 1973 5271 2035 5323; x_wconf 84' lang='lat' dir='ltr'><strong>Et</strong></span> <span class='ocrx_word' id='word_1_825' title='bbox 2062 5284 2152 5323; x_wconf 88' lang='lat' dir='ltr'><strong>ero</strong></span> <span class='ocrx_word' id='word_1_826' title='bbox 2192 5267 2414 5321; x_wconf 82' lang='lat' dir='ltr'><strong>illorum</strong></span> <span class='ocrx_word' id='word_1_827' title='bbox 2466 5268 2621 5324; x_wconf 82' lang='lat' dir='ltr'><strong>Deus.</strong></span> <span class='ocrx_word' id='word_1_828' title='bbox 2655 5271 2816 5333; x_wconf 89' lang='lat' dir='ltr'><strong>Quod</strong></span> <span class='ocrx_word' id='word_1_829' title='bbox 2862 5273 2958 5329; x_wconf 91' lang='lat' dir='ltr'><strong>ille</strong></span> <span class='ocrx_word' id='word_1_830' title='bbox 2987 5277 3147 5346; x_wconf 79' lang='lat' dir='ltr'><strong>Deus,</strong></span> <span class='ocrx_word' id='word_1_831' title='bbox 3180 5280 3332 5334; x_wconf 92' lang='lat' dir='ltr'><strong>idem</strong></span> <span class='ocrx_word' id='word_1_832' title='bbox 3380 5279 3543 5334; x_wconf 81' lang='lat' dir='ltr'><strong>Jere-</strong></span> 
     </span>
    </p>
   </div>
   <div class='ocr_carea' id='block_1_113' title="bbox 1904 5357 3545 5427">
    <p class='ocr_par' dir='ltr' id='par_1_113' title="bbox 1904 5357 3545 5427">
     <span class='ocr_line' id='line_1_113' title="bbox 1904 5357 3545 5427; baseline 0.007 -14"><span class='ocrx_word' id='word_1_833' title='bbox 1904 5358 2099 5413; x_wconf 87' lang='lat' dir='ltr'><strong>mias:</strong></span> <span class='ocrx_word' id='word_1_834' title='bbox 2146 5357 2242 5411; x_wconf 85' lang='lat' dir='ltr'><strong>Hic</strong></span> <span class='ocrx_word' id='word_1_835' title='bbox 2293 5359 2439 5409; x_wconf 83' lang='lat' dir='ltr'><strong>Deus</strong></span> <span class='ocrx_word' id='word_1_836' title='bbox 2486 5366 2696 5427; x_wconf 84' lang='lat' dir='ltr'><strong>noster,</strong></span> <span class='ocrx_word' id='word_1_837' title='bbox 2728 5364 2777 5415; x_wconf 86' lang='lat' dir='ltr'><strong>et</strong></span> <span class='ocrx_word' id='word_1_838' title='bbox 2822 5378 2933 5417; x_wconf 88' lang='lat' dir='ltr'><strong>non</strong></span> <span class='ocrx_word' id='word_1_839' title='bbox 2978 5368 3347 5423; x_wconf 65' lang='lat' dir='ltr'><strong>avstimabitur</strong></span> <span class='ocrx_word' id='word_1_840' title='bbox 3394 5368 3545 5426; x_wconf 84' lang='lat' dir='ltr'><strong>alius</strong></span> 
     </span>
    </p>
   </div>
   <div class='ocr_carea' id='block_1_114' title="bbox 194 5592 1784 5746">
    <p class='ocr_par' dir='ltr' id='par_1_114' title="bbox 194 5592 1783 5746">
     <span class='ocr_line' id='line_1_114' title="bbox 250 5592 1595 5669; baseline 0.006 -24"><span class='ocrx_word' id='word_1_841' title='bbox 250 5593 321 5645; x_wconf 84' lang='lat'><strong>27</strong></span> <span class='ocrx_word' id='word_1_842' title='bbox 377 5592 445 5648; x_wconf 89' lang='lat' dir='ltr'><strong>In</strong></span> <span class='ocrx_word' id='word_1_843' title='bbox 478 5595 682 5661; x_wconf 88' lang='lat' dir='ltr'><strong>autog.</strong></span> <span class='ocrx_word' id='word_1_844' title='bbox 719 5607 843 5646; x_wconf 91' lang='lat' dir='ltr'><strong>mar</strong></span> <span class='ocrx_word' id='word_1_845' title='bbox 891 5638 902 5650; x_wconf 95' lang='lat'><strong>.</strong></span> <span class='ocrx_word' id='word_1_846' title='bbox 934 5593 1030 5649; x_wconf 90' lang='lat' dir='ltr'><strong>hic</strong></span> <span class='ocrx_word' id='word_1_847' title='bbox 1060 5593 1271 5669; x_wconf 85' lang='lat' dir='ltr'><strong>legitur</strong></span> <span class='ocrx_word' id='word_1_848' title='bbox 1301 5612 1423 5668; x_wconf 89' lang='lat' dir='ltr'><strong>cap.</strong></span> <span class='ocrx_word' id='word_1_849' title='bbox 1458 5595 1595 5653; x_wconf 82' lang='grc' dir='ltr'><strong>ΧΙΧ.</strong></span> 
     </span>
     <span class='ocr_line' id='line_1_115' title="bbox 194 5592 1783 5746; baseline 0.003 -25"><span class='ocrx_word' id='word_1_850' title='bbox 194 5592 344 5746; x_wconf 49' lang='lat'><strong>$28;</strong></span> <span class='ocrx_word' id='word_1_851' title='bbox 374 5665 495 5725; x_wconf 80' lang='lat' dir='ltr'><strong>Jer.</strong></span> <span class='ocrx_word' id='word_1_852' title='bbox 527 5678 689 5731; x_wconf 72' lang='lat' dir='ltr'><strong>xxxx,</strong></span> <span class='ocrx_word' id='word_1_853' title='bbox 718 5660 773 5727; x_wconf 80' lang='lat'><strong>9,</strong></span> <span class='ocrx_word' id='word_1_854' title='bbox 808 5609 893 5721; x_wconf 51' lang='lat' dir='ltr'><strong>1f.</strong></span> <span class='ocrx_word' id='word_1_855' title='bbox 925 5666 1140 5727; x_wconf 81' lang='lat' dir='ltr'><strong>Textus</strong></span> <span class='ocrx_word' id='word_1_856' title='bbox 1181 5669 1297 5739; x_wconf 89' lang='lat' dir='ltr'><strong>hic,</strong></span> <span class='ocrx_word' id='word_1_857' title='bbox 1331 5667 1432 5745; x_wconf 86' lang='lat' dir='ltr'><strong>qui</strong></span> <span class='ocrx_word' id='word_1_858' title='bbox 1462 5670 1694 5728; x_wconf 86' lang='lat' dir='ltr'><strong>videtur</strong></span> <span class='ocrx_word' id='word_1_859' title='bbox 1722 5669 1783 5726; x_wconf 89' lang='lat' dir='ltr'><strong>in</strong></span> 
     </span>
    </p>
   </div>
   <div class='ocr_carea' id='block_1_115' title="bbox 1900 5592 3231 5746">
    <p class='ocr_par' dir='ltr' id='par_1_115' title="bbox 1902 5662 3231 5743">
     <span class='ocr_line' id='line_1_116' title="bbox 1902 5662 3231 5743; baseline 0.004 -17"><span class='ocrx_word' id='word_1_860' title='bbox 1902 5673 2019 5741; x_wconf 85' lang='lat' dir='ltr'><strong>tog.</strong></span> <span class='ocrx_word' id='word_1_861' title='bbox 2050 5663 2313 5725; x_wconf 72' lang='lat' dir='ltr'><strong>Jersmiaa</strong></span> <span class='ocrx_word' id='word_1_862' title='bbox 2342 5662 2620 5735; x_wconf 87' lang='lat' dir='ltr'><strong>tributus,</strong></span> <span class='ocrx_word' id='word_1_863' title='bbox 2652 5662 2877 5724; x_wconf 85' lang='lat' dir='ltr'><strong>Baruoh</strong></span> <span class='ocrx_word' id='word_1_864' title='bbox 2908 5675 3000 5729; x_wconf 87' lang='lat' dir='ltr'><strong>est</strong></span> <span class='ocrx_word' id='word_1_865' title='bbox 3026 5688 3110 5743; x_wconf 78' lang='lat' dir='ltr'><strong>in,</strong></span> <span class='ocrx_word' id='word_1_866' title='bbox 3141 5672 3231 5731; x_wconf 87' lang='lat'><strong>38.</strong></span> 
     </span>
    </p>
   </div>
  </div>
