3990 6224
379 350 487 410 451

1396 325 1734 388 ATTONIS
1778 321 2361 385 VERCELLENSlS
2406 318 2755 380 EPISCOPI

3659 320 3803 381 452

383 481 458 536 ad
504 494 646 533 eum.
692 475 751 528 Et
799 471 904 541 ipsi
948 473 1107 522 erunt
1152 460 1291 516 mihi
1334 460 1567 530 papulas
1615 457 1800 528 (729);
1842 454 2020 511 eccle-
2052 458 2106 523 Α
2140 453 2393 509 ﬁliorum
2426 450 2521 505 Dei
2571 449 2909 516 excludunt,
2942 449 3070 505 ideo
3120 448 3387 505 addidit:
3422 451 3485 505 Et
3516 450 3801 522 Spiritus,

386 567 690 626 siasticum
739 559 897 625 dicit,
941 556 997 611 id
1050 556 1155 620 est,
1209 547 1544 604 Ecclesiam.
1597 546 1774 601 Isaias
1825 561 1837 598 :
1901 546 2024 601 Vivo

386 673 506 727 ego,
538 654 670 709 dicit
716 649 998 711 Dominus,
1044 643 1176 711 quia
1225 639 1476 694 omnibus
1522 637 1606 689 his
1646 635 1819 689 veluti
1860 635 2026 688 vesti-

386 721 568 802 mento
597 740 841 797 vestieris
880 734 1029 806 (lsai.
1060 747 1207 793 xmx,
1244 728 1349 796 18).
1382 725 1440 779 Si
1473 724 1626 779 enirn
1658 722 1823 779 electi
1853 721 2026 777 vesti-

388 836 590 888 menta
637 825 853 883 Christi
906 825 1062 885 sunt,
1095 823 1153 873 et
1183 815 1516 872 vestiuntur
1558 813 1631 867 ab
1681 811 1777 866 illo
1827 828 1841 865 :
1891 824 2027 881 ergo

389 920 641 994 populus
670 918 799 987 ejus
826 916 915 968 est
942 906 1218 965 Ecclesia.

460 1040 688 1106 PrOpter
715 1028 854 1101 quod
894 1028 1058 1092 exite,
1092 1028 1199 1079 etc.
1226 1046 1240 1088 ;
1273 1020 1441 1092 quasi
1498 1019 1711 1073 diceret
1741 1034 1753 1071 :
1786 1014 1841 1070 Si
1881 1016 2030 1069 Deus

391 1102 700 1187 inhabitat,
752 1123 809 1174 et
865 1116 1019 1171 Deus
1073 1117 1263 1168 vester
1319 1113 1429 1174 est,
1488 1112 1544 1162 et
1587 1122 1690 1160 vos
1740 1102 2028 1175 populus;

387 1216 623 1284 PrOpter
651 1209 748 1264 hoc
770 1208 918 1263 exite
945 1204 1011 1259 de
1038 1201 1214 1257 medio
1253 1215 1458 1264 eorum,
1492 1212 1603 1251 non
1636 1209 1896 1265 corpore,
1930 1191 2031 1246 sed

391 1279 606 1365 mente,
641 1314 757 1353 non
788 1292 1093 1365 vagatione
1121 1288 1249 1350 loci,
1283 1287 1383 1343 sed
1412 1283 1735 1340 devotione.
1768 1286 1835 1335 Et
1865 1279 2033 1352 quasi

394 1388 859 1459 interrogassent
906 1379 1155 1453 qualiter
1184 1382 1273 1432 est
1303 1374 1656 1436 exeundum,
1688 1369 1987 1443 respondit
2019 1386 2031 1423 :

395 1482 460 1535 Et
492 1475 842 1535 immundum
871 1486 940 1525 ne
970 1465 1438 1539 tetigeritisJiinc
1471 1462 1613 1517 dicit
1635 1459 2033 1533 Augustinus:

394 1566 645 1639 Exponit
691 1558 1006 1633 Apostolus
1052 1556 1147 1611 his
1183 1553 1397 1617 verbis,
1431 1551 1585 1622 quod
1636 1548 1908 1619 superius
1957 1544 2039 1599 di-

394 1633 559 1712 xerat
608 1672 620 1707 :
668 1653 855 1707 Exite.
906 1646 1017 1703 Sed
1048 1644 1180 1716 quis
1231 1639 1421 1712 tangit
1464 1636 1885 1694 immundum?
1939 1633 2040 1689 Ille

397 1746 623 1815 utique,
655 1740 757 1812 qui
806 1741 906 1793 aut
965 1731 1337 1790 immundum
1372 1730 1520 1800 (730)
1567 1731 1775 1799 patrat,
1806 1729 1908 1780 aut
1938 1740 2037 1794 pa-

2134 542 2192 595 id
2223 546 2329 610 est,
2366 538 2597 595 mentis.

2206 656 2482 726 Sequitur
2510 671 2522 708 :
2556 654 2900 723 Perﬁcientes
2928 654 3434 723 sanctiﬁcationem.
3469 656 3812 728 Egregium

2139 761 2371 816 quoque
2418 749 2606 799 servat
2651 744 2935 798 ordinem.
2987 745 3275 799 Praemisit
3322 745 3808 816 promissiones;

2138 834 2348 889 deinde
2402 832 2665 903 subjuxit
2717 831 3196 901 exhortationem,
3247 833 3493 888 dicendo
3544 852 3557 889 :
3617 840 3812 891 Mun-

2137 923 2348 986 demus,
2377 927 2483 975 etc.
2514 938 2527 987 ;
2564 925 2693 992 post
2712 920 3177 976 emendationem
3198 924 3425 977 monuit
3454 922 3811 980 habendam

2140 1010 2659 1067 sanctiﬁcationem
2689 1028 2701 1077 ;
2727 1010 2866 1080 quia
2885 1010 3271 1065 sanctiﬁcatio
3291 1028 3405 1066 non
3425 1028 3553 1067 esse
3574 1016 3809 1083 potest,

2140 1100 2253 1155 nisi
2286 1099 2384 1153 ubi
2418 1097 2707 1153 munditia
2752 1102 2858 1152 est.
2894 1098 3003 1153 Iste
3034 1099 3174 1153 ordo
3206 1099 3263 1152 in
3317 1101 3634 1170 Scripturis
3666 1118 3812 1157 ser-

2138 1193 2309 1242 vatur
2339 1187 2572 1241 divinis.
2623 1186 2768 1240 Hinc
2797 1187 3053 1241 Jacobus
3101 1186 3402 1259 apostolus
3451 1188 3640 1244 dicit:
3684 1192 3810 1245 Ab-

2142 1279 2387 1346 iieientes
2418 1292 2628 1330 omnem
2661 1276 3095 1345 immunditiam,
3120 1288 3170 1331 et
3191 1277 3596 1333 abundantiam
3623 1279 3817 1334 mali-

2142 1366 2239 1423 tiae
2267 1367 2405 1433 (Jac.
2442 1382 2481 1432 ι,
2512 1366 2623 1436 2t),
2656 1368 2762 1419 etc.
2796 1363 2941 1419 Hinc
2974 1364 3285 1420 Psalmista
3316 1384 3328 1421 :
3364 1367 3591 1423 Declina
3618 1385 3651 1423 a
3681 1385 3815 1423 ma-

2147 1456 2197 1510 lo
2237 1455 2403 1526 (Psal.
2452 1470 2641 1517 xxxvr;
2691 1453 2803 1522 27),
2836 1457 2945 1508 etc.
2980 1452 3123 1510 Hinc
3174 1453 3461 1510 Dominus
3508 1457 3581 1511 ad
3631 1457 3811 1513 Jere-

2149 1543 2324 1598 miam
2361 1561 2373 1597 :
2410 1545 2539 1597 Ecce
2563 1543 2723 1613 posui
2749 1546 2819 1611 te,
2851 1545 2909 1596 ut
2935 1543 3135 1598 evellas
3164 1543 3300 1614 (Jer.
3334 1560 3373 1615 ι,
3412 1545 3520 1615 10),
3552 1549 3661 1601 etc.
3700 1547 3807 1618 Et,

2149 1632 2288 1703 quia
2318 1631 2698 1687 sanctiﬁcatio
2730 1630 2855 1686 sine
2886 1630 3090 1686 timore
3122 1632 3220 1687 Dei
3251 1648 3381 1688 esse
3430 1649 3548 1689 non
3581 1640 3811 1706 potest,

2149 1722 2451 1791 subiunxit
2484 1736 2498 1774 :
2531 1722 2593 1776 In
2624 1721 2820 1775 timore
2850 1722 2963 1775 Dei.
2989 1721 3056 1776 Et
3080 1722 3232 1792 quod
3264 1721 3647 1780 sanctiﬁcatio
3671 1724 3809 1780 sine

400 1807 692 1888 trantibus
724 1827 940 1899 praebet
989 1836 1317 1878 assensum.
1350 1819 1419 1872 Et
1464 1816 1621 1883 hinc,
1655 1814 1808 1887 quod
1839 1813 1897 1867 in
1929 1813 2045 1867 Ve-
2076 1815 2122 1878 B
2155 1809 2358 1899 timore
2405 1807 2503 1863 Dei
2553 1825 2668 1863 non
2720 1808 2815 1876 sit,
2849 1808 3203 1881 evangelista
3250 1812 3608 1882 manifestat,
3660 1829 3809 1868 cum

397 1923 505 1978 teri
555 1919 925 1975 Testamento
976 1912 1237 1983 legitur:
1294 1910 1399 1977 Qui
1450 1908 1693 1979 tetigerit
1737 1908 2038 1969 mortuum,

398 2008 713 2066 immundus
756 2006 864 2061 erit
894 2003 1086 2074 (Levit.
1138 2017 1215 2066 x1,
1247 1999 1317 2051 24
1342 2016 1355 2065 ;
1384 2002 1545 2054 Num.
1599 2012 1718 2065 xxx,
1750 1995 1806 2047 11
1838 2011 1851 2061 ;
1885 1994 2039 2047 Deut.

394 2117 511 2164 xlv,
543 2100 620 2170 8),
654 2098 889 2169 propter
914 2093 1021 2146 hoc
1054 2089 1200 2144 dixit
1231 2107 1243 2143 :
1279 2087 1424 2142 Nam
1456 2101 1603 2157 opus
1635 2080 2043 2139 misericordia

397 2194 488 2245 est
515 2191 815 2242 mortuum
846 2180 1115 2253 sepelire.

468 2297 532 2351 Et
560 2310 653 2365 ego
696 2291 961 2361 recipiam
1006 2302 1117 2351 vos,
1152 2283 1321 2356 quasi
1373 2282 1593 2337 diceret
1626 2298 1639 2334 :
1672 2279 1733 2333 Si
1781 2278 2046 2333 inﬁdeles

398 2401 501 2440 vos
548 2379 897 2453 expulerint,
930 2374 1018 2429 vel
1069 2390 1171 2427 vos
1220 2370 1437 2442 egressi
1492 2369 1741 2432 fueritis,
1789 2382 1894 2437 ego
1946 2382 2045 2419 vos

403 2471 702 2544 recipiam.
738 2467 805 2521 Et
834 2464 969 2521 talis
1001 2468 1091 2519 est
1137 2476 1371 2524 sensus,
1405 2457 1596 2529 qualis
1626 2456 1743 2521 ille,
1778 2455 1875 2509 ubi
1908 2453 2047 2525 legi-

402 2564 500 2614 tur
531 2573 544 2612 :
579 2558 755 2611 Extra
804 2566 1110 2623 synagogas
1139 2565 1230 2603 vos
1277 2548 1481 2611 facient
1518 2545 1687 2614 (731),
1719 2549 1826 2598 ctc.
1860 2544 1925 2596 Et
1954 2555 2049 2595 ero

403 2646 553 2702 vobis
582 2645 640 2698 in
688 2644 921 2713 patrem,
953 2637 1120 2710 quasi
1154 2636 1371 2690 diceret
1402 2651 1414 2688 ε
1449 2634 1504 2687 Si
1556 2631 1807 2704 perversi
1842 2647 2047 2701 paren-

406 2742 515 2800 tes,
549 2736 607 2787 et
638 2728 901 2784 inﬁdeles
931 2742 1032 2781 vos
1064 2721 1414 2795 expulerint,
1438 2736 1530 2773 me
1561 2724 1786 2790 patrem
1818 2716 2051 2771 habebi-

406 2823 485 2877 tis
523 2819 967 2890 sempiternum.
1002 2815 1066 2869 Et
1110 2829 1200 2867 vos
1231 2812 1385 2866 eritis
1413 2810 1554 2864 mihi
1599 2810 1659 2862 in
1704 2808 1866 2877 ﬁlios,
1899 2809 1952 2860 et
1979 2805 2051 2875 ﬁ-

409 2913 536 2966 lias.
571 2907 769 2975 Filios,
796 2910 853 2961 et
903 2902 1057 2957 ﬁlias
1088 2900 1251 2967 dicit,
1287 2900 1407 2955 sive
1457 2901 1693 2970 propter
1735 2900 2052 2965 utrumque

409 3014 636 3067 sexum,
667 2996 786 3051 sive
834 2997 1069 3064 propter
1097 2990 1299 3056 fortes,
1335 2991 1392 3042 et
1437 2987 1721 3041 inﬁrmos.
1773 2985 1915 3039 Dicit
1943 2988 2052 3038 Do-

411 3089 596 3144 minus
622 3086 982 3155 omnipotens.
1006 3079 1079 3135 Ut
1108 3077 1408 3149 superiora
1432 3076 1753 3141 conﬁrmet,
1774 3074 1901 3128 ideo
1931 3073 2053 3127 haec

2150 1898 2289 1953 dicit
2310 1899 2381 1953 de
2412 1898 2680 1951 Simeone
2708 1915 2720 1952 :
2762 1898 2966 1963 Justus,
2990 1906 3040 1952 et
3068 1900 3359 1954 timoratus
3385 1901 3534 1971 (Luc.
3558 1918 3622 1969 Ir,
3657 1901 3756 1973 25)
3791 1918 3808 1969 ;

2151 2002 2285 2041 nam
2316 1986 2468 2040 sicut
2488 1985 2723 2055 justitia
2752 1984 2877 2040 sine
2924 1987 3133 2042 timore
3162 2003 3291 2043 esse
3325 2004 3436 2043 non
3467 1992 3678 2060 potest,
3706 1990 3807 2045 sic

2152 2091 2257 2130 nec
2288 2074 2691 2130 sanctiﬁcatio.

2223 2189 2499 2262 Sequitur
2529 2206 2542 2244 :
2580 2188 2768 2257 Capite
2796 2205 2914 2245 nos.
2944 2189 3149 2246 Melius
3180 2191 3238 2245 in
3271 2191 3485 2247 Graecis
3510 2194 3810 2267 exempla-

2155 2282 2338 2348 ribus,
2372 2279 2525 2334 unde
2555 2277 2663 2333 hoc
2692 2278 3046 2334 translatum
3102 2285 3208 2345 est,
3242 2280 3510 2336 habetur.
3540 2282 3807 2341 Verbum

2154 2370 2331 2437 enim,
2364 2368 2517 2439 quod
2571 2368 2627 2421 in
2674 2368 2782 2422 hoc
2829 2368 2953 2424 loco
2986 2369 3240 2439 positum
3275 2376 3387 2439 est,
3420 2370 3597 2427 talem
3633 2372 3812 2429 habet

2156 2474 2419 2525 sensum,
2451 2456 2619 2528 quasi
2650 2455 2892 2511 dixisset
2937 2457 3245 2528 Apostolus
3278 2475 3291 2513 :
3327 2463 3578 2531 Capaces
3619 2450 3810 2517 no'stri

2156 2550 2360 2600 estote.
2386 2545 2451 2599 Et
2482 2548 2675 2614 potest
2704 2544 2935 2599 duobus
2966 2545 3157 2600 modis
3189 2546 3459 2620 intelligi,
3484 2554 3549 2603 ut
3579 2550 3663 2605 sit
3680 2568 3812 2606 sen-

2158 2652 2259 2690 sus
2293 2651 2304 2687 :
2338 2632 2468 2686 Vim
2503 2633 2791 2687 dictorum
2817 2637 3149 2689 nostrorum
3181 2635 3408 2706 capite;
3442 2640 3596 2709 quod
3632 2641 3812 2695 etiam

2160 2722 2397 2795 respicit
2444 2723 2514 2776 ad
2550 2721 2678 2787 hoc,
2716 2722 2870 2792 quod
2923 2739 3101 2794 supra
3149 2724 3252 2790 ait,
3286 2724 3618 2782 dilatamiui
3648 2746 3661 2793 ;
3696 2729 3816 2785 sive

2161 2813 2272 2867 alio
2325 2811 2517 2877 modo,
2564 2812 2741 2881 capite
2770 2827 2887 2877 nos,
2920 2810 3028 2866 hoc
3076 2817 3161 2867 est
3208 2814 3384 2870 vitam
3431 2821 3701 2873 nostram
3761 2823 3818 2875 et

2161 2898 2658 2957 conversationem
2706 2899 3040 2955 imitamini.
3075 2901 3141 2956 Et
3169 2903 3336 2973 quasi
3388 2903 3818 2978 interrogasset

2162 2990 2376 3062 aliquis
2409 3005 2422 3043 :
2458 2991 2592 3054 Quae
2624 2992 2711 3043 est
2741 2990 3102 3045 conversatio
3133 2995 3252 3058 tua,
3286 3008 3464 3063 quam
3498 2995 3673 3066 sequi
3708 2997 3816 3052 de-

2164 3082 2369 3134 bemus
2392 3078 2419 3132 ‘?
2453 3079 2583 3132 Ideo
2632 3077 2934 3147 subjunxit
2966 3095 2977 3133 :
3012 3080 3295 3138 Neminem
3342 3083 3610 3155 la’simus,
3659 3091 3813 3155 etc.;

413 3174 737 3248 subjunxit.
771 3172 911 3229 Nam
964 3187 1091 3224 mos
1138 3172 1227 3223 est
1274 3165 1692 3238 prophetarum
1741 3162 1881 3218 talia
1912 3162 2050 3217 sub-
2081 3180 2123 3245 ρ
2161 3168 2330 3240 quasi
2362 3165 2602 3220 dixisset
2633 3182 2646 3219 :
2686 3167 2797 3220 lloc
2849 3167 2908 3220 in
2941 3167 3236 3224 mentibus
3283 3172 3493 3227 vestris
3522 3174 3814 3245 conferte,

413 3268 570 3334 dere,
601 3269 667 3320 ut
696 3279 802 3318 nos
833 3259 1106 3316 certiores
1134 3258 1205 3311 de
1236 3254 1637 3327 superioribus
1668 3253 1932 3308 reddant.

483 3382 590 3439 Sed
623 3379 754 3451 quis
803 3380 927 3432 erat
974 3375 1105 3433 iste.
1138 3372 1236 3445 qui
1283 3372 1392 3426 hoc
1441 3368 1718 3424 dicebat?
1746 3366 2051 3423 Christus:

415 3488 550 3545 ergo
580 3466 971 3538 omnipotens.
1012 3464 1078 3517 Et
1103 3461 1256 3533 quod
1287 3460 1679 3529 omnipotens,
1713 3457 1837 3527 ipse
1868 3452 2055 3510 mani-

417 3564 588 3617 festat
620 3575 633 3614 :
670 3559 1019 3626 Quzecunque
1068 3553 1230 3605 Pater
1254 3551 1408 3620 facit,
1440 3548 1558 3603 han:
1586 3546 1774 3603 eadem
1803 3554 1852 3600 et
1881 3546 2056 3599 Filius

420 3651 594 3719 (Joan.
625 3664 681 3712 v,
718 3644 822 3710 19).
857 3643 1006 3713 Ergo
1052 3656 1122 3695 ea
1151 3655 1263 3693 non
1310 3640 1499 3708 potest
1545 3635 1741 3704 Filius,
1795 3651 1920 3705 quae
1952 3649 2058 3688 nec

418 3741 609 3791 Pater.
632 3733 741 3788 Sed
771 3732 1016 3786 idoneus
1038 3732 1128 3783 est
1155 3728 1263 3782 iste
1296 3725 1498 3792 Filius,
1526 3725 1626 3796 qui
1658 3723 1799 3778 dicit
1828 3727 2060 3793 aposto-

421 3825 497 3881 lis
537 3841 550 3879 :
611 3826 722 3877 Deo
780 3819 968 3874 omnia
1019 3816 1304 3888 possibilia
1350 3817 1475 3869 sunt
1521 3814 1725 3880 (Matth.
1784 3829 1898 3876 xix,
1945 3812 2058 3881 26).

422 3915 492 3969 Et
556 3911 605 3966 si
672 3908 888 3976 omnia,
956 3921 1092 3977 ergo
1156 3908 1210 3960 et
1275 3903 1400 3976 ipse
1466 3902 1857 3973 omnipotens,
1926 3899 2066 3970 quia

422 4002 596 4059 Deus.

496 4106 646 4180 (732)
678 4104 832 4177 (CAP.
874 4103 1019 4174 VII.)
1057 4101 1367 4174 Sequitur:
1404 4102 1517 4156 Has
1546 4099 1724 4169 igitur
1747 4095 2065 4167 promissio-

422 4214 535 4254 nes.
562 4195 722 4253 Facit
751 4192 907 4249 enim
937 4191 1305 4264 superiorum
1337 4186 1791 4261 promissionum
1828 4182 2070 4239 mentio-

426 4303 580 4349 nem,
614 4284 724 4340 boc
753 4286 861 4349 est,
895 4286 959 4337 ut
988 4282 1111 4354 ipse
1132 4280 1210 4336 sit
1238 4278 1409 4335 nobis
1436 4277 1494 4331 in
1528 4281 1781 4339 Patrem,
1804 4276 1861 4327 et
1888 4288 1995 4326 nos
2016 4271 2067 4326 ei

426 4377 486 4432 in
536 4374 710 4440 ﬁlios,
746 4376 805 4427 et
850 4370 1038 4426 ﬁlias:
1078 4373 1135 4424 et
1184 4369 1314 4424 ideo
1362 4364 1721 4423 exhortando
1752 4360 2068 4432 sequitur:

428 4463 748 4520 Mundemus
777 4477 874 4517 nos
920 4460 991 4515 ab
1020 4460 1177 4515 omni
1223 4458 1642 4527 inquinamento
1688 4451 1891 4504 carnis.
1924 4448 2074 4502 Sane

430 4553 785 4621 notandum,
809 4549 947 4622 quia
975 4565 1090 4604 non
1121 4546 1264 4602 dicit
1292 4540 1683 4603 solummodo,
1715 4539 1782 4591 ab
1807 4536 2071 4607 inquina-
2102 4544 2148 4610 ι)

427 4645 628 4709 mento,
661 4639 761 4696 sed
793 4640 984 4705 omni;
1014 4635 1154 4708 quia
1185 4632 1372 4688 multa
1400 4632 1540 4684 sunt
1565 4641 1777 4697 genera
1806 4622 2076 4695 inquina-

428 4730 626 4797 tionis,
651 4744 778 4798 qua:
810 4730 929 4781 tam
964 4743 998 4780 a
1026 4720 1280 4783 diabolo,
1313 4730 1491 4788 quam
1517 4730 1549 4767 a
1581 4710 1862 4767 membris
1891 4711 2076 4783 ipsius

428 4818 667 4874 inventa
696 4821 853 4872 sunt.
880 4815 1242 4884 Quapropter
1271 4805 1370 4876 qui
1408 4807 1585 4856 Deum
1610 4805 1830 4872 patrem
1864 4801 2076 4857 habere

430 4907 744 4970 desiderat,
778 4907 834 4958 et
878 4904 1007 4973 ejus
1054 4897 1213 4952 ﬁlius
1244 4908 1373 4947 esse
1404 4890 1583 4961 cupit,
1616 4905 1729 4944 non
1781 4889 1970 4945 solum
2006 4892 2076 4946 ab

430 4994 590 5052 omni
621 5008 794 5066 opere
817 4980 1313 5057 coinquinationis
1340 4995 1401 5035 se
1431 4978 1741 5046 abstineat,
1768 4981 1866 5034 sed
1900 4980 2076 5034 etiam

432 5086 504 5141 ab
535 5085 667 5157 ipsa
695 5078 891 5136 carnis
939 5070 1342 5129 delectatione.
1370 5069 1479 5124 Sed
1532 5068 1670 5140 quia
1700 5069 1887 5124 multa
1918 5074 2078 5139 sunt,

432 5190 560 5246 qua:
591 5169 715 5226 solo
746 5162 965 5218 mentis
996 5174 1285 5214 consensu
1316 5158 1483 5228 ﬁunt,
1517 5163 1573 5214 et
1604 5174 1710 5214 nos
1740 5175 1771 5214 a
1802 5158 2081 5214 societate

438 5357 908 5492 ὥὲἶξξζῐξίὲἓιξω
937 5354 1221 5411 Jeremias
1243 5371 1345 5427 pro
1376 5354 1737 5425 Baruch,qui
1769 5353 1877 5408 hoc
1906 5352 2086 5409 habet

509 5494 1038 5575 (730)_Ir_nmundum
1087 5514 1226 5575 sane
1256 5495 1341 5575 in,
1369 5502 1568 5575 autog.
1609 5495 1893 5575 scriptum
1943 5493 2085 5566 legi-

440 5564 560 5639 tur,
593 5564 697 5647 sed
728 5564 940 5647 litteris
970 5570 1351 5647 s_uperius,‘.et
1378 5564 1538 5647 intra
1568 5564 1836 5647 adjectis,
1861 5564 2086 5621 necnon

442 5636 677 5733 punctis
706 5636 931 5713 aliquot
959 5636 1424 5704 obliterationem
1440 5636 1773 5710 aliquorum
1790 5636 2087 5694 characte-

2158 3257 2269 3313 boc
2296 3255 2367 3310 ad
2399 3254 2741 3309 memoriam
2790 3260 3069 3321 revocate,
3102 3256 3240 3327 quia
3281 3258 3417 3314 talis
3448 3260 3561 3315 fuit
3605 3268 3817 3319 nostra

2161 3344 2521 3400 conversatio
2577 3343 2731 3415 apud
2792 3360 2912 3399 vos.
2973 3344 3075 3400 Hic
3132 3346 3325 3402 verbis
3378 3348 3619 3405 denotat
3682 3352 3814 3408 illos

2164 3450 2415 3506 quorum
2450 3431 2613 3488 falsis
2662 3432 2941 3488 doctrinis
2974 3433 3202 3489 fuerant
3231 3435 3477 3508 decepti.
3511 3438 3605 3493 Illi
3654 3441 3814 3497 enim

2164 3524 2436 3579 Iteserant
2478 3539 2593 3590 eos,
2646 3523 2785 3593 quia
2835 3522 3117 3578 dominati
3167 3529 3307 3579 sunt
3356 3542 3597 3597 eorum;
3660 3530 3815 3585 unde

2165 3612 2411 3667 inferius
2462 3610 2603 3665 dicit
2633 3626 2647 3664 :
2680 3611 2935 3665 Libenter
2977 3612 3242 3683 suﬂerlis,
3272 3630 3320 3668 si
3349 3617 3473 3686 quis
3523 3618 3584 3671 in
3614 3620 3820 3689 faciem

2172 3717 2256 3757 vos
2286 3700 2449 3755 ca'dit
2476 3701 2553 3770 (II
2599 3699 2717 3754 Cor.
2769 3717 2846 3767 x1,
2884 3702 2968 3770 l9,
2999 3702 3111 3771 20).
3161 3701 3560 3775 Corruperunt
3607 3722 3719 3765 eos
3764 3707 3820 3762 in

2174 3791 2306 3858 ﬁde,
2341 3788 2487 3844 falsa
2515 3789 2815 3855 docendo;
2848 3790 3356 3846 circumvenerunt
3384 3809 3505 3862 eos,
3540 3797 3821 3853 substan-

2171 3880 2315 3934 tiam
2345 3894 2547 3933 eorum
2577 3881 2634 3933 et
2661 3877 2912 3933 salutem
2946 3878 3161 3949 pariter
3183 3881 3601 3939 exhauriendo.
3639 3885 3735 3952 Et,
3758 3900 3825 3940 ne

2174 3970 2449 4038 putarent
2476 3966 2588 4036 ipsi
2618 3967 2795 4036 quod,
2829 3983 3007 4022 causa
3053 3969 3559 4028 condemnationis
3592 3989 3823 4039 eorum,

2177 4072 2239 4110 se
2270 4058 2614 4109 excusarent
2640 4072 2653 4122 ;
2685 4057 2825 4125 quia
2872 4072 3043 4127 saepe,
3077 4058 3218 4113 dum
3247 4075 3309 4114 se
3359 4060 3535 4116 homo
3563 4066 3828 4132 excusat,

2178 4142 2321 4198 alios
2351 4143 2718 4210 condemnat,
2765 4144 2894 4200 ideo
2924 4145 3229 4216 subjunxit
3262 4165 3275 4203 :
3308 4152 3432 4205 Non
3477 4151 3549 4205 ad
3574 4154 3828 4208 condem-

2176 4234 2457 4287 nationem
2501 4241 2735 4287 vestram
2782 4232 2937 4293 dico;
2967 4235 3136 4306 quasi
3184 4236 3473 4293 dixisset:
3524 4238 3657 4296 Non
3706 4241 3826 4296 ideo

2180 4338 2274 4377 me
2317 4338 2548 4389 excuso,
2578 4326 2643 4377 ut
2686 4339 2789 4377 vos
2838 4323 3265 4390 condemnem;
3299 4326 3439 4397 quia
3486 4329 3584 4399 qui
3622 4327 3826 4402 parcit,

2182 4429 2296 4467 non
2328 4412 2698 4478 condemnat,
2731 4412 2829 4466 sed
2870 4428 3049 4468 causa
3095 4418 3295 4469 vestrae
3326 4415 3557 4485 salutis,
3592 4435 3670 4474 ne
3716 4416 3826 4473 illis

2182 4501 2280 4573 qui
2310 4518 2414 4556 vos
2443 4502 2794 4571 deceperunt
2822 4500 2998 4557 ﬁdem
3029 4504 3504 4561 accommodatis.

2255 4627 2325 4681 Et
2354 4625 2495 4697 quia
2511 4624 2696 4679 voluit
2721 4641 2819 4681 eos
2841 4630 3027 4682 certos
3054 4628 3313 4695 reddere,
3340 4630 3495 4701 quod
3521 4647 3639 4687 non
3665 4644 3829 4687 causa

2186 4731 2387 4771 eorum
2419 4712 2811 4768 damnationis
2860 4731 2921 4769 se
2951 4717 3330 4786 excusaverit,
3364 4716 3492 4772 ideo
3545 4718 3831 4791 praeterita

2188 4805 2339 4858 bona
2392 4800 2508 4855 illis
2557 4802 2627 4855 ad
2679 4803 3021 4857 memoriam
3073 4805 3379 4860 revocavit.
3434 4806 3586 4862 Dicit
3632 4808 3827 4865 enim:

2190 4890 2567 4946 Praediximus
2584 4892 2734 4945 enim
2760 4891 2900 4963 quod
2924 4894 2983 4946 in
3008 4891 3259 4948 cordibus
3280 4895 3479 4950 nostris
3497 4898 3653 4967 estis,
3688 4901 3792 4952 etc.
3816 4908 3827 4959 ;

2191 4979 2357 5049 quasi
2388 4978 2632 5033 dixisset
2665 4996 2678 5034 :
2713 4984 2791 5033 Ex
2823 4980 3128 5051 prieteritis
3154 4982 3322 5038 bonis
3352 4986 3654 5056 agnoscite
3684 4978 3827 5056 quod

2190 5070 2301 5124 hoc
2332 5085 2447 5123 non
2480 5085 2657 5123 causa
2685 5074 2886 5123 vestrae
2934 5070 3329 5127 damnationis
3359 5072 3622 5129 diximus
3655 5091 3668 5128 :
3704 5082 3827 5126 nam

2192 5174 2341 5231 quos
2370 5157 2430 5212 in
2460 5158 2599 5225 vita,
2632 5162 2687 5213 et
2716 5162 2899 5212 morte
2927 5156 3116 5214 socios
3138 5157 3353 5216 habere
3381 5162 3679 5234 cupimus,
3702 5173 3825 5216 con-

2193 5372 2322 5437 rum
2355 5354 2843 5437 signiﬁcantibus,
2861 5353 3205 5437 emendatio
3258 5356 3467 5437 inputa
3496 5359 3744 5425 videtur,
3773 5351 3828 5407 ut

2192 5427 2318 5482 loco
2347 5426 2695 5497 immundum
2724 5426 2953 5497 legatur
2982 5426 3211 5495 idolum,
3242 5428 3331 5484 vel
3361 5431 3542 5486 etiam
3574 5431 3795 5497 malnm,

2196 5567 2244 5622 ν
2250 5498 2388 5623 $3.1
2399 5505 2415 5567 )
2441 5496 2609 5552 Joan.
2643 5513 2693 5551 c.
2731 5493 2809 5552 16'
2824 5513 2875 5551 v.
2907 5498 2961 5551 2.
2988 5493 3516 5572 absque'synagogi,
3543 5500 3754 5577 legitur
3775 5493 3827 5549 in

2444 5638 2509 5697 In
2541 5641 2735 5714 autog.
2768 5654 2957 5715 marg.
2988 5638 3083 5699 hic
3111 5640 3326 5717 legitur
3354 5659 3484 5718 cap.
3516 5643 3609 5703 XX
3619 5688 3635 5710 .
