  <div class='ocr_page' id='page_1' title='image "/cluster/home/n/w/nwhite01/storage/ocr_20150623/134-135/uva.x000829784/263.png"; bbox 0 0 3990 6224; ppageno 0'>
   <div class='ocr_carea' id='block_1_1' title="bbox 341 385 457 446">
    <p class='ocr_par' dir='ltr' id='par_1_1' title="bbox 341 385 457 446">
     <span class='ocr_line' id='line_1_1' title="bbox 341 385 457 446; baseline -0.017 0"><span class='ocrx_word' id='word_1_1' title='bbox 341 385 457 446; x_wconf 68' lang='grc'><strong>455</strong></span> 
     </span>
    </p>
   </div>
   <div class='ocr_carea' id='block_1_2' title="bbox 1357 367 2722 436">
    <p class='ocr_par' dir='ltr' id='par_1_2' title="bbox 1357 367 2722 436">
     <span class='ocr_line' id='line_1_2' title="bbox 1357 367 2722 436; baseline -0.006 -1"><span class='ocrx_word' id='word_1_2' title='bbox 1357 373 1694 436; x_wconf 81' lang='lat' dir='ltr'><strong>ATTONIS</strong></span> <span class='ocrx_word' id='word_1_3' title='bbox 1737 368 2326 434; x_wconf 79' lang='lat' dir='ltr'><strong>VERCELLENSIS</strong></span> <span class='ocrx_word' id='word_1_4' title='bbox 2373 367 2722 429; x_wconf 84' lang='lat' dir='ltr'><strong>EPISCOPI</strong></span> 
     </span>
    </p>
   </div>
   <div class='ocr_carea' id='block_1_3' title="bbox 3619 373 3746 432">
    <p class='ocr_par' dir='ltr' id='par_1_3' title="bbox 3619 373 3746 432">
     <span class='ocr_line' id='line_1_3' title="bbox 3619 373 3746 432; baseline 0.008 -1"><span class='ocrx_word' id='word_1_5' title='bbox 3619 373 3746 432; x_wconf 76' lang='grc'><strong>456</strong></span> 
     </span>
    </p>
   </div>
   <div class='ocr_carea' id='block_1_4' title="bbox 344 499 3752 576">
    <p class='ocr_par' dir='ltr' id='par_1_4' title="bbox 344 499 3752 576">
     <span class='ocr_line' id='line_1_4' title="bbox 344 499 3752 576; baseline -0.004 -4"><span class='ocrx_word' id='word_1_6' title='bbox 344 519 486 572; x_wconf 89' lang='lat' dir='ltr'><strong>dum</strong></span> <span class='ocrx_word' id='word_1_7' title='bbox 515 515 572 568; x_wconf 89' lang='lat' dir='ltr'><strong>in</strong></span> <span class='ocrx_word' id='word_1_8' title='bbox 602 511 761 568; x_wconf 81' lang='lat' dir='ltr'><strong>vitali</strong></span> <span class='ocrx_word' id='word_1_9' title='bbox 784 514 1052 564; x_wconf 75' lang='lat' dir='ltr'><strong>versatur</strong></span> <span class='ocrx_word' id='word_1_10' title='bbox 1071 505 1496 576; x_wconf 89' lang='lat' dir='ltr'><strong>tristitia,nulla</strong></span> <span class='ocrx_word' id='word_1_11' title='bbox 1525 509 1760 575; x_wconf 89' lang='lat' dir='ltr'><strong>accepta</strong></span> <span class='ocrx_word' id='word_1_12' title='bbox 1782 519 1982 558; x_wconf 88' lang='lat' dir='ltr'><strong>conso-</strong></span> <span class='ocrx_word' id='word_1_13' title='bbox 2012 503 2066 568; x_wconf 81' lang='grc' dir='ltr'><strong>Α</strong></span> <span class='ocrx_word' id='word_1_14' title='bbox 2095 504 2172 555; x_wconf 87' lang='lat' dir='ltr'><strong>Ac</strong></span> <span class='ocrx_word' id='word_1_15' title='bbox 2204 501 2250 556; x_wconf 88' lang='lat' dir='ltr'><strong>si</strong></span> <span class='ocrx_word' id='word_1_16' title='bbox 2284 500 2412 556; x_wconf 88' lang='lat' dir='ltr'><strong>aliis</strong></span> <span class='ocrx_word' id='word_1_17' title='bbox 2444 500 2634 555; x_wconf 80' lang='lat' dir='ltr'><strong>verbis</strong></span> <span class='ocrx_word' id='word_1_18' title='bbox 2664 499 2904 554; x_wconf 80' lang='lat' dir='ltr'><strong>dixisset</strong></span> <span class='ocrx_word' id='word_1_19' title='bbox 2936 518 2947 554; x_wconf 92' lang='lat'><strong>:</strong></span> <span class='ocrx_word' id='word_1_20' title='bbox 2985 499 3106 555; x_wconf 90' lang='lat' dir='ltr'><strong>Non</strong></span> <span class='ocrx_word' id='word_1_21' title='bbox 3130 499 3321 556; x_wconf 89' lang='lat' dir='ltr'><strong>solum</strong></span> <span class='ocrx_word' id='word_1_22' title='bbox 3344 505 3580 572; x_wconf 80' lang='lat' dir='ltr'><strong>propter</strong></span> <span class='ocrx_word' id='word_1_23' title='bbox 3613 503 3752 560; x_wconf 92' lang='lat' dir='ltr'><strong>illos</strong></span> 
     </span>
    </p>
   </div>
   <div class='ocr_carea' id='block_1_5' title="bbox 344 592 1980 674">
    <p class='ocr_par' dir='ltr' id='par_1_5' title="bbox 344 592 1980 674">
     <span class='ocr_line' id='line_1_5' title="bbox 344 592 1980 674; baseline -0.009 -16"><span class='ocrx_word' id='word_1_24' title='bbox 344 600 913 674; x_wconf 69' lang='lat' dir='ltr'><strong>latione.pra3cipitat</strong></span> <span class='ocrx_word' id='word_1_25' title='bbox 938 615 997 653; x_wconf 89' lang='lat' dir='ltr'><strong>se</strong></span> <span class='ocrx_word' id='word_1_26' title='bbox 1019 597 1075 652; x_wconf 91' lang='lat' dir='ltr'><strong>in</strong></span> <span class='ocrx_word' id='word_1_27' title='bbox 1098 595 1721 667; x_wconf 89' lang='lat' dir='ltr'><strong>desperationem.Sive</strong></span> <span class='ocrx_word' id='word_1_28' title='bbox 1742 592 1980 647; x_wconf 78' lang='lat' dir='ltr'><strong>tristitia</strong></span> 
     </span>
    </p>
   </div>
   <div class='ocr_carea' id='block_1_6' title="bbox 343 681 1978 752">
    <p class='ocr_par' dir='ltr' id='par_1_6' title="bbox 343 681 1978 752">
     <span class='ocr_line' id='line_1_6' title="bbox 343 681 1978 752; baseline -0.009 -5"><span class='ocrx_word' id='word_1_29' title='bbox 343 691 534 748; x_wconf 63' lang='lat' dir='ltr'><strong>seaculi</strong></span> <span class='ocrx_word' id='word_1_30' title='bbox 566 695 656 746; x_wconf 89' lang='lat' dir='ltr'><strong>est</strong></span> <span class='ocrx_word' id='word_1_31' title='bbox 684 689 742 743; x_wconf 88' lang='lat' dir='ltr'><strong>in</strong></span> <span class='ocrx_word' id='word_1_32' title='bbox 769 687 1002 743; x_wconf 81' lang='lat' dir='ltr'><strong>damnis</strong></span> <span class='ocrx_word' id='word_1_33' title='bbox 1032 683 1299 752; x_wconf 79' lang='lat' dir='ltr'><strong>terrenis,</strong></span> <span class='ocrx_word' id='word_1_34' title='bbox 1332 684 1417 738; x_wconf 91' lang='lat' dir='ltr'><strong>vel</strong></span> <span class='ocrx_word' id='word_1_35' title='bbox 1450 689 1603 738; x_wconf 89' lang='lat' dir='ltr'><strong>certe</strong></span> <span class='ocrx_word' id='word_1_36' title='bbox 1633 683 1692 737; x_wconf 90' lang='lat' dir='ltr'><strong>in</strong></span> <span class='ocrx_word' id='word_1_37' title='bbox 1732 681 1978 736; x_wconf 88' lang='lat' dir='ltr'><strong>aliorum</strong></span> 
     </span>
    </p>
   </div>
   <div class='ocr_carea' id='block_1_7' title="bbox 343 771 1452 849">
    <p class='ocr_par' dir='ltr' id='par_1_7' title="bbox 343 771 1452 849">
     <span class='ocr_line' id='line_1_7' title="bbox 343 771 1452 849; baseline -0.012 -13"><span class='ocrx_word' id='word_1_38' title='bbox 343 783 515 836; x_wconf 90' lang='lat' dir='ltr'><strong>rebus</strong></span> <span class='ocrx_word' id='word_1_39' title='bbox 546 777 956 849; x_wconf 89' lang='lat' dir='ltr'><strong>conspectis,et</strong></span> <span class='ocrx_word' id='word_1_40' title='bbox 983 790 1095 828; x_wconf 92' lang='lat' dir='ltr'><strong>non</strong></span> <span class='ocrx_word' id='word_1_41' title='bbox 1130 771 1452 842; x_wconf 90' lang='lat' dir='ltr'><strong>acquisitis.</strong></span> 
     </span>
    </p>
   </div>
   <div class='ocr_carea' id='block_1_8' title="bbox 410 859 1980 940">
    <p class='ocr_par' dir='ltr' id='par_1_8' title="bbox 410 859 1980 940">
     <span class='ocr_line' id='line_1_8' title="bbox 410 859 1980 940; baseline -0.009 -17"><span class='ocrx_word' id='word_1_42' title='bbox 410 867 721 940; x_wconf 86' lang='lat' dir='ltr'><strong>Sequitur:</strong></span> <span class='ocrx_word' id='word_1_43' title='bbox 754 867 883 920; x_wconf 83' lang='lat' dir='ltr'><strong>Ecce</strong></span> <span class='ocrx_word' id='word_1_44' title='bbox 911 865 1059 918; x_wconf 88' lang='lat' dir='ltr'><strong>enim</strong></span> <span class='ocrx_word' id='word_1_45' title='bbox 1089 861 1186 915; x_wconf 85' lang='lat' dir='ltr'><strong>hoc</strong></span> <span class='ocrx_word' id='word_1_46' title='bbox 1215 863 1414 930; x_wconf 87' lang='lat' dir='ltr'><strong>ipsum,</strong></span> <span class='ocrx_word' id='word_1_47' title='bbox 1452 859 1751 913; x_wconf 86' lang='lat' dir='ltr'><strong>secundum</strong></span> <span class='ocrx_word' id='word_1_48' title='bbox 1811 859 1980 911; x_wconf 87' lang='lat' dir='ltr'><strong>Deum</strong></span> 
     </span>
    </p>
   </div>
   <div class='ocr_carea' id='block_1_9' title="bbox 339 949 1974 1018">
    <p class='ocr_par' dir='ltr' id='par_1_9' title="bbox 339 949 1974 1018">
     <span class='ocr_line' id='line_1_9' title="bbox 339 949 1974 1018; baseline -0.008 -5"><span class='ocrx_word' id='word_1_49' title='bbox 339 957 660 1014; x_wconf 87' lang='lat' dir='ltr'><strong>contristari</strong></span> <span class='ocrx_word' id='word_1_50' title='bbox 685 970 800 1018; x_wconf 83' lang='lat' dir='ltr'><strong>vos,</strong></span> <span class='ocrx_word' id='word_1_51' title='bbox 830 957 936 1007; x_wconf 87' lang='lat' dir='ltr'><strong>etc.</strong></span> <span class='ocrx_word' id='word_1_52' title='bbox 973 952 1032 1004; x_wconf 85' lang='lat' dir='ltr'><strong>in</strong></span> <span class='ocrx_word' id='word_1_53' title='bbox 1067 950 1174 1003; x_wconf 91' lang='lat' dir='ltr'><strong>hac</strong></span> <span class='ocrx_word' id='word_1_54' title='bbox 1206 965 1337 1003; x_wconf 91' lang='lat' dir='ltr'><strong>vero</strong></span> <span class='ocrx_word' id='word_1_55' title='bbox 1370 949 1974 1017; x_wconf 88' lang='lat' dir='ltr'><strong>sententia,quantum</strong></span> 
     </span>
    </p>
   </div>
   <div class='ocr_carea' id='block_1_10' title="bbox 341 1037 1978 1110">
    <p class='ocr_par' dir='ltr' id='par_1_10' title="bbox 341 1037 1978 1110">
     <span class='ocr_line' id='line_1_10' title="bbox 341 1037 1978 1110; baseline -0.008 -9"><span class='ocrx_word' id='word_1_56' title='bbox 341 1047 410 1101; x_wconf 89' lang='lat' dir='ltr'><strong>ad</strong></span> <span class='ocrx_word' id='word_1_57' title='bbox 443 1043 750 1100; x_wconf 88' lang='lat' dir='ltr'><strong>latinitatis</strong></span> <span class='ocrx_word' id='word_1_58' title='bbox 784 1039 1043 1110; x_wconf 88' lang='lat' dir='ltr'><strong>regulam</strong></span> <span class='ocrx_word' id='word_1_59' title='bbox 1069 1038 1294 1102; x_wconf 86' lang='lat' dir='ltr'><strong>attinet,</strong></span> <span class='ocrx_word' id='word_1_60' title='bbox 1325 1037 1418 1091; x_wconf 89' lang='lat' dir='ltr'><strong>sed</strong></span> <span class='ocrx_word' id='word_1_61' title='bbox 1447 1041 1742 1107; x_wconf 83' lang='lat' dir='ltr'><strong>superﬂua</strong></span> <span class='ocrx_word' id='word_1_62' title='bbox 1772 1040 1859 1089; x_wconf 88' lang='lat' dir='ltr'><strong>est</strong></span> <span class='ocrx_word' id='word_1_63' title='bbox 1885 1053 1896 1101; x_wconf 88' lang='lat'>;</span> <span class='ocrx_word' id='word_1_64' title='bbox 1923 1039 1978 1088; x_wconf 89' lang='lat' dir='ltr'><strong>et</strong></span> 
     </span>
    </p>
   </div>
   <div class='ocr_carea' id='block_1_11' title="bbox 340 1126 1980 1201">
    <p class='ocr_par' dir='ltr' id='par_1_11' title="bbox 340 1126 1980 1201">
     <span class='ocr_line' id='line_1_11' title="bbox 340 1126 1980 1201; baseline -0.007 -13"><span class='ocrx_word' id='word_1_65' title='bbox 340 1135 467 1188; x_wconf 91' lang='lat' dir='ltr'><strong>ideo</strong></span> <span class='ocrx_word' id='word_1_66' title='bbox 499 1130 880 1201; x_wconf 89' lang='lat' dir='ltr'><strong>intelligenda</strong></span> <span class='ocrx_word' id='word_1_67' title='bbox 901 1133 990 1182; x_wconf 90' lang='lat' dir='ltr'><strong>est</strong></span> <span class='ocrx_word' id='word_1_68' title='bbox 1016 1127 1203 1197; x_wconf 88' lang='lat' dir='ltr'><strong>posita</strong></span> <span class='ocrx_word' id='word_1_69' title='bbox 1233 1143 1360 1181; x_wconf 91' lang='lat' dir='ltr'><strong>esse</strong></span> <span class='ocrx_word' id='word_1_70' title='bbox 1387 1141 1485 1196; x_wconf 91' lang='lat' dir='ltr'><strong>pro</strong></span> <span class='ocrx_word' id='word_1_71' title='bbox 1504 1129 1586 1190; x_wconf 83' lang='lat' dir='ltr'><strong>et;</strong></span> <span class='ocrx_word' id='word_1_72' title='bbox 1613 1126 1782 1191; x_wconf 80' lang='lat' dir='ltr'><strong>juxta</strong></span> <span class='ocrx_word' id='word_1_73' title='bbox 1815 1139 1980 1193; x_wconf 88' lang='lat' dir='ltr'><strong>regu-</strong></span> 
     </span>
    </p>
   </div>
   <div class='ocr_carea' id='block_1_12' title="bbox 338 1213 1979 1291">
    <p class='ocr_par' dir='ltr' id='par_1_12' title="bbox 338 1213 1979 1291">
     <span class='ocr_line' id='line_1_12' title="bbox 338 1213 1979 1291; baseline -0.007 -15"><span class='ocrx_word' id='word_1_74' title='bbox 338 1221 453 1275; x_wconf 86' lang='lat' dir='ltr'><strong>lam</strong></span> <span class='ocrx_word' id='word_1_75' title='bbox 488 1235 719 1291; x_wconf 91' lang='lat' dir='ltr'><strong>quoque</strong></span> <span class='ocrx_word' id='word_1_76' title='bbox 752 1219 960 1286; x_wconf 75' lang='lat' dir='ltr'><strong>linguas</strong></span> <span class='ocrx_word' id='word_1_77' title='bbox 982 1216 1186 1270; x_wconf 66' lang='lat' dir='ltr'><strong>Graecae</strong></span> <span class='ocrx_word' id='word_1_78' title='bbox 1215 1215 1387 1268; x_wconf 88' lang='lat' dir='ltr'><strong>habet</strong></span> <span class='ocrx_word' id='word_1_79' title='bbox 1409 1213 1979 1283; x_wconf 86' lang='lat' dir='ltr'><strong>compositionem,et</strong></span> 
     </span>
    </p>
   </div>
   <div class='ocr_carea' id='block_1_13' title="bbox 338 1299 1976 1373">
    <p class='ocr_par' dir='ltr' id='par_1_13' title="bbox 338 1299 1976 1373">
     <span class='ocr_line' id='line_1_13' title="bbox 338 1299 1976 1373; baseline -0.007 -8"><span class='ocrx_word' id='word_1_80' title='bbox 338 1306 1012 1365; x_wconf 88' lang='lat' dir='ltr'><strong>constructionem.Sane</strong></span> <span class='ocrx_word' id='word_1_81' title='bbox 1034 1306 1379 1365; x_wconf 86' lang='lat' dir='ltr'><strong>notandum,</strong></span> <span class='ocrx_word' id='word_1_82' title='bbox 1407 1303 1545 1373; x_wconf 89' lang='lat' dir='ltr'><strong>quia</strong></span> <span class='ocrx_word' id='word_1_83' title='bbox 1572 1299 1976 1371; x_wconf 87' lang='lat' dir='ltr'><strong>dixeratpaulo</strong></span> 
     </span>
    </p>
   </div>
   <div class='ocr_carea' id='block_1_14' title="bbox 338 1391 1980 1470">
    <p class='ocr_par' dir='ltr' id='par_1_14' title="bbox 338 1391 1980 1470">
     <span class='ocr_line' id='line_1_14' title="bbox 338 1391 1980 1470; baseline -0.007 -17"><span class='ocrx_word' id='word_1_84' title='bbox 338 1397 610 1470; x_wconf 88' lang='lat' dir='ltr'><strong>superius</strong></span> <span class='ocrx_word' id='word_1_85' title='bbox 642 1413 703 1452; x_wconf 88' lang='lat' dir='ltr'><strong>se</strong></span> <span class='ocrx_word' id='word_1_86' title='bbox 734 1393 1177 1449; x_wconf 86' lang='lat' dir='ltr'><strong>conslristatum</strong></span> <span class='ocrx_word' id='word_1_87' title='bbox 1210 1391 1533 1446; x_wconf 90' lang='lat' dir='ltr'><strong>secundum</strong></span> <span class='ocrx_word' id='word_1_88' title='bbox 1571 1395 1750 1444; x_wconf 85' lang='lat' dir='ltr'><strong>Deum</strong></span> <span class='ocrx_word' id='word_1_89' title='bbox 1780 1404 1792 1443; x_wconf 95' lang='lat'><strong>:</strong></span> <span class='ocrx_word' id='word_1_90' title='bbox 1828 1393 1885 1442; x_wconf 90' lang='lat' dir='ltr'><strong>et</strong></span> <span class='ocrx_word' id='word_1_91' title='bbox 1919 1393 1980 1442; x_wconf 89' lang='lat' dir='ltr'><strong>ut</strong></span> 
     </span>
    </p>
   </div>
   <div class='ocr_carea' id='block_1_15' title="bbox 337 1479 1976 1556">
    <p class='ocr_par' dir='ltr' id='par_1_15' title="bbox 337 1479 1976 1556">
     <span class='ocr_line' id='line_1_15' title="bbox 337 1479 1976 1556; baseline -0.007 -14"><span class='ocrx_word' id='word_1_92' title='bbox 337 1487 668 1542; x_wconf 83' lang='lat' dir='ltr'><strong>ostenderet</strong></span> <span class='ocrx_word' id='word_1_93' title='bbox 698 1499 872 1556; x_wconf 85' lang='lat' dir='ltr'><strong>quem</strong></span> <span class='ocrx_word' id='word_1_94' title='bbox 904 1482 1156 1536; x_wconf 87' lang='lat' dir='ltr'><strong>fructum</strong></span> <span class='ocrx_word' id='word_1_95' title='bbox 1179 1480 1418 1535; x_wconf 87' lang='lat' dir='ltr'><strong>tristitia</strong></span> <span class='ocrx_word' id='word_1_96' title='bbox 1439 1479 1764 1534; x_wconf 91' lang='lat' dir='ltr'><strong>secundum</strong></span> <span class='ocrx_word' id='word_1_97' title='bbox 1797 1482 1976 1532; x_wconf 90' lang='lat' dir='ltr'><strong>Deum</strong></span> 
     </span>
    </p>
   </div>
   <div class='ocr_carea' id='block_1_16' title="bbox 338 1565 1978 1646">
    <p class='ocr_par' dir='ltr' id='par_1_16' title="bbox 338 1565 1978 1646">
     <span class='ocr_line' id='line_1_16' title="bbox 338 1565 1978 1646; baseline -0.009 -15"><span class='ocrx_word' id='word_1_98' title='bbox 338 1570 948 1646; x_wconf 81' lang='lat' dir='ltr'><strong>genuerit,subjunxit</strong></span> <span class='ocrx_word' id='word_1_99' title='bbox 977 1575 1034 1625; x_wconf 88' lang='lat' dir='ltr'><strong>et</strong></span> <span class='ocrx_word' id='word_1_100' title='bbox 1063 1573 1304 1623; x_wconf 71' lang='lat' dir='ltr'><strong>caetera:</strong></span> <span class='ocrx_word' id='word_1_101' title='bbox 1337 1570 1468 1624; x_wconf 88' lang='lat' dir='ltr'><strong>Ecce</strong></span> <span class='ocrx_word' id='word_1_102' title='bbox 1497 1569 1644 1621; x_wconf 89' lang='lat' dir='ltr'><strong>enim</strong></span> <span class='ocrx_word' id='word_1_103' title='bbox 1675 1565 1771 1620; x_wconf 88' lang='lat' dir='ltr'><strong>hoc</strong></span> <span class='ocrx_word' id='word_1_104' title='bbox 1802 1568 1978 1635; x_wconf 83' lang='lat' dir='ltr'><strong>ipsum</strong></span> 
     </span>
    </p>
   </div>
   <div class='ocr_carea' id='block_1_17' title="bbox 337 1654 1974 1729">
    <p class='ocr_par' dir='ltr' id='par_1_17' title="bbox 337 1654 1974 1729">
     <span class='ocr_line' id='line_1_17' title="bbox 337 1654 1974 1729; baseline -0.007 -10"><span class='ocrx_word' id='word_1_105' title='bbox 337 1667 570 1723; x_wconf 83' lang='lat' dir='ltr'><strong>etc.;ac</strong></span> <span class='ocrx_word' id='word_1_106' title='bbox 601 1661 646 1716; x_wconf 93' lang='lat' dir='ltr'><strong>si</strong></span> <span class='ocrx_word' id='word_1_107' title='bbox 681 1661 958 1715; x_wconf 88' lang='lat' dir='ltr'><strong>dixisset:</strong></span> <span class='ocrx_word' id='word_1_108' title='bbox 993 1658 1197 1712; x_wconf 87' lang='lat' dir='ltr'><strong>Videte</strong></span> <span class='ocrx_word' id='word_1_109' title='bbox 1215 1657 1354 1729; x_wconf 87' lang='lat' dir='ltr'><strong>quia</strong></span> <span class='ocrx_word' id='word_1_110' title='bbox 1375 1656 1613 1711; x_wconf 87' lang='lat' dir='ltr'><strong>tristitia</strong></span> <span class='ocrx_word' id='word_1_111' title='bbox 1651 1654 1974 1709; x_wconf 89' lang='lat' dir='ltr'><strong>secundum</strong></span> 
     </span>
    </p>
   </div>
   <div class='ocr_carea' id='block_1_18' title="bbox 341 1742 1975 1822">
    <p class='ocr_par' dir='ltr' id='par_1_18' title="bbox 341 1742 1975 1822">
     <span class='ocr_line' id='line_1_18' title="bbox 341 1742 1975 1822; baseline -0.007 -16"><span class='ocrx_word' id='word_1_112' title='bbox 341 1757 521 1806; x_wconf 89' lang='lat' dir='ltr'><strong>Deum</strong></span> <span class='ocrx_word' id='word_1_113' title='bbox 554 1765 826 1822; x_wconf 86' lang='lat' dir='ltr'><strong>magnam</strong></span> <span class='ocrx_word' id='word_1_114' title='bbox 850 1749 907 1802; x_wconf 93' lang='lat' dir='ltr'><strong>in</strong></span> <span class='ocrx_word' id='word_1_115' title='bbox 930 1747 1094 1802; x_wconf 89' lang='lat' dir='ltr'><strong>vobis</strong></span> <span class='ocrx_word' id='word_1_116' title='bbox 1117 1751 1431 1816; x_wconf 89' lang='lat' dir='ltr'><strong>opperatur</strong></span> <span class='ocrx_word' id='word_1_117' title='bbox 1453 1742 1975 1799; x_wconf 86' lang='lat' dir='ltr'><strong>sollicitudinem.Et</strong></span> 
     </span>
    </p>
   </div>
   <div class='ocr_carea' id='block_1_19' title="bbox 2093 589 3754 661">
    <p class='ocr_par' dir='ltr' id='par_1_19' title="bbox 2093 589 3754 661">
     <span class='ocr_line' id='line_1_19' title="bbox 2093 589 3754 661; baseline 0.002 -16"><span class='ocrx_word' id='word_1_118' title='bbox 2093 590 2321 661; x_wconf 89' lang='lat' dir='ltr'><strong>scripsi,</strong></span> <span class='ocrx_word' id='word_1_119' title='bbox 2360 590 2457 644; x_wconf 82' lang='lat' dir='ltr'><strong>sed</strong></span> <span class='ocrx_word' id='word_1_120' title='bbox 2493 589 2668 644; x_wconf 88' lang='lat' dir='ltr'><strong>etiam</strong></span> <span class='ocrx_word' id='word_1_121' title='bbox 2702 589 2770 644; x_wconf 87' lang='lat' dir='ltr'><strong>ad</strong></span> <span class='ocrx_word' id='word_1_122' title='bbox 2799 589 3282 659; x_wconf 85' lang='lat' dir='ltr'><strong>mamifestandam</strong></span> <span class='ocrx_word' id='word_1_123' title='bbox 3313 591 3754 649; x_wconf 77' lang='lat' dir='ltr'><strong>sollicitudinem</strong></span> 
     </span>
    </p>
   </div>
   <div class='ocr_carea' id='block_1_20' title="bbox 2089 677 3753 749">
    <p class='ocr_par' dir='ltr' id='par_1_20' title="bbox 2089 677 3753 749">
     <span class='ocr_line' id='line_1_20' title="bbox 2089 677 3753 749; baseline 0.004 -17"><span class='ocrx_word' id='word_1_124' title='bbox 2089 687 2352 734; x_wconf 86' lang='lat' dir='ltr'><strong>nostram.</strong></span> <span class='ocrx_word' id='word_1_125' title='bbox 2371 679 2641 749; x_wconf 82' lang='lat' dir='ltr'><strong>Magnam</strong></span> <span class='ocrx_word' id='word_1_126' title='bbox 2666 695 2874 749; x_wconf 90' lang='lat' dir='ltr'><strong>nempe</strong></span> <span class='ocrx_word' id='word_1_127' title='bbox 2898 694 2998 748; x_wconf 85' lang='lat' dir='ltr'><strong>pro</strong></span> <span class='ocrx_word' id='word_1_128' title='bbox 3015 677 3132 732; x_wconf 91' lang='lat' dir='ltr'><strong>illis</strong></span> <span class='ocrx_word' id='word_1_129' title='bbox 3155 678 3614 736; x_wconf 89' lang='lat' dir='ltr'><strong>sollicitudinem</strong></span> <span class='ocrx_word' id='word_1_130' title='bbox 3638 683 3753 738; x_wconf 85' lang='lat' dir='ltr'><strong>ha-</strong></span> 
     </span>
    </p>
   </div>
   <div class='ocr_carea' id='block_1_21' title="bbox 2091 765 3751 841">
    <p class='ocr_par' dir='ltr' id='par_1_21' title="bbox 2091 765 3751 841">
     <span class='ocr_line' id='line_1_21' title="bbox 2091 765 3751 841; baseline 0.004 -21"><span class='ocrx_word' id='word_1_131' title='bbox 2091 768 2297 831; x_wconf 89' lang='lat' dir='ltr'><strong>bebat;</strong></span> <span class='ocrx_word' id='word_1_132' title='bbox 2331 767 2488 838; x_wconf 86' lang='lat' dir='ltr'><strong>quia,</strong></span> <span class='ocrx_word' id='word_1_133' title='bbox 2521 767 2661 822; x_wconf 91' lang='lat' dir='ltr'><strong>dum</strong></span> <span class='ocrx_word' id='word_1_134' title='bbox 2695 765 3399 838; x_wconf 89' lang='lat' dir='ltr'><strong>inquinatosinundabat,</strong></span> <span class='ocrx_word' id='word_1_135' title='bbox 3428 785 3751 841; x_wconf 85' lang='lat' dir='ltr'><strong>oppressos</strong></span> 
     </span>
    </p>
   </div>
   <div class='ocr_carea' id='block_1_22' title="bbox 2091 856 3744 925">
    <p class='ocr_par' dir='ltr' id='par_1_22' title="bbox 2091 856 3744 925">
     <span class='ocr_line' id='line_1_22' title="bbox 2091 856 3744 925; baseline 0.005 -17"><span class='ocrx_word' id='word_1_136' title='bbox 2091 856 2402 921; x_wconf 84' lang='lat' dir='ltr'><strong>relevabat,</strong></span> <span class='ocrx_word' id='word_1_137' title='bbox 2436 857 2694 925; x_wconf 86' lang='lat' dir='ltr'><strong>abjectos</strong></span> <span class='ocrx_word' id='word_1_138' title='bbox 2727 858 3050 922; x_wconf 88' lang='lat' dir='ltr'><strong>revocabat,</strong></span> <span class='ocrx_word' id='word_1_139' title='bbox 3101 857 3366 911; x_wconf 91' lang='lat' dir='ltr'><strong>omnium</strong></span> <span class='ocrx_word' id='word_1_140' title='bbox 3421 875 3482 913; x_wconf 93' lang='lat' dir='ltr'><strong>se</strong></span> <span class='ocrx_word' id='word_1_141' title='bbox 3533 875 3744 917; x_wconf 84' lang='lat' dir='ltr'><strong>curam</strong></span> 
     </span>
    </p>
   </div>
   <div class='ocr_carea' id='block_1_23' title="bbox 2091 945 3743 1016">
    <p class='ocr_par' dir='ltr' id='par_1_23' title="bbox 2091 945 3743 1016">
     <span class='ocr_line' id='line_1_23' title="bbox 2091 945 3743 1016; baseline 0.004 -18"><span class='ocrx_word' id='word_1_142' title='bbox 2091 945 2302 999; x_wconf 88' lang='lat' dir='ltr'><strong>habere</strong></span> <span class='ocrx_word' id='word_1_143' title='bbox 2336 946 2729 1009; x_wconf 90' lang='lat' dir='ltr'><strong>monstrabat;</strong></span> <span class='ocrx_word' id='word_1_144' title='bbox 2767 945 3043 1015; x_wconf 87' lang='lat' dir='ltr'><strong>quoniam</strong></span> <span class='ocrx_word' id='word_1_145' title='bbox 3081 962 3194 1000; x_wconf 92' lang='lat' dir='ltr'><strong>uno</strong></span> <span class='ocrx_word' id='word_1_146' title='bbox 3228 945 3541 1016; x_wconf 68' lang='lat' dir='ltr'><strong>poenitente</strong></span> <span class='ocrx_word' id='word_1_147' title='bbox 3564 949 3743 1005; x_wconf 86' lang='lat' dir='ltr'><strong>multi</strong></span> 
     </span>
    </p>
   </div>
   <div class='ocr_carea' id='block_1_24' title="bbox 2089 1033 3745 1110">
    <p class='ocr_par' dir='ltr' id='par_1_24' title="bbox 2089 1033 3745 1110">
     <span class='ocr_line' id='line_1_24' title="bbox 2089 1033 3745 1110; baseline 0.004 -23"><span class='ocrx_word' id='word_1_148' title='bbox 2089 1034 2657 1097; x_wconf 87' lang='lat' dir='ltr'><strong>contristantur,uno</strong></span> <span class='ocrx_word' id='word_1_149' title='bbox 2673 1035 2886 1088; x_wconf 83' lang='lat' dir='ltr'><strong>alilicto</strong></span> <span class='ocrx_word' id='word_1_150' title='bbox 2906 1033 3075 1088; x_wconf 90' lang='lat' dir='ltr'><strong>multi</strong></span> <span class='ocrx_word' id='word_1_151' title='bbox 3096 1035 3745 1110; x_wconf 85' lang='lat' dir='ltr'><strong>scandalizantur;quia</strong></span> 
     </span>
    </p>
   </div>
   <div class='ocr_carea' id='block_1_25' title="bbox 2089 1122 3743 1195">
    <p class='ocr_par' dir='ltr' id='par_1_25' title="bbox 2089 1122 3743 1195">
     <span class='ocr_line' id='line_1_25' title="bbox 2089 1122 3743 1195; baseline 0.004 -18"><span class='ocrx_word' id='word_1_152' title='bbox 2089 1122 2274 1177; x_wconf 90' lang='lat' dir='ltr'><strong>sicom</strong></span> <span class='ocrx_word' id='word_1_153' title='bbox 2287 1124 2503 1194; x_wconf 91' lang='lat' dir='ltr'><strong>patitur</strong></span> <span class='ocrx_word' id='word_1_154' title='bbox 2518 1139 2695 1176; x_wconf 88' lang='lat' dir='ltr'><strong>unum</strong></span> <span class='ocrx_word' id='word_1_155' title='bbox 2715 1125 3514 1195; x_wconf 88' lang='lat' dir='ltr'><strong>membrum,compatiuntur</strong></span> <span class='ocrx_word' id='word_1_156' title='bbox 3534 1129 3743 1184; x_wconf 87' lang='lat' dir='ltr'><strong>omnia</strong></span> 
     </span>
    </p>
   </div>
   <div class='ocr_carea' id='block_1_26' title="bbox 2091 1214 2373 1266">
    <p class='ocr_par' dir='ltr' id='par_1_26' title="bbox 2091 1214 2373 1266">
     <span class='ocr_line' id='line_1_26' title="bbox 2091 1214 2373 1266; baseline 0 -2"><span class='ocrx_word' id='word_1_157' title='bbox 2091 1214 2373 1266; x_wconf 88' lang='lat' dir='ltr'><strong>membra.</strong></span> 
     </span>
    </p>
   </div>
   <div class='ocr_carea' id='block_1_27' title="bbox 2160 1301 3744 1376">
    <p class='ocr_par' dir='ltr' id='par_1_27' title="bbox 2160 1301 3744 1376">
     <span class='ocr_line' id='line_1_27' title="bbox 2160 1301 3744 1376; baseline 0.006 -23"><span class='ocrx_word' id='word_1_158' title='bbox 2160 1301 2224 1354; x_wconf 87' lang='lat' dir='ltr'><strong>Et</strong></span> <span class='ocrx_word' id='word_1_159' title='bbox 2258 1301 2363 1354; x_wconf 93' lang='lat' dir='ltr'><strong>hoc</strong></span> <span class='ocrx_word' id='word_1_160' title='bbox 2395 1301 2713 1355; x_wconf 89' lang='lat' dir='ltr'><strong>notandum</strong></span> <span class='ocrx_word' id='word_1_161' title='bbox 2749 1301 2885 1372; x_wconf 86' lang='lat' dir='ltr'><strong>quia</strong></span> <span class='ocrx_word' id='word_1_162' title='bbox 2911 1302 3019 1354; x_wconf 86' lang='lat' dir='ltr'><strong>tria</strong></span> <span class='ocrx_word' id='word_1_163' title='bbox 3051 1301 3194 1356; x_wconf 90' lang='lat' dir='ltr'><strong>dicit</strong></span> <span class='ocrx_word' id='word_1_164' title='bbox 3223 1319 3236 1368; x_wconf 87' lang='lat'><strong>;</strong></span> <span class='ocrx_word' id='word_1_165' title='bbox 3264 1303 3370 1357; x_wconf 92' lang='lat' dir='ltr'><strong>hoc</strong></span> <span class='ocrx_word' id='word_1_166' title='bbox 3401 1308 3510 1369; x_wconf 85' lang='lat' dir='ltr'><strong>est,</strong></span> <span class='ocrx_word' id='word_1_167' title='bbox 3529 1321 3628 1376; x_wconf 87' lang='lat' dir='ltr'><strong>pro</strong></span> <span class='ocrx_word' id='word_1_168' title='bbox 3651 1323 3744 1362; x_wconf 86' lang='lat' dir='ltr'><strong>vo-</strong></span> 
     </span>
    </p>
   </div>
   <div class='ocr_carea' id='block_1_28' title="bbox 2089 1387 3741 1455">
    <p class='ocr_par' dir='ltr' id='par_1_28' title="bbox 2089 1387 3741 1455">
     <span class='ocr_line' id='line_1_28' title="bbox 2089 1387 3741 1455; baseline 0.006 -15"><span class='ocrx_word' id='word_1_169' title='bbox 2089 1387 2189 1454; x_wconf 90' lang='lat' dir='ltr'><strong>bis,</strong></span> <span class='ocrx_word' id='word_1_170' title='bbox 2220 1396 2270 1441; x_wconf 88' lang='lat' dir='ltr'><strong>et</strong></span> <span class='ocrx_word' id='word_1_171' title='bbox 2297 1388 2366 1441; x_wconf 87' lang='lat' dir='ltr'><strong>ad</strong></span> <span class='ocrx_word' id='word_1_172' title='bbox 2397 1405 2503 1452; x_wconf 83' lang='lat' dir='ltr'><strong>vos,</strong></span> <span class='ocrx_word' id='word_1_173' title='bbox 2533 1391 2580 1442; x_wconf 90' lang='lat' dir='ltr'><strong>et</strong></span> <span class='ocrx_word' id='word_1_174' title='bbox 2610 1404 2791 1442; x_wconf 86' lang='lat' dir='ltr'><strong>coram</strong></span> <span class='ocrx_word' id='word_1_175' title='bbox 2825 1389 2928 1442; x_wconf 87' lang='lat' dir='ltr'><strong>Deo</strong></span> <span class='ocrx_word' id='word_1_176' title='bbox 2955 1406 2966 1455; x_wconf 91' lang='lat'><strong>;</strong></span> <span class='ocrx_word' id='word_1_177' title='bbox 3003 1394 3066 1442; x_wconf 91' lang='lat' dir='ltr'><strong>ut</strong></span> <span class='ocrx_word' id='word_1_178' title='bbox 3089 1391 3418 1445; x_wconf 86' lang='lat' dir='ltr'><strong>ostenderet</strong></span> <span class='ocrx_word' id='word_1_179' title='bbox 3443 1392 3587 1447; x_wconf 88' lang='lat' dir='ltr'><strong>nihil</strong></span> <span class='ocrx_word' id='word_1_180' title='bbox 3613 1411 3741 1451; x_wconf 66' lang='lat' dir='ltr'><strong>sum</strong></span> 
     </span>
    </p>
   </div>
   <div class='ocr_carea' id='block_1_29' title="bbox 2087 1476 3739 1550">
    <p class='ocr_par' dir='ltr' id='par_1_29' title="bbox 2087 1476 3739 1550">
     <span class='ocr_line' id='line_1_29' title="bbox 2087 1476 3739 1550; baseline 0.007 -23"><span class='ocrx_word' id='word_1_181' title='bbox 2087 1476 2289 1531; x_wconf 88' lang='lat' dir='ltr'><strong>deesse</strong></span> <span class='ocrx_word' id='word_1_182' title='bbox 2311 1476 2704 1531; x_wconf 89' lang='lat' dir='ltr'><strong>ssllicitudini.</strong></span> <span class='ocrx_word' id='word_1_183' title='bbox 2732 1477 2916 1531; x_wconf 86' lang='lat' dir='ltr'><strong>Ethoc</strong></span> <span class='ocrx_word' id='word_1_184' title='bbox 2940 1478 3242 1532; x_wconf 89' lang='lat' dir='ltr'><strong>sciendum</strong></span> <span class='ocrx_word' id='word_1_185' title='bbox 3266 1479 3406 1550; x_wconf 89' lang='lat' dir='ltr'><strong>quia</strong></span> <span class='ocrx_word' id='word_1_186' title='bbox 3428 1487 3568 1536; x_wconf 90' lang='lat' dir='ltr'><strong>sunt</strong></span> <span class='ocrx_word' id='word_1_187' title='bbox 3587 1500 3739 1539; x_wconf 85' lang='lat' dir='ltr'><strong>non-</strong></span> 
     </span>
    </p>
   </div>
   <div class='ocr_carea' id='block_1_30' title="bbox 2088 1563 3732 1640">
    <p class='ocr_par' dir='ltr' id='par_1_30' title="bbox 2088 1563 3732 1640">
     <span class='ocr_line' id='line_1_30' title="bbox 2088 1563 3732 1640; baseline 0.007 -23"><span class='ocrx_word' id='word_1_188' title='bbox 2088 1563 2254 1633; x_wconf 88' lang='lat' dir='ltr'><strong>nulli,</strong></span> <span class='ocrx_word' id='word_1_189' title='bbox 2288 1566 2386 1634; x_wconf 88' lang='lat' dir='ltr'><strong>qui</strong></span> <span class='ocrx_word' id='word_1_190' title='bbox 2419 1569 2557 1620; x_wconf 91' lang='lat' dir='ltr'><strong>sunt</strong></span> <span class='ocrx_word' id='word_1_191' title='bbox 2587 1565 2817 1619; x_wconf 87' lang='lat' dir='ltr'><strong>solliciti</strong></span> <span class='ocrx_word' id='word_1_192' title='bbox 2851 1582 2952 1636; x_wconf 91' lang='lat' dir='ltr'><strong>pro</strong></span> <span class='ocrx_word' id='word_1_193' title='bbox 2984 1564 3114 1621; x_wconf 90' lang='lat' dir='ltr'><strong>aliis</strong></span> <span class='ocrx_word' id='word_1_194' title='bbox 3147 1584 3159 1634; x_wconf 89' lang='lat'>;</span> <span class='ocrx_word' id='word_1_195' title='bbox 3191 1569 3287 1622; x_wconf 90' lang='lat' dir='ltr'><strong>sed</strong></span> <span class='ocrx_word' id='word_1_196' title='bbox 3325 1585 3437 1623; x_wconf 92' lang='lat' dir='ltr'><strong>non</strong></span> <span class='ocrx_word' id='word_1_197' title='bbox 3473 1571 3545 1625; x_wconf 91' lang='lat' dir='ltr'><strong>ad</strong></span> <span class='ocrx_word' id='word_1_198' title='bbox 3572 1571 3732 1640; x_wconf 85' lang='lat' dir='ltr'><strong>illos,</strong></span> 
     </span>
    </p>
   </div>
   <div class='ocr_carea' id='block_1_31' title="bbox 2087 1652 3732 1724">
    <p class='ocr_par' dir='ltr' id='par_1_31' title="bbox 2087 1652 3732 1724">
     <span class='ocr_line' id='line_1_31' title="bbox 2087 1652 3732 1724; baseline 0.006 -19"><span class='ocrx_word' id='word_1_199' title='bbox 2087 1652 2224 1723; x_wconf 89' lang='lat' dir='ltr'><strong>quia</strong></span> <span class='ocrx_word' id='word_1_200' title='bbox 2244 1668 2354 1706; x_wconf 90' lang='lat' dir='ltr'><strong>non</strong></span> <span class='ocrx_word' id='word_1_201' title='bbox 2378 1653 2574 1718; x_wconf 87' lang='lat' dir='ltr'><strong>abhis,</strong></span> <span class='ocrx_word' id='word_1_202' title='bbox 2600 1670 2726 1724; x_wconf 67' lang='lat' dir='ltr'><strong>qua:</strong></span> <span class='ocrx_word' id='word_1_203' title='bbox 2745 1654 2813 1708; x_wconf 89' lang='lat' dir='ltr'><strong>ad</strong></span> <span class='ocrx_word' id='word_1_204' title='bbox 2833 1654 3148 1724; x_wconf 85' lang='lat' dir='ltr'><strong>perfectam</strong></span> <span class='ocrx_word' id='word_1_205' title='bbox 3172 1654 3408 1711; x_wconf 89' lang='lat' dir='ltr'><strong>illorum</strong></span> <span class='ocrx_word' id='word_1_206' title='bbox 3435 1659 3732 1716; x_wconf 89' lang='lat' dir='ltr'><strong>sollicitu-</strong></span> 
     </span>
    </p>
   </div>
   <div class='ocr_carea' id='block_1_32' title="bbox 2086 1741 3734 1817">
    <p class='ocr_par' dir='ltr' id='par_1_32' title="bbox 2086 1741 3734 1817">
     <span class='ocr_line' id='line_1_32' title="bbox 2086 1741 3734 1817; baseline 0.008 -23"><span class='ocrx_word' id='word_1_207' title='bbox 2086 1741 2281 1796; x_wconf 88' lang='lat' dir='ltr'><strong>dinem</strong></span> <span class='ocrx_word' id='word_1_208' title='bbox 2301 1743 2663 1812; x_wconf 88' lang='lat' dir='ltr'><strong>perducunt:</strong></span> <span class='ocrx_word' id='word_1_209' title='bbox 2694 1747 2833 1798; x_wconf 92' lang='lat' dir='ltr'><strong>sunt</strong></span> <span class='ocrx_word' id='word_1_210' title='bbox 2855 1759 2988 1798; x_wconf 90' lang='lat' dir='ltr'><strong>vero</strong></span> <span class='ocrx_word' id='word_1_211' title='bbox 3011 1742 3130 1811; x_wconf 87' lang='lat' dir='ltr'><strong>alii,</strong></span> <span class='ocrx_word' id='word_1_212' title='bbox 3155 1744 3254 1815; x_wconf 90' lang='lat' dir='ltr'><strong>qui</strong></span> <span class='ocrx_word' id='word_1_213' title='bbox 3277 1762 3380 1817; x_wconf 90' lang='lat' dir='ltr'><strong>pro</strong></span> <span class='ocrx_word' id='word_1_214' title='bbox 3399 1746 3551 1814; x_wconf 89' lang='lat' dir='ltr'><strong>aliis,</strong></span> <span class='ocrx_word' id='word_1_215' title='bbox 3579 1755 3638 1804; x_wconf 94' lang='lat' dir='ltr'><strong>et</strong></span> <span class='ocrx_word' id='word_1_216' title='bbox 3657 1752 3734 1807; x_wconf 86' lang='lat' dir='ltr'><strong>ad</strong></span> 
     </span>
    </p>
   </div>
   <div class='ocr_carea' id='block_1_33' title="bbox 337 1829 3734 1938">
    <p class='ocr_par' dir='ltr' id='par_1_33' title="bbox 337 1829 3734 1938">
     <span class='ocr_line' id='line_1_33' title="bbox 337 1829 3734 1938; baseline -0 -42"><span class='ocrx_word' id='word_1_217' title='bbox 337 1840 578 1912; x_wconf 90' lang='lat' dir='ltr'><strong>pulchre</strong></span> <span class='ocrx_word' id='word_1_218' title='bbox 608 1839 788 1893; x_wconf 89' lang='lat' dir='ltr'><strong>dicit:</strong></span> <span class='ocrx_word' id='word_1_219' title='bbox 822 1835 1263 1892; x_wconf 79' lang='lat' dir='ltr'><strong>Sollicitudinem</strong></span> <span class='ocrx_word' id='word_1_220' title='bbox 1297 1851 1310 1901; x_wconf 88' lang='lat'><strong>;</strong></span> <span class='ocrx_word' id='word_1_221' title='bbox 1344 1835 1481 1905; x_wconf 89' lang='lat' dir='ltr'><strong>quia</strong></span> <span class='ocrx_word' id='word_1_222' title='bbox 1512 1833 1569 1887; x_wconf 90' lang='lat' dir='ltr'><strong>in</strong></span> <span class='ocrx_word' id='word_1_223' title='bbox 1633 1831 1974 1903; x_wconf 86' lang='lat' dir='ltr'><strong>poenitentia</strong></span> <span class='ocrx_word' id='word_1_224' title='bbox 2005 1873 2052 1938; x_wconf 83' lang='lat' dir='ltr'><strong>B</strong></span> <span class='ocrx_word' id='word_1_225' title='bbox 2086 1829 2217 1885; x_wconf 92' lang='lat' dir='ltr'><strong>illos</strong></span> <span class='ocrx_word' id='word_1_226' title='bbox 2248 1831 2479 1885; x_wconf 88' lang='lat' dir='ltr'><strong>solliciti</strong></span> <span class='ocrx_word' id='word_1_227' title='bbox 2509 1838 2647 1885; x_wconf 89' lang='lat' dir='ltr'><strong>sunt</strong></span> <span class='ocrx_word' id='word_1_228' title='bbox 2677 1849 2689 1897; x_wconf 87' lang='lat'><strong>;</strong></span> <span class='ocrx_word' id='word_1_229' title='bbox 2723 1833 2822 1886; x_wconf 91' lang='lat' dir='ltr'><strong>sed</strong></span> <span class='ocrx_word' id='word_1_230' title='bbox 2855 1834 2994 1903; x_wconf 90' lang='lat' dir='ltr'><strong>quia</strong></span> <span class='ocrx_word' id='word_1_231' title='bbox 3017 1849 3130 1888; x_wconf 90' lang='lat' dir='ltr'><strong>non</strong></span> <span class='ocrx_word' id='word_1_232' title='bbox 3153 1837 3242 1888; x_wconf 90' lang='lat' dir='ltr'><strong>est</strong></span> <span class='ocrx_word' id='word_1_233' title='bbox 3257 1833 3506 1906; x_wconf 82' lang='lat' dir='ltr'><strong>simplex</strong></span> <span class='ocrx_word' id='word_1_234' title='bbox 3524 1854 3734 1895; x_wconf 86' lang='lat' dir='ltr'><strong>eorum</strong></span> 
     </span>
    </p>
   </div>
   <div class='ocr_carea' id='block_1_34' title="bbox 337 1921 1970 1991">
    <p class='ocr_par' dir='ltr' id='par_1_34' title="bbox 337 1921 1970 1991">
     <span class='ocr_line' id='line_1_34' title="bbox 337 1921 1970 1991; baseline -0.006 -7"><span class='ocrx_word' id='word_1_235' title='bbox 337 1929 588 1984; x_wconf 92' lang='lat' dir='ltr'><strong>multum</strong></span> <span class='ocrx_word' id='word_1_236' title='bbox 622 1926 907 1991; x_wconf 84' lang='lat' dir='ltr'><strong>sollicitus</strong></span> <span class='ocrx_word' id='word_1_237' title='bbox 938 1931 1026 1980; x_wconf 90' lang='lat' dir='ltr'><strong>est</strong></span> <span class='ocrx_word' id='word_1_238' title='bbox 1056 1925 1331 1988; x_wconf 88' lang='lat' dir='ltr'><strong>homo,ne</strong></span> <span class='ocrx_word' id='word_1_239' title='bbox 1364 1926 1506 1977; x_wconf 88' lang='lat' dir='ltr'><strong>forte</strong></span> <span class='ocrx_word' id='word_1_240' title='bbox 1537 1921 1726 1976; x_wconf 89' lang='lat' dir='ltr'><strong>denuo</strong></span> <span class='ocrx_word' id='word_1_241' title='bbox 1759 1925 1970 1991; x_wconf 89' lang='lat' dir='ltr'><strong>peccet:</strong></span> 
     </span>
    </p>
   </div>
   <div class='ocr_carea' id='block_1_35' title="bbox 334 2009 1971 2084">
    <p class='ocr_par' dir='ltr' id='par_1_35' title="bbox 334 2009 1971 2084">
     <span class='ocr_line' id='line_1_35' title="bbox 334 2009 1971 2084; baseline -0.007 -12"><span class='ocrx_word' id='word_1_242' title='bbox 334 2023 388 2072; x_wconf 92' lang='lat' dir='ltr'><strong>et</strong></span> <span class='ocrx_word' id='word_1_243' title='bbox 417 2017 514 2072; x_wconf 92' lang='lat' dir='ltr'><strong>ubi</strong></span> <span class='ocrx_word' id='word_1_244' title='bbox 544 2016 874 2072; x_wconf 91' lang='lat' dir='ltr'><strong>sollicitudo</strong></span> <span class='ocrx_word' id='word_1_245' title='bbox 895 2018 1001 2082; x_wconf 89' lang='lat' dir='ltr'><strong>est,</strong></span> <span class='ocrx_word' id='word_1_246' title='bbox 1025 2018 1242 2084; x_wconf 91' lang='lat' dir='ltr'><strong>torpor,</strong></span> <span class='ocrx_word' id='word_1_247' title='bbox 1269 2017 1324 2066; x_wconf 93' lang='lat' dir='ltr'><strong>et</strong></span> <span class='ocrx_word' id='word_1_248' title='bbox 1362 2011 1594 2081; x_wconf 79' lang='lat' dir='ltr'><strong>ignavia</strong></span> <span class='ocrx_word' id='word_1_249' title='bbox 1652 2009 1971 2080; x_wconf 87' lang='lat' dir='ltr'><strong>repellitur.</strong></span> 
     </span>
    </p>
   </div>
   <div class='ocr_carea' id='block_1_36' title="bbox 328 2097 1972 2178">
    <p class='ocr_par' dir='ltr' id='par_1_36' title="bbox 328 2097 1972 2178">
     <span class='ocr_line' id='line_1_36' title="bbox 328 2097 1972 2178; baseline -0.008 -15"><span class='ocrx_word' id='word_1_250' title='bbox 328 2106 435 2163; x_wconf 87' lang='lat' dir='ltr'><strong>Sed</strong></span> <span class='ocrx_word' id='word_1_251' title='bbox 463 2105 844 2178; x_wconf 79' lang='lat' dir='ltr'><strong>defensionem.</strong></span> <span class='ocrx_word' id='word_1_252' title='bbox 871 2103 1046 2165; x_wconf 90' lang='lat' dir='ltr'><strong>Quasi</strong></span> <span class='ocrx_word' id='word_1_253' title='bbox 1071 2102 1310 2156; x_wconf 85' lang='lat' dir='ltr'><strong>dixisset</strong></span> <span class='ocrx_word' id='word_1_254' title='bbox 1346 2116 1359 2154; x_wconf 90' lang='lat'><strong>:</strong></span> <span class='ocrx_word' id='word_1_255' title='bbox 1392 2101 1513 2154; x_wconf 89' lang='lat' dir='ltr'><strong>Non</strong></span> <span class='ocrx_word' id='word_1_256' title='bbox 1539 2099 1727 2154; x_wconf 89' lang='lat' dir='ltr'><strong>solum</strong></span> <span class='ocrx_word' id='word_1_257' title='bbox 1761 2097 1972 2152; x_wconf 90' lang='lat' dir='ltr'><strong>sollici-</strong></span> 
     </span>
    </p>
   </div>
   <div class='ocr_carea' id='block_1_37' title="bbox 328 2186 1970 2261">
    <p class='ocr_par' dir='ltr' id='par_1_37' title="bbox 328 2186 1970 2261">
     <span class='ocr_line' id='line_1_37' title="bbox 328 2186 1970 2261; baseline -0.008 -10"><span class='ocrx_word' id='word_1_258' title='bbox 328 2195 723 2261; x_wconf 81' lang='lat' dir='ltr'><strong>tudinem,sed</strong></span> <span class='ocrx_word' id='word_1_259' title='bbox 747 2194 919 2249; x_wconf 89' lang='lat' dir='ltr'><strong>etiam</strong></span> <span class='ocrx_word' id='word_1_260' title='bbox 943 2191 1339 2246; x_wconf 82' lang='lat' dir='ltr'><strong>defensionem</strong></span> <span class='ocrx_word' id='word_1_261' title='bbox 1377 2207 1390 2244; x_wconf 85' lang='lat'><strong>:</strong></span> <span class='ocrx_word' id='word_1_262' title='bbox 1415 2206 1526 2242; x_wconf 86' lang='lat' dir='ltr'><strong>non</strong></span> <span class='ocrx_word' id='word_1_263' title='bbox 1564 2193 1789 2241; x_wconf 77' lang='lat' dir='ltr'><strong>tantum</strong></span> <span class='ocrx_word' id='word_1_264' title='bbox 1812 2186 1970 2252; x_wconf 89' lang='lat' dir='ltr'><strong>mali;</strong></span> 
     </span>
    </p>
   </div>
   <div class='ocr_carea' id='block_1_38' title="bbox 329 2276 1975 2356">
    <p class='ocr_par' dir='ltr' id='par_1_38' title="bbox 329 2276 1975 2356">
     <span class='ocr_line' id='line_1_38' title="bbox 329 2276 1975 2356; baseline -0.007 -17"><span class='ocrx_word' id='word_1_265' title='bbox 329 2286 467 2356; x_wconf 90' lang='lat' dir='ltr'><strong>quia</strong></span> <span class='ocrx_word' id='word_1_266' title='bbox 498 2283 635 2338; x_wconf 93' lang='lat' dir='ltr'><strong>mali</strong></span> <span class='ocrx_word' id='word_1_267' title='bbox 669 2287 907 2353; x_wconf 89' lang='lat' dir='ltr'><strong>operata</strong></span> <span class='ocrx_word' id='word_1_268' title='bbox 939 2286 1025 2335; x_wconf 88' lang='lat' dir='ltr'><strong>est</strong></span> <span class='ocrx_word' id='word_1_269' title='bbox 1057 2279 1503 2342; x_wconf 84' lang='lat' dir='ltr'><strong>confessionem;</strong></span> <span class='ocrx_word' id='word_1_270' title='bbox 1538 2278 1636 2331; x_wconf 87' lang='lat' dir='ltr'><strong>sed</strong></span> <span class='ocrx_word' id='word_1_271' title='bbox 1673 2276 1864 2346; x_wconf 87' lang='lat' dir='ltr'><strong>potius</strong></span> <span class='ocrx_word' id='word_1_272' title='bbox 1886 2291 1975 2328; x_wconf 83' lang='lat' dir='ltr'><strong>ve-</strong></span> 
     </span>
    </p>
   </div>
   <div class='ocr_carea' id='block_1_39' title="bbox 329 2364 1972 2437">
    <p class='ocr_par' dir='ltr' id='par_1_39' title="bbox 329 2364 1972 2437">
     <span class='ocr_line' id='line_1_39' title="bbox 329 2364 1972 2437; baseline -0.006 -9"><span class='ocrx_word' id='word_1_273' title='bbox 329 2372 518 2428; x_wconf 90' lang='lat' dir='ltr'><strong>ritatis</strong></span> <span class='ocrx_word' id='word_1_274' title='bbox 553 2389 566 2427; x_wconf 91' lang='lat'><strong>:</strong></span> <span class='ocrx_word' id='word_1_275' title='bbox 599 2371 700 2426; x_wconf 88' lang='lat' dir='ltr'><strong>Sed</strong></span> <span class='ocrx_word' id='word_1_276' title='bbox 732 2369 1165 2437; x_wconf 79' lang='lat' dir='ltr'><strong>indignationem</strong></span> <span class='ocrx_word' id='word_1_277' title='bbox 1197 2366 1357 2420; x_wconf 89' lang='lat' dir='ltr'><strong>illam</strong></span> <span class='ocrx_word' id='word_1_278' title='bbox 1391 2364 1807 2435; x_wconf 88' lang='lat' dir='ltr'><strong>intellige,qua</strong></span> <span class='ocrx_word' id='word_1_279' title='bbox 1830 2364 1886 2417; x_wconf 92' lang='lat' dir='ltr'><strong>in</strong></span> <span class='ocrx_word' id='word_1_280' title='bbox 1912 2379 1972 2418; x_wconf 85' lang='lat' dir='ltr'><strong>se</strong></span> 
     </span>
    </p>
   </div>
   <div class='ocr_carea' id='block_1_40' title="bbox 328 2452 1969 2531">
    <p class='ocr_par' dir='ltr' id='par_1_40' title="bbox 328 2452 1969 2531">
     <span class='ocr_line' id='line_1_40' title="bbox 328 2452 1969 2531; baseline -0.005 -17"><span class='ocrx_word' id='word_1_281' title='bbox 328 2461 788 2531; x_wconf 84' lang='lat' dir='ltr'><strong>indignabantur</strong></span> <span class='ocrx_word' id='word_1_282' title='bbox 820 2461 1053 2528; x_wconf 87' lang='lat' dir='ltr'><strong>propter</strong></span> <span class='ocrx_word' id='word_1_283' title='bbox 1085 2461 1321 2527; x_wconf 87' lang='lat' dir='ltr'><strong>peccata</strong></span> <span class='ocrx_word' id='word_1_284' title='bbox 1353 2472 1366 2521; x_wconf 94' lang='lat'><strong>;</strong></span> <span class='ocrx_word' id='word_1_285' title='bbox 1397 2453 1483 2509; x_wconf 92' lang='lat' dir='ltr'><strong>vel</strong></span> <span class='ocrx_word' id='word_1_286' title='bbox 1517 2458 1670 2508; x_wconf 87' lang='lat' dir='ltr'><strong>certe</strong></span> <span class='ocrx_word' id='word_1_287' title='bbox 1721 2452 1969 2507; x_wconf 91' lang='lat' dir='ltr'><strong>aliorum</strong></span> 
     </span>
    </p>
   </div>
   <div class='ocr_carea' id='block_1_41' title="bbox 329 2543 1971 2619">
    <p class='ocr_par' dir='ltr' id='par_1_41' title="bbox 329 2543 1971 2619">
     <span class='ocr_line' id='line_1_41' title="bbox 329 2543 1971 2619; baseline -0.004 -17"><span class='ocrx_word' id='word_1_288' title='bbox 329 2547 794 2619; x_wconf 88' lang='lat' dir='ltr'><strong>intellige,quam</strong></span> <span class='ocrx_word' id='word_1_289' title='bbox 819 2546 877 2600; x_wconf 92' lang='lat' dir='ltr'><strong>in</strong></span> <span class='ocrx_word' id='word_1_290' title='bbox 900 2561 960 2600; x_wconf 91' lang='lat' dir='ltr'><strong>se</strong></span> <span class='ocrx_word' id='word_1_291' title='bbox 983 2545 1533 2608; x_wconf 88' lang='lat' dir='ltr'><strong>excitaverunt,cum</strong></span> <span class='ocrx_word' id='word_1_292' title='bbox 1569 2559 1630 2597; x_wconf 90' lang='lat' dir='ltr'><strong>se</strong></span> <span class='ocrx_word' id='word_1_293' title='bbox 1661 2543 1971 2596; x_wconf 87' lang='lat' dir='ltr'><strong>emendare</strong></span> 
     </span>
    </p>
   </div>
   <div class='ocr_carea' id='block_1_42' title="bbox 328 2629 1969 2709">
    <p class='ocr_par' dir='ltr' id='par_1_42' title="bbox 328 2629 1969 2709">
     <span class='ocr_line' id='line_1_42' title="bbox 328 2629 1969 2709; baseline -0.005 -17"><span class='ocrx_word' id='word_1_294' title='bbox 328 2639 651 2709; x_wconf 59' lang='lat' dir='ltr'><strong>coeperunt.</strong></span> <span class='ocrx_word' id='word_1_295' title='bbox 683 2635 960 2705; x_wconf 88' lang='lat' dir='ltr'><strong>Sequitur</strong></span> <span class='ocrx_word' id='word_1_296' title='bbox 996 2651 1009 2688; x_wconf 94' lang='lat'><strong>:</strong></span> <span class='ocrx_word' id='word_1_297' title='bbox 1040 2633 1144 2688; x_wconf 85' lang='lat' dir='ltr'><strong>Sed</strong></span> <span class='ocrx_word' id='word_1_298' title='bbox 1173 2638 1444 2687; x_wconf 79' lang='lat' dir='ltr'><strong>timorem.</strong></span> <span class='ocrx_word' id='word_1_299' title='bbox 1482 2630 1586 2685; x_wconf 90' lang='lat' dir='ltr'><strong>Ille</strong></span> <span class='ocrx_word' id='word_1_300' title='bbox 1618 2629 1878 2700; x_wconf 90' lang='lat' dir='ltr'><strong>vero,qni</strong></span> <span class='ocrx_word' id='word_1_301' title='bbox 1912 2631 1969 2684; x_wconf 90' lang='lat' dir='ltr'><strong>in</strong></span> 
     </span>
    </p>
   </div>
   <div class='ocr_carea' id='block_1_43' title="bbox 328 2719 1968 2796">
    <p class='ocr_par' dir='ltr' id='par_1_43' title="bbox 328 2719 1968 2796">
     <span class='ocr_line' id='line_1_43' title="bbox 328 2719 1968 2796; baseline -0.004 -16"><span class='ocrx_word' id='word_1_302' title='bbox 328 2724 692 2796; x_wconf 68' lang='lat' dir='ltr'><strong>paenitudine</strong></span> <span class='ocrx_word' id='word_1_303' title='bbox 721 2728 830 2790; x_wconf 88' lang='lat' dir='ltr'><strong>est,</strong></span> <span class='ocrx_word' id='word_1_304' title='bbox 863 2720 1116 2776; x_wconf 90' lang='lat' dir='ltr'><strong>multum</strong></span> <span class='ocrx_word' id='word_1_305' title='bbox 1139 2721 1405 2785; x_wconf 90' lang='lat' dir='ltr'><strong>timet,ne</strong></span> <span class='ocrx_word' id='word_1_306' title='bbox 1429 2719 1572 2774; x_wconf 88' lang='lat' dir='ltr'><strong>forte</strong></span> <span class='ocrx_word' id='word_1_307' title='bbox 1605 2736 1717 2774; x_wconf 91' lang='lat' dir='ltr'><strong>non</strong></span> <span class='ocrx_word' id='word_1_308' title='bbox 1751 2719 1828 2773; x_wconf 90' lang='lat' dir='ltr'><strong>sit</strong></span> <span class='ocrx_word' id='word_1_309' title='bbox 1857 2719 1968 2773; x_wconf 90' lang='lat' dir='ltr'><strong>sibi</strong></span> 
     </span>
    </p>
   </div>
   <div class='ocr_carea' id='block_1_44' title="bbox 328 2809 1967 2881">
    <p class='ocr_par' dir='ltr' id='par_1_44' title="bbox 328 2809 1967 2881">
     <span class='ocr_line' id='line_1_44' title="bbox 328 2809 1967 2881; baseline -0.004 -13"><span class='ocrx_word' id='word_1_310' title='bbox 328 2831 359 2868; x_wconf 90' lang='lat' dir='ltr'><strong>a</strong></span> <span class='ocrx_word' id='word_1_311' title='bbox 381 2814 495 2868; x_wconf 87' lang='lat' dir='ltr'><strong>Deo</strong></span> <span class='ocrx_word' id='word_1_312' title='bbox 514 2812 824 2867; x_wconf 88' lang='lat' dir='ltr'><strong>remissum</strong></span> <span class='ocrx_word' id='word_1_313' title='bbox 851 2809 1469 2881; x_wconf 90' lang='lat' dir='ltr'><strong>peccatum.Timorem</strong></span> <span class='ocrx_word' id='word_1_314' title='bbox 1492 2824 1621 2861; x_wconf 88' lang='lat' dir='ltr'><strong>vero</strong></span> <span class='ocrx_word' id='word_1_315' title='bbox 1646 2823 1717 2860; x_wconf 91' lang='lat' dir='ltr'><strong>an</strong></span> <span class='ocrx_word' id='word_1_316' title='bbox 1739 2811 1967 2862; x_wconf 87' lang='lat' dir='ltr'><strong>castum</strong></span> 
     </span>
    </p>
   </div>
   <div class='ocr_carea' id='block_1_45' title="bbox 329 2897 1969 2968">
    <p class='ocr_par' dir='ltr' id='par_1_45' title="bbox 329 2897 1969 2968">
     <span class='ocr_line' id='line_1_45' title="bbox 329 2897 1969 2968; baseline -0.002 -14"><span class='ocrx_word' id='word_1_317' title='bbox 329 2917 399 2955; x_wconf 89' lang='lat' dir='ltr'><strong>an</strong></span> <span class='ocrx_word' id='word_1_318' title='bbox 418 2900 686 2956; x_wconf 91' lang='lat' dir='ltr'><strong>servilem</strong></span> <span class='ocrx_word' id='word_1_319' title='bbox 707 2897 1175 2968; x_wconf 88' lang='lat' dir='ltr'><strong>dicat,incertum</strong></span> <span class='ocrx_word' id='word_1_320' title='bbox 1196 2901 1303 2950; x_wconf 87' lang='lat' dir='ltr'><strong>est:</strong></span> <span class='ocrx_word' id='word_1_321' title='bbox 1329 2900 1728 2949; x_wconf 88' lang='lat' dir='ltr'><strong>verumtamen</strong></span> <span class='ocrx_word' id='word_1_322' title='bbox 1747 2900 1969 2950; x_wconf 90' lang='lat' dir='ltr'><strong>utrum-</strong></span> 
     </span>
    </p>
   </div>
   <div class='ocr_carea' id='block_1_46' title="bbox 328 2983 1966 3060">
    <p class='ocr_par' dir='ltr' id='par_1_46' title="bbox 328 2983 1966 3060">
     <span class='ocr_line' id='line_1_46' title="bbox 328 2983 1966 3060; baseline -0.003 -17"><span class='ocrx_word' id='word_1_323' title='bbox 328 3006 442 3060; x_wconf 87' lang='lat' dir='ltr'><strong>que</strong></span> <span class='ocrx_word' id='word_1_324' title='bbox 473 2987 795 3059; x_wconf 83' lang='lat' dir='ltr'><strong>intelligere</strong></span> <span class='ocrx_word' id='word_1_325' title='bbox 817 2983 1473 3058; x_wconf 88' lang='lat' dir='ltr'><strong>possumus.Sequitur:</strong></span> <span class='ocrx_word' id='word_1_326' title='bbox 1511 2983 1609 3037; x_wconf 86' lang='lat' dir='ltr'><strong>Sed</strong></span> <span class='ocrx_word' id='word_1_327' title='bbox 1640 2983 1966 3038; x_wconf 78' lang='lat' dir='ltr'><strong>desiderium</strong></span> 
     </span>
    </p>
   </div>
   <div class='ocr_carea' id='block_1_47' title="bbox 326 3071 1964 3145">
    <p class='ocr_par' dir='ltr' id='par_1_47' title="bbox 326 3071 1964 3145">
     <span class='ocr_line' id='line_1_47' title="bbox 326 3071 1964 3145; baseline -0.002 -14"><span class='ocrx_word' id='word_1_328' title='bbox 326 3077 435 3132; x_wconf 88' lang='lat' dir='ltr'><strong>hoc</strong></span> <span class='ocrx_word' id='word_1_329' title='bbox 456 3081 562 3143; x_wconf 87' lang='lat' dir='ltr'><strong>est,</strong></span> <span class='ocrx_word' id='word_1_330' title='bbox 598 3077 654 3130; x_wconf 90' lang='lat' dir='ltr'><strong>in</strong></span> <span class='ocrx_word' id='word_1_331' title='bbox 691 3074 898 3131; x_wconf 89' lang='lat' dir='ltr'><strong>melius</strong></span> <span class='ocrx_word' id='word_1_332' title='bbox 932 3073 1290 3145; x_wconf 85' lang='lat' dir='ltr'><strong>proficiendi,</strong></span> <span class='ocrx_word' id='word_1_333' title='bbox 1326 3072 1599 3142; x_wconf 89' lang='lat' dir='ltr'><strong>Sequitur</strong></span> <span class='ocrx_word' id='word_1_334' title='bbox 1625 3089 1636 3126; x_wconf 87' lang='lat'><strong>:</strong></span> <span class='ocrx_word' id='word_1_335' title='bbox 1661 3071 1762 3127; x_wconf 74' lang='lat' dir='ltr'><strong>Sed</strong></span> <span class='ocrx_word' id='word_1_336' title='bbox 1789 3088 1964 3128; x_wconf 55' lang='lat' dir='ltr'><strong>iamu-</strong></span> 
     </span>
    </p>
   </div>
   <div class='ocr_carea' id='block_1_48' title="bbox 324 3161 1961 3235">
    <p class='ocr_par' dir='ltr' id='par_1_48' title="bbox 324 3161 1961 3235">
     <span class='ocr_line' id='line_1_48' title="bbox 324 3161 1961 3235; baseline -0.002 -15"><span class='ocrx_word' id='word_1_337' title='bbox 324 3166 899 3235; x_wconf 84' lang='lat' dir='ltr'><strong>lationem,bonorum</strong></span> <span class='ocrx_word' id='word_1_338' title='bbox 934 3161 1156 3217; x_wconf 81' lang='lat' dir='ltr'><strong>scilicet</strong></span> <span class='ocrx_word' id='word_1_339' title='bbox 1186 3177 1424 3232; x_wconf 89' lang='lat' dir='ltr'><strong>operum</strong></span> <span class='ocrx_word' id='word_1_340' title='bbox 1463 3162 1668 3231; x_wconf 82' lang='lat' dir='ltr'><strong>;quasi</strong></span> <span class='ocrx_word' id='word_1_341' title='bbox 1702 3162 1961 3217; x_wconf 86' lang='lat' dir='ltr'><strong>dixisset:</strong></span> 
     </span>
    </p>
   </div>
   <div class='ocr_carea' id='block_1_49' title="bbox 2083 1918 3010 1984">
    <p class='ocr_par' dir='ltr' id='par_1_49' title="bbox 2083 1918 3010 1984">
     <span class='ocr_line' id='line_1_49' title="bbox 2083 1918 3010 1984; baseline 0.005 -14"><span class='ocrx_word' id='word_1_342' title='bbox 2083 1918 2347 1984; x_wconf 89' lang='lat' dir='ltr'><strong>intentio,</strong></span> <span class='ocrx_word' id='word_1_343' title='bbox 2383 1920 2508 1974; x_wconf 92' lang='lat' dir='ltr'><strong>ideo</strong></span> <span class='ocrx_word' id='word_1_344' title='bbox 2543 1937 2654 1974; x_wconf 94' lang='lat' dir='ltr'><strong>non</strong></span> <span class='ocrx_word' id='word_1_345' title='bbox 2677 1937 2867 1976; x_wconf 85' lang='lat' dir='ltr'><strong>coram</strong></span> <span class='ocrx_word' id='word_1_346' title='bbox 2893 1923 3010 1977; x_wconf 88' lang='lat' dir='ltr'><strong>Deo.</strong></span> 
     </span>
    </p>
   </div>
   <div class='ocr_carea' id='block_1_50' title="bbox 2154 2008 3726 2081">
    <p class='ocr_par' dir='ltr' id='par_1_50' title="bbox 2154 2008 3726 2081">
     <span class='ocr_line' id='line_1_50' title="bbox 2154 2008 3726 2081; baseline 0.007 -19"><span class='ocrx_word' id='word_1_347' title='bbox 2154 2008 2429 2078; x_wconf 87' lang='lat' dir='ltr'><strong>Sequitur</strong></span> <span class='ocrx_word' id='word_1_348' title='bbox 2456 2027 2468 2063; x_wconf 92' lang='lat'><strong>:</strong></span> <span class='ocrx_word' id='word_1_349' title='bbox 2504 2009 2631 2064; x_wconf 87' lang='lat' dir='ltr'><strong>Ideo</strong></span> <span class='ocrx_word' id='word_1_350' title='bbox 2660 2012 2926 2065; x_wconf 74' lang='lat' dir='ltr'><strong>consolati</strong></span> <span class='ocrx_word' id='word_1_351' title='bbox 2964 2026 3152 2065; x_wconf 87' lang='lat' dir='ltr'><strong>sumus</strong></span> <span class='ocrx_word' id='word_1_352' title='bbox 3174 2028 3195 2072; x_wconf 82' lang='lat'><strong>,°</strong></span> <span class='ocrx_word' id='word_1_353' title='bbox 3228 2012 3334 2067; x_wconf 91' lang='lat' dir='ltr'><strong>hoc</strong></span> <span class='ocrx_word' id='word_1_354' title='bbox 3365 2020 3472 2081; x_wconf 91' lang='lat' dir='ltr'><strong>est,</strong></span> <span class='ocrx_word' id='word_1_355' title='bbox 3506 2017 3577 2070; x_wconf 87' lang='lat' dir='ltr'><strong>de</strong></span> <span class='ocrx_word' id='word_1_356' title='bbox 3624 2035 3726 2073; x_wconf 87' lang='lat' dir='ltr'><strong>ve-</strong></span> 
     </span>
    </p>
   </div>
   <div class='ocr_carea' id='block_1_51' title="bbox 2083 2097 3726 2175">
    <p class='ocr_par' dir='ltr' id='par_1_51' title="bbox 2083 2097 3726 2175">
     <span class='ocr_line' id='line_1_51' title="bbox 2083 2097 3726 2175; baseline 0.006 -25"><span class='ocrx_word' id='word_1_357' title='bbox 2083 2101 2202 2150; x_wconf 91' lang='lat' dir='ltr'><strong>stra</strong></span> <span class='ocrx_word' id='word_1_358' title='bbox 2219 2097 2734 2164; x_wconf 89' lang='lat' dir='ltr'><strong>emendatione,vel</strong></span> <span class='ocrx_word' id='word_1_359' title='bbox 2759 2115 2860 2169; x_wconf 91' lang='lat' dir='ltr'><strong>pro</strong></span> <span class='ocrx_word' id='word_1_360' title='bbox 2883 2105 3081 2155; x_wconf 89' lang='lat' dir='ltr'><strong>nostra</strong></span> <span class='ocrx_word' id='word_1_361' title='bbox 3103 2099 3726 2175; x_wconf 89' lang='lat' dir='ltr'><strong>sollicitudine.Sequi-</strong></span> 
     </span>
    </p>
   </div>
   <div class='ocr_carea' id='block_1_52' title="bbox 2087 2187 3730 2260">
    <p class='ocr_par' dir='ltr' id='par_1_52' title="bbox 2087 2187 3730 2260">
     <span class='ocr_line' id='line_1_52' title="bbox 2087 2187 3730 2260; baseline 0.008 -23"><span class='ocrx_word' id='word_1_362' title='bbox 2087 2191 2181 2238; x_wconf 87' lang='lat' dir='ltr'><strong>tur</strong></span> <span class='ocrx_word' id='word_1_363' title='bbox 2206 2203 2217 2240; x_wconf 89' lang='lat'><strong>:</strong></span> <span class='ocrx_word' id='word_1_364' title='bbox 2252 2187 2313 2239; x_wconf 88' lang='lat' dir='ltr'><strong>In</strong></span> <span class='ocrx_word' id='word_1_365' title='bbox 2342 2187 2708 2241; x_wconf 75' lang='lat' dir='ltr'><strong>consolatione</strong></span> <span class='ocrx_word' id='word_1_366' title='bbox 2735 2196 2916 2242; x_wconf 87' lang='lat' dir='ltr'><strong>autem</strong></span> <span class='ocrx_word' id='word_1_367' title='bbox 2945 2194 3152 2258; x_wconf 87' lang='lat' dir='ltr'><strong>nostra,</strong></span> <span class='ocrx_word' id='word_1_368' title='bbox 3178 2190 3548 2246; x_wconf 84' lang='lat' dir='ltr'><strong>abundantius</strong></span> <span class='ocrx_word' id='word_1_369' title='bbox 3569 2196 3730 2260; x_wconf 86' lang='lat' dir='ltr'><strong>gavi-</strong></span> 
     </span>
    </p>
   </div>
   <div class='ocr_carea' id='block_1_53' title="bbox 2081 2276 3728 2354">
    <p class='ocr_par' dir='ltr' id='par_1_53' title="bbox 2081 2276 3728 2354">
     <span class='ocr_line' id='line_1_53' title="bbox 2081 2276 3728 2354; baseline 0.007 -28"><span class='ocrx_word' id='word_1_370' title='bbox 2081 2290 2172 2326; x_wconf 79' lang='lat' dir='ltr'><strong>sus</strong></span> <span class='ocrx_word' id='word_1_371' title='bbox 2199 2290 2319 2328; x_wconf 88' lang='lat' dir='ltr'><strong>sum</strong></span> <span class='ocrx_word' id='word_1_372' title='bbox 2347 2291 2510 2345; x_wconf 82' lang='lat' dir='ltr'><strong>super</strong></span> <span class='ocrx_word' id='word_1_373' title='bbox 2537 2276 2739 2345; x_wconf 88' lang='lat' dir='ltr'><strong>gaudio</strong></span> <span class='ocrx_word' id='word_1_374' title='bbox 2774 2278 2898 2330; x_wconf 84' lang='lat' dir='ltr'><strong>Titi.</strong></span> <span class='ocrx_word' id='word_1_375' title='bbox 2929 2276 3224 2332; x_wconf 88' lang='lat' dir='ltr'><strong>Sollicitus</strong></span> <span class='ocrx_word' id='word_1_376' title='bbox 3252 2280 3407 2334; x_wconf 88' lang='lat' dir='ltr'><strong>enim</strong></span> <span class='ocrx_word' id='word_1_377' title='bbox 3439 2286 3564 2336; x_wconf 86' lang='lat' dir='ltr'><strong>erat</strong></span> <span class='ocrx_word' id='word_1_378' title='bbox 3599 2282 3728 2354; x_wconf 85' lang='lat' dir='ltr'><strong>ipse</strong></span> 
     </span>
    </p>
   </div>
   <div class='ocr_carea' id='block_1_54' title="bbox 2083 2363 3730 2443">
    <p class='ocr_par' dir='ltr' id='par_1_54' title="bbox 2083 2363 3730 2443">
     <span class='ocr_line' id='line_1_54' title="bbox 2083 2363 3730 2443; baseline 0.007 -28"><span class='ocrx_word' id='word_1_379' title='bbox 2083 2367 2203 2416; x_wconf 91' lang='lat' dir='ltr'><strong>tam</strong></span> <span class='ocrx_word' id='word_1_380' title='bbox 2222 2368 2437 2434; x_wconf 88' lang='lat' dir='ltr'><strong>aperte,</strong></span> <span class='ocrx_word' id='word_1_381' title='bbox 2462 2381 2639 2434; x_wconf 91' lang='lat' dir='ltr'><strong>quam</strong></span> <span class='ocrx_word' id='word_1_382' title='bbox 2668 2368 2723 2420; x_wconf 89' lang='lat' dir='ltr'><strong>et</strong></span> <span class='ocrx_word' id='word_1_383' title='bbox 2745 2363 3012 2432; x_wconf 90' lang='lat' dir='ltr'><strong>latenter,</strong></span> <span class='ocrx_word' id='word_1_384' title='bbox 3033 2382 3174 2420; x_wconf 89' lang='lat' dir='ltr'><strong>suos</strong></span> <span class='ocrx_word' id='word_1_385' title='bbox 3195 2367 3446 2440; x_wconf 79' lang='lat' dir='ltr'><strong>dirigere</strong></span> <span class='ocrx_word' id='word_1_386' title='bbox 3469 2371 3730 2443; x_wconf 83' lang='lat' dir='ltr'><strong>discipu-</strong></span> 
     </span>
    </p>
   </div>
   <div class='ocr_carea' id='block_1_55' title="bbox 2083 2451 3729 2525">
    <p class='ocr_par' dir='ltr' id='par_1_55' title="bbox 2083 2451 3729 2525">
     <span class='ocr_line' id='line_1_55' title="bbox 2083 2451 3729 2525; baseline 0.006 -20"><span class='ocrx_word' id='word_1_387' title='bbox 2083 2451 2191 2521; x_wconf 93' lang='lat' dir='ltr'><strong>los,</strong></span> <span class='ocrx_word' id='word_1_388' title='bbox 2227 2457 2290 2506; x_wconf 92' lang='lat' dir='ltr'><strong>ut</strong></span> <span class='ocrx_word' id='word_1_389' title='bbox 2323 2469 2562 2508; x_wconf 91' lang='lat' dir='ltr'><strong>suorum</strong></span> <span class='ocrx_word' id='word_1_390' title='bbox 2597 2459 2942 2525; x_wconf 85' lang='lat' dir='ltr'><strong>agnosceret</strong></span> <span class='ocrx_word' id='word_1_391' title='bbox 2971 2456 3474 2512; x_wconf 87' lang='lat' dir='ltr'><strong>conversationem</strong></span> <span class='ocrx_word' id='word_1_392' title='bbox 3496 2461 3729 2516; x_wconf 87' lang='lat' dir='ltr'><strong>audito-</strong></span> 
     </span>
    </p>
   </div>
   <div class='ocr_carea' id='block_1_56' title="bbox 2083 2542 3728 2617">
    <p class='ocr_par' dir='ltr' id='par_1_56' title="bbox 2083 2542 3728 2617">
     <span class='ocr_line' id='line_1_56' title="bbox 2083 2542 3728 2617; baseline 0.007 -24"><span class='ocrx_word' id='word_1_393' title='bbox 2083 2557 2210 2594; x_wconf 92' lang='lat' dir='ltr'><strong>rum</strong></span> <span class='ocrx_word' id='word_1_394' title='bbox 2239 2559 2250 2608; x_wconf 91' lang='lat'><strong>;</strong></span> <span class='ocrx_word' id='word_1_395' title='bbox 2277 2546 2333 2596; x_wconf 90' lang='lat' dir='ltr'><strong>et</strong></span> <span class='ocrx_word' id='word_1_396' title='bbox 2356 2542 2504 2611; x_wconf 89' lang='lat' dir='ltr'><strong>ideo,</strong></span> <span class='ocrx_word' id='word_1_397' title='bbox 2529 2559 2661 2597; x_wconf 90' lang='lat' dir='ltr'><strong>cum</strong></span> <span class='ocrx_word' id='word_1_398' title='bbox 2681 2543 3214 2612; x_wconf 82' lang='lat' dir='ltr'><strong>direxissetTitum,</strong></span> <span class='ocrx_word' id='word_1_399' title='bbox 3238 2549 3296 2600; x_wconf 91' lang='lat' dir='ltr'><strong>et</strong></span> <span class='ocrx_word' id='word_1_400' title='bbox 3322 2548 3444 2617; x_wconf 87' lang='lat' dir='ltr'><strong>ipse</strong></span> <span class='ocrx_word' id='word_1_401' title='bbox 3468 2547 3728 2606; x_wconf 86' lang='lat' dir='ltr'><strong>invenis-</strong></span> 
     </span>
    </p>
   </div>
   <div class='ocr_carea' id='block_1_57' title="bbox 2081 2631 3726 2704">
    <p class='ocr_par' dir='ltr' id='par_1_57' title="bbox 2081 2631 3726 2704">
     <span class='ocr_line' id='line_1_57' title="bbox 2081 2631 3726 2704; baseline 0.007 -22"><span class='ocrx_word' id='word_1_402' title='bbox 2081 2634 2169 2683; x_wconf 88' lang='lat' dir='ltr'><strong>set</strong></span> <span class='ocrx_word' id='word_1_403' title='bbox 2197 2646 2298 2684; x_wconf 91' lang='lat' dir='ltr'><strong>eos</strong></span> <span class='ocrx_word' id='word_1_404' title='bbox 2328 2631 2692 2698; x_wconf 87' lang='lat' dir='ltr'><strong>emendatos,</strong></span> <span class='ocrx_word' id='word_1_405' title='bbox 2723 2636 2780 2686; x_wconf 87' lang='lat' dir='ltr'><strong>et</strong></span> <span class='ocrx_word' id='word_1_406' title='bbox 2797 2636 3107 2700; x_wconf 89' lang='lat' dir='ltr'><strong>carrectos,</strong></span> <span class='ocrx_word' id='word_1_407' title='bbox 3131 2633 3368 2704; x_wconf 80' lang='lat' dir='ltr'><strong>gavisus</strong></span> <span class='ocrx_word' id='word_1_408' title='bbox 3390 2637 3726 2702; x_wconf 86' lang='lat' dir='ltr'><strong>est;etideo</strong></span> 
     </span>
    </p>
   </div>
   <div class='ocr_carea' id='block_1_58' title="bbox 2079 2717 3728 2794">
    <p class='ocr_par' dir='ltr' id='par_1_58' title="bbox 2079 2717 3728 2794">
     <span class='ocr_line' id='line_1_58' title="bbox 2079 2717 3728 2794; baseline 0.007 -23"><span class='ocrx_word' id='word_1_409' title='bbox 2079 2717 2246 2773; x_wconf 87' lang='lat' dir='ltr'><strong>dicit:</strong></span> <span class='ocrx_word' id='word_1_410' title='bbox 2281 2720 2507 2774; x_wconf 80' lang='lat' dir='ltr'><strong>Gavisus</strong></span> <span class='ocrx_word' id='word_1_411' title='bbox 2531 2737 2653 2774; x_wconf 88' lang='lat' dir='ltr'><strong>sum</strong></span> <span class='ocrx_word' id='word_1_412' title='bbox 2681 2737 2850 2791; x_wconf 84' lang='lat' dir='ltr'><strong>super</strong></span> <span class='ocrx_word' id='word_1_413' title='bbox 2877 2721 3082 2789; x_wconf 84' lang='lat' dir='ltr'><strong>gaudio</strong></span> <span class='ocrx_word' id='word_1_414' title='bbox 3112 2723 3258 2783; x_wconf 80' lang='lat' dir='ltr'><strong>Titi;</strong></span> <span class='ocrx_word' id='word_1_415' title='bbox 3289 2724 3457 2794; x_wconf 90' lang='lat' dir='ltr'><strong>quasi</strong></span> <span class='ocrx_word' id='word_1_416' title='bbox 3481 2725 3728 2782; x_wconf 84' lang='lat' dir='ltr'><strong>dixisset</strong></span> 
     </span>
    </p>
   </div>
   <div class='ocr_carea' id='block_1_59' title="bbox 2078 2807 3725 2881">
    <p class='ocr_par' dir='ltr' id='par_1_59' title="bbox 2078 2807 3725 2881">
     <span class='ocr_line' id='line_1_59' title="bbox 2078 2807 3725 2881; baseline 0.007 -21"><span class='ocrx_word' id='word_1_417' title='bbox 2078 2807 2209 2861; x_wconf 91' lang='lat' dir='ltr'><strong>aliis</strong></span> <span class='ocrx_word' id='word_1_418' title='bbox 2241 2809 2466 2863; x_wconf 90' lang='lat' dir='ltr'><strong>verbis:</strong></span> <span class='ocrx_word' id='word_1_419' title='bbox 2499 2809 2647 2872; x_wconf 87' lang='lat' dir='ltr'><strong>Quia</strong></span> <span class='ocrx_word' id='word_1_420' title='bbox 2675 2809 2858 2876; x_wconf 89' lang='lat' dir='ltr'><strong>Titus,</strong></span> <span class='ocrx_word' id='word_1_421' title='bbox 2892 2811 2991 2881; x_wconf 90' lang='lat' dir='ltr'><strong>qui</strong></span> <span class='ocrx_word' id='word_1_422' title='bbox 3023 2811 3190 2865; x_wconf 89' lang='lat' dir='ltr'><strong>valde</strong></span> <span class='ocrx_word' id='word_1_423' title='bbox 3221 2812 3491 2868; x_wconf 87' lang='lat' dir='ltr'><strong>tristatus</strong></span> <span class='ocrx_word' id='word_1_424' title='bbox 3532 2820 3620 2870; x_wconf 91' lang='lat' dir='ltr'><strong>est</strong></span> <span class='ocrx_word' id='word_1_425' title='bbox 3653 2817 3725 2872; x_wconf 84' lang='lat' dir='ltr'><strong>de</strong></span> 
     </span>
    </p>
   </div>
   <div class='ocr_carea' id='block_1_60' title="bbox 2074 2897 3726 2973">
    <p class='ocr_par' dir='ltr' id='par_1_60' title="bbox 2074 2897 3726 2973">
     <span class='ocr_line' id='line_1_60' title="bbox 2074 2897 3726 2973; baseline 0.006 -24"><span class='ocrx_word' id='word_1_426' title='bbox 2074 2901 2284 2964; x_wconf 86' lang='lat' dir='ltr'><strong>vestro,</strong></span> <span class='ocrx_word' id='word_1_427' title='bbox 2305 2913 2465 2965; x_wconf 90' lang='lat' dir='ltr'><strong>casu,</strong></span> <span class='ocrx_word' id='word_1_428' title='bbox 2489 2897 2788 2953; x_wconf 85' lang='lat' dir='ltr'><strong>inveniens</strong></span> <span class='ocrx_word' id='word_1_429' title='bbox 2820 2916 2918 2954; x_wconf 90' lang='lat' dir='ltr'><strong>vos</strong></span> <span class='ocrx_word' id='word_1_430' title='bbox 2938 2904 3247 2970; x_wconf 83' lang='lat' dir='ltr'><strong>correctos,</strong></span> <span class='ocrx_word' id='word_1_431' title='bbox 3271 2902 3509 2973; x_wconf 85' lang='lat' dir='ltr'><strong>gavisus</strong></span> <span class='ocrx_word' id='word_1_432' title='bbox 3532 2910 3643 2970; x_wconf 91' lang='lat' dir='ltr'><strong>est,</strong></span> <span class='ocrx_word' id='word_1_433' title='bbox 3666 2909 3726 2960; x_wconf 86' lang='lat' dir='ltr'><strong>et</strong></span> 
     </span>
    </p>
   </div>
   <div class='ocr_carea' id='block_1_61' title="bbox 2075 2987 3726 3059">
    <p class='ocr_par' dir='ltr' id='par_1_61' title="bbox 2075 2987 3726 3059">
     <span class='ocr_line' id='line_1_61' title="bbox 2075 2987 3726 3059; baseline 0.006 -22"><span class='ocrx_word' id='word_1_434' title='bbox 2075 3001 2179 3054; x_wconf 89' lang='lat' dir='ltr'><strong>ego</strong></span> <span class='ocrx_word' id='word_1_435' title='bbox 2209 2987 2455 3056; x_wconf 85' lang='lat' dir='ltr'><strong>gaudeo,</strong></span> <span class='ocrx_word' id='word_1_436' title='bbox 2490 2987 2628 3058; x_wconf 88' lang='lat' dir='ltr'><strong>quia</strong></span> <span class='ocrx_word' id='word_1_437' title='bbox 2658 2987 2814 3042; x_wconf 90' lang='lat' dir='ltr'><strong>illius</strong></span> <span class='ocrx_word' id='word_1_438' title='bbox 2845 2987 3149 3058; x_wconf 86' lang='lat' dir='ltr'><strong>gaudium,</strong></span> <span class='ocrx_word' id='word_1_439' title='bbox 3180 3006 3374 3044; x_wconf 89' lang='lat' dir='ltr'><strong>meum</strong></span> <span class='ocrx_word' id='word_1_440' title='bbox 3408 2995 3515 3045; x_wconf 86' lang='lat' dir='ltr'><strong>est.</strong></span> <span class='ocrx_word' id='word_1_441' title='bbox 3579 2994 3726 3059; x_wconf 71' lang='lat' dir='ltr'><strong>Quia&quot;</strong></span> 
     </span>
    </p>
   </div>
   <div class='ocr_carea' id='block_1_62' title="bbox 2075 3075 3721 3147">
    <p class='ocr_par' dir='ltr' id='par_1_62' title="bbox 2075 3075 3721 3147">
     <span class='ocr_line' id='line_1_62' title="bbox 2075 3075 3721 3147; baseline 0.006 -21"><span class='ocrx_word' id='word_1_442' title='bbox 2075 3077 2303 3143; x_wconf 84' lang='lat' dir='ltr'><strong>refectus</strong></span> <span class='ocrx_word' id='word_1_443' title='bbox 2333 3084 2428 3142; x_wconf 88' lang='lat' dir='ltr'><strong>est,</strong></span> <span class='ocrx_word' id='word_1_444' title='bbox 2457 3075 2513 3129; x_wconf 90' lang='lat' dir='ltr'><strong>id</strong></span> <span class='ocrx_word' id='word_1_445' title='bbox 2546 3082 2633 3130; x_wconf 88' lang='lat' dir='ltr'><strong>est</strong></span> <span class='ocrx_word' id='word_1_446' title='bbox 2664 3076 2919 3147; x_wconf 89' lang='lat' dir='ltr'><strong>repletus</strong></span> <span class='ocrx_word' id='word_1_447' title='bbox 2959 3082 3026 3132; x_wconf 88' lang='lat' dir='ltr'><strong>ab</strong></span> <span class='ocrx_word' id='word_1_448' title='bbox 3077 3078 3326 3133; x_wconf 85' lang='lat' dir='ltr'><strong>omnibus</strong></span> <span class='ocrx_word' id='word_1_449' title='bbox 3369 3081 3538 3135; x_wconf 82' lang='lat' dir='ltr'><strong>vobis.</strong></span> <span class='ocrx_word' id='word_1_450' title='bbox 3575 3081 3721 3136; x_wconf 89' lang='lat' dir='ltr'><strong>Cum</strong></span> 
     </span>
    </p>
   </div>
   <div class='ocr_carea' id='block_1_63' title="bbox 2074 3161 3719 3231">
    <p class='ocr_par' dir='ltr' id='par_1_63' title="bbox 2074 3161 3719 3231">
     <span class='ocr_line' id='line_1_63' title="bbox 2074 3161 3719 3231; baseline 0.006 -16"><span class='ocrx_word' id='word_1_451' title='bbox 2074 3161 2228 3216; x_wconf 89' lang='lat' dir='ltr'><strong>enim</strong></span> <span class='ocrx_word' id='word_1_452' title='bbox 2263 3164 2437 3217; x_wconf 85' lang='lat' dir='ltr'><strong>dicit:</strong></span> <span class='ocrx_word' id='word_1_453' title='bbox 2469 3165 2544 3218; x_wconf 87' lang='lat' dir='ltr'><strong>Ab</strong></span> <span class='ocrx_word' id='word_1_454' title='bbox 2573 3165 2823 3218; x_wconf 77' lang='lat' dir='ltr'><strong>omnibus</strong></span> <span class='ocrx_word' id='word_1_455' title='bbox 2854 3166 3022 3231; x_wconf 83' lang='lat' dir='ltr'><strong>vobis,</strong></span> <span class='ocrx_word' id='word_1_456' title='bbox 3058 3168 3314 3222; x_wconf 86' lang='lat' dir='ltr'><strong>ostendit</strong></span> <span class='ocrx_word' id='word_1_457' title='bbox 3343 3184 3443 3223; x_wconf 88' lang='lat' dir='ltr'><strong>eos</strong></span> <span class='ocrx_word' id='word_1_458' title='bbox 3501 3169 3719 3226; x_wconf 85' lang='lat' dir='ltr'><strong>habere</strong></span> 
     </span>
    </p>
   </div>
   <div class='ocr_carea' id='block_1_64' title="bbox 323 3240 3722 3329">
    <p class='ocr_par' dir='ltr' id='par_1_64' title="bbox 323 3240 3722 3329">
     <span class='ocr_line' id='line_1_64' title="bbox 323 3240 3722 3329; baseline 0.001 -19"><span class='ocrx_word' id='word_1_459' title='bbox 323 3255 427 3318; x_wconf 89' lang='lat' dir='ltr'><strong>Qui</strong></span> <span class='ocrx_word' id='word_1_460' title='bbox 459 3255 743 3310; x_wconf 87' lang='lat' dir='ltr'><strong>hactenus</strong></span> <span class='ocrx_word' id='word_1_461' title='bbox 779 3251 971 3307; x_wconf 85' lang='lat' dir='ltr'><strong>fuistis</strong></span> <span class='ocrx_word' id='word_1_462' title='bbox 995 3251 1317 3305; x_wconf 89' lang='lat' dir='ltr'><strong>imitatores</strong></span> <span class='ocrx_word' id='word_1_463' title='bbox 1367 3249 1674 3315; x_wconf 90' lang='lat' dir='ltr'><strong>malorum,</strong></span> <span class='ocrx_word' id='word_1_464' title='bbox 1733 3252 1963 3305; x_wconf 89' lang='lat' dir='ltr'><strong>studete</strong></span> <span class='ocrx_word' id='word_1_465' title='bbox 1995 3240 2036 3306; x_wconf 86' lang='lat' dir='ltr'><strong>C</strong></span> <span class='ocrx_word' id='word_1_466' title='bbox 2076 3252 2466 3317; x_wconf 89' lang='lat' dir='ltr'><strong>concordiam,</strong></span> <span class='ocrx_word' id='word_1_467' title='bbox 2495 3258 2669 3323; x_wconf 90' lang='lat' dir='ltr'><strong>atque</strong></span> <span class='ocrx_word' id='word_1_468' title='bbox 2698 3255 3226 3325; x_wconf 89' lang='lat' dir='ltr'><strong>unionem,quosin</strong></span> <span class='ocrx_word' id='word_1_469' title='bbox 3249 3256 3440 3326; x_wconf 90' lang='lat' dir='ltr'><strong>prima</strong></span> <span class='ocrx_word' id='word_1_470' title='bbox 3459 3257 3722 3329; x_wconf 80' lang='lat' dir='ltr'><strong>Epistola</strong></span> 
     </span>
    </p>
   </div>
   <div class='ocr_carea' id='block_1_65' title="bbox 320 3338 1965 3409">
    <p class='ocr_par' dir='ltr' id='par_1_65' title="bbox 320 3338 1965 3409">
     <span class='ocr_line' id='line_1_65' title="bbox 320 3338 1965 3409; baseline -0.004 -11"><span class='ocrx_word' id='word_1_471' title='bbox 320 3343 686 3400; x_wconf 70' lang='lat' dir='ltr'><strong>zemulatores</strong></span> <span class='ocrx_word' id='word_1_472' title='bbox 715 3359 842 3397; x_wconf 91' lang='lat' dir='ltr'><strong>esse</strong></span> <span class='ocrx_word' id='word_1_473' title='bbox 870 3342 1178 3396; x_wconf 91' lang='lat' dir='ltr'><strong>bonorum.</strong></span> <span class='ocrx_word' id='word_1_474' title='bbox 1211 3339 1502 3409; x_wconf 91' lang='lat' dir='ltr'><strong>Sequitur:</strong></span> <span class='ocrx_word' id='word_1_475' title='bbox 1537 3338 1636 3393; x_wconf 88' lang='lat' dir='ltr'><strong>Sed</strong></span> <span class='ocrx_word' id='word_1_476' title='bbox 1667 3339 1965 3394; x_wconf 81' lang='lat' dir='ltr'><strong>vindictam</strong></span> 
     </span>
    </p>
   </div>
   <div class='ocr_carea' id='block_1_66' title="bbox 318 3427 1960 3500">
    <p class='ocr_par' dir='ltr' id='par_1_66' title="bbox 318 3427 1960 3500">
     <span class='ocr_line' id='line_1_66' title="bbox 318 3427 1960 3500; baseline -0.004 -14"><span class='ocrx_word' id='word_1_477' title='bbox 318 3433 404 3489; x_wconf 91' lang='lat' dir='ltr'><strong>vel</strong></span> <span class='ocrx_word' id='word_1_478' title='bbox 430 3431 749 3487; x_wconf 88' lang='lat' dir='ltr'><strong>ulciscendi</strong></span> <span class='ocrx_word' id='word_1_479' title='bbox 782 3431 839 3484; x_wconf 91' lang='lat' dir='ltr'><strong>in</strong></span> <span class='ocrx_word' id='word_1_480' title='bbox 867 3427 1202 3500; x_wconf 85' lang='lat' dir='ltr'><strong>semetipsis</strong></span> <span class='ocrx_word' id='word_1_481' title='bbox 1231 3432 1484 3498; x_wconf 86' lang='lat' dir='ltr'><strong>peccata,</strong></span> <span class='ocrx_word' id='word_1_482' title='bbox 1519 3427 1604 3480; x_wconf 81' lang='lat' dir='ltr'><strong>vel</strong></span> <span class='ocrx_word' id='word_1_483' title='bbox 1635 3431 1786 3482; x_wconf 89' lang='lat' dir='ltr'><strong>certe</strong></span> <span class='ocrx_word' id='word_1_484' title='bbox 1820 3427 1960 3481; x_wconf 89' lang='lat' dir='ltr'><strong>ulci-</strong></span> 
     </span>
    </p>
   </div>
   <div class='ocr_carea' id='block_1_67' title="bbox 319 3516 1962 3589">
    <p class='ocr_par' dir='ltr' id='par_1_67' title="bbox 319 3516 1962 3589">
     <span class='ocr_line' id='line_1_67' title="bbox 319 3516 1962 3589; baseline -0.004 -13"><span class='ocrx_word' id='word_1_485' title='bbox 319 3521 517 3578; x_wconf 90' lang='lat' dir='ltr'><strong>scendi</strong></span> <span class='ocrx_word' id='word_1_486' title='bbox 539 3520 727 3576; x_wconf 85' lang='lat' dir='ltr'><strong>malos</strong></span> <span class='ocrx_word' id='word_1_487' title='bbox 753 3544 766 3587; x_wconf 87' lang='lat'><strong>;</strong></span> <span class='ocrx_word' id='word_1_488' title='bbox 799 3518 938 3589; x_wconf 86' lang='lat' dir='ltr'><strong>quia</strong></span> <span class='ocrx_word' id='word_1_489' title='bbox 955 3517 1054 3589; x_wconf 92' lang='lat' dir='ltr'><strong>qui</strong></span> <span class='ocrx_word' id='word_1_490' title='bbox 1079 3516 1264 3572; x_wconf 90' lang='lat' dir='ltr'><strong>malos</strong></span> <span class='ocrx_word' id='word_1_491' title='bbox 1288 3517 1668 3586; x_wconf 89' lang='lat' dir='ltr'><strong>punit,bonos</strong></span> <span class='ocrx_word' id='word_1_492' title='bbox 1702 3532 1812 3571; x_wconf 86' lang='lat' dir='ltr'><strong>non</strong></span> <span class='ocrx_word' id='word_1_493' title='bbox 1837 3533 1962 3586; x_wconf 84' lang='lat' dir='ltr'><strong>per-</strong></span> 
     </span>
    </p>
   </div>
   <div class='ocr_carea' id='block_1_68' title="bbox 318 3604 1960 3682">
    <p class='ocr_par' dir='ltr' id='par_1_68' title="bbox 318 3604 1960 3682">
     <span class='ocr_line' id='line_1_68' title="bbox 318 3604 1960 3682; baseline -0.002 -18"><span class='ocrx_word' id='word_1_494' title='bbox 318 3611 453 3666; x_wconf 87' lang='lat' dir='ltr'><strong>dere</strong></span> <span class='ocrx_word' id='word_1_495' title='bbox 483 3609 694 3682; x_wconf 66' lang='lat' dir='ltr'><strong>quaerit</strong></span> <span class='ocrx_word' id='word_1_496' title='bbox 723 3609 892 3676; x_wconf 78' lang='lat'><strong>(736).</strong></span> <span class='ocrx_word' id='word_1_497' title='bbox 925 3605 1138 3676; x_wconf 85' lang='lat' dir='ltr'><strong>Tangit</strong></span> <span class='ocrx_word' id='word_1_498' title='bbox 1183 3605 1338 3658; x_wconf 90' lang='lat' dir='ltr'><strong>enim</strong></span> <span class='ocrx_word' id='word_1_499' title='bbox 1395 3604 1749 3675; x_wconf 69' lang='lat' dir='ltr'><strong>praelibando</strong></span> <span class='ocrx_word' id='word_1_500' title='bbox 1800 3621 1960 3660; x_wconf 92' lang='lat' dir='ltr'><strong>more</strong></span> 
     </span>
    </p>
   </div>
   <div class='ocr_carea' id='block_1_69' title="bbox 317 3693 1957 3766">
    <p class='ocr_par' dir='ltr' id='par_1_69' title="bbox 317 3693 1957 3766">
     <span class='ocr_line' id='line_1_69' title="bbox 317 3693 1957 3766; baseline -0.004 -12"><span class='ocrx_word' id='word_1_501' title='bbox 317 3698 489 3754; x_wconf 91' lang='lat' dir='ltr'><strong>solito</strong></span> <span class='ocrx_word' id='word_1_502' title='bbox 521 3713 779 3764; x_wconf 88' lang='lat' dir='ltr'><strong>causam,</strong></span> <span class='ocrx_word' id='word_1_503' title='bbox 813 3711 989 3766; x_wconf 87' lang='lat' dir='ltr'><strong>quam</strong></span> <span class='ocrx_word' id='word_1_504' title='bbox 1022 3693 1279 3764; x_wconf 88' lang='lat' dir='ltr'><strong>apertius</strong></span> <span class='ocrx_word' id='word_1_505' title='bbox 1303 3693 1796 3759; x_wconf 90' lang='lat' dir='ltr'><strong>manifestat,cum</strong></span> <span class='ocrx_word' id='word_1_506' title='bbox 1817 3695 1957 3750; x_wconf 88' lang='lat' dir='ltr'><strong>sub-</strong></span> 
     </span>
    </p>
   </div>
   <div class='ocr_carea' id='block_1_70' title="bbox 313 3782 1958 3858">
    <p class='ocr_par' dir='ltr' id='par_1_70' title="bbox 313 3782 1958 3858">
     <span class='ocr_line' id='line_1_70' title="bbox 313 3782 1958 3858; baseline -0.002 -16"><span class='ocrx_word' id='word_1_507' title='bbox 313 3786 545 3858; x_wconf 86' lang='lat' dir='ltr'><strong>jungit:</strong></span> <span class='ocrx_word' id='word_1_508' title='bbox 578 3788 643 3840; x_wconf 83' lang='lat' dir='ltr'><strong>In</strong></span> <span class='ocrx_word' id='word_1_509' title='bbox 662 3784 914 3840; x_wconf 87' lang='lat' dir='ltr'><strong>omnibus</strong></span> <span class='ocrx_word' id='word_1_510' title='bbox 960 3782 1281 3838; x_wconf 74' lang='lat' dir='ltr'><strong>exhibuistis</strong></span> <span class='ocrx_word' id='word_1_511' title='bbox 1339 3798 1428 3837; x_wconf 82' lang='lat' dir='ltr'><strong>vos</strong></span> <span class='ocrx_word' id='word_1_512' title='bbox 1488 3783 1958 3838; x_wconf 86' lang='lat' dir='ltr'><strong>incontaminatos</strong></span> 
     </span>
    </p>
   </div>
   <div class='ocr_carea' id='block_1_71' title="bbox 318 3870 1953 3945">
    <p class='ocr_par' dir='ltr' id='par_1_71' title="bbox 318 3870 1953 3945">
     <span class='ocr_line' id='line_1_71' title="bbox 318 3870 1953 3945; baseline -0.003 -15"><span class='ocrx_word' id='word_1_513' title='bbox 318 3891 428 3931; x_wconf 86' lang='lat' dir='ltr'><strong>esse</strong></span> <span class='ocrx_word' id='word_1_514' title='bbox 457 3876 667 3945; x_wconf 85' lang='lat' dir='ltr'><strong>negotio</strong></span> <span class='ocrx_word' id='word_1_515' title='bbox 698 3870 1204 3944; x_wconf 89' lang='lat' dir='ltr'><strong>(subintelligitur,</strong></span> <span class='ocrx_word' id='word_1_516' title='bbox 1246 3871 1612 3942; x_wconf 87' lang='lat' dir='ltr'><strong>iniquitatis).</strong></span> <span class='ocrx_word' id='word_1_517' title='bbox 1674 3871 1953 3926; x_wconf 84' lang='lat' dir='ltr'><strong>Corinthii</strong></span> 
     </span>
    </p>
   </div>
   <div class='ocr_carea' id='block_1_72' title="bbox 315 3958 1956 4034">
    <p class='ocr_par' dir='ltr' id='par_1_72' title="bbox 315 3958 1956 4034">
     <span class='ocr_line' id='line_1_72' title="bbox 315 3958 1956 4034; baseline -0.001 -17"><span class='ocrx_word' id='word_1_518' title='bbox 315 3980 452 4020; x_wconf 85' lang='lat' dir='ltr'><strong>vero</strong></span> <span class='ocrx_word' id='word_1_519' title='bbox 485 3961 767 4034; x_wconf 84' lang='lat' dir='ltr'><strong>increpati</strong></span> <span class='ocrx_word' id='word_1_520' title='bbox 799 3961 870 4016; x_wconf 93' lang='lat' dir='ltr'><strong>ab</strong></span> <span class='ocrx_word' id='word_1_521' title='bbox 895 3958 1418 4030; x_wconf 87' lang='lat' dir='ltr'><strong>Apostolo,incitati</strong></span> <span class='ocrx_word' id='word_1_522' title='bbox 1444 3964 1584 4014; x_wconf 90' lang='lat' dir='ltr'><strong>sunt</strong></span> <span class='ocrx_word' id='word_1_523' title='bbox 1623 3964 1688 4014; x_wconf 91' lang='lat' dir='ltr'><strong>ut</strong></span> <span class='ocrx_word' id='word_1_524' title='bbox 1717 3959 1901 4015; x_wconf 88' lang='lat' dir='ltr'><strong>malos</strong></span> <span class='ocrx_word' id='word_1_525' title='bbox 1922 3977 1956 4016; x_wconf 89' lang='lat' dir='ltr'><strong>a</strong></span> 
     </span>
    </p>
   </div>
   <div class='ocr_carea' id='block_1_73' title="bbox 314 4047 1954 4121">
    <p class='ocr_par' dir='ltr' id='par_1_73' title="bbox 314 4047 1954 4121">
     <span class='ocr_line' id='line_1_73' title="bbox 314 4047 1954 4121; baseline -0.002 -14"><span class='ocrx_word' id='word_1_526' title='bbox 314 4051 605 4108; x_wconf 88' lang='lat' dir='ltr'><strong>consortio</strong></span> <span class='ocrx_word' id='word_1_527' title='bbox 622 4050 714 4107; x_wconf 92' lang='lat' dir='ltr'><strong>sui</strong></span> <span class='ocrx_word' id='word_1_528' title='bbox 743 4048 1088 4121; x_wconf 88' lang='lat' dir='ltr'><strong>repellerent</strong></span> <span class='ocrx_word' id='word_1_529' title='bbox 1122 4065 1134 4104; x_wconf 91' lang='lat'><strong>:</strong></span> <span class='ocrx_word' id='word_1_530' title='bbox 1168 4052 1224 4102; x_wconf 90' lang='lat' dir='ltr'><strong>et</strong></span> <span class='ocrx_word' id='word_1_531' title='bbox 1254 4047 1382 4103; x_wconf 90' lang='lat' dir='ltr'><strong>ideo</strong></span> <span class='ocrx_word' id='word_1_532' title='bbox 1405 4048 1954 4118; x_wconf 88' lang='lat' dir='ltr'><strong>abjecerantomnes</strong></span> 
     </span>
    </p>
   </div>
   <div class='ocr_carea' id='block_1_74' title="bbox 315 4136 1954 4213">
    <p class='ocr_par' dir='ltr' id='par_1_74' title="bbox 315 4136 1954 4213">
     <span class='ocr_line' id='line_1_74' title="bbox 315 4136 1954 4213; baseline -0.001 -17"><span class='ocrx_word' id='word_1_533' title='bbox 315 4157 460 4212; x_wconf 88' lang='lat' dir='ltr'><strong>quos</strong></span> <span class='ocrx_word' id='word_1_534' title='bbox 482 4140 605 4213; x_wconf 92' lang='lat' dir='ltr'><strong>ipse</strong></span> <span class='ocrx_word' id='word_1_535' title='bbox 637 4156 738 4212; x_wconf 92' lang='lat' dir='ltr'><strong>per</strong></span> <span class='ocrx_word' id='word_1_536' title='bbox 769 4136 1086 4210; x_wconf 88' lang='lat' dir='ltr'><strong>Epistolam</strong></span> <span class='ocrx_word' id='word_1_537' title='bbox 1123 4137 1510 4192; x_wconf 86' lang='lat' dir='ltr'><strong>denotaverat.</strong></span> <span class='ocrx_word' id='word_1_538' title='bbox 1544 4137 1613 4191; x_wconf 87' lang='lat' dir='ltr'><strong>Et</strong></span> <span class='ocrx_word' id='word_1_539' title='bbox 1651 4137 1789 4192; x_wconf 91' lang='lat' dir='ltr'><strong>dum</strong></span> <span class='ocrx_word' id='word_1_540' title='bbox 1846 4137 1954 4195; x_wconf 90' lang='lat' dir='ltr'><strong>hoc</strong></span> 
     </span>
    </p>
   </div>
   <div class='ocr_carea' id='block_1_75' title="bbox 312 4227 1950 4303">
    <p class='ocr_par' dir='ltr' id='par_1_75' title="bbox 312 4227 1950 4303">
     <span class='ocr_line' id='line_1_75' title="bbox 312 4227 1950 4303; baseline -0.003 -18"><span class='ocrx_word' id='word_1_541' title='bbox 312 4234 575 4303; x_wconf 87' lang='lat' dir='ltr'><strong>egerunt,</strong></span> <span class='ocrx_word' id='word_1_542' title='bbox 623 4227 1119 4284; x_wconf 86' lang='lat' dir='ltr'><strong>incontaminatos</strong></span> <span class='ocrx_word' id='word_1_543' title='bbox 1178 4243 1240 4282; x_wconf 89' lang='lat' dir='ltr'><strong>se</strong></span> <span class='ocrx_word' id='word_1_544' title='bbox 1287 4242 1417 4282; x_wconf 89' lang='lat' dir='ltr'><strong>esse</strong></span> <span class='ocrx_word' id='word_1_545' title='bbox 1465 4229 1950 4282; x_wconf 89' lang='lat' dir='ltr'><strong>monstraverant.</strong></span> 
     </span>
    </p>
   </div>
   <div class='ocr_carea' id='block_1_76' title="bbox 313 4314 1957 4387">
    <p class='ocr_par' dir='ltr' id='par_1_76' title="bbox 313 4314 1957 4387">
     <span class='ocr_line' id='line_1_76' title="bbox 313 4314 1957 4387; baseline -0.002 -14"><span class='ocrx_word' id='word_1_546' title='bbox 313 4319 485 4384; x_wconf 85' lang='lat' dir='ltr'><strong>Quasi</strong></span> <span class='ocrx_word' id='word_1_547' title='bbox 509 4318 793 4374; x_wconf 84' lang='lat' dir='ltr'><strong>dixisset:</strong></span> <span class='ocrx_word' id='word_1_548' title='bbox 829 4317 979 4372; x_wconf 91' lang='lat' dir='ltr'><strong>Dum</strong></span> <span class='ocrx_word' id='word_1_549' title='bbox 1011 4315 1198 4371; x_wconf 83' lang='lat' dir='ltr'><strong>malos</strong></span> <span class='ocrx_word' id='word_1_550' title='bbox 1239 4314 1559 4387; x_wconf 83' lang='lat' dir='ltr'><strong>repulistis,</strong></span> <span class='ocrx_word' id='word_1_551' title='bbox 1612 4316 1957 4370; x_wconf 89' lang='lat' dir='ltr'><strong>incontami-</strong></span> 
     </span>
    </p>
   </div>
   <div class='ocr_carea' id='block_1_77' title="bbox 316 4402 1954 4478">
    <p class='ocr_par' dir='ltr' id='par_1_77' title="bbox 316 4402 1954 4478">
     <span class='ocr_line' id='line_1_77' title="bbox 316 4402 1954 4478; baseline -0.002 -16"><span class='ocrx_word' id='word_1_552' title='bbox 316 4411 484 4462; x_wconf 87' lang='lat' dir='ltr'><strong>natos</strong></span> <span class='ocrx_word' id='word_1_553' title='bbox 514 4424 616 4462; x_wconf 93' lang='lat' dir='ltr'><strong>vos</strong></span> <span class='ocrx_word' id='word_1_554' title='bbox 639 4405 868 4478; x_wconf 89' lang='lat' dir='ltr'><strong>negotio</strong></span> <span class='ocrx_word' id='word_1_555' title='bbox 896 4403 1222 4477; x_wconf 87' lang='lat' dir='ltr'><strong>iniquitatis</strong></span> <span class='ocrx_word' id='word_1_556' title='bbox 1246 4420 1374 4458; x_wconf 87' lang='lat' dir='ltr'><strong>esse</strong></span> <span class='ocrx_word' id='word_1_557' title='bbox 1398 4403 1792 4472; x_wconf 88' lang='lat' dir='ltr'><strong>monstrastis,</strong></span> <span class='ocrx_word' id='word_1_558' title='bbox 1817 4402 1954 4473; x_wconf 77' lang='lat' dir='ltr'><strong>quia</strong></span> 
     </span>
    </p>
   </div>
   <div class='ocr_carea' id='block_1_78' title="bbox 311 4491 1950 4567">
    <p class='ocr_par' dir='ltr' id='par_1_78' title="bbox 311 4491 1950 4567">
     <span class='ocr_line' id='line_1_78' title="bbox 311 4491 1950 4567; baseline -0.004 -16"><span class='ocrx_word' id='word_1_559' title='bbox 311 4496 410 4567; x_wconf 91' lang='lat' dir='ltr'><strong>qui</strong></span> <span class='ocrx_word' id='word_1_560' title='bbox 428 4495 860 4551; x_wconf 88' lang='lat' dir='ltr'><strong>contaminatus</strong></span> <span class='ocrx_word' id='word_1_561' title='bbox 879 4494 1318 4560; x_wconf 87' lang='lat' dir='ltr'><strong>est,libertatem</strong></span> <span class='ocrx_word' id='word_1_562' title='bbox 1349 4491 1685 4562; x_wconf 89' lang='lat' dir='ltr'><strong>increpandi</strong></span> <span class='ocrx_word' id='word_1_563' title='bbox 1711 4491 1950 4557; x_wconf 88' lang='lat' dir='ltr'><strong>amittit,</strong></span> 
     </span>
    </p>
   </div>
   <div class='ocr_carea' id='block_1_79' title="bbox 2075 3340 3720 3412">
    <p class='ocr_par' dir='ltr' id='par_1_79' title="bbox 2075 3340 3720 3412">
     <span class='ocr_line' id='line_1_79' title="bbox 2075 3340 3720 3412; baseline 0.005 -18"><span class='ocrx_word' id='word_1_564' title='bbox 2075 3340 2328 3394; x_wconf 89' lang='lat' dir='ltr'><strong>ostendit</strong></span> <span class='ocrx_word' id='word_1_565' title='bbox 2349 3341 2561 3395; x_wconf 76' lang='lat' dir='ltr'><strong>habere</strong></span> <span class='ocrx_word' id='word_1_566' title='bbox 2582 3342 2952 3412; x_wconf 89' lang='lat' dir='ltr'><strong>divisionem,</strong></span> <span class='ocrx_word' id='word_1_567' title='bbox 2979 3344 3123 3398; x_wconf 87' lang='lat' dir='ltr'><strong>adeo</strong></span> <span class='ocrx_word' id='word_1_568' title='bbox 3146 3350 3210 3400; x_wconf 89' lang='lat' dir='ltr'><strong>ut</strong></span> <span class='ocrx_word' id='word_1_569' title='bbox 3230 3345 3472 3402; x_wconf 87' lang='lat' dir='ltr'><strong>diceret:</strong></span> <span class='ocrx_word' id='word_1_570' title='bbox 3499 3347 3720 3404; x_wconf 72' lang='lat' dir='ltr'><strong>Divisa:</strong></span> 
     </span>
    </p>
   </div>
   <div class='ocr_carea' id='block_1_80' title="bbox 2071 3429 2860 3502">
    <p class='ocr_par' dir='ltr' id='par_1_80' title="bbox 2071 3429 2860 3502">
     <span class='ocr_line' id='line_1_80' title="bbox 2071 3429 2860 3502; baseline 0 -18"><span class='ocrx_word' id='word_1_571' title='bbox 2071 3433 2149 3484; x_wconf 89' lang='lat' dir='ltr'><strong>est</strong></span> <span class='ocrx_word' id='word_1_572' title='bbox 2181 3430 2420 3484; x_wconf 81' lang='lat' dir='ltr'><strong>Christus</strong></span> <span class='ocrx_word' id='word_1_573' title='bbox 2450 3431 2496 3498; x_wconf 92' lang='lat' dir='ltr'><strong>(I</strong></span> <span class='ocrx_word' id='word_1_574' title='bbox 2526 3429 2646 3485; x_wconf 85' lang='lat' dir='ltr'><strong>Cor.</strong></span> <span class='ocrx_word' id='word_1_575' title='bbox 2683 3447 2720 3498; x_wconf 83' lang='lat'><strong>1,</strong></span> <span class='ocrx_word' id='word_1_576' title='bbox 2751 3432 2860 3502; x_wconf 85' lang='grc'><strong>13.)</strong></span> 
     </span>
    </p>
   </div>
   <div class='ocr_carea' id='block_1_81' title="bbox 2143 3517 3718 3595">
    <p class='ocr_par' dir='ltr' id='par_1_81' title="bbox 2143 3517 3718 3595">
     <span class='ocr_line' id='line_1_81' title="bbox 2143 3517 3718 3595; baseline 0.006 -23"><span class='ocrx_word' id='word_1_577' title='bbox 2143 3517 2445 3588; x_wconf 89' lang='lat' dir='ltr'><strong>Sequitur:</strong></span> <span class='ocrx_word' id='word_1_578' title='bbox 2480 3520 2544 3573; x_wconf 85' lang='lat' dir='ltr'><strong>Et</strong></span> <span class='ocrx_word' id='word_1_579' title='bbox 2572 3521 2624 3574; x_wconf 86' lang='lat' dir='ltr'><strong>si</strong></span> <span class='ocrx_word' id='word_1_580' title='bbox 2651 3521 2791 3590; x_wconf 84' lang='lat' dir='ltr'><strong>quid</strong></span> <span class='ocrx_word' id='word_1_581' title='bbox 2821 3520 2964 3592; x_wconf 90' lang='lat' dir='ltr'><strong>apud</strong></span> <span class='ocrx_word' id='word_1_582' title='bbox 2980 3521 3142 3576; x_wconf 85' lang='lat' dir='ltr'><strong>illum</strong></span> <span class='ocrx_word' id='word_1_583' title='bbox 3167 3521 3232 3576; x_wconf 90' lang='lat' dir='ltr'><strong>de</strong></span> <span class='ocrx_word' id='word_1_584' title='bbox 3259 3522 3408 3578; x_wconf 88' lang='lat' dir='ltr'><strong>vobis</strong></span> <span class='ocrx_word' id='word_1_585' title='bbox 3436 3524 3718 3595; x_wconf 83' lang='lat' dir='ltr'><strong>gloriatus</strong></span> 
     </span>
    </p>
   </div>
   <div class='ocr_carea' id='block_1_82' title="bbox 2068 3607 3718 3680">
    <p class='ocr_par' dir='ltr' id='par_1_82' title="bbox 2068 3607 3718 3680">
     <span class='ocr_line' id='line_1_82' title="bbox 2068 3607 3718 3680; baseline 0.005 -20"><span class='ocrx_word' id='word_1_586' title='bbox 2068 3624 2208 3660; x_wconf 92' lang='lat' dir='ltr'><strong>sum.</strong></span> <span class='ocrx_word' id='word_1_587' title='bbox 2248 3607 2344 3662; x_wconf 85' lang='lat' dir='ltr'><strong>His</strong></span> <span class='ocrx_word' id='word_1_588' title='bbox 2375 3607 2565 3663; x_wconf 88' lang='lat' dir='ltr'><strong>verbis</strong></span> <span class='ocrx_word' id='word_1_589' title='bbox 2596 3609 2847 3662; x_wconf 89' lang='lat' dir='ltr'><strong>ostendit</strong></span> <span class='ocrx_word' id='word_1_590' title='bbox 2883 3611 3272 3680; x_wconf 84' lang='lat' dir='ltr'><strong>aperte,quod</strong></span> <span class='ocrx_word' id='word_1_591' title='bbox 3298 3611 3483 3666; x_wconf 89' lang='lat' dir='ltr'><strong>multa</strong></span> <span class='ocrx_word' id='word_1_592' title='bbox 3505 3613 3718 3670; x_wconf 82' lang='lat' dir='ltr'><strong>dixerit</strong></span> 
     </span>
    </p>
   </div>
   <div class='ocr_carea' id='block_1_83' title="bbox 2068 3695 3710 3771">
    <p class='ocr_par' dir='ltr' id='par_1_83' title="bbox 2068 3695 3710 3771">
     <span class='ocr_line' id='line_1_83' title="bbox 2068 3695 3710 3771; baseline 0.005 -22"><span class='ocrx_word' id='word_1_593' title='bbox 2068 3695 2196 3749; x_wconf 91' lang='lat' dir='ltr'><strong>&#39;l‘ito</strong></span> <span class='ocrx_word' id='word_1_594' title='bbox 2229 3697 2377 3750; x_wconf 89' lang='lat' dir='ltr'><strong>bona</strong></span> <span class='ocrx_word' id='word_1_595' title='bbox 2398 3696 2469 3751; x_wconf 89' lang='lat' dir='ltr'><strong>de</strong></span> <span class='ocrx_word' id='word_1_596' title='bbox 2497 3696 2834 3761; x_wconf 89' lang='lat' dir='ltr'><strong>Corinthiis,</strong></span> <span class='ocrx_word' id='word_1_597' title='bbox 2881 3697 3225 3769; x_wconf 89' lang='lat' dir='ltr'><strong>priusquam</strong></span> <span class='ocrx_word' id='word_1_598' title='bbox 3257 3715 3390 3754; x_wconf 91' lang='lat' dir='ltr'><strong>eum</strong></span> <span class='ocrx_word' id='word_1_599' title='bbox 3412 3701 3710 3771; x_wconf 84' lang='lat' dir='ltr'><strong>direxerit,</strong></span> 
     </span>
    </p>
   </div>
   <div class='ocr_carea' id='block_1_84' title="bbox 2067 3783 3713 3859">
    <p class='ocr_par' dir='ltr' id='par_1_84' title="bbox 2067 3783 3713 3859">
     <span class='ocr_line' id='line_1_84' title="bbox 2067 3783 3713 3859; baseline 0.006 -22"><span class='ocrx_word' id='word_1_600' title='bbox 2067 3800 2192 3853; x_wconf 68' lang='lat' dir='ltr'><strong>qua:</strong></span> <span class='ocrx_word' id='word_1_601' title='bbox 2224 3784 2294 3838; x_wconf 93' lang='lat' dir='ltr'><strong>ab</strong></span> <span class='ocrx_word' id='word_1_602' title='bbox 2328 3783 2442 3838; x_wconf 90' lang='lat' dir='ltr'><strong>illis</strong></span> <span class='ocrx_word' id='word_1_603' title='bbox 2473 3784 2700 3850; x_wconf 89' lang='lat' dir='ltr'><strong>didicit,</strong></span> <span class='ocrx_word' id='word_1_604' title='bbox 2728 3801 2828 3856; x_wconf 90' lang='lat' dir='ltr'><strong>per</strong></span> <span class='ocrx_word' id='word_1_605' title='bbox 2849 3802 2997 3857; x_wconf 92' lang='lat' dir='ltr'><strong>quos</strong></span> <span class='ocrx_word' id='word_1_606' title='bbox 3016 3786 3226 3842; x_wconf 87' lang='lat' dir='ltr'><strong>direxit</strong></span> <span class='ocrx_word' id='word_1_607' title='bbox 3247 3788 3590 3859; x_wconf 88' lang='lat' dir='ltr'><strong>Epistolam,</strong></span> <span class='ocrx_word' id='word_1_608' title='bbox 3609 3795 3713 3847; x_wconf 82' lang='lat' dir='ltr'><strong>aut</strong></span> 
     </span>
    </p>
   </div>
   <div class='ocr_carea' id='block_1_85' title="bbox 2064 3872 3711 3946">
    <p class='ocr_par' dir='ltr' id='par_1_85' title="bbox 2064 3872 3711 3946">
     <span class='ocr_line' id='line_1_85' title="bbox 2064 3872 3711 3946; baseline 0.005 -19"><span class='ocrx_word' id='word_1_609' title='bbox 2064 3888 2167 3942; x_wconf 90' lang='lat' dir='ltr'><strong>per</strong></span> <span class='ocrx_word' id='word_1_610' title='bbox 2197 3872 2360 3940; x_wconf 89' lang='lat' dir='ltr'><strong>alios,</strong></span> <span class='ocrx_word' id='word_1_611' title='bbox 2395 3873 2534 3944; x_wconf 88' lang='lat' dir='ltr'><strong>quia</strong></span> <span class='ocrx_word' id='word_1_612' title='bbox 2564 3873 2730 3927; x_wconf 91' lang='lat' dir='ltr'><strong>multi</strong></span> <span class='ocrx_word' id='word_1_613' title='bbox 2763 3891 2914 3946; x_wconf 62' lang='lat' dir='ltr'><strong>sape</strong></span> <span class='ocrx_word' id='word_1_614' title='bbox 2943 3876 3367 3931; x_wconf 89' lang='lat' dir='ltr'><strong>discurrebant.</strong></span> <span class='ocrx_word' id='word_1_615' title='bbox 3396 3878 3465 3933; x_wconf 90' lang='lat' dir='ltr'><strong>Et</strong></span> <span class='ocrx_word' id='word_1_616' title='bbox 3483 3895 3598 3934; x_wconf 90' lang='lat' dir='ltr'><strong>non</strong></span> <span class='ocrx_word' id='word_1_617' title='bbox 3620 3884 3711 3936; x_wconf 83' lang='lat' dir='ltr'><strong>est</strong></span> 
     </span>
    </p>
   </div>
   <div class='ocr_carea' id='block_1_86' title="bbox 2063 3961 3710 4039">
    <p class='ocr_par' dir='ltr' id='par_1_86' title="bbox 2063 3961 3710 4039">
     <span class='ocr_line' id='line_1_86' title="bbox 2063 3961 3710 4039; baseline 0.006 -25"><span class='ocrx_word' id='word_1_618' title='bbox 2063 3961 2663 4032; x_wconf 87' lang='lat' dir='ltr'><strong>con/ususApostolus,</strong></span> <span class='ocrx_word' id='word_1_619' title='bbox 2688 3962 2828 4034; x_wconf 87' lang='lat' dir='ltr'><strong>quia</strong></span> <span class='ocrx_word' id='word_1_620' title='bbox 2850 3981 2964 4019; x_wconf 90' lang='lat' dir='ltr'><strong>non</strong></span> <span class='ocrx_word' id='word_1_621' title='bbox 2989 3964 3177 4032; x_wconf 87' lang='lat' dir='ltr'><strong>aliter,</strong></span> <span class='ocrx_word' id='word_1_622' title='bbox 3200 3982 3377 4037; x_wconf 91' lang='lat' dir='ltr'><strong>quam</strong></span> <span class='ocrx_word' id='word_1_623' title='bbox 3400 3968 3527 4039; x_wconf 90' lang='lat' dir='ltr'><strong>ipse</strong></span> <span class='ocrx_word' id='word_1_624' title='bbox 3553 3969 3710 4034; x_wconf 83' lang='lat' dir='ltr'><strong>dixe-</strong></span> 
     </span>
    </p>
   </div>
   <div class='ocr_carea' id='block_1_87' title="bbox 2065 4050 2624 4121">
    <p class='ocr_par' dir='ltr' id='par_1_87' title="bbox 2065 4050 2624 4121">
     <span class='ocr_line' id='line_1_87' title="bbox 2065 4050 2624 4121; baseline 0.004 -17"><span class='ocrx_word' id='word_1_625' title='bbox 2065 4050 2157 4119; x_wconf 89' lang='lat' dir='ltr'><strong>rit,</strong></span> <span class='ocrx_word' id='word_1_626' title='bbox 2193 4051 2405 4121; x_wconf 88' lang='lat' dir='ltr'><strong>reperit</strong></span> <span class='ocrx_word' id='word_1_627' title='bbox 2435 4051 2624 4106; x_wconf 87' lang='lat' dir='ltr'><strong>Titus.</strong></span> 
     </span>
    </p>
   </div>
   <div class='ocr_carea' id='block_1_88' title="bbox 2136 4138 3712 4210">
    <p class='ocr_par' dir='ltr' id='par_1_88' title="bbox 2136 4138 3712 4210">
     <span class='ocr_line' id='line_1_88' title="bbox 2136 4138 3712 4210; baseline 0.006 -18"><span class='ocrx_word' id='word_1_628' title='bbox 2136 4138 2443 4210; x_wconf 88' lang='lat' dir='ltr'><strong>Sequitur:</strong></span> <span class='ocrx_word' id='word_1_629' title='bbox 2477 4138 2579 4195; x_wconf 85' lang='lat' dir='ltr'><strong>Sed</strong></span> <span class='ocrx_word' id='word_1_630' title='bbox 2602 4142 2742 4195; x_wconf 88' lang='lat' dir='ltr'><strong>sicut</strong></span> <span class='ocrx_word' id='word_1_631' title='bbox 2766 4143 2953 4197; x_wconf 87' lang='lat' dir='ltr'><strong>omnia</strong></span> <span class='ocrx_word' id='word_1_632' title='bbox 2981 4142 3129 4198; x_wconf 88' lang='lat' dir='ltr'><strong>vobis</strong></span> <span class='ocrx_word' id='word_1_633' title='bbox 3161 4145 3222 4198; x_wconf 86' lang='lat' dir='ltr'><strong>in</strong></span> <span class='ocrx_word' id='word_1_634' title='bbox 3250 4145 3478 4200; x_wconf 86' lang='lat' dir='ltr'><strong>veritate</strong></span> <span class='ocrx_word' id='word_1_635' title='bbox 3539 4147 3712 4202; x_wconf 87' lang='lat' dir='ltr'><strong>locuti</strong></span> 
     </span>
    </p>
   </div>
   <div class='ocr_carea' id='block_1_89' title="bbox 2061 4227 3710 4304">
    <p class='ocr_par' dir='ltr' id='par_1_89' title="bbox 2061 4227 3710 4304">
     <span class='ocr_line' id='line_1_89' title="bbox 2061 4227 3710 4304; baseline 0.007 -24"><span class='ocrx_word' id='word_1_636' title='bbox 2061 4243 2271 4292; x_wconf 89' lang='lat' dir='ltr'><strong>sumus,</strong></span> <span class='ocrx_word' id='word_1_637' title='bbox 2293 4231 2400 4281; x_wconf 79' lang='lat' dir='ltr'><strong>etc.</strong></span> <span class='ocrx_word' id='word_1_638' title='bbox 2424 4227 2588 4296; x_wconf 90' lang='lat' dir='ltr'><strong>Nota,</strong></span> <span class='ocrx_word' id='word_1_639' title='bbox 2614 4230 2752 4301; x_wconf 87' lang='lat' dir='ltr'><strong>quia</strong></span> <span class='ocrx_word' id='word_1_640' title='bbox 2773 4246 2841 4286; x_wconf 87' lang='lat' dir='ltr'><strong>ea</strong></span> <span class='ocrx_word' id='word_1_641' title='bbox 2853 4230 3085 4302; x_wconf 86' lang='lat' dir='ltr'><strong>repetit,</strong></span> <span class='ocrx_word' id='word_1_642' title='bbox 3108 4248 3234 4303; x_wconf 77' lang='lat' dir='ltr'><strong>quae</strong></span> <span class='ocrx_word' id='word_1_643' title='bbox 3256 4233 3530 4304; x_wconf 85' lang='lat' dir='ltr'><strong>superius</strong></span> <span class='ocrx_word' id='word_1_644' title='bbox 3555 4234 3710 4292; x_wconf 82' lang='lat' dir='ltr'><strong>dixe-</strong></span> 
     </span>
    </p>
   </div>
   <div class='ocr_carea' id='block_1_90' title="bbox 2063 4316 3703 4388">
    <p class='ocr_par' dir='ltr' id='par_1_90' title="bbox 2063 4316 3703 4388">
     <span class='ocr_line' id='line_1_90' title="bbox 2063 4316 3703 4388; baseline 0.006 -19"><span class='ocrx_word' id='word_1_645' title='bbox 2063 4319 2183 4369; x_wconf 90' lang='lat' dir='ltr'><strong>rat:</strong></span> <span class='ocrx_word' id='word_1_646' title='bbox 2217 4316 2332 4371; x_wconf 86' lang='lat' dir='ltr'><strong>Non</strong></span> <span class='ocrx_word' id='word_1_647' title='bbox 2361 4325 2439 4372; x_wconf 84' lang='lat' dir='ltr'><strong>est</strong></span> <span class='ocrx_word' id='word_1_648' title='bbox 2467 4318 2612 4388; x_wconf 90' lang='lat' dir='ltr'><strong>apud</strong></span> <span class='ocrx_word' id='word_1_649' title='bbox 2637 4335 2722 4373; x_wconf 88' lang='lat' dir='ltr'><strong>me</strong></span> <span class='ocrx_word' id='word_1_650' title='bbox 2753 4319 2883 4375; x_wconf 82' lang='lat' dir='ltr'><strong>EST</strong></span> <span class='ocrx_word' id='word_1_651' title='bbox 2911 4323 2964 4374; x_wconf 85' lang='lat' dir='ltr'><strong>et</strong></span> <span class='ocrx_word' id='word_1_652' title='bbox 2993 4320 3156 4374; x_wconf 87' lang='lat' dir='ltr'><strong><em>NON.</em></strong></span> <span class='ocrx_word' id='word_1_653' title='bbox 3194 4320 3260 4374; x_wconf 84' lang='lat' dir='ltr'><strong>Et</strong></span> <span class='ocrx_word' id='word_1_654' title='bbox 3303 4325 3392 4376; x_wconf 90' lang='lat' dir='ltr'><strong>est</strong></span> <span class='ocrx_word' id='word_1_655' title='bbox 3441 4339 3656 4379; x_wconf 86' lang='lat' dir='ltr'><strong>sensus</strong></span> <span class='ocrx_word' id='word_1_656' title='bbox 3691 4339 3703 4380; x_wconf 95' lang='lat'><strong>:</strong></span> 
     </span>
    </p>
   </div>
   <div class='ocr_carea' id='block_1_91' title="bbox 2063 4404 3711 4479">
    <p class='ocr_par' dir='ltr' id='par_1_91' title="bbox 2063 4404 3711 4479">
     <span class='ocr_line' id='line_1_91' title="bbox 2063 4404 3711 4479; baseline 0.005 -21"><span class='ocrx_word' id='word_1_657' title='bbox 2063 4404 2226 4459; x_wconf 92' lang='lat' dir='ltr'><strong>Sicut</strong></span> <span class='ocrx_word' id='word_1_658' title='bbox 2254 4406 2450 4462; x_wconf 87' lang='lat' dir='ltr'><strong>omnia</strong></span> <span class='ocrx_word' id='word_1_659' title='bbox 2479 4407 2640 4462; x_wconf 91' lang='lat' dir='ltr'><strong>vobis</strong></span> <span class='ocrx_word' id='word_1_660' title='bbox 2672 4408 2729 4461; x_wconf 93' lang='lat' dir='ltr'><strong>in</strong></span> <span class='ocrx_word' id='word_1_661' title='bbox 2764 4409 3002 4464; x_wconf 90' lang='lat' dir='ltr'><strong>veritate</strong></span> <span class='ocrx_word' id='word_1_662' title='bbox 3033 4407 3208 4464; x_wconf 89' lang='lat' dir='ltr'><strong>locuti</strong></span> <span class='ocrx_word' id='word_1_663' title='bbox 3241 4427 3468 4479; x_wconf 90' lang='lat' dir='ltr'><strong>sumus,</strong></span> <span class='ocrx_word' id='word_1_664' title='bbox 3525 4411 3608 4467; x_wconf 89' lang='lat' dir='ltr'><strong>ita</strong></span> <span class='ocrx_word' id='word_1_665' title='bbox 3654 4415 3711 4468; x_wconf 87' lang='lat' dir='ltr'><strong>et</strong></span> 
     </span>
    </p>
   </div>
   <div class='ocr_carea' id='block_1_92' title="bbox 2063 4494 3704 4571">
    <p class='ocr_par' dir='ltr' id='par_1_92' title="bbox 2063 4494 3704 4571">
     <span class='ocr_line' id='line_1_92' title="bbox 2063 4494 3704 4571; baseline 0.005 -23"><span class='ocrx_word' id='word_1_666' title='bbox 2063 4494 2281 4558; x_wconf 89' lang='lat' dir='ltr'><strong>omnia,</strong></span> <span class='ocrx_word' id='word_1_667' title='bbox 2314 4512 2439 4566; x_wconf 71' lang='lat' dir='ltr'><strong>quas</strong></span> <span class='ocrx_word' id='word_1_668' title='bbox 2474 4496 2603 4552; x_wconf 89' lang='lat' dir='ltr'><strong>Tito</strong></span> <span class='ocrx_word' id='word_1_669' title='bbox 2638 4497 2899 4567; x_wconf 80' lang='lat' dir='ltr'><strong>praedixi,</strong></span> <span class='ocrx_word' id='word_1_670' title='bbox 2931 4514 3065 4554; x_wconf 86' lang='lat' dir='ltr'><strong>vera</strong></span> <span class='ocrx_word' id='word_1_671' title='bbox 3091 4499 3346 4554; x_wconf 89' lang='lat' dir='ltr'><strong>fuerunt.</strong></span> <span class='ocrx_word' id='word_1_672' title='bbox 3380 4500 3661 4571; x_wconf 88' lang='lat' dir='ltr'><strong>Sequitur</strong></span> <span class='ocrx_word' id='word_1_673' title='bbox 3692 4519 3704 4557; x_wconf 91' lang='lat'><strong>:</strong></span> 
     </span>
    </p>
   </div>
   <div class='ocr_carea' id='block_1_93' title="bbox 379 4582 3709 4672">
    <p class='ocr_par' dir='ltr' id='par_1_93' title="bbox 379 4582 3709 4672">
     <span class='ocr_line' id='line_1_93' title="bbox 379 4582 3709 4672; baseline 0.002 -32"><span class='ocrx_word' id='word_1_674' title='bbox 379 4586 653 4657; x_wconf 88' lang='lat' dir='ltr'><strong>Sequitur</strong></span> <span class='ocrx_word' id='word_1_675' title='bbox 685 4602 698 4640; x_wconf 90' lang='lat'><strong>:</strong></span> <span class='ocrx_word' id='word_1_676' title='bbox 732 4585 930 4656; x_wconf 84' lang='lat' dir='ltr'><strong>Igitur,</strong></span> <span class='ocrx_word' id='word_1_677' title='bbox 964 4584 1066 4638; x_wconf 84' lang='lat' dir='ltr'><strong>etsi</strong></span> <span class='ocrx_word' id='word_1_678' title='bbox 1111 4582 1334 4653; x_wconf 84' lang='lat' dir='ltr'><strong>scripsi,</strong></span> <span class='ocrx_word' id='word_1_679' title='bbox 1393 4598 1502 4635; x_wconf 87' lang='lat' dir='ltr'><strong>non</strong></span> <span class='ocrx_word' id='word_1_680' title='bbox 1557 4587 1776 4650; x_wconf 85' lang='lat' dir='ltr'><strong>propter</strong></span> <span class='ocrx_word' id='word_1_681' title='bbox 1831 4595 1951 4635; x_wconf 90' lang='lat' dir='ltr'><strong>eum</strong></span> <span class='ocrx_word' id='word_1_682' title='bbox 1986 4607 2034 4672; x_wconf 83' lang='lat' dir='ltr'><strong>D</strong></span> <span class='ocrx_word' id='word_1_683' title='bbox 2065 4584 2127 4639; x_wconf 84' lang='lat' dir='ltr'><strong>Et</strong></span> <span class='ocrx_word' id='word_1_684' title='bbox 2157 4587 2371 4640; x_wconf 85' lang='lat' dir='ltr'><strong>viscera</strong></span> <span class='ocrx_word' id='word_1_685' title='bbox 2401 4586 2517 4654; x_wconf 81' lang='lat' dir='ltr'><strong>ejus</strong></span> <span class='ocrx_word' id='word_1_686' title='bbox 2542 4586 2911 4641; x_wconf 84' lang='lat' dir='ltr'><strong>abundantius</strong></span> <span class='ocrx_word' id='word_1_687' title='bbox 2949 4589 3009 4640; x_wconf 86' lang='lat' dir='ltr'><strong>in</strong></span> <span class='ocrx_word' id='word_1_688' title='bbox 3053 4588 3200 4642; x_wconf 76' lang='lat' dir='ltr'><strong>vobis</strong></span> <span class='ocrx_word' id='word_1_689' title='bbox 3251 4592 3380 4642; x_wconf 85' lang='lat' dir='ltr'><strong>sunt</strong></span> <span class='ocrx_word' id='word_1_690' title='bbox 3399 4605 3419 4649; x_wconf 82' lang='lat'><strong>,°</strong></span> <span class='ocrx_word' id='word_1_691' title='bbox 3465 4589 3575 4646; x_wconf 88' lang='lat' dir='ltr'><strong>hoc</strong></span> <span class='ocrx_word' id='word_1_692' title='bbox 3620 4594 3709 4646; x_wconf 86' lang='lat' dir='ltr'><strong>est</strong></span> 
     </span>
    </p>
   </div>
   <div class='ocr_carea' id='block_1_94' title="bbox 308 4667 1953 4745">
    <p class='ocr_par' dir='ltr' id='par_1_94' title="bbox 308 4667 1953 4745">
     <span class='ocr_line' id='line_1_94' title="bbox 308 4667 1953 4745; baseline -0.002 -18"><span class='ocrx_word' id='word_1_693' title='bbox 308 4675 405 4743; x_wconf 86' lang='lat' dir='ltr'><strong>qui</strong></span> <span class='ocrx_word' id='word_1_694' title='bbox 431 4677 560 4744; x_wconf 87' lang='lat' dir='ltr'><strong>fecit</strong></span> <span class='ocrx_word' id='word_1_695' title='bbox 585 4673 985 4745; x_wconf 86' lang='lat' dir='ltr'><strong>injuriam.His</strong></span> <span class='ocrx_word' id='word_1_696' title='bbox 1007 4671 1196 4727; x_wconf 89' lang='lat' dir='ltr'><strong>verbis</strong></span> <span class='ocrx_word' id='word_1_697' title='bbox 1223 4669 1388 4723; x_wconf 93' lang='lat' dir='ltr'><strong>illum</strong></span> <span class='ocrx_word' id='word_1_698' title='bbox 1421 4667 1783 4737; x_wconf 87' lang='lat' dir='ltr'><strong>denotat,qui</strong></span> <span class='ocrx_word' id='word_1_699' title='bbox 1806 4670 1953 4740; x_wconf 88' lang='lat' dir='ltr'><strong>patri</strong></span> 
     </span>
    </p>
   </div>
   <div class='ocr_carea' id='block_1_95' title="bbox 306 4754 1950 4833">
    <p class='ocr_par' dir='ltr' id='par_1_95' title="bbox 306 4754 1950 4833">
     <span class='ocr_line' id='line_1_95' title="bbox 306 4754 1950 4833; baseline -0.001 -19"><span class='ocrx_word' id='word_1_700' title='bbox 306 4759 580 4831; x_wconf 82' lang='lat' dir='ltr'><strong>injuriam</strong></span> <span class='ocrx_word' id='word_1_701' title='bbox 615 4761 831 4833; x_wconf 91' lang='lat' dir='ltr'><strong>intulit,</strong></span> <span class='ocrx_word' id='word_1_702' title='bbox 860 4759 1239 4817; x_wconf 90' lang='lat' dir='ltr'><strong>conducendo</strong></span> <span class='ocrx_word' id='word_1_703' title='bbox 1273 4772 1508 4810; x_wconf 81' lang='lat' dir='ltr'><strong>uxorem</strong></span> <span class='ocrx_word' id='word_1_704' title='bbox 1541 4755 1589 4825; x_wconf 87' lang='grc'><strong>(1</strong></span> <span class='ocrx_word' id='word_1_705' title='bbox 1618 4754 1736 4810; x_wconf 87' lang='lat' dir='ltr'><strong>Cor.</strong></span> <span class='ocrx_word' id='word_1_706' title='bbox 1790 4773 1841 4822; x_wconf 82' lang='grc' dir='ltr'><strong>ν,</strong></span> <span class='ocrx_word' id='word_1_707' title='bbox 1878 4760 1950 4828; x_wconf 91' lang='grc'><strong>1),</strong></span> 
     </span>
    </p>
   </div>
   <div class='ocr_carea' id='block_1_96' title="bbox 309 4844 1948 4920">
    <p class='ocr_par' dir='ltr' id='par_1_96' title="bbox 309 4844 1948 4920">
     <span class='ocr_line' id='line_1_96' title="bbox 309 4844 1948 4920; baseline -0.001 -17"><span class='ocrx_word' id='word_1_708' title='bbox 309 4849 450 4904; x_wconf 91' lang='lat' dir='ltr'><strong>Item</strong></span> <span class='ocrx_word' id='word_1_709' title='bbox 475 4867 609 4905; x_wconf 90' lang='lat' dir='ltr'><strong>cum</strong></span> <span class='ocrx_word' id='word_1_710' title='bbox 642 4849 783 4905; x_wconf 88' lang='lat' dir='ltr'><strong>dicit</strong></span> <span class='ocrx_word' id='word_1_711' title='bbox 816 4867 828 4906; x_wconf 91' lang='lat'><strong>:</strong></span> <span class='ocrx_word' id='word_1_712' title='bbox 863 4851 967 4905; x_wconf 75' lang='lat' dir='ltr'><strong>Nec</strong></span> <span class='ocrx_word' id='word_1_713' title='bbox 995 4855 1214 4920; x_wconf 82' lang='lat' dir='ltr'><strong>prapter</strong></span> <span class='ocrx_word' id='word_1_714' title='bbox 1241 4844 1413 4914; x_wconf 81' lang='lat'><strong>(737),</strong></span> <span class='ocrx_word' id='word_1_715' title='bbox 1458 4845 1554 4914; x_wconf 87' lang='lat' dir='ltr'><strong>qui</strong></span> <span class='ocrx_word' id='word_1_716' title='bbox 1602 4861 1796 4915; x_wconf 83' lang='lat' dir='ltr'><strong>passus</strong></span> <span class='ocrx_word' id='word_1_717' title='bbox 1853 4853 1948 4919; x_wconf 81' lang='lat' dir='ltr'><strong>est,</strong></span> 
     </span>
    </p>
   </div>
   <div class='ocr_carea' id='block_1_97' title="bbox 307 4932 1952 5007">
    <p class='ocr_par' dir='ltr' id='par_1_97' title="bbox 307 4932 1952 5007">
     <span class='ocr_line' id='line_1_97' title="bbox 307 4932 1952 5007; baseline -0.001 -13"><span class='ocrx_word' id='word_1_718' title='bbox 307 4954 510 4995; x_wconf 88' lang='lat' dir='ltr'><strong>omnes</strong></span> <span class='ocrx_word' id='word_1_719' title='bbox 530 4939 661 4995; x_wconf 91' lang='lat' dir='ltr'><strong>illos</strong></span> <span class='ocrx_word' id='word_1_720' title='bbox 688 4939 944 5004; x_wconf 89' lang='lat' dir='ltr'><strong>denotat,</strong></span> <span class='ocrx_word' id='word_1_721' title='bbox 979 4937 1079 5007; x_wconf 92' lang='lat' dir='ltr'><strong>qui</strong></span> <span class='ocrx_word' id='word_1_722' title='bbox 1115 4932 1383 5002; x_wconf 85' lang='lat' dir='ltr'><strong>injurias,</strong></span> <span class='ocrx_word' id='word_1_723' title='bbox 1417 4937 1471 4986; x_wconf 88' lang='lat' dir='ltr'><strong>et</strong></span> <span class='ocrx_word' id='word_1_724' title='bbox 1503 4933 1735 4989; x_wconf 88' lang='lat' dir='ltr'><strong>fraudes</strong></span> <span class='ocrx_word' id='word_1_725' title='bbox 1775 4937 1952 5007; x_wconf 90' lang='lat' dir='ltr'><strong>patie-</strong></span> 
     </span>
    </p>
   </div>
   <div class='ocr_carea' id='block_1_98' title="bbox 307 5021 1950 5101">
    <p class='ocr_par' dir='ltr' id='par_1_98' title="bbox 307 5021 1950 5101">
     <span class='ocr_line' id='line_1_98' title="bbox 307 5021 1950 5101; baseline -0.002 -17"><span class='ocrx_word' id='word_1_726' title='bbox 307 5030 618 5101; x_wconf 88' lang='lat' dir='ltr'><strong>bantur,de</strong></span> <span class='ocrx_word' id='word_1_727' title='bbox 649 5027 866 5099; x_wconf 90' lang='lat' dir='ltr'><strong>quibus</strong></span> <span class='ocrx_word' id='word_1_728' title='bbox 889 5027 1016 5096; x_wconf 90' lang='lat' dir='ltr'><strong>ipse</strong></span> <span class='ocrx_word' id='word_1_729' title='bbox 1047 5023 1104 5076; x_wconf 91' lang='lat' dir='ltr'><strong>in</strong></span> <span class='ocrx_word' id='word_1_730' title='bbox 1138 5021 1363 5092; x_wconf 89' lang='lat' dir='ltr'><strong>prima:</strong></span> <span class='ocrx_word' id='word_1_731' title='bbox 1401 5021 1500 5077; x_wconf 88' lang='lat' dir='ltr'><strong>Sed</strong></span> <span class='ocrx_word' id='word_1_732' title='bbox 1529 5039 1619 5078; x_wconf 85' lang='lat' dir='ltr'><strong>vos</strong></span> <span class='ocrx_word' id='word_1_733' title='bbox 1675 5025 1950 5097; x_wconf 87' lang='lat' dir='ltr'><strong>injuriam</strong></span> 
     </span>
    </p>
   </div>
   <div class='ocr_carea' id='block_1_99' title="bbox 303 5111 1945 5189">
    <p class='ocr_par' dir='ltr' id='par_1_99' title="bbox 303 5111 1945 5189">
     <span class='ocr_line' id='line_1_99' title="bbox 303 5111 1945 5189; baseline -0.001 -17"><span class='ocrx_word' id='word_1_734' title='bbox 303 5120 510 5189; x_wconf 83' lang='lat' dir='ltr'><strong>facitis,</strong></span> <span class='ocrx_word' id='word_1_735' title='bbox 542 5127 593 5173; x_wconf 90' lang='lat' dir='ltr'><strong>et</strong></span> <span class='ocrx_word' id='word_1_736' title='bbox 621 5114 923 5187; x_wconf 81' lang='lat' dir='ltr'><strong>fraudatis,</strong></span> <span class='ocrx_word' id='word_1_737' title='bbox 947 5115 998 5166; x_wconf 89' lang='lat' dir='ltr'><strong>et</strong></span> <span class='ocrx_word' id='word_1_738' title='bbox 1025 5111 1124 5165; x_wconf 87' lang='lat' dir='ltr'><strong>hoc</strong></span> <span class='ocrx_word' id='word_1_739' title='bbox 1152 5111 1428 5180; x_wconf 85' lang='lat' dir='ltr'><strong>fratribus</strong></span> <span class='ocrx_word' id='word_1_740' title='bbox 1479 5114 1526 5183; x_wconf 90' lang='lat' dir='ltr'><strong>(I</strong></span> <span class='ocrx_word' id='word_1_741' title='bbox 1579 5116 1700 5170; x_wconf 87' lang='lat' dir='ltr'><strong>Cor.</strong></span> <span class='ocrx_word' id='word_1_742' title='bbox 1758 5133 1834 5184; x_wconf 79' lang='lat' dir='ltr'><strong>v1,</strong></span> <span class='ocrx_word' id='word_1_743' title='bbox 1869 5117 1945 5188; x_wconf 89' lang='lat'><strong>8).</strong></span> 
     </span>
    </p>
   </div>
   <div class='ocr_carea' id='block_1_100' title="bbox 306 5199 1948 5280">
    <p class='ocr_par' dir='ltr' id='par_1_100' title="bbox 306 5199 1948 5280">
     <span class='ocr_line' id='line_1_100' title="bbox 306 5199 1948 5280; baseline -0.001 -18"><span class='ocrx_word' id='word_1_744' title='bbox 306 5206 452 5262; x_wconf 82' lang='lat' dir='ltr'><strong>Nam</strong></span> <span class='ocrx_word' id='word_1_745' title='bbox 485 5207 533 5262; x_wconf 88' lang='lat' dir='ltr'><strong>si</strong></span> <span class='ocrx_word' id='word_1_746' title='bbox 564 5205 624 5259; x_wconf 90' lang='lat' dir='ltr'><strong>in</strong></span> <span class='ocrx_word' id='word_1_747' title='bbox 648 5201 844 5270; x_wconf 89' lang='lat' dir='ltr'><strong>aliquo</strong></span> <span class='ocrx_word' id='word_1_748' title='bbox 875 5199 1227 5254; x_wconf 87' lang='lat' dir='ltr'><strong>dissidentes</strong></span> <span class='ocrx_word' id='word_1_749' title='bbox 1260 5205 1443 5269; x_wconf 89' lang='lat' dir='ltr'><strong>erant,</strong></span> <span class='ocrx_word' id='word_1_750' title='bbox 1485 5207 1588 5280; x_wconf 86' lang='lat' dir='ltr'><strong>aut</strong></span> <span class='ocrx_word' id='word_1_751' title='bbox 1646 5203 1694 5258; x_wconf 91' lang='lat' dir='ltr'><strong>si</strong></span> <span class='ocrx_word' id='word_1_752' title='bbox 1751 5204 1948 5278; x_wconf 89' lang='lat' dir='ltr'><strong>aliqua</strong></span> 
     </span>
    </p>
   </div>
   <div class='ocr_carea' id='block_1_101' title="bbox 305 5286 1944 5364">
    <p class='ocr_par' dir='ltr' id='par_1_101' title="bbox 305 5286 1944 5364">
     <span class='ocr_line' id='line_1_101' title="bbox 305 5286 1944 5364; baseline -0.002 -13"><span class='ocrx_word' id='word_1_753' title='bbox 305 5293 462 5351; x_wconf 86' lang='lat' dir='ltr'><strong>mala</strong></span> <span class='ocrx_word' id='word_1_754' title='bbox 491 5289 930 5362; x_wconf 87' lang='lat' dir='ltr'><strong>ingerebant,ad</strong></span> <span class='ocrx_word' id='word_1_755' title='bbox 956 5286 1278 5343; x_wconf 80' lang='lat' dir='ltr'><strong>infidelium</strong></span> <span class='ocrx_word' id='word_1_756' title='bbox 1310 5289 1944 5364; x_wconf 85' lang='lat' dir='ltr'><strong>truhebanturjudicia.</strong></span> 
     </span>
    </p>
   </div>
   <div class='ocr_carea' id='block_1_102' title="bbox 373 5525 1942 5620">
    <p class='ocr_par' dir='ltr' id='par_1_102' title="bbox 373 5525 1942 5620">
     <span class='ocr_line' id='line_1_102' title="bbox 373 5525 1942 5620; baseline 0.007 -24"><span class='ocrx_word' id='word_1_757' title='bbox 373 5525 525 5615; x_wconf 16' lang='lat'><strong>(736‘)</strong></span> <span class='ocrx_word' id='word_1_758' title='bbox 557 5538 938 5620; x_wconf 86' lang='lat' dir='ltr'><strong>In_autog.ita</strong></span> <span class='ocrx_word' id='word_1_759' title='bbox 967 5544 1180 5620; x_wconf 86' lang='lat' dir='ltr'><strong>legitur</strong></span> <span class='ocrx_word' id='word_1_760' title='bbox 1212 5563 1224 5602; x_wconf 93' lang='lat'><strong>:</strong></span> <span class='ocrx_word' id='word_1_761' title='bbox 1261 5545 1523 5619; x_wconf 85' lang='lat' dir='ltr'><strong>Quia,qui</strong></span> <span class='ocrx_word' id='word_1_762' title='bbox 1550 5547 1723 5606; x_wconf 86' lang='lat' dir='ltr'><strong>malos</strong></span> <span class='ocrx_word' id='word_1_763' title='bbox 1758 5551 1942 5619; x_wconf 87' lang='lat' dir='ltr'><strong>punit,</strong></span> 
     </span>
    </p>
   </div>
   <div class='ocr_carea' id='block_1_103' title="bbox 303 5611 1944 5691">
    <p class='ocr_par' dir='ltr' id='par_1_103' title="bbox 303 5611 1944 5691">
     <span class='ocr_line' id='line_1_103' title="bbox 303 5611 1944 5691; baseline 0.004 -21"><span class='ocrx_word' id='word_1_764' title='bbox 303 5611 470 5691; x_wconf 78' lang='lat' dir='ltr'><strong>bonos</strong></span> <span class='ocrx_word' id='word_1_765' title='bbox 493 5611 724 5691; x_wconf 73' lang='lat' dir='ltr'><strong>perdere</strong></span> <span class='ocrx_word' id='word_1_766' title='bbox 748 5611 945 5682; x_wconf 73' lang='lat' dir='ltr'><strong>quaerit</strong></span> <span class='ocrx_word' id='word_1_767' title='bbox 977 5638 990 5689; x_wconf 91' lang='lat'><strong>;</strong></span> <span class='ocrx_word' id='word_1_768' title='bbox 1021 5611 1296 5687; x_wconf 65' lang='lat' dir='ltr'><strong>fortasse,</strong></span> <span class='ocrx_word' id='word_1_769' title='bbox 1348 5611 1510 5691; x_wconf 69' lang='lat' dir='ltr'><strong>bonos</strong></span> <span class='ocrx_word' id='word_1_770' title='bbox 1563 5611 1818 5689; x_wconf 76' lang='lat' dir='ltr'><strong>reddere,</strong></span> <span class='ocrx_word' id='word_1_771' title='bbox 1839 5611 1944 5691; x_wconf 46' lang='grc' dir='ltr'><strong>θ’ρὶ</strong></span> 
     </span>
    </p>
   </div>
   <div class='ocr_carea' id='block_1_104' title="bbox 301 5683 1947 5765">
    <p class='ocr_par' dir='ltr' id='par_1_104' title="bbox 301 5683 1947 5765">
     <span class='ocr_line' id='line_1_104' title="bbox 301 5683 1947 5765; baseline -0.001 -14"><span class='ocrx_word' id='word_1_772' title='bbox 301 5687 466 5751; x_wconf 62' lang='lat' dir='ltr'><strong>Danaa</strong></span> <span class='ocrx_word' id='word_1_773' title='bbox 493 5683 694 5754; x_wconf 66' lang='grc' dir='ltr'><em>Γαεενευ</em></span> <span class='ocrx_word' id='word_1_774' title='bbox 728 5699 839 5743; x_wconf 80' lang='grc' dir='ltr'><strong>ηοη</strong></span> <span class='ocrx_word' id='word_1_775' title='bbox 863 5683 1094 5765; x_wconf 79' lang='lat' dir='ltr'><strong>perdere</strong></span> <span class='ocrx_word' id='word_1_776' title='bbox 1124 5683 1347 5764; x_wconf 65' lang='lat' dir='ltr'><strong>quaerit,</strong></span> <span class='ocrx_word' id='word_1_777' title='bbox 1376 5690 1464 5748; x_wconf 85' lang='lat' dir='ltr'><strong>vel</strong></span> <span class='ocrx_word' id='word_1_778' title='bbox 1494 5691 1731 5748; x_wconf 84' lang='lat' dir='ltr'><strong>tandem</strong></span> <span class='ocrx_word' id='word_1_779' title='bbox 1783 5683 1947 5750; x_wconf 71' lang='lat' dir='ltr'><strong>bona:</strong></span> 
     </span>
    </p>
   </div>
   <div class='ocr_carea' id='block_1_105' title="bbox 2063 4673 3703 4751">
    <p class='ocr_par' dir='ltr' id='par_1_105' title="bbox 2063 4673 3703 4751">
     <span class='ocr_line' id='line_1_105' title="bbox 2063 4673 3703 4751; baseline 0.004 -23"><span class='ocrx_word' id='word_1_780' title='bbox 2063 4673 2260 4729; x_wconf 89' lang='lat' dir='ltr'><strong>omnia</strong></span> <span class='ocrx_word' id='word_1_781' title='bbox 2292 4676 2554 4729; x_wconf 90' lang='lat' dir='ltr'><strong>membra</strong></span> <span class='ocrx_word' id='word_1_782' title='bbox 2585 4676 2712 4744; x_wconf 85' lang='lat' dir='ltr'><strong>ejus</strong></span> <span class='ocrx_word' id='word_1_783' title='bbox 2743 4692 2843 4730; x_wconf 91' lang='lat' dir='ltr'><strong>vos</strong></span> <span class='ocrx_word' id='word_1_784' title='bbox 2873 4677 3224 4732; x_wconf 88' lang='lat' dir='ltr'><strong>desiderant.</strong></span> <span class='ocrx_word' id='word_1_785' title='bbox 3257 4677 3430 4733; x_wconf 85' lang='lat' dir='ltr'><strong>Verbi</strong></span> <span class='ocrx_word' id='word_1_786' title='bbox 3490 4678 3703 4751; x_wconf 83' lang='lat' dir='ltr'><strong>gratia,</strong></span> 
     </span>
    </p>
   </div>
   <div class='ocr_carea' id='block_1_106' title="bbox 2063 4763 3704 4829">
    <p class='ocr_par' dir='ltr' id='par_1_106' title="bbox 2063 4763 3704 4829">
     <span class='ocr_line' id='line_1_106' title="bbox 2063 4763 3704 4829; baseline 0.004 -12"><span class='ocrx_word' id='word_1_787' title='bbox 2063 4763 2214 4818; x_wconf 89' lang='lat' dir='ltr'><strong>sicut</strong></span> <span class='ocrx_word' id='word_1_788' title='bbox 2235 4763 2432 4818; x_wconf 90' lang='lat' dir='ltr'><strong>omnia</strong></span> <span class='ocrx_word' id='word_1_789' title='bbox 2456 4765 2738 4829; x_wconf 89' lang='lat' dir='ltr'><strong>membra,</strong></span> <span class='ocrx_word' id='word_1_790' title='bbox 2759 4780 2865 4819; x_wconf 92' lang='lat' dir='ltr'><strong>sua</strong></span> <span class='ocrx_word' id='word_1_791' title='bbox 2883 4765 2939 4818; x_wconf 90' lang='lat' dir='ltr'><strong>in</strong></span> <span class='ocrx_word' id='word_1_792' title='bbox 2959 4765 3204 4820; x_wconf 90' lang='lat' dir='ltr'><strong>invicem</strong></span> <span class='ocrx_word' id='word_1_793' title='bbox 3221 4767 3557 4822; x_wconf 86' lang='lat' dir='ltr'><strong>desiderant</strong></span> <span class='ocrx_word' id='word_1_794' title='bbox 3576 4767 3704 4823; x_wconf 83' lang='lat' dir='ltr'><strong>offi-</strong></span> 
     </span>
    </p>
   </div>
   <div class='ocr_carea' id='block_1_107' title="bbox 2061 4852 3708 4925">
    <p class='ocr_par' dir='ltr' id='par_1_107' title="bbox 2061 4852 3708 4925">
     <span class='ocr_line' id='line_1_107' title="bbox 2061 4852 3708 4925; baseline 0.004 -18"><span class='ocrx_word' id='word_1_795' title='bbox 2061 4852 2150 4907; x_wconf 90' lang='lat' dir='ltr'><strong>cia</strong></span> <span class='ocrx_word' id='word_1_796' title='bbox 2178 4870 2189 4919; x_wconf 92' lang='lat'>;</span> <span class='ocrx_word' id='word_1_797' title='bbox 2224 4852 2279 4906; x_wconf 92' lang='lat' dir='ltr'><strong>id</strong></span> <span class='ocrx_word' id='word_1_798' title='bbox 2311 4857 2418 4919; x_wconf 92' lang='lat' dir='ltr'><strong>est,</strong></span> <span class='ocrx_word' id='word_1_799' title='bbox 2453 4852 2606 4907; x_wconf 91' lang='lat' dir='ltr'><strong>sicut</strong></span> <span class='ocrx_word' id='word_1_800' title='bbox 2636 4853 2871 4909; x_wconf 89' lang='lat' dir='ltr'><strong>auditus</strong></span> <span class='ocrx_word' id='word_1_801' title='bbox 2902 4854 3196 4910; x_wconf 88' lang='lat' dir='ltr'><strong>desiderat</strong></span> <span class='ocrx_word' id='word_1_802' title='bbox 3224 4857 3441 4925; x_wconf 90' lang='lat' dir='ltr'><strong>visum,</strong></span> <span class='ocrx_word' id='word_1_803' title='bbox 3465 4861 3521 4911; x_wconf 88' lang='lat' dir='ltr'><strong>et</strong></span> <span class='ocrx_word' id='word_1_804' title='bbox 3547 4857 3708 4914; x_wconf 83' lang='lat' dir='ltr'><strong>visus</strong></span> 
     </span>
    </p>
   </div>
   <div class='ocr_carea' id='block_1_108' title="bbox 2059 4940 3707 5015">
    <p class='ocr_par' dir='ltr' id='par_1_108' title="bbox 2059 4940 3707 5015">
     <span class='ocr_line' id='line_1_108' title="bbox 2059 4940 3707 5015; baseline 0.005 -20"><span class='ocrx_word' id='word_1_805' title='bbox 2059 4940 2356 5006; x_wconf 87' lang='lat' dir='ltr'><strong>olfactum,</strong></span> <span class='ocrx_word' id='word_1_806' title='bbox 2391 4946 2500 4995; x_wconf 90' lang='lat' dir='ltr'><strong>etc.</strong></span> <span class='ocrx_word' id='word_1_807' title='bbox 2528 4958 2540 4996; x_wconf 91' lang='lat'><strong>:</strong></span> <span class='ocrx_word' id='word_1_808' title='bbox 2575 4941 2658 4997; x_wconf 90' lang='lat' dir='ltr'><strong>sic</strong></span> <span class='ocrx_word' id='word_1_809' title='bbox 2689 4948 2746 4997; x_wconf 90' lang='lat' dir='ltr'><strong>et</strong></span> <span class='ocrx_word' id='word_1_810' title='bbox 2776 4943 2972 4998; x_wconf 89' lang='lat' dir='ltr'><strong>omnia</strong></span> <span class='ocrx_word' id='word_1_811' title='bbox 3001 4945 3267 5000; x_wconf 86' lang='lat' dir='ltr'><strong>membra</strong></span> <span class='ocrx_word' id='word_1_812' title='bbox 3294 4946 3422 5015; x_wconf 85' lang='lat' dir='ltr'><strong>ejus</strong></span> <span class='ocrx_word' id='word_1_813' title='bbox 3454 4962 3554 5001; x_wconf 92' lang='lat' dir='ltr'><strong>vos</strong></span> <span class='ocrx_word' id='word_1_814' title='bbox 3609 4947 3707 5004; x_wconf 84' lang='lat' dir='ltr'><strong>de-</strong></span> 
     </span>
    </p>
   </div>
   <div class='ocr_carea' id='block_1_109' title="bbox 2060 5030 3705 5099">
    <p class='ocr_par' dir='ltr' id='par_1_109' title="bbox 2060 5030 3705 5099">
     <span class='ocr_line' id='line_1_109' title="bbox 2060 5030 3705 5099; baseline 0.004 -15"><span class='ocrx_word' id='word_1_815' title='bbox 2060 5030 2338 5099; x_wconf 87' lang='lat' dir='ltr'><strong>siderant,</strong></span> <span class='ocrx_word' id='word_1_816' title='bbox 2356 5033 2762 5088; x_wconf 80' lang='lat' dir='ltr'><strong>reminiscentis</strong></span> <span class='ocrx_word' id='word_1_817' title='bbox 2776 5035 3025 5088; x_wconf 86' lang='lat' dir='ltr'><strong>omnium</strong></span> <span class='ocrx_word' id='word_1_818' title='bbox 3037 5037 3277 5088; x_wconf 87' lang='lat' dir='ltr'><strong>vestrum</strong></span> <span class='ocrx_word' id='word_1_819' title='bbox 3301 5034 3682 5090; x_wconf 85' lang='lat' dir='ltr'><strong>obedientiam</strong></span> <span class='ocrx_word' id='word_1_820' title='bbox 3693 5076 3705 5089; x_wconf 94' lang='lat'><strong>.</strong></span> 
     </span>
    </p>
   </div>
   <div class='ocr_carea' id='block_1_110' title="bbox 2057 5121 3706 5195">
    <p class='ocr_par' dir='ltr' id='par_1_110' title="bbox 2057 5121 3706 5195">
     <span class='ocr_line' id='line_1_110' title="bbox 2057 5121 3706 5195; baseline 0.004 -22"><span class='ocrx_word' id='word_1_821' title='bbox 2057 5123 2126 5173; x_wconf 88' lang='lat' dir='ltr'><strong>Et</strong></span> <span class='ocrx_word' id='word_1_822' title='bbox 2155 5124 2243 5174; x_wconf 89' lang='lat' dir='ltr'><strong>est</strong></span> <span class='ocrx_word' id='word_1_823' title='bbox 2275 5137 2516 5176; x_wconf 90' lang='lat' dir='ltr'><strong>sensus:</strong></span> <span class='ocrx_word' id='word_1_824' title='bbox 2552 5121 2698 5184; x_wconf 89' lang='lat' dir='ltr'><strong>Quia</strong></span> <span class='ocrx_word' id='word_1_825' title='bbox 2728 5126 2911 5176; x_wconf 81' lang='lat' dir='ltr'><strong>vestra</strong></span> <span class='ocrx_word' id='word_1_826' title='bbox 2943 5123 3272 5178; x_wconf 91' lang='lat' dir='ltr'><strong>obedientia</strong></span> <span class='ocrx_word' id='word_1_827' title='bbox 3303 5129 3469 5195; x_wconf 89' lang='lat' dir='ltr'><strong>grata</strong></span> <span class='ocrx_word' id='word_1_828' title='bbox 3498 5125 3550 5178; x_wconf 90' lang='lat' dir='ltr'><strong>ei</strong></span> <span class='ocrx_word' id='word_1_829' title='bbox 3576 5124 3706 5190; x_wconf 90' lang='lat' dir='ltr'><strong>fuit,</strong></span> 
     </span>
    </p>
   </div>
   <div class='ocr_carea' id='block_1_111' title="bbox 2057 5210 3707 5283">
    <p class='ocr_par' dir='ltr' id='par_1_111' title="bbox 2057 5210 3707 5283">
     <span class='ocr_line' id='line_1_111' title="bbox 2057 5210 3707 5283; baseline 0.003 -19"><span class='ocrx_word' id='word_1_830' title='bbox 2057 5213 2113 5264; x_wconf 90' lang='lat' dir='ltr'><strong>et</strong></span> <span class='ocrx_word' id='word_1_831' title='bbox 2138 5226 2237 5263; x_wconf 92' lang='lat' dir='ltr'><strong>vos</strong></span> <span class='ocrx_word' id='word_1_832' title='bbox 2258 5213 2456 5280; x_wconf 89' lang='lat' dir='ltr'><strong>gratos</strong></span> <span class='ocrx_word' id='word_1_833' title='bbox 2478 5210 2750 5280; x_wconf 89' lang='lat' dir='ltr'><strong>reddidit,</strong></span> <span class='ocrx_word' id='word_1_834' title='bbox 2779 5211 2921 5265; x_wconf 90' lang='lat' dir='ltr'><strong>adeo</strong></span> <span class='ocrx_word' id='word_1_835' title='bbox 2947 5228 3043 5266; x_wconf 87' lang='lat' dir='ltr'><strong>vos</strong></span> <span class='ocrx_word' id='word_1_836' title='bbox 3065 5211 3274 5283; x_wconf 90' lang='lat' dir='ltr'><strong>diligit,</strong></span> <span class='ocrx_word' id='word_1_837' title='bbox 3291 5218 3356 5267; x_wconf 91' lang='lat' dir='ltr'><strong>ut</strong></span> <span class='ocrx_word' id='word_1_838' title='bbox 3375 5218 3572 5268; x_wconf 85' lang='lat' dir='ltr'><strong>vestra</strong></span> <span class='ocrx_word' id='word_1_839' title='bbox 3593 5229 3707 5269; x_wconf 84' lang='lat' dir='ltr'><strong>me-</strong></span> 
     </span>
    </p>
   </div>
   <div class='ocr_carea' id='block_1_112' title="bbox 2058 5297 3352 5368">
    <p class='ocr_par' dir='ltr' id='par_1_112' title="bbox 2058 5297 3352 5368">
     <span class='ocr_line' id='line_1_112' title="bbox 2058 5297 3352 5368; baseline 0.003 -17"><span class='ocrx_word' id='word_1_840' title='bbox 2058 5297 2247 5352; x_wconf 87' lang='lat' dir='ltr'><strong>moria</strong></span> <span class='ocrx_word' id='word_1_841' title='bbox 2274 5315 2579 5368; x_wconf 88' lang='lat' dir='ltr'><strong>nunquam</strong></span> <span class='ocrx_word' id='word_1_842' title='bbox 2615 5299 2685 5354; x_wconf 91' lang='lat' dir='ltr'><strong>ab</strong></span> <span class='ocrx_word' id='word_1_843' title='bbox 2717 5299 2845 5368; x_wconf 89' lang='lat' dir='ltr'><strong>ejus</strong></span> <span class='ocrx_word' id='word_1_844' title='bbox 2878 5304 3073 5355; x_wconf 81' lang='lat' dir='ltr'><strong>fnente</strong></span> <span class='ocrx_word' id='word_1_845' title='bbox 3103 5301 3352 5356; x_wconf 89' lang='lat' dir='ltr'><strong>recedat.</strong></span> 
     </span>
    </p>
   </div>
   <div class='ocr_carea' id='block_1_113' title="bbox 2053 5546 3485 5624">
    <p class='ocr_par' dir='ltr' id='par_1_113' title="bbox 2053 5546 3485 5624">
     <span class='ocr_line' id='line_1_113' title="bbox 2053 5546 3485 5624; baseline 0.001 -18"><span class='ocrx_word' id='word_1_846' title='bbox 2053 5567 2171 5624; x_wconf 15' lang='lat' dir='ltr'><strong>non,</strong></span> <span class='ocrx_word' id='word_1_847' title='bbox 2195 5546 2464 5624; x_wconf 62' lang='lat' dir='ltr'><strong>perdere,</strong></span> <span class='ocrx_word' id='word_1_848' title='bbox 2487 5549 2582 5624; x_wconf 77' lang='lat' dir='ltr'><strong>uti</strong></span> <span class='ocrx_word' id='word_1_849' title='bbox 2614 5549 2923 5624; x_wconf 88' lang='lat' dir='ltr'><strong>legendum</strong></span> <span class='ocrx_word' id='word_1_850' title='bbox 2955 5551 3124 5609; x_wconf 89' lang='lat' dir='ltr'><strong>nobis</strong></span> <span class='ocrx_word' id='word_1_851' title='bbox 3154 5551 3346 5608; x_wconf 89' lang='lat' dir='ltr'><strong>visum</strong></span> <span class='ocrx_word' id='word_1_852' title='bbox 3376 5556 3485 5608; x_wconf 86' lang='lat' dir='ltr'><strong>est.</strong></span> 
     </span>
    </p>
   </div>
   <div class='ocr_carea' id='block_1_114' title="bbox 2131 5619 2733 5695">
    <p class='ocr_par' dir='ltr' id='par_1_114' title="bbox 2131 5619 2733 5695">
     <span class='ocr_line' id='line_1_114' title="bbox 2131 5619 2733 5695; baseline 0.005 -19"><span class='ocrx_word' id='word_1_853' title='bbox 2131 5619 2279 5694; x_wconf 86' lang='lat'><strong>(737)</strong></span> <span class='ocrx_word' id='word_1_854' title='bbox 2312 5621 2374 5676; x_wconf 91' lang='lat' dir='ltr'><strong>In</strong></span> <span class='ocrx_word' id='word_1_855' title='bbox 2407 5619 2566 5695; x_wconf 89' lang='lat' dir='ltr'><strong>vulg.</strong></span> <span class='ocrx_word' id='word_1_856' title='bbox 2589 5619 2733 5693; x_wconf 70' lang='lat' dir='ltr'><strong>eunt,</strong></span> 
     </span>
    </p>
   </div>
  </div>
