3990 6224
134 319 239 376 457

690 313 1101 375 EXPOSITIO
1147 313 1224 370 IN
1271 306 1697 370 EPIS'I‘OLAS
1743 301 2003 380 PAULI.
2039 334 2114 345 —
2143 303 2219 361 IN
2271 305 2517 365 EPIST.
2566 305 2614 363 ll
2662 305 2761 364 AD
2807 306 2980 364 COR.

3421 309 3538 366 458

198 447 516 521 Sequitur:
554 445 832 515 Quomodo
885 461 1006 498 cum
1041 447 1235 498 timore
1286 451 1334 496 et
1365 446 1597 495 tremore
1626 452 1784 491 cavire-
1817 439 1867 499 Α
1899 436 2064 496 Cum,
2099 451 2295 488 eorum
2333 436 2524 489 tenuis
2557 437 2632 490 sit
2654 436 3004 505 substantia,
3039 437 3180 491 adeo
3207 437 3318 509 ipsi
3351 438 3536 491 devoti

127 541 284 612 pistis
323 555 466 592 eum.
532 536 682 590 Cum
745 534 899 588 enim
959 533 1213 586 directus
1245 530 1451 584 fuisset
1499 529 1582 582 eis
1623 527 1787 579 Titus

133 628 324 684 studio
353 624 593 680 videndi
659 621 1158 678 conversationem
1217 636 1440 685 eorum,
1494 621 1549 671 et
1596 614 1786 669 subilo

132 718 280 771 inter
305 731 406 770 eos
438 711 836 784 apparuisset,
891 711 1234 771 timuerunt,
1281 706 1616 768 recolentes,
1652 701 1788 774 quia

134 822 232 878 pro
267 803 473 858 multis
505 800 665 854 vitiis
695 801 926 853 fuerant
959 796 1236 868 increpati
1271 797 1342 849 ab
1374 794 1665 864 Apostolo.
1703 794 1788 846 ln-

136 893 484 948 tellexerunt
515 890 696 957 enim,
732 888 869 957 quia
911 887 1183 940 idoneum
1217 884 1553 938 ministrum
1583 881 1787 934 direxit

137 982 204 1036 ad
237 997 358 1043 eos,
392 978 492 1048 qui
527 992 760 1032 omnem
795 991 996 1029 eorum
1030 973 1530 1027 conversationem
1564 968 1672 1023 sibi
1708 986 1788 1022 re-

138 1068 472 1132 nuntiaret;
507 1069 565 1119 et
596 1064 723 1119 ideo
755 1063 836 1116 ita
857 1078 990 1116 cum
1021 1061 1229 1115 timore
1251 1063 1599 1129 exceperunt
1629 1074 1784 1120 eum,

137 1161 192 1211 et
223 1155 569 1210 obedientes
598 1153 646 1206 ei
699 1151 1068 1214 exstiterunt,
1105 1149 1271 1219 quasi
1323 1148 1445 1218 ipse
1477 1143 1787 1216 Apostolus

136 1243 403 1299 venisset
434 1242 504 1296 ad
537 1257 653 1295 eos.

214 1330 526 1402 Sequitur:
580 1327 792 1384 Gaudeo
851 1324 991 1395 quod
1050 1325 1112 1378 in
1169 1323 1417 1379 omnibus
1473 1321 1683 1390 conﬁdo
1728 1322 1786 1372 in

139 1420 328 1485 vobis;
359 1417 525 1489 quasi
551 1415 790 1470 dixisset
813 1415 966 1469 :Non
1000 1414 1187 1466 solum
1213 1412 1435 1483 gaudeo
1458 1412 1527 1465 de
1553 1409 1786 1464 illorum

140 1506 514 1570 correctione,
551 1503 648 1573 qui
699 1501 1034 1557 ceciderunt
1065 1504 1120 1554 et
1172 1503 1566 1562 surrexerunt,
1601 1498 1698 1552 sed
1732 1500 1789 1550 et

140 1597 210 1651 de
238 1598 430 1648 vestro
461 1590 746 1663 profectu,
770 1590 868 1659 qui
897 1588 950 1641 in
990 1588 1098 1640 fide
1129 1586 1394 1641 stetistis.
1421 1586 1543 1640 Sive
1577 1585 1745 1640 aliter
1771 1602 1782 1638 :

141 1681 375 1738 Gaudeo
405 1679 565 1751 quia,
601 1676 701 1748 qui
760 1691 827 1730 ea
880 1678 1166 1746 corrigere
1224 1675 1503 1747 coepistis,
1555 1692 1680 1746 quae
1714 1676 1784 1729 ad

1898 522 2258 588 exstiterunt,
2296 527 2357 573 ut
2391 521 2540 576 ultra
2571 540 2747 594 quam
2782 525 3022 578 virtutes
3054 531 3447 595 suppeterent,
3483 530 3540 579 et

1899 610 2143 666 facultas
2175 609 2409 671 sineret,
2442 610 2548 680 ipsi
2575 613 2756 681 parati
2787 618 2980 666 essent
3011 613 3183 678 dare;
3217 623 3269 667 et
3303 615 3426 667 ideo
3452 615 3536 668 di-

1897 703 2008 755 cit:
2047 699 2345 754 .ttmndarit
2383 702 2439 752 in
2497 699 2720 753 divitias
2775 702 3172 770 simplicitatis.
3230 701 3535 772 Simplices

1897 789 2125 843 divitias
2157 791 2316 852 dicit,
2343 790 2478 859 quia
2511 789 2642 858 ipsi,
2668 807 2780 841 non
2818 805 2993 842 causa
3019 789 3287 844 humana:
3320 790 3531 860 laudis,

1897 884 1996 932 aut
2029 877 2344 931 redimendi
2381 896 2517 932 suos
2551 878 2973 947 praedicatores,
3001 895 3068 931 ne
3096 879 3536 950 increparentur

1897 969 1969 1021 ab
2002 968 2102 1031 eis,
2138 968 2487 1035 tribuerunt,
2546 967 2642 1020 sed
2679 968 2869 1019 studio
2921 967 3182 1036 placendi
3217 968 3350 1022 Deo.
3386 969 3531 1024 Nam

1897 1056 1993 1126 qui
2027 1073 2203 1110 causa
2225 1055 2494 1108 humana:
2518 1046 3014 1119 laudis'tribuunt,
3051 1072 3164 1110 non
3189 1055 3535 1126 simpliciter

1897 1144 2137 1208 faciunt,
2173 1149 2229 1196 et
2261 1142 2361 1208 illi,
2398 1143 2497 1212 qui
2553 1159 2584 1195 a
2615 1141 2827 1195 talibus
2860 1143 3171 1213 accipiunt,
3205 1144 3532 1199 libertatem

1897 1231 2230 1301 increpandi
2265 1231 2562 1297 amittunt,
2623 1230 2762 1300 quia
2813 1232 3096 1301 scriptum
3129 1237 3252 1286 est:
3291 1234 3453 1287 Xenia
3483 1235 3536 1287 et

1895 1321 2034 1375 dona
2065 1327 2338 1374 exerceant
2363 1319 2540 1373 oculos
2563 1319 2813 1388 judicum
2846 1320 3032 1387 (Eecli.
3066 1337 3158 1386 xx,
3191 1323 3300 1390 31).

1965 1410 2279 1479 Sequitur:
2333 1410 2474 1477 Quia
2513 1408 2816 1462 secundum
2874 1411 3130 1462 rirtutem
3164 1412 3536 1465 testimonium

1898 1500 2012 1552 illis
2039 1499 2318 1567 perliitieo,
2353 1503 2461 1551 etc.
2501 1498 2889 1568 Ριείυροείρτυε
2917 1504 3003 1553 est
3037 1500 3198 1569 ordo,
3237 1517 3369 1555 nam
3403 1501 3536 1555 talis

1898 1603 2025 1640 esse
2057 1587 2260 1639 debet:
2298 1585 2697 1639 testimonium
2722 1586 2836 1640 illis
2862 1587 3155 1656 perhibeo,
3182 1588 3319 1659 quia
3350 1605 3538 1644 secun-

1895 1675 2027 1728 dum
2051 1676 2311 1727 virtutem
2332 1673 2680 1739 tribuerunt,
2704 1675 2752 1726 el
2778 1690 2938 1744 super
2957 1679 3214 1730 virtutem
3235 1680 3540 1734 voluntarii

140 1770 366 1826 cultum
425 1767 560 1823 fidei
617 1769 676 1821 et
731 1765 995 1820 ordinem
1020 1763 1479 1820 ecclesiasticum
1513 1764 1781 1834 attinent,
1814 1791 1862 1855 Β
1895 1766 2141 1833 fuerunt.
2169 1763 2234 1814 Et
2260 1765 2322 1814 ut
2348 1762 2671 1815 ostenderet
2697 1763 3006 1831 quomodo,
3038 1765 3339 1832 subjunxit
3365 1783 3375 1821 :
3403 1767 3538 1821 Cum

142 1865 275 1926 etc.,
309 1875 435 1929 quae
466 1860 607 1910 sunt
638 1855 818 1926 digna
848 1853 1220 1920 correctione,
1256 1852 1577 1923 corrigetis.

214 1948 369 2019 (CAP.
446 1945 623 2014 VIII.)
683 1944 876 1998 Notam
948 1945 1150 2006 autem,
1228 1943 1450 2011 fratres.
1511 1941 1788 2011 Superius

143 2035 458 2092 Corinthiis
491 2031 947 2104 persecutiones,
978 2034 1034 2084 et
1067 2045 1548 2100 pressuras,quas
1580 2045 1789 2099 passus

145 2128 329 2181 fuerat
356 2123 417 2178 in
448 2119 721 2176 Ecclesiis
771 2118 1115 2173 Macedoniae
1140 2161 1152 2184 ,
1201 2119 1408 2172 deinde
1440 2117 1695 2172 diverat:
1731 2119 1790 2173 Si

141 2215 393 2284 gravisus
423 2227 548 2265 sum
577 2225 740 2279 super
769 2205 972 2275 gaudio
1004 2207 1107 2260 Titi
1131 2222 1142 2258 :
1171 2210 1303 2276 post
1337 2205 1443 2260 hoc
1476 2223 1642 2260 suam
1666 2224 1789 2262 ora-

143 2303 367 2356 tionem
391 2297 809 2353 etlocutionem
829 2294 1098 2349 laudibus
1123 2292 1406 2348 conclusit
1431 2310 1605 2359 ;nunc
1635 2311 1791 2349 vero-

142 2386 494 2460 aggreditur
519 2383 693 2447 aliud,
725 2382 960 2436 dicens:
995 2382 1185 2436 Notam
1217 2381 1362 2435 vobis
1392 2383 1646 2450 facimus,
1679 2384 1791 2452 [να-

145 2487 280 2542 tres,
314 2480 426 2530 etc.
460 2472 705 2540 (758-39)
733 2469 844 2524 Sed
877 2470 1257 2540 quaerendum
1291 2476 1597 2540 est,quare
1621 2487 1788 2526 suam

143 2563 505 2620 locutionem
541 2560 610 2613 de
633 2574 800 2630 epere
823 2556 1233 2612 misericordia:
1255 2558 1401 2627 (740)
1420 2557 1447 2610 ?
1472 2558 1580 2612 Sed
1603 2559 1790 2614 scien-

145 2653 310 2715 dum,
345 2647 484 2721 quia
513 2647 628 2719 egit
657 2646 766 2700 hoc
796 2644 1109 2716 Apostolus
1167 2645 1487 2716 ingeniose,
1519 2651 1574 2700 et
1605 2647 1788 2700 admi-

144 2739 327 2794 rando
348 2737 521 2792 modo
549 2761 562 2802 ;
587 2734 693 2788 hoc
715 2737 895 2803 est,ut
913 2733 1053 2786 dum
1076 2749 1174 2787 eos
1191 2731 1465 2789 laudibus
1488 2733 1788 2801 mulceret,

146 2829 215 2882 ad
248 2843 398 2898 opus
430 2821 844 2878 misericordiae
868 2819 1095 2875 facilius
1119 2825 1471 2891 provocaret.
1503 2821 1793 2877 Moraliter

145 2915 228 2972 sic
261 2913 536 2970 monendi
569 2914 707 2966 sunt
739 2909 997 2980 superbi,
1039 2913 1095 2964 et
1125 2913 1412 2979 potentes,
1444 2909 1551 2964 hoc
1582 2915 1691 2975 est,
1727 2915 1792 2966 ut

145 3005 194 3060 si
225 3021 342 3075 qua
373 3004 513 3056 sunt
545 3000 603 3053 in
635 2997 753 3052 illis
781 2999 950 3064 bona,
986 2997 1259 3052 laudibus
1289 2998 1657 3068 proferantur
1704 2997 1789 3053 vel

144 3109 272 3164 quae
305 3091 494 3144 inesse
528 3089 817 3160 poterant,
850 3085 1158 3152 dicantur;
1193 3088 1256 3139 ut
1288 3102 1419 3156 quas
1448 3086 1790 3157 corrigenda

142 3185 302 3243 sunt,
339 3176 567 3232 facilius
607 3173 995 3245 corrigantur.
1051 3174 1289 3245 Propter
1320 3175 1427 3228 hoc
1457 3175 1785 3246 exemplum

141 3267 528 3324 Ecclesiarum
585 3262 937 3317 Macedoniae
967 3261 1230 3333 protulit,
1288 3267 1350 3316 ut
1381 3263 1518 3317 dum
1553 3263 1696 3318 alios
1728 3263 1785 3318 in

141 3373 314 3428 opere
353 3351 771 3409 misericordiae
823 3351 1058 3405 devotos
1091 3349 1378 3419 audirent,
1412 3351 1644 3406 eosdem
1673 3369 1786 3406 non

143 3447 383 3501 devotos
405 3458 532 3496 esse
555 3438 1130 3512 puderet.Moraliter
1160 3443 1470 3494 monentur
1501 3439 1788 3503 doctores,

144 3538 231 3599 ut,
267 3530 505 3602 quoties
552 3528 840 3583 auditores
884 3544 1023 3582 suos
1073 3528 1142 3581 ad
1171 3529 1321 3582 bona
1355 3544 1663 3599 provocare
1693 3544 1787 3582 v0-

149 3623 309 3684 lunt,
345 3620 678 3673 sanctorum
735 3614 1000 3687 exempla
1043 3615 1156 3670 illis
1217 3622 1562 3688 proponant,
1597 3621 1660 3670 ut
1717 3617 1788 3669 ad

146 3711 328 3772 bona,
362 3722 490 3777 qua:
522 3704 762 3775 cupiunt
792 3703 953 3758 ocius
984 3717 1082 3758 eos
1113 3703 1341 3759 trahere
1372 3703 1617 3758 valeant.
1651 3704 1794 3757 Prae-

147 3799 268 3853 fata
298 3795 477 3851 etiam
511 3792 830 3847 intentione
861 3792 1067 3846 fratres
1115 3808 1212 3846 eos
1243 3791 1515 3863 appellat.
1551 3792 1794 3846 Pulchre

149 3885 400 3941 dicitur:
440 3883 692 3938 Gratiam
721 3881 837 3950 Dei,
896 3895 1021 3951 quae
1048 3880 1176 3935 data
1228 3885 1345 3943 est;
1377 3881 1514 3952 quia
1545 3881 1733 3952 gratia
1763 3897 1795 3936 a

148 3974 264 4029 Deo
295 3974 492 4039 datur,
525 3975 582 4025 et
610 3985 726 4023 non
759 3967 908 4033 aliis,
952 3968 1064 4023 nisi
1095 3967 1388 4037 Ecclesiis,
1425 3970 1613 4024 datur.

218 4060 500 4132 Sequitur
523 4075 536 4113 :
560 4057 710 4125 Quod
731 4058 790 4111 in
809 4054 986 4111 multo
1007 4057 1377 4126 experimento
1394 4059 1792 4114 tribulationis.

144 4149 494 4206 abundantia
548 4145 743 4215 gaudii
802 4147 1048 4215 ipsorum
1101 4148 1336 4216 supersit
1390 4145 1559 4215 (741).
1613 4147 1679 4200 Et
1711 4151 1799 4201 est

145 4254 398 4293 sensus:
460 4235 614 4290 Dum
675 4249 781 4288 nos
829 4233 1015 4288 multa
1053 4233 1296 4288 adversa
1346 4233 1462 4303 pati
1507 4234 1796 4302 viderunt,

147 4343 264 4381 non
317 4322 702 4380 scandalizati
761 4326 918 4386 sunt,
970 4326 1070 4377 aut
1127 4321 1182 4375 in
1219 4322 1328 4375 fide
1384 4320 1799 4393 titubaverunt,

154 4413 256 4467 sed
289 4411 488 4484 potius
517 4411 912 4480 experimento
943 4408 1338 4465 tribulationis
1368 4414 1596 4472 nostrae,
1626 4409 1804 4480 pleni-

1895 1853 2070 1905 multa
2099 1850 2477 1904 exhortatione
2525 1850 2715 1918 :quasi
2750 1850 3028 1904 dixisset:
3072 1853 3351 1907 Fecerunt
3381 1856 3536 1924 quod

1898 1942 2230 2011 potuerunt,
2264 1942 2319 1992 et
2352 1937 2539 2007 magis
2571 1954 2745 2007 quam
2770 1937 3015 1992 facultas
3038 1939 3252 1994 sineret
3283 1942 3537 1998 tribuere

1896 2027 2241 2091 voluerunt;
2276 2027 2374 2079 sed
2405 2042 2508 2078 nos
2533 2025 2931 2094 judicavimus
2963 2043 3075 2080 non
3099 2043 3225 2082 esse
3257 2029 3539 2100 accipien-

1900 2118 2059 2182 dum,
2093 2131 2164 2169 ne
2196 2113 2412 2181 fortc,si
2443 2114 2698 2183 inopiam
2728 2117 3395 2186 paterentur,pmniteret
3418 2135 3538 2184 eos,

1898 2210 1953 2258 et
1980 2205 2234 2257 fructum
2261 2202 2543 2256 mercedis
2563 2202 2896 2272 perderent:
2924 2202 3005 2256 illi
3029 2221 3159 2257 vero
3186 2221 3317 2260 cum
3341 2206 3543 2262 exhor-

1900 2293 2134 2357 tatione,
2167 2297 2222 2345 et
2258 2291 2549 2361 lacrymis,
2585 2294 2638 2344 ct
2671 2291 2938 2361 precibus
2971 2293 3260 2362 deprecati
3295 2300 3452 2362 sunt,
3480 2307 3541 2352 ut

1897 2384 2136 2452 gratia-ni
2169 2385 2219 2434 et
2276 2382 2826 2434 communicationem
2879 2382 3191 2446 ministerii,
3225 2384 3367 2453 quod
3394 2385 3454 2452 ﬁt
3483 2387 3542 2438 in

1899 2475 2107 2525 sanctos
2140 2469 2533 2538 (subauditur,
2599 2467 3021 2538 susciperent);
3071 2487 3176 2523 nos
3218 2488 3372 2541 vero,
3404 2471 3543 2542 quia

1901 2559 2154 2612 vidimus
2173 2557 2383 2628 spretis
2406 2555 2678 2610 omnibus
2701 2556 3189 2627 temporalibusin
3207 2557 3348 2612 solis
3370 2559 3536 2615 coale-

1902 2647 2086 2701 stibus
2116 2644 2614 2716 suspensos,quod
2634 2644 2796 2715 prius
2819 2661 2930 2700 non
2955 2647 3357 2718 accipiendum
3383 2649 3542 2718 judi-

1901 2736 2183 2802 cavimus,
2216 2738 2416 2805 postea
2445 2733 2702 2804 accipere
2735 2733 3114 2790 decrevimus.

1971 2824 2281 2894 Sequitur:
2316 2825 2376 2876 Et
2407 2839 2513 2875 non
2541 2825 2680 2875 sicut
2728 2823 3102 2893 speravimus;
3136 2825 3240 2880 hoc
3274 2832 3381 2894 est,
3417 2844 3542 2881 ma-

1901 2913 1989 2984 gis
2047 2913 2325 2976 fecerunt,
2386 2927 2559 2981 quam
2620 2927 3043 2981 sperassemus.
3092 2914 3404 2984 Sequitur:
3439 2917 3544 2971 Sed

1898 3001 2210 3070 semet-ipsos
2241 2999 2507 3054 dederunt
2558 3001 2802 3068 primum
2851 3005 3001 3064 Deo,-
3061 3001 3165 3055 hoc
3198 3008 3302 3071 est,
3337 3008 3392 3056 et
3425 3005 3539 3074 pri-

1903 3090 2086 3144 stinos
2119 3105 2341 3143 errores
2373 3088 2730 3156 corrigendo,
2783 3092 2837 3141 et
2868 3089 3065 3156 vitam,
3099 3094 3154 3143 et
3185 3107 3374 3145 mores
3407 3109 3542 3146 mu-

1901 3179 2094 3234 tando.
2157 3177 2466 3248 Sequitur:
2515 3176 2716 3229 Deinde
2769 3177 2940 3241 nobis,
2973 3176 3238 3230 videlicet
3268 3185 3541 3249 sumptus

1900 3266 2257 3321 necessarios
2307 3263 2713 3316 ministrando.
2750 3264 2816 3316 Et
2872 3264 3009 3332 quia
3039 3263 3384 3336 simpliciter
3431 3266 3539 3322 hoc

1898 3357 2159 3426 egerunt,
2192 3353 2320 3406 ideo
2354 3351 2696 3421 subjungit:
2729 3352 2835 3404 Per
2875 3353 3206 3407 voluntatem
3239 3354 3356 3408 Dei.

1968 3441 2276 3512 Sequitur:
2331 3441 2405 3493 Ita
2438 3443 2495 3492 ut
2550 3455 2869 3505 rogaremus
2933 3441 3126 3509 Titum,
3187 3445 3290 3494 etc.
3322 3466 3335 3507 ;
3365 3443 3535 3512 quasi

1900 3532 2176 3586 dixisset:
2213 3528 2296 3582 Ita
2325 3532 2380 3581 et
2408 3543 2505 3580 vos
2537 3527 2723 3580 devoti
2757 3526 3080 3596 exstitistis,
3115 3533 3178 3582 ut
3207 3529 3401 3584 'I‘itum
3437 3548 3534 3586 ro-

1899 3635 2172 3691 garemus
2203 3616 2396 3670 venire
2428 3615 2498 3669 ad
2549 3631 2667 3670 vos.
2700 3615 2804 3670 Sed
2863 3633 3042 3687 quare
3086 3618 3303 3688 Titum,
3331 3624 3387 3673 et
3419 3637 3534 3675 non

1903 3705 2200 3761 alterum?
2261 3703 2407 3767 Quia
2463 3707 2634 3757 notus
2666 3708 2722 3758 et
2774 3709 2974 3774 gratus
3021 3710 3143 3760 erat
3199 3706 3334 3778 illis,
3395 3710 3540 3764 etin

1906 3795 2107 3850 multis
2122 3793 2361 3865 perejus‘
2383 3791 2840 3846 exhortationem
2866 3793 3543 3866 profecerant,quatenus

1903 3889 1957 3938 ct
1989 3883 2048 3936 in
2080 3883 2188 3936 hoc
2217 3897 2387 3952 opere
2421 3880 2829 3935 misericordia:
2879 3897 2979 3951 per
3010 3898 3144 3936 eum
3179 3885 3542 3954 proficerent.

1907 3970 2201 4027 Moraliter
2225 3985 2237 4023 ε
2259 3970 2402 4023 Cum
2429 3967 2640 4038 aliquis
2664 3969 2960 4022 docendus
2984 3974 3198 4033 est,aut
3218 3971 3288 4024 ad
3309 3971 3547 4042 aliquod

1907 4061 2123 4115 bonum
2157 4056 2724 4128 provocandus,talis
2754 4072 2886 4109 eum
2921 4057 3085 4109 debet
3117 4056 3341 4122 docere,
3373 4059 3473 4128 qui
3497 4061 3548 4114 ei

1908 4153 2111 4221 gratus
2143 4147 2237 4210 sit,
2271 4149 2328 4200 et
2359 4161 2528 4214 quem
2563 4145 2686 4214 ipse
2719 4144 2923 4214 diligit.
3551 4137 3556 4142 ’

1983 4236 2131 4306 (742)
2160 4234 2474 4303 Sequitur:
2537 4233 2646 4287 Sed
2691 4235 2835 4287 sicut
2883 4235 2938 4286 in
2972 4236 3220 4290 omnibus
3249 4237 3552 4292 ahundatis

1913 4325 2035 4394 ﬁde,
2070 4329 2205 4386 etc.,
2238 4327 2285 4376 et
2317 4323 2417 4376 hac
2443 4324 2644 4392 gratia,
2674 4322 2781 4376 hoc
2805 4328 2911 4390 est,
2943 4323 3348 4378 misericordiae
3382 4342 3555 4396 opere

1914 4413 2223 4468 abundetis.
2260 4410 2402 4464 Nam
2432 4410 2487 4464 id
2523 4411 2738 4481 quibus
2769 4410 3154 4478 abundarent,
3181 4412 3554 4480 manifestat;

155 4501 425 4556 tudinem
445 4498 644 4570 gaudii
668 4498 1217 4570 susceperunt,quia
1242 4514 1353 4552 non
1378 4498 1482 4553 abs
1501 4515 1559 4552 re
1581 4502 1803 4553 tantam
1834 4505 1883 4567 D
1919 4502 2038 4573 ﬁde,
2077 4500 2216 4572 quia
2237 4501 2360 4569 jam
2396 4499 2748 4554 corroborati
2807 4504 3008 4565 erant;
3042 4508 3092 4554 ct
3127 4516 3388 4568 sermone,
3421 4500 3559 4572 quia

156 4586 554 4644 constantiam
617 4587 676 4640 in
739 4585 1142 4658 persecutione
1193 4602 1319 4640 esse
1377 4585 1802 4641 intellexerunt.

150 4676 380 4730 Aliter:
418 4679 563 4728 Dum
594 4691 697 4730 nos
730 4675 847 4746 pati
899 4675 1185 4740 viderunt,
1232 4674 1406 4729 etiam
1437 4673 1549 4746 ipsi
1583 4674 1804 4729 incitati

150 4766 398 4831 sunt,ut
418 4761 715 4816 nobiscum
739 4762 858 4832 pati
883 4762 1202 4833 gauderent
1227 4779 1241 4826 ;
1267 4767 1323 4815 et
1345 4761 1444 4832 qui
1467 4762 1623 4834 passi
1647 4767 1808 4830 sunt,

149 4852 288 4907 ideo
319 4849 482 4921 passi
513 4855 669 4918 sunt,
695 4852 834 4921 quia
860 4851 917 4904 in
949 4850 1166 4905 eisdem
1189 4849 1810 4918 tribulationibus,sub

152 4957 257 5011 spe
281 4941 496 4993 futurae
528 4938 1425 5009 resurrectionis,plenitudinem
1453 4940 1652 5011 gaudii
1684 4957 1811 4996 esse

153 5029 583 5084 intellixerunt.

225 5119 293 5172 Et
314 5118 593 5172 altissima
611 5125 912 5187 paupertas
929 5133 1136 5182 eorum,
1156 5122 1263 5171 etc.
1284 5116 1649 5172 Altissimam
1674 5118 1814 5172 dicit

154 5205 512 5276 profundam
546 5209 601 5258 et
635 5220 930 5275 magnam.
988 5207 1046 5260 In
1090 5207 1305 5276 quibus
1334 5205 1525 5261 verbis
1557 5193 1817 5260 osteridit

155 5310 362 5350 eorum
395 5292 766 5365 propositum
801 5297 858 5348 et
906 5293 1294 5360 devotionem,
1329 5294 1498 5366 quasi
1531 5293 1812 5361 dixisset;

230 5469 588 5550 (Z$§f3_9)_ln
620 5472 1161 5550 autognmargqbic
1191 5473 1403 5550 legitur
1427 5471 1745 5550 eas.__XXlI.

227 5541 282 5616 (7
291 5544 381 5614 40)
414 5541 788 5601 Subauditur
815 5541 1096 5613 inceperit,
1125 5545 1213 5604 vel
1245 5541 1404 5605 aliud
1434 5543 1646 5601 simile.
1682 5567 1710 5595 n

490 5669 764 5759 garriet.
812 5665 1125 5762 CXXXIV,

1916 4606 2131 4662 genera
2163 4587 2497 4658 linguarum
2548 4587 2879 4655 habebant;
2913 4593 2962 4642 et
3012 4590 3262 4655 scientia,
3293 4588 3431 4660 quia
3461 4607 3560 4645 sa-

1919 4677 2144 4748 pientes
2201 4679 2404 4742 crant;
2437 4683 2488 4730 et
2539 4678 2690 4730 omni
2743 4676 3131 4745 sollicitudine,
3165 4677 3301 4748 quia
3332 4678 3564 4738 fuerant

1851 4770 1853 4772 ’
1919 4763 2229 4834 increpati,
2265 4769 2319 4817 et
2352 4764 2478 4817 ideo
2511 4763 2739 4818 solliciti
2767 4770 2949 4834 erant,
2984 4783 3055 4820 ne
3084 4767 3274 4821 denuo
3305 4766 3566 4840 increpa-

1922 4857 2126 4906 rentur
2154 4869 2166 4915 ;
2195 4859 2244 4906 et
2299 4855 2456 4906 omni
2485 4853 2756 4908 charitate
2811 4859 2993 4909 vestra
3026 4856 3083 4909 in
3140 4872 3256 4922 nos,
3317 4855 3426 4911 hoc
3456 4861 3565 4923 est,

1922 4940 2075 4994 circa
2101 4957 2227 4994 nos.

1992 5028 2306 5098 Sequitur:
2339 5032 2460 5080 Non
2515 5032 2680 5098 quasi
2729 5032 3006 5100 imperans
3052 5032 3191 5087 ilico.
3227 5032 3293 5085 Et
3325 5035 3412 5086 est
3438 5047 3569 5084 sen-

1931 5131 2070 5170 sus:
2107 5116 2231 5170 Non
2265 5120 2668 5186 extorqueo,ut
2691 5126 2961 5190 cogo,aut
2989 5126 3244 5175 vestrum
3277 5137 3423 5192 opus
3455 5134 3570 5172 non

1926 5205 2002 5259 sit
2033 5203 2450 5270 voluntarium,
2493 5205 2590 5256 sed
2649 5214 2935 5262 coactum.
2970 5209 3279 5279 Sequitur:
3314 5207 3416 5262 Sed
3445 5222 3573 5277 pro-

1923 5301 2044 5364 pter
2075 5293 2314 5346 aliorum
2347 5291 2794 5359 sollicitudinem,
2827 5299 2994 5350 etiam
3049 5307 3241 5353 vestrm
3288 5295 3576 5350 charitatis

2019 5469 2148 5538 741)
2175 5467 2344 5538 Vulg.
2375 5469 2508 5538 fuit.

2019 5470 2119 5522 741
2175 5470 2344 5538 Vulg.
2375 5470 2508 5538 fuit.

2001 5470 2150 5615 i742i
2183 5541 2248 5596 In
2281 5543 2482 5612 autog.
2515 5553 2698 5612 marg.
2727 5539 2820 5596 hic
2845 5540 3060 5614 legitur
3085 5561 3211 5616 cap.
3243 5537 3434 5602 XXIII.

3186 5671 3260 5742 15
