3990 6224
391 344 511 403 459

1412 333 1747 394 ATTONIS
1791 331 2373 391 VERCELIENSIS
2408 331 2770 391 ’EPISCOPI

3672 330 3794 390 460

394 474 682 544 ingenium
712 472 913 525 bonum
943 467 1318 538 comprobans.
1354 465 1592 518 Duobus
1626 464 1814 518 modis
1846 466 2035 533 potest
2064 465 2115 526 Α
2151 462 2469 514 admonens
2506 461 2689 513 lilium
2749 476 2921 513 suum
2955 460 3131 513 dicit:
3184 460 3291 512 Fili
3337 460 3389 512 si
3416 459 3653 513 multum
3688 461 3795 514 tibi

395 559 795 631 intelligi.Uno
830 554 1192 627 modo,quasi
1229 554 1501 609 dixisset:
1542 553 1865 623 Utpropter
1895 551 2034 605 alio-

395 666 529 705 rum
562 647 822 703 ﬁdelium
857 645 1140 709 studium,
1200 646 1451 696 vestrum
1484 641 1783 711 ingenium
1820 642 2036 693 bonum

398 738 830 808 comprobetur,
865 736 971 790 hoc
1000 732 1181 798 est,ad
1217 746 1363 801 Opus
1396 730 1805 783 misericordiae
1838 728 2040 781 incite-

397 831 531 880 tur:
564 825 685 879 sive
708 825 945 879 aliorum
973 822 1113 875 dicit
1132 863 1143 884 ,
1170 819 1224 872 id
1255 823 1714 887 est.pauperum,
1745 817 1841 887 qui
1876 821 2040 868 erant

398 913 776 985 Jerosolymis
802 930 815 979 ;
840 909 1006 982 quasi
1037 908 1313 962 dixisset:
1348 907 1427 960 Ne
1455 908 1597 960 forte
1629 903 2038 976 paupercs.qui

404 1006 543 1059 sunt
568 998 1207 1071 Jerosolymis,propter
1234 995 1491 1066 inopiam
1523 993 1750 1049 solliciti
1776 994 1912 1057 sint,
1945 994 2039 1045 bo-

404 1106 544 1145 num
567 1088 870 1159 ingenium
894 1090 1093 1140 vestra).
1115 1083 1416 1139 charitatis
1437 1099 1565 1137 esse
1596 1098 1719 1137 com
1730 1081 2036 1151 probetur;

400 1179 458 1233 id
490 1180 596 1246 est,
630 1173 977 1241 incitemini,
1011 1178 1073 1228 ut
1120 1171 1328 1226 vestris
1374 1170 1592 1225 divitiis
1623 1168 1854 1222 illorum
1886 1168 2036 1221 indi-

399 1264 656 1336 gentiam
684 1261 1020 1319 sublevetis.

467 1352 741 1425 Sequitur
769 1367 783 1405 :
813 1351 983 1407 Scitis
1013 1351 1163 1403 enim
1190 1350 1430 1417 gratiam
1467 1348 1691 1402 Domini
1720 1347 1889 1399 nostri
1914 1347 2042 1399 Jesu

400 1440 797 1512 Christi;quasi
824 1439 1062 1494 diceret:
1093 1437 1286 1491 Nostis
1317 1434 1833 1506 exemplum,quod
1861 1433 2040 1505 gratis

396 1529 608 1586 tribuit
636 1547 649 1595 ;
683 1528 942 1599 quoniam
965 1533 1189 1597 propter
1216 1539 1305 1579 vos
1334 1539 1533 1592 egenus
1554 1526 1732 1593 [actus
1757 1529 1853 1587 est,
1886 1526 1993 1577 etc.
2024 1539 2037 1587 ;

398 1617 566 1690 quasi
596 1616 875 1671 dixisset:
906 1613 1009 1669 Ille
1037 1630 1146 1669 sua
1176 1616 1412 1684 propter
1436 1628 1536 1665 vos
1567 1611 1786 1681 sprevit
1814 1634 1827 1675 ;
1860 1626 2041 1679 quare

396 1722 500 1762 vos
524 1721 640 1761 non
670 1708 861 1759 vestra
891 1706 1125 1774 prepter
1150 1700 1317 1755 illum
1342 1698 1658 1754 tribuatis?
1687 1700 1823 1753 Item
1852 1715 1865 1751 :
1900 1698 1967 1751 Et
1990 1696 2037 1749 si

396 1793 496 1849 ille
527 1807 840 1863 sua,quare
867 1807 969 1845 vos
998 1806 1113 1843 non
1134 1793 1344 1855 vestra,
1367 1788 1468 1842 sed
1501 1786 1660 1840 illius
1686 1785 1871 1839 eidem
1907 1802 2037 1855 pro-

397 1887 526 1954 pter
555 1897 653 1936 vos
684 1896 801 1935 non
832 1877 1132 1933 reddatis?
1181 1878 1325 1930 Item
1351 1892 1363 1930 :
1399 1874 1518 1940 Ille,
1551 1891 1676 1929 cum
1704 1882 1835 1928 esset
1866 1873 2033 1942 dives,

396 1970 586 2026 factus
616 1973 705 2023 est
733 1981 973 2038 pauper,
1005 1982 1120 2019 non
1153 1968 1218 2018 ut
1246 1963 1655 2029 cresceret,sed
1689 1968 1751 2016 ut
1786 1978 1880 2015 vos
1913 1976 2035 2014 cre-

394 2056 671 2113 sceretis:
706 2070 841 2109 nam
873 2054 1060 2107 factus
1117 2056 1224 2118 cst,
1259 2053 1413 2123 quod
1469 2068 1570 2106 vos
1610 2050 1806 2113 eratis,
1840 2054 1904 2103 ut
1933 2066 2035 2104 vos

394 2146 606 2201 faceret
637 2142 792 2215 quod
823 2142 949 2213 ipse
968 2144 1128 2195 erat:
1158 2155 1294 2194 nam
1316 2139 1442 2209 ipse
1462 2138 1650 2193 iactus
1674 2143 1761 2192 est
1794 2153 2031 2207 pauper,

392 2237 459 2288 ut
487 2248 586 2288 vos
617 2248 736 2287 suae
764 2228 1431 2285 divinitatisdivitiarum
1466 2228 1678 2282 faceret
1694 2227 2028 2297 participes.

389 2322 535 2378 Item
566 2321 754 2376 factus
783 2323 873 2374 est
924 2332 1165 2388 pauper,
1208 2322 1271 2370 ut
1300 2333 1417 2370 una
1445 2333 1553 2371 sua
1580 2319 1939 2386 paupertate,
1974 2320 2032 2369 et

390 2408 487 2464 hic
516 2408 724 2463 divites
755 2407 968 2461 faceret
995 2404 1055 2459 in
1104 2404 1238 2470 ﬁde,
1274 2410 1329 2459 et
1359 2408 1559 2475 postea
1588 2404 1749 2475 regni
1782 2403 2032 2458 coelestia

388 2494 832 2551 hearedes.Facit
858 2493 1035 2549 etiam
1058 2491 1222 2548 locus
1244 2493 1354 2547 iste
1384 2494 1663 2548 adversus
1695 2492 2029 2546 Photinum.

388 2583 667 2656 Sequitur
691 2599 702 2636 :
728 2584 797 2636 Et
824 2582 1119 2636 consilium
1150 2583 1206 2634 in
1230 2580 1329 2636 hoc
1358 2581 1444 2636 do.
1466 2581 1691 2635 Dixerat
1723 2580 1992 2651 superius
2018 2598 2029 2634 :

390 2673 511 2728 Non
541 2672 708 2743 quasi
736 2672 1014 2741 imperans
1061 2672 1205 2725 dico.
1264 2669 1402 2724 Tale
1440 2674 1529 2724 est
1583 2675 1640 2723 ct
1670 2670 1823 2739 quod
1856 2668 2030 2724 dicit:

393 2760 702 2815 Comitium
728 2760 834 2826 do;
862 2758 1031 2830 quasi
1060 2757 1311 2813 diceret:
1345 2758 1469 2812 Non
1493 2756 1679 2828 exigo;
1710 2756 1807 2811 sed
1841 2757 2032 2811 consi-

393 2847 542 2903 lium
573 2845 994 2902 do.Consilium
1025 2862 1160 2918 ergo
1192 2845 1338 2900 tanti
1362 2845 1616 2900 doctoris
1646 2862 1758 2899 non
1790 2849 1878 2899 est
1910 2862 2037 2916 par-

393 2933 851 3007 vipendendum.
886 2933 1064 2997 Quasi
1112 2933 1530 3004 interrogasset
1570 2932 1816 3002 aliquis:
1852 2935 2037 2997 Quare

400 3025 506 3081 das
536 3022 848 3079 consilium
869 3021 1180 3078 ‘?0stendit
1226 3022 1382 3092 ipse:
1418 3024 1521 3077 lloc
1550 3023 1701 3076 enim
1730 3022 1875 3076 vobis
1904 3022 2038 3076 utile

399 3121 478 3170 est
496 3130 517 3175 ,·
548 3113 681 3185 quia
708 3128 815 3168 non
845 3112 1021 3168 solum
1046 3112 1244 3182 facere,
1264 3110 1599 3173 etc.Quibus
1630 3110 1817 3165 verbis
1849 3115 2039 3166 osten-

2145 553 2221 603 est
2248 551 2477 602 mullmn
2506 550 2707 602 tribue.
2741 552 2845 601 etc.
2883 548 3021 611 (Tol).
3060 565 3128 613 iv,
3160 549 3215 617 9)

2217 638 2529 707 Sequitur:
2588 639 2700 690 Non
2736 639 2903 705 enim,
2966 644 3025 691 ut
3071 637 3199 689 aliis
3254 637 3327 690 sit
3372 638 3647 703 remissio,
3679 642 3791 693 etc.

2150 727 2271 779 ilice
2296 726 2465 779 verba
2488 725 3007 779 condescendentis
3032 730 3188 778 sunt.
3213 725 3461 779 Noverat
3481 726 3635 779 enim
3661 726 3793 782 illos

2147 830 2273 867 esse
2306 814 2587 878 inﬁrmos,
2621 819 2676 868 et
2704 812 2831 865 ideo
2864 813 3298 881 condescendit,
3336 815 3502 883 quasi
3537 814 3788 870 dixiset:

2147 902 2271 954 Non
2307 904 2376 954 do
2400 902 2559 955 vobis
2582 902 2889 955 consilium
2915 907 3143 955 tantum
3164 902 3509 967 tribuere,ut
3538 901 3788 958 aliorum

2147 989 2403 1060 inopiam
2439 990 2772 1059 sublevetis,
2798 998 2853 1044 et
2876 1008 2974 1045 vos
2997 989 3258 1061 inopiam'
3279 991 3618 1062 patiamini:
3647 1009 3791 1063 quo-

2149 1079 2304 1132 niam
2338 1080 2617 1150 scriptum
2652 1085 2738 1133 est
2763 1097 2773 1133 :
2802 1080 3003 1147 Diliges
3052 1080 3373 1148 proximum
3396 1085 3551 1135 tuum
3578 1083 3715 1136 sicut
3740 1092 3790 1137 te

2086 1158 2093 1166 ’
2148 1168 2327 1236 ipsum
2354 1185 2372 1223 :
2401 1169 2497 1222 sed
2524 1184 2593 1222 ea:
2619 1168 2982 1238 aequalitate;
3014 1167 3122 1221 hoc
3161 1172 3269 1236 est,
3306 1173 3368 1222 ut
3400 1168 3630 1224 illorum
3662 1170 3789 1225 ino-

2151 1255 2304 1326 piam
2336 1255 2667 1323 sublevetis,
2694 1262 2748 1310 ct
2777 1272 2875 1311 vos
2897 1256 3152 1326 inopiam
3187 1274 3301 1311 non
3335 1256 3787 1327 patiamini.Hoc

2149 1343 2474 1407 sciendum,
2509 1346 2645 1414 quia
2675 1344 2774 1414 qui
2804 1344 2899 1398 hic
2929 1344 3179 1399 inﬁrmis
3200 1346 3632 1412 condescendit,
3652 1345 3789 1403 alibi

2150 1433 2219 1485 ad
2252 1434 2474 1502 majora
2505 1435 2682 1487 fortes
2715 1450 3032 1504 provocans
3083 1432 3222 1487 dicit
3250 1449 3262 1488 :
3299 1435 3405 1501 Qui
3427 1451 3593 1505 parce
3621 1438 3790 1490 semi-

2150 1525 2245 1573 nat
2276 1522 2346 1589 (II
2371 1522 2488 1575 Cor.
2553 1538 2627 1580 ix.
2686 1522 2761 1589 (3),
2822 1524 2927 1574 etc.
2961 1523 3024 1575 In
3078 1524 3340 1592 praesenti
3388 1526 3633 1593 tempore
3662 1523 3789 1579 ideo

2150 1608 2322 1662 dicit:
2359 1609 2503 1671 Quia
2526 1609 2582 1662 in
2617 1608 2725 1663 hac
2746 1610 3019 1679 praesenti
3050 1609 3167 1664 vita
3194 1609 3301 1664 hoc
3324 1610 3402 1664 sit
3432 1609 3789 1679 alternatim,

2148 1696 2256 1751 hoc
2286 1702 2393 1764 est,
2428 1702 2491 1751 ut
2513 1696 2609 1753 alii
2643 1698 2762 1752 sint
2784 1696 3114 1766 divites,alii
3137 1714 3439 1769 pauperes.
3473 1699 3787 1769 Sequitur:

2157 1787 2339 1839 Vestra
2368 1787 2704 1840 abundantia
2736 1787 2959 1841 illorum
2991 1789 3233 1857 inopiam
3262 1790 3533 1857 suppleat,
3567 1796 3682 1857 etc,
3712 1789 3790 1843 Il-

2148 1873 2326 1926 lorum
2357 1873 2517 1937 dicit,
2546 1872 2652 1927 hoc
2675 1877 2784 1938 est,
2809 1890 3155 1943 pauperum,
3178 1874 3277 1945 qui
3308 1880 3474 1930 erant
3502 1876 3793 1950 Jerosoly-

2149 1961 2279 2014 mis.
2306 1962 2501 2016 Sancti
2524 1978 2655 2016 vero
2684 1961 3089 2032 apostoli,cum
3120 1963 3520 2033 prmdicatores
3541 1965 3791 2021 direxis-

2148 2053 2275 2103 sent
2320 2050 2389 2103 ad
2452 2055 2672 2120 gentes,
2736 2049 2841 2103 hoc
2900 2051 3075 2103 etiam
3129 2049 3227 2104 illa
3284 2051 3679 2122 injunxerunt,
3721 2060 3791 2108 ut

2148 2154 2433 2192 memores
2465 2143 2659 2192 essent
2688 2155 3011 2211 pauperum
3038 2163 3051 2204 ς
3084 2143 3140 2192 et
3171 2139 3297 2194 ideo
3324 2140 3636 2218 monebant
3658 2141 3789 2197 ﬁeri

2145 2224 2434 2290 collectas,
2458 2226 2671 2296 quibus
2695 2226 3233 2296 inepiasanctorum
3248 2244 3569 2300 pauperum
3593 2229 3791 2286 suble-

2142 2320 2393 2368 varetur.
2429 2314 2573 2369 Nam
2598 2315 2899 2368 sciendum
2935 2314 3071 2385 quia
3094 2332 3206 2370 non
3229 2322 3351 2370 erat
3375 2334 3492 2371 una
3522 2316 3789 2373 ﬁdelium

2143 2404 2478 2458 Judieorum
2510 2408 2564 2458 et
2589 2402 2845 2458 ﬁdelium
2869 2404 3133 2475 gentium
3159 2404 3789 2478 conditio,quanquam

2143 2509 2261 2547 una
2281 2497 2433 2546 esset
2462 2493 2650 2547 sedes.
2684 2491 2767 2546 Illi
2826 2491 3001 2562 enim,
3034 2494 3480 2561 abrenuntiatis,
3512 2496 3791 2553 omnibus

2142 2580 2584 2652 temporalibus,
2609 2587 2891 2635 venerunt
2914 2582 2984 2635 ad
3014 2582 3223 2651 ﬁdem;
3257 2582 3353 2638 isti
3376 2584 3648 2651 vero,hoc
3677 2590 3787 2652 est,

2142 2670 2409 2740 gentiles,
2443 2686 2575 2723 cum
2610 2669 2883 2725 domibus
2914 2669 3057 2740 suis,
3090 2675 3147 2724 et
3186 2674 3560 2741 paternarum
3594 2690 3789 2728 rerum

2144 2757 2531 2828 possessione.
2569 2755 2656 2811 Illi
2706 2756 3000 2828 elegerant
3030 2759 3183 2828 quod
3210 2758 3405 2829 majus
3437 2758 3650 2827 fuerat,
3684 2761 3792 2817 hoc

2144 2851 2251 2910 est,
2276 2847 2552 2900 omnibus
2565 2844 3160 2916 vigiliisjejuniisque
3178 2863 3380 2901 vacare
3405 2866 3418 2915 ;
3438 2848 3534 2903 isti
3556 2866 3794 2921 quoque

2145 2934 2336 2989 adhuc
2366 2934 2424 2987 in
2457 2933 2699 2989 terrenis
2732 2934 2980 3005 negotiis
3001 2936 3399 2989 versabantur.
3427 2938 3794 3009 Quapropter

2149 3023 2463 3077 monebant
2492 3039 2613 3089 eos,
2646 3027 2711 3076 ut
2742 3023 2865 3077 suis
2894 3022 3110 3077 divitiis
3140 3022 3375 3078 illorum
3417 3025 3795 3082 sublevarent

2147 3112 2426 3183 inopiam,
2451 3115 2737 3183 quatenus
2758 3110 3018 3182 ipsorum
3042 3111 3260 3167 divitiis
3286 3119 3524 3183 possent
3555 3114 3793 3185 partici-

399 3202 487 3258 dit
516 3217 689 3275 posse
719 3217 847 3257 esse
866 3216 1013 3272 opus
1037 3216 1149 3255 non
1174 3198 2038 3269 voluntarium,certeautttedio
2072 3197 2113 3262 C
2152 3218 2287 3272 pare
2313 3226 2326 3267 ;
2359 3200 2522 3270 quasi
2558 3200 2773 3254 diceret
2798 3216 2810 3253 :
2844 3200 2980 3269 Vos,
3015 3217 3047 3254 ο
3069 3200 3510 3267 divites,vestris
3539 3207 3793 3260 terrenis

400 3290 897 3363 deprecantis,aut
923 3288 1172 3361 imperio
1185 3287 1545 3358 jubentis.Et
1566 3287 1869 3343 sciendum
1904 3290 2043 3360 quia

396 3377 601 3435 laudat
630 3394 728 3435 eos
775 3376 1195 3450 vituperando:
1243 3393 1377 3431 nam
1436 3375 1657 3444 laudat,
1691 3393 1824 3431 cum
1854 3377 1994 3432 dicit
2024 3395 2035 3432 :

397 3456 681 3540 Capistis;
737 3467 1030 3538 vituperat
1081 3481 1211 3520 cum
1271 3464 1452 3519 dicit:
1513 3465 1588 3518 Ab
1640 3481 1785 3519 anno
1814 3467 2041 3535 priore;
2082 3530 2091 3539 ι

395 3554 564 3627 quasi
593 3555 849 3611 diceret:
911 3554 1099 3608 Tarde
1153 3552 1429 3624 coepistis.
1464 3554 1594 3624 Egit
1623 3552 1800 3608 veluti
1832 3555 2037 3609 doctus

389 3642 785 3713 medicus,qui
812 3641 1051 3696 adhibet
1079 3641 1442 3696 medicamen
1464 3642 1691 3697 inﬁrmo
1718 3668 1731 3709 ;
1765 3650 1821 3697 et
1852 3659 2033 3697 unum

386 3731 666 3800 idemque
695 3729 1056 3784 medicamen
1088 3728 1238 3783 fovet
1262 3734 1491 3795 sana,et
1522 3731 1750 3785 mordet
1779 3731 2031 3801 putrida.

461 3817 772 3888 Sequitur:
830 3821 990 3873 Nunc
1044 3831 1170 3871 vero
1228 3824 1279 3871 et
1335 3819 1478 3887 facto
1533 3820 1818 3889 perﬁcile;
1864 3826 2033 3889 quasi

390 3904 670 3961 dixisset:
705 3904 985 3960 Voluntas
1037 3908 1230 3960 vestra
1259 3921 1430 3976 opere
1474 3910 1848 3963 monstretur.
1886 3908 2031 3963 Nam

388 3993 529 4049 ﬁnis
561 3993 1022 4066 uniuscujusque
1044 3993 1124 4048 rei
1148 3994 1538 4049 attendendus
1570 4000 1658 4049 est
1681 4012 1693 4060 ;
1716 3995 2034 4065 quia,sicut

392 4082 612 4138 bonum
642 4098 791 4154 opus
820 4086 1081 4138 coactum
1110 4100 1224 4138 non
1254 4087 1343 4137 est
1372 4100 1405 4137 a
1436 4082 1550 4137 Deo
1590 4087 1915 4155 acceptum,
1949 4085 2033 4139 sic

393 4171 569 4225 etiam
600 4186 704 4226 nec
740 4171 989 4227 remissa
1045 4171 1334 4227 voluntas.
1394 4172 1705 4243 Sequitur:
1754 4174 1817 4228 Ut
1844 4190 2029 4245 quem-

392 4257 682 4314 admodum
707 4269 987 4331 promptus
1007 4268 1082 4315 est
1110 4260 1349 4330 animus,
1372 4265 1479 4315 etc.
1513 4277 1526 4324 ;
1556 4260 1721 4330 quasi
1757 4261 2026 4317 dixisset:

384 4344 651 4402 Vestram
684 4354 1014 4420 promptam
1046 4347 1405 4403 voluntatem
1427 4364 1598 4418 opere
1628 4348 1931 4419 complete.
1966 4352 2032 4405 Et

383 4434 525 4506 quia
552 4442 961 4507 provocaverat
980 4452 1079 4492 eos
1101 4436 1172 4491 ad
1204 4453 1351 4506 opus
1379 4434 1885 4501 misericordim,ne
1907 4442 2031 4494 tan-

2151 3289 2366 3344 divitiis
2385 3288 2639 3359 inopiam
2665 3288 2898 3343 illorum
2927 3288 3228 3344 sublevare
3246 3290 3804 3363 studete,quatenus

2149 3376 2382 3433 illorum
2402 3377 2618 3431 divitiis
2640 3377 2698 3431 in
2725 3378 2917 3432 futuro
2940 3376 3233 3433 sublevari
3255 3379 3599 3435 mercamini
3627 3398 3639 3436 :
3663 3398 3801 3437 nam

2149 3484 2295 3537 quos
2329 3483 2482 3521 nunc
2513 3482 2794 3537 pauperes
2821 3465 3411 3538 videtis,quandoque
3433 3468 3642 3525 divites
3675 3487 3805 3525 cer-

2147 3557 2297 3610 netis
2324 3573 2336 3623 ;
2369 3561 2425 3610 et
2444 3572 2567 3619 vos,
2600 3555 2701 3624 qui
2725 3571 2880 3609 nunc
2910 3554 3115 3610 divites
3143 3555 3361 3623 estis,si
3393 3556 3451 3611 in
3480 3558 3801 3614 tribuendo

2146 3644 2506 3716 negligentes
2537 3643 2780 3712 fueritis,
2806 3660 3090 3715 pauperes
3114 3644 3300 3699 eritis.
3327 3645 3676 3718 Quicunque
3694 3664 3805 3703 sua

2147 3733 2235 3787 hic
2265 3732 2621 3800 tribuunt,ut
2642 3732 2699 3786 in
2724 3732 2918 3787 futuro
2941 3733 3165 3803 majora
3188 3733 3584 3805 recipiant,sic
3615 3740 3803 3809 agunt

2143 3822 2309 3892 quasi
2342 3826 2504 3876 terrae
2537 3820 2812 3890 cultores,
2846 3820 2947 3892 qui
2980 3822 3108 3876 ideo
3144 3837 3271 3877 eam
3307 3822 3527 3890 colunt,
3561 3829 3628 3879 ut
3656 3826 3802 3881 ube-

2144 3911 2354 3965 riorem
2386 3909 2666 3980 recipiant
2691 3911 2964 3964 fructum.
2995 3910 3306 3981 Sequitur:
3339 3913 3399 3968 Ut
3429 3913 3529 3982 ﬁat
3556 3915 3802 3985 aequali-

2143 4005 2250 4063 tas,
2281 4015 2346 4051 ac
2377 3998 2423 4051 si
2459 3997 2738 4054 dixisset:
2770 3998 2929 4053 Sicut
2957 3998 3015 4053 in
3072 3999 3189 4053 Deo
3220 3999 3531 4071 inqualitas
3561 4009 3672 4068 est,
3709 4004 3804 4075 qui

2139 4102 2290 4157 seque
2316 4086 2483 4140 solem
2527 4102 2689 4140 suum
2742 4088 2887 4141 oriri
2938 4088 3078 4158 facit
3131 4104 3295 4159 super
3325 4088 3491 4145 bonos
3519 4100 3572 4145 et
3599 4093 3800 4163 malos,

2142 4179 2249 4228 etc.
2282 4173 2488 4240 (Matth.
2521 4191 2574 4239 ν,
2609 4175 2718 4245 45),
2766 4175 2847 4230 sic
2878 4180 2934 4230 et
2961 4176 3020 4229 in
3052 4176 3216 4232 vobis
3256 4178 3334 4233 sit
3362 4178 3690 4249 aequalitas,
3729 4184 3796 4236 ut

2141 4267 2197 4316 et
2228 4262 2336 4333 ipsi
2368 4267 2693 4317 vestrarum
2724 4263 2838 4318 sint
2868 4264 3183 4337 participes
3206 4266 3563 4334 divitiarum,
3598 4274 3657 4325 et
3685 4286 3790 4326 vos

2140 4349 2372 4406 illorum
2406 4351 2715 4406 bonorum.

2209 4439 2419 4495 Verum
2454 4441 2591 4511 quia
2611 4439 2793 4495 voluit
2816 4456 2986 4496 suam
3010 4442 3405 4499 narrationem
3436 4446 3794 4504 conﬁrmare

381 4526 511 4578 tum
535 4522 834 4619 _videretur
862 4526 1088 4619 exigere
1114 4526 1733 4619 apaupere,quantu~m
1769 4540 1802 4577 a
1831 4525 2024 4596 divite,
2056 4554 2104 4619 D
2138 4528 2420 4599 exemplo,
2454 4528 2760 4600 subjunxit
2784 4546 2796 4582 :
2825 4529 2981 4585 Sicut
2994 4534 3259 4601 scriptum
3280 4536 3396 4588 est:
3421 4534 3529 4601 Qui
3552 4537 3794 4591 multum

381 4612 649 4682 sequitur
675 4630 688 4667 :
717 4614 801 4667 Ea:
826 4629 885 4668 eo
916 4612 1056 4685 quod
1105 4612 1333 4677 habetis,
1368 4610 1623 4663 tribuite.
1660 4611 1809 4667 Sane
1839 4615 2025 4671 scien-

383 4698 523 4752 dum
555 4699 714 4769 quia,
742 4701 789 4755 si
825 4705 1052 4756 tantum
1086 4700 1183 4754 det
1211 4698 1391 4761 dives,
1413 4701 1697 4766 quantum
1728 4705 1938 4771 potest,
1970 4709 2026 4760 et

384 4802 609 4859 pauper
639 4794 923 4859 quantum
955 4791 1166 4859 potest,
1182 4782 1434 4853 aequales
1464 4790 1621 4841 sunt.
1656 4788 1713 4842 Si
1746 4807 1875 4846 vero
1895 4796 2023 4848 tan-

383 4876 511 4927 tum
544 4875 762 4931 tribuat
787 4878 1261 4945 dives,quantum
1290 4877 1563 4943 potest,et
1592 4893 1807 4949 pauper
1837 4883 2023 4954 magis

386 4977 563 5033 quam
595 4964 748 5019 sinat
777 4962 1043 5029 facultas,
1077 4962 1201 5031 ipse
1252 4961 1451 5032 utique
1500 4980 1720 5037 pauper
1748 4972 2023 5039 praecedit

384 5049 1150 5122 divitem,quemadmodum
1184 5048 1283 5103 illa
1311 5051 1481 5107 vidua
1514 5058 2020 5131 paupercula,qua:

380 5138 759 5210 sicutlegitur
780 5137 838 5191 in
869 5135 1363 5208 Evangelio,misit
1388 5144 1573 5196 totum
1608 5144 1823 5200 victum
1845 5165 2019 5203 suum

377 5228 439 5284 in
470 5224 957 5301 gazophylacium
1007 5226 1167 5281 Marc.
1199 5244 1298 5297 x11,
1360 5229 1470 5300 41).
1504 5231 1565 5285 Si
1591 5235 1741 5287 enim
1769 5236 2020 5292 voluntas

370 5319 626 5385 prompta
657 5321 758 5377 est,
790 5312 897 5366 hoc
947 5318 1055 5382 est,
1090 5315 1313 5386 devota,
1341 5317 1642 5372 secundum
1671 5318 1727 5371 id
1750 5322 1890 5391 quod
1920 5322 2018 5378 ha-

369 5402 472 5471 bet,
506 5401 616 5454 hoc
647 5404 757 5467 est,
821 5403 1141 5459 secundum
1201 5404 1673 5476 magnitudinem
1726 5407 2018 5467 facultatis

361 5490 603 5547 tribuat.
628 5494 683 5545 et
710 5488 829 5545 Deo
854 5500 1068 5562 occepta
1095 5498 1192 5547 est.
1217 5493 1342 5546 Non
1369 5491 1530 5544 enim
1553 5490 1904 5563 exigendum
1928 5507 2020 5557 est

361 5576 433 5639 ab
464 5593 531 5639 ea
558 5577 668 5638 hoc
698 5577 855 5663 quod
887 5595 1001 5637 non
1030 5577 1377 5645 habeLHinc
1408 5580 1499 5636 est
1526 5581 1684 5658 quod
1714 5589 1771 5642 et
1800 5588 2018 5649 Tobias

2134 4636 2247 4672 non
2276 4618 2572 4672 abundavit
2606 4658 2618 4682 ,
2649 4624 2756 4672 etc.
2819 4619 3009 4689 (Exod.
3055 4637 3170 4688 XVI,
3207 4622 3315 4691 18).
3350 4622 3467 4677 Hoc
3498 4623 3790 4695 scriptum

2134 4714 2222 4762 est
2252 4707 2308 4760 in
2345 4706 2573 4759 Exodo:
2609 4711 2959 4777 prmceptum
3012 4726 3266 4779 namque
3297 4714 3384 4765 est
3415 4709 3551 4765 ﬁliis
3584 4712 3791 4779 Israel,

2135 4797 2273 4849 dum
2301 4810 2514 4847 manna
2535 4793 2751 4864 singuli
2767 4796 2935 4864 juxta
2958 4813 3293 4853 mensuram
3321 4815 3422 4869 per
3442 4800 3683 4873 singula
3699 4818 3793 4857 ca-

2134 4884 2256 4955 pita
2286 4881 2623 4952 colligerent
2677 4899 2904 4953 gomor:
2963 4889 3018 4939 et
3072 4885 3204 4939 inde
3263 4885 3483 4941 dictum
3518 4893 3649 4943 est:
3684 4890 3794 4958 Qui

2131 4972 2386 5035 multum,
2419 4987 2524 5025 non
2554 4971 2873 5026 abundavit.
2907 4972 3053 5027 Nam
3096 4972 3192 5036 qui
3224 4973 3498 5029 difﬁdens
3534 4992 3608 5031 ne
3641 4979 3791 5033 forte

2132 5059 2312 5114 altero
2345 5059 2438 5113 die
2472 5077 2585 5114 non
2642 5060 2826 5130 possit
2874 5078 3089 5115 manna
3148 5061 3430 5131 invenire,
3463 5063 3789 5137 plusquam

2130 5164 2319 5218 gomor
2336 5147 2784 5219 colligebat,non
2805 5149 3142 5203 abundabat
3167 5151 3467 5220 ;quoniam
3484 5154 3789 5210 vermibus

2131 5236 2521 5291 scaturiebat:
2557 5240 2612 5290 et
2642 5237 2740 5305 qui
2776 5238 2971 5291 minus
3028 5237 3358 5309 colligebat,
3392 5240 3703 5298 sufﬁciens
3732 5240 3787 5297 ei

2129 5330 2269 5380 erat.
2305 5325 2373 5379 Et
2403 5324 2706 5379 sciendum
2733 5325 3052 5396 quia.quod
3076 5331 3217 5381 tunc
3250 5328 3555 5399 agebatur,
3593 5330 3789 5402 agitur

2128 5418 2185 5467 et
2215 5412 2543 5466 nunc.Nam
2578 5412 2914 5482 quicunque
2941 5414 3148 5468 timore
3170 5415 3377 5470 futurae
3410 5417 3784 5487 paupertatis

2128 5517 2267 5555 suas
2298 5500 2551 5553 retinent
2582 5499 2835 5571 divitias,
2868 5500 2997 5572 ipsa
3042 5502 3369 5559 difﬁdentia
3398 5521 3634 5562 vermes
3665 5505 3782 5561 illis

2126 5590 2416 5665 procreat,
2448 5586 2545 5660 qui
2577 5603 2692 5645 non
2715 5587 3072 5669 morientur;
3106 5591 3260 5648 unde
3281 5591 3575 5677 Dominus
3594 5613 3617 5680 ξ
3653 5595 3780 5659 νιν-
