3990 6224
184 310 297 366 461

752 311 1165 373 EXPOSITIO
1211 315 1283 372 IN
1337 317 1764 377 EPISTULAS
1817 321 1828 374 l

1945 323 2069 379 ΗΛ.
2110 354 2183 364 -
2217 323 2288 380 IN
2341 323 2584 384 EPIS'l‘.
2635 328 2682 385 ΙΙ
2729 330 2830 387 ΑΙ)
2877 332 3051 388 (IOlt.

3489 345 3606 402 462

184 444 294 496 mis
352 458 544 496 eorum
609 459 723 497 non
804 448 1092 510 morietur,
1168 451 1274 500 etc.
1338 450 1491 517 (lsai.
1554 467 1698 510 vax,
1757 451 1845 518 24)
1876 459 1929 521 Α
1967 453 2267 507 l'ectionem
2302 456 2585 512 bonorum
2618 475 2858 530 operum
2892 467 3250 533 cazterorum,
3285 471 3384 523 sed
3427 473 3600 528 etiam

264 550 372 603 Sed
403 549 726 604 videndum
760 556 851 605 est
883 569 999 621 qua
1031 553 1347 608 intentione
1376 555 1691 625 Apostolus
1739 557 1844 610 hoc

189 636 432 708 protulit
463 636 868 693 testimonium
898 658 911 706 ;
946 657 1012 694 ea
1051 640 1334 710 videlicet,
1371 649 1432 695 ut.
1490 644 1694 696 divites
1730 661 1842 698 non

187 733 339 788 falsa
371 749 473 804 spe
505 731 894 802 decipiantur,
933 730 1233 784 credentes
1266 747 1326 784 se
1358 730 1439 784 sic
1470 749 1596 786 esse
1637 733 1843 787 divites

186 823 245 876 in
281 823 500 888 futuro,
535 820 1037 893 quemadmodum
1071 835 1223 872 nunc
1258 825 1435 882 sunt;
1461 820 1841 890 quia,simul-

185 917 314 966 tum
348 911 586 974 habent,
620 909 781 964 salus
814 914 1028 972 tamen,
1064 913 1164 961 aut
1193 908 1309 962 vita
1355 925 1468 961 non
1531 910 1584 962 in
1641 926 1839 964 eorum

186 1001 452 1054 abundat
482 998 743 1052 divitiis:
802 1012 1086 1066 pauperes
1145 996 1320 1049 etiam
1380 997 1478 1065 qui
1544 997 1838 1051 modicum

185 1089 430 1152 habent,
464 1105 576 1142 non
612 1103 672 1141 se
703 1086 1002 1156 dejiciant,
1039 1084 1178 1154 quia
1209 1101 1320 1138 non
1358 1083 1473 1137 illis
1500 1085 1704 1150 oberit,
1738 1087 1834 1140 sed

184 1178 384 1250 magis
416 1177 668 1248 proderit
696 1175 827 1245 ipsa
857 1179 1189 1245 paupertas.

265 1283 458 1337 Gratia
514 1284 690 1334 autem
747 1281 869 1344 Deo,
931 1284 1038 1334 etc.
1103 1279 1292 1332 Refert
1347 1279 1658 1349 Apostolus
1726 1279 1836 1332 Deo

190 1377 408 1442 grates,
445 1370 540 1442 qui
584 1370 818 1424 dederat
847 1368 1275 1423 sollicitudinem
1306 1368 1734 1421 Corinthiorum
1779 1370 1837 1421 in

182 1461 349 1515 corde
381 1460 500 1525 Titi,
535 1464 589 1513 et
621 1457 728 1529 ipsi
762 1458 811 1511 ei
845 1458 1180 1512 obedientes
1222 1457 1562 1510 exstiterant
1587 1464 1663 1510 :et
1686 1473 1834 1509 eam-

185 1549 311 1602 dem
343 1548 501 1612 dicit,
531 1563 708 1617 quam
741 1551 796 1600 et
826 1563 930 1612 ego
980 1545 1186 1614 habeo,
1245 1544 1415 1599 veluti
1480 1549 1659 1614 pater.
1725 1545 1835 1598 Istc

184 1638 341 1692 enim
376 1653 548 1690 verus
581 1641 745 1706 pater
773 1641 915 1700 erat,
952 1637 1087 1703 quia
1117 1650 1222 1688 sua
1269 1650 1367 1688 eos
1428 1633 1834 1704 praedicatione

183 1728 255 1780 ab
291 1724 633 1780 inﬁdelitate
668 1725 738 1778 ad
771 1723 959 1777 lucem
993 1722 1125 1776 ﬁdei
1159 1727 1445 1787 traxerat;
1500 1728 1555 1776 et
1603 1721 1830 1792 qualem

1955 543 2023 593 ad
2059 560 2203 611 opus
2235 544 2640 599 misericordim
2666 557 3042 617 provocarent
3071 570 3082 605 :
3118 554 3234 609 sive
3257 561 3493 613 cavebat
3518 562 3599 615 vi-

1953 631 2376 697 tuperationem
2408 631 2806 705 illorum,quia
2829 638 2970 691 adeo
3001 646 3166 694 erant
3189 651 3475 701 amatores
3496 648 3598 702 Ju-

1954 719 2130 770 daicre
2164 726 2424 782 sect:e,ut
2455 722 2764 776 carnaliter
2785 725 2966 794 legem
2998 729 3593 807 observarent,neipsi

1952 807 2244 860 dicerent:
2280 809 2401 862 Nou
2437 817 2573 863 sunt
2605 813 2698 864 isti
2731 816 2842 866 veri
2870 816 3207 883 Christiani,
3242 824 3455 890 quibus
3475 842 3596 880 ma-

1943 895 2076 963 jora
2109 897 2285 950 etiam
2320 899 2587 952 tribuunt
2616 902 2822 956 δυιίςυὶ.

2022 1002 2373 1056 Proridemus
2404 1007 2550 1058 enim
2582 1008 2741 1070 bona,
2775 1014 2880 1062 etc.
2918 1011 3111 1067 Coram
3143 1015 3290 1078 Deo;
3321 1019 3459 1088 quia
3500 1038 3593 1077 sa-

1950 1088 2131 1143 lutem
2190 1093 2519 1147 animarum
2584 1098 2971 1165 praedicabat:
3025 1119 3207 1156 coram
3238 1106 3554 1164 hominibus
3575 1129 3593 1171 ,'

1949 1178 2086 1247 quia
2118 1185 2234 1232 tam
2263 1179 2495 1235 idoneos
2525 1184 2823 1238 ministros
2846 1187 3256 1262 direxerat,qui
3283 1211 3395 1251 non
3419 1199 3594 1253 corda

1948 1266 2374 1322 Corinthiorum
2432 1273 2782 1342 scinderent,
2845 1278 2943 1329 sed
2993 1295 3099 1332 sua
3128 1282 3370 1337 scientia
3401 1302 3463 1339 ac
3496 1303 3593 1341 sa-

1948 1355 2162 1424 pientia
2195 1374 2306 1410 non
2323 1358 2508 1413 solum
2535 1362 2602 1414 ad
2619 1365 3112 1432 caeterabone,sed
3143 1370 3317 1425 etiam
3351 1373 3422 1428 ad
3441 1391 3586 1444 opus

1947 1443 2362 1499 misericordia.-
2396 1457 2788 1518 provocarent.

2017 1560 2258 1614 Misimus
2288 1571 2466 1616 autem
2496 1581 2618 1618 cum
2649 1567 2787 1631 illis,
2819 1573 2925 1622 etc.
2963 1571 3062 1625 His
3095 1574 3285 1628 verbis
3334 1579 3588 1633 ostendit

1944 1650 2350 1716 eosApostolos
2373 1653 2683 1719 profecisse
2712 1680 2724 1719 ς
2748 1657 2911 1725 quasi
2936 1659 3151 1714 diceret
3177 1664 3249 1715 :0
3283 1663 3584 1734 Corinthii,

1945 1734 2002 1787 in
2035 1734 2142 1790 hoc
2169 1753 2266 1789 vos
2301 1739 2541 1806 potestis
2583 1758 2895 1810 agnoscere
2947 1749 3278 1816 profecisse,
3340 1770 3473 1807 cum
3507 1759 3591 1810 tot

184 1811 924 1905 sollicitudinemille,-q_ui
955 1818 1115 1905 pater
1145 1816 1287 1905 erat,
1351 1811 1632 1905 habebat,
1657 1810 1831 1864 talem
1864 1836 1910 1900 B
1943 1827 1998 1876 et
2029 1823 2171 1877 tales
2207 1826 2508 1880 ministros
2533 1831 2824 1898 suscipere
2877 1810 3305 1902 promeremini.
3340 1842 3586 1905 Quidam

185 1911 242 1958 et
272 1904 440 1958 Titus
469 1921 481 1969 ;
515 1907 564 1956 et
606 1901 736 1955 ideo
761 1901 901 1954 dicit
948 1899 1210 1954 eamdem.
1242 1903 1303 1952 In
1354 1916 1470 1970 quo
1529 1899 1676 1952 facto
1711 1916 1831 1953 mo-

186 1998 398 2047 nentur
427 1991 857 2064 przedicatores.
895 1994 956 2042 ut
987 1989 1035 2043 si
1060 1989 1309 2042 viderint
1331 1987 1664 2058 quempiam
1699 2004 1832 2041 suo-

182 2098 310 2135 rum
345 2080 800 2135 sollicitudinem
836 2077 1477 2142 haboreanimarum,ct
1505 2078 1831 2147 ipsos,quo-

181 2186 308 2224 rum
345 2168 802 2224 sollicitudinem
835 2166 1339 2237 gerit,obedientes
1367 2166 1831 2235 existere,grates

178 2258 295 2313 Deo
327 2259 543 2312 referre
577 2257 873 2318 studeant,
907 2255 1082 2309 veluti
1115 2255 1425 2324 Apostolus
1457 2254 1567 2307 hic.

253 2374 530 2440 Quoniam
560 2372 996 2424 exhortationem
1043 2369 1261 2439 quidem
1306 2371 1560 2439 suscepit,
1621 2369 1675 2422 id
1738 2375 1826 2424 est

175 2459 668 2522 consolationem,
703 2465 762 2513 ut
791 2459 889 2530 qui
925 2457 1178 2530 primum
1214 2459 1405 2512 venire
1437 2463 1820 2527 recusaverat,

174 2566 342 2605 nunc
375 2554 583 2620 sponte
610 2548 796 2602 venire
826 2548 1082 2602 festinet.
1118 2547 1220 2601 Sed
1251 2565 1371 2602 cum
1412 2547 1705 2601 sollicitior
1735 2564 1821 2602 es-

170 2643 273 2703 set,
309 2640 419 2692 etc.
457 2635 748 2691 Sollicitus
781 2636 1345 2707 exstiteratprimum
1369 2637 1658 2690 audiendo
1683 2635 1822 2702 ;sol-

172 2726 390 2781 licitior
423 2727 794 2795 postmodum
831 2726 1093 2779 redditus
1125 2730 1213 2780 est
1245 2725 1510 2790 videndo,
1570 2726 1712 2779 adeo
1758 2730 1821 2779 ut

168 2833 270 2870 sua
302 2816 591 2871 voluntate
619 2815 687 2868 ad
724 2831 821 2867 eos
852 2813 1136 2884 proﬁcisci
1171 2813 1543 2868 desideraret.
1563 2816 1819 2869 Misimus

169 2908 338 2960 etiam
367 2922 492 2958 cum
522 2903 626 2958 illo
653 2905 904 2974 fratrem,
939 2907 1046 2956 etc.
1080 2907 1284 2971 istum,
1319 2903 1419 2972 qui
1470 2905 1664 2957 minus
1696 2908 1820 2957 erat

173 2999 372 3058 notus,
405 2992 577 3047 laude
609 2992 1014 3057 commendat;
1049 2991 1214 3044 Titus
1271 3007 1425 3058 vero,
1486 2991 1581 3061 qui
1641 2991 1816 3046 etiam

159 3081 473 3137 familiaris
506 3083 744 3135 effectus
778 3079 1016 3133 minime
1048 3079 1237 3133 laudis
1270 3080 1491 3150 egebat.
1528 3080 1636 3133 Sed
1681 3081 1817 3150 quia

160 3171 337 3226 dicit:
369 3172 541 3242 Cujus
574 3171 696 3223 laus
725 3171 884 3224 estin
942 3169 1254 3238 Evangelia,
1316 3174 1371 3221 et
1424 3175 1626 3222 caetera
1687 3186 1812 3240 quae
1843 3199 1888 3262 ρ

158 3265 510 3331 sequuntur,
545 3260 814 3313 doctores
845 3273 977 3311 eum
1015 3259 1194 3312 fuisse
1226 3258 1437 3311 Lucam
1471 3257 1706 3324 dicunt;
1742 3259 1813 3312 ob

158 3350 436 3420 hoc,quia
459 3345 810 3402 mirabiliter
833 3345 1207 3416 Evangelium
1242 3346 1516 3418 scripsit;
1545 3346 1815 3417 deinceps

156 3439 376 3493 librum
409 3441 688 3491 Actorum
739 3434 1160 3506 apostolorum,
1221 3440 1284 3489 ut
1340 3435 1501 3505 ipse:
1565 3437 1816 3490 Primum

155 3527 379 3597 quidem
412 3541 737 3591 sermo-nem,
764 3528 872 3578 etc.
902 3525 1048 3592 (Act.
1080 3541 1117 3589 ι,
1155 3524 1225 3593 1).

236 3642 421 3696 Comes
470 3641 932 3710 peregrinationis
981 3639 1213 3707 dicitur,
1259 3641 1312 3694 id
1348 3644 1436 3693 est
1476 3639 1816 3708 evangelicae

159 3730 632 3802 praedicationis;
668 3731 730 3784 in
753 3730 853 3782 hac
883 3730 1090 3796 gratia,
1120 3728 1176 3781 id
1198 3735 1286 3782 est
1309 3728 1740 3798 prmdicationis
1763 3733 1818 3783 et

158 3818 676 3887 reconciliationis,
709 3835 830 3889 quae
865 3819 1224 3871 ministratur
1254 3834 1286 3870 a
1318 3817 1508 3883 nobis;
1535 3817 1700 3887 quasi
1724 3818 1814 3871 di-

161 3913 352 3963 ceret:
392 3909 550 3962 llanc
581 3907 825 3979 gratiam
861 3905 1290 3976 praedicationis
1365 3907 1718 3976 accepimus,
1753 3911 1817 3960 ut

160 3996 290 4051 aliis
321 3996 798 4050 ministraremus
829 3996 998 4064 (743),
1032 4000 1089 4047 et
1118 3994 1245 4048 ideo
1271 3996 1622 4048 ministratur
1652 4014 1682 4048 (ι
1713 4012 1817 4047 no-

162 4086 261 4139 bis.
296 4086 334 4138 Λ
369 4085 601 4139 Domi-ni
629 4084 809 4152 gloria
842 4083 989 4152 (744)
1020 4082 1180 4149 dicit,
1218 4082 1272 4134 id
1303 4089 1391 4136 est
1423 4101 1454 4136 a
1501 4083 1816 4138 salvatione

160 4173 494 4228 animarum
523 4191 536 4238 ;
571 4171 710 4242 quia
741 4188 853 4242 quo
885 4171 1082 4240 plures
1114 4171 1430 4237 salvantur,
1464 4188 1529 4226 eo
1562 4172 1611 4226 ei
1635 4172 1817 4242 gloria

160 4266 601 4334 augmentatur.
622 4263 685 4314 Et
711 4260 1042 4314 destinatam
1071 4265 1314 4313 nostram
1347 4260 1688 4315 voluntatem
1708 4278 1727 4320 ;
1758 4259 1815 4314 id

157 4357 251 4406 est
307 4349 655 4422 dispositam
717 4355 773 4403 et
830 4348 1156 4403 ordinatam
1223 4349 1486 4418 implere,
1549 4350 1656 4402 Sed
1691 4349 1817 4404 vide

159 4444 397 4511 quantae
426 4438 756 4492 dilectionis
789 4443 931 4493 erat.
966 4439 1109 4491 Nam
1139 4437 1232 4491 ille
1251 4438 1700 4507 parvipendebat
1721 4438 1818 4491 tri-

161 4526 500 4582 bulatioues
531 4532 588 4581 et
624 4527 1010 4581 adversitates
1037 4526 1207 4579 istius
1239 4526 1364 4577 vitae
1399 4526 1718 4595 przesentis,
1745 4527 1815 4580 ad

159 4615 662 4686 comparationem
700 4613 1050 4685 evangelicae
1087 4612 1533 4667 ministrationis
1553 4614 1718 4684 (745).
1737 4616 1828 4668 De-

160 4705 400 4758 vitantes
432 4704 548 4767 hoc,
581 4708 689 4758 etc.
727 4704 842 4758 Iste
900 4718 1153 4772 namque
1186 4702 1431 4755 idoneus
1492 4702 1712 4766 doctor,
1773 4708 1827 4757 et

164 4791 478 4847 sufﬁciens
508 4791 1148 4862 przedicationi,vit.abat
1173 4797 1234 4843 ut
1266 4808 1377 4844 non
1405 4791 1828 4862 vituperarctur

164 4881 239 4935 de
275 4879 387 4934 hoc
420 4896 589 4950 opere
621 4878 1036 4951 misericordiae
1073 4880 1225 4934 unde
1257 4879 1466 4948 agitur,
1501 4880 1547 4933 si
1582 4897 1694 4934 non
1723 4880 1826 4934 tri-

161 4971 484 5036 bueretur;
516 4970 636 5024 sive
668 4969 907 5023 cavebat
938 4968 1417 5038 vituperationem
1451 4968 1677 5022 illarum
1721 4970 1828 5023 Ec-

171 5058 518 5122 clesiarum,
553 5075 682 5129 quae
711 5057 781 5110 ab
812 5055 943 5110 aliis
978 5061 1172 5109 tracta;
1205 5057 1432 5109 fuerant
1464 5057 1530 5110 ad
1555 5057 1828 5121 ﬁdem,ne

166 5148 290 5218 ipse
319 5147 782 5218 vituperaretur,
818 5145 956 5215 quia
983 5163 1090 5199 sua
1123 5144 1526 5216 przedicatione
1548 5161 1644 5198 cos
1676 5145 1745 5198 ad
1771 5147 1832 5197 ﬁ-

170 5235 303 5290 dem
338 5233 768 5290 traxerat.ldeo
788 5231 1027 5287 idoneos
1049 5237 1213 5286 curat
1235 5231 1536 5285 ministros
1561 5230 1831 5302 dirigere,

173 5324 276 5395 qui
312 5342 422 5379 sua
453 5321 752 5394 sapientia
783 5326 838 5374 et
867 5320 1104 5374 scientia
1125 5337 1223 5375 eos
1260 5337 1374 5374 non
1398 5319 1588 5373 solum
1613 5321 1681 5374 ad
1707 5336 1832 5390 per-

244 5466 398 5536 (743)
432 5463 688 5517 Videtur
721 5460 841 5536 hoc,
861 5462 1096 5516 verbum
1121 5465 1442 5516 correctum
1479 5461 1533 5514 in
1569 5466 1837 5534 autog,ut

171 5537 368 5607 legatu
379 5554 407 5590 r
430 5535 950 5607 manifestaremus.

242 5602 400 5693 (744)
426 5602 608 5680 Vulg.
642 5602 714 5659 ad
743 5602 959 5660 Domini
986 5603 1239 5680 gloriam.

1948 1911 2150 1965 volunt
2181 1913 2354 1966 istum
2385 1913 2706 1987 intelligere
2740 1920 2917 1974 fuisse
2940 1923 3138 1991 Apollo
3165 1944 3176 1990 ;
3206 1928 3276 1979 ob
3301 1927 3427 1994 hoc,
3453 1931 3591 1999 quia

1946 2000 2002 2087 in
2040 2002 2227 2070 prima
2261 2002 2516 2070 Epistola
2533 2005 2672 2059 dicit
2694 2023 2754 2061 se
2777 2015 3284 2077 rogatum,uteum
3318 2016 3591 2087 dirigeret

1945 2086 2059 2141 illis
2092 2090 2137 2158 (1
2158 2090 2277 2142 Cor.
2313 2108 2423 2154 xvi,
2462 2092 2580 2160 l2);
2618 2095 2714 2147 sed
2749 2095 3031 2151 incertum
3082 2106 3169 2153 est
3228 2103 3360 2171 quis
3390 2086 3584 2160 fuerit.

1940 2177 2094 2230 Nunc
2149 2183 2328 2232 autem
2395 2181 2568 2233 multo
2627 2184 3049 2240 sollieitiorem:
3108 2190 3274 2259 quasi
3323 2192 3580 2250 diceret:

1940 2263 2236 2319 Sollicitus
2270 2267 2376 2320 fuit
2410 2269 2686 2338 primum,
2722 2273 2818 2324 sed
2853 2272 3154 2329 sollicitior
3186 2280 3447 2334 radditus
3469 2288 3577 2349 est,

1936 2355 2107 2408 multa
2142 2357 2336 2410 utendo
2380 2358 2702 2425 conﬁdentia
2748 2363 2803 2414 in
2838 2379 2942 2428 ros,
2974 2366 3088 2418 sive
3143 2367 3249 2418 Tito
3310 2377 3578 2426 narrante

1936 2443 2086 2496 bona
2116 2444 2185 2498 de
2217 2445 2523 2510 vobis,sive
2553 2447 2772 2504 caeteris
2805 2453 3361 2526 narrantibus,quos
3402 2458 3575 2514 etiam

1935 2532 2207 2600 Apes/oles
2257 2534 2639 2605 Ecclesiarum,
2722 2538 2958 2606 gloriam
3039 2542 3236 2596 Christi
3302 2545 3570 2615 appellat.

1929 2618 2072 2674 Vam
2108 2621 2273 2674 multi
2304 2621 2549 2689 ibant,et
2580 2627 3160 2694 revertebantur,sive
3183 2631 3254 2685 ab
3275 2631 3572 2704 ‘apostolis

1932 2709 2118 2775 missi,
2152 2711 2268 2764 sive
2303 2728 2408 2765 sua
2439 2717 2642 2781 sponte
2686 2721 3009 2784 pergentes,
3071 2719 3168 2788 qui
3222 2720 3305 2775 eis
3360 2723 3573 2780 referre

1931 2803 2184 2867 possent.
2241 2800 2426 2853 Sosius
2483 2817 2654 2856 meus.
2715 2806 2918 2859 Socius
2965 2807 3011 2860 ei
3058 2813 3182 2862 erat
3215 2811 3401 2877 Titus,
3437 2814 3575 2883 quia

1928 2885 2237 2958 episcopus
2263 2889 2601 2954 ordinatus;
2637 2894 2821 2946 caeteri
2859 2894 3083 2962 fratres,
3119 2900 3218 2968 qui
3277 2901 3572 2969 adjutores

1927 2977 2215 3046 Evangelii
2247 2984 2428 3031 erant.
2467 2980 2526 3031 In
2565 2979 2693 3047 hoc,
2724 2983 2877 3051 quod
2922 2985 3234 3053 Apostolus
3286 2988 3428 3044 tales
3482 2991 3570 3044 di-

1926 3064 2089 3128 rexit,
2126 3072 2436 3120 monentur
2468 3069 2889 3137 praedicatores,
2926 3088 3056 3126 cum
3088 3073 3344 3144 aliquem
3376 3079 3444 3131 ad
3470 3079 3571 3134 bo-

1928 3169 2067 3206 num
2101 3154 2327 3209 trahere
2351 3157 2614 3225 cupiunt.
2655 3158 2824 3211 talem
2859 3159 3135 3230 dirigant,
3171 3165 3340 3232 cujus
3404 3148 3569 3222 mens

1929 3241 2148 3295 nullius
2182 3244 2380 3296 morbo
2413 3251 2684 3314 corrupta
2715 3246 2790 3298 sit
2822 3247 2904 3299 vel
2940 3256 3368 3320 corrumpatdr.

1999 3357 2359 3411 Ostentionem
2386 3374 2539 3428 ergo,
2572 3363 2678 3411 etc.
2710 3360 2810 3413 His
2843 3361 3030 3416 verbis
3062 3367 3432 3421 commendat
3469 3386 3568 3425 eos

1923 3444 2255 3514 Apostolus,
2320 3450 2381 3497 ut
2440 3445 2773 3500 obedientes
2852 3453 2908 3500 et
2987 3450 3174 3504 devoti
3259 3469 3394 3523 erga
3439 3455 3568 3512 illos

1926 3532 2178 3586 existant
2206 3563 2217 3597 ,
2250 3532 2416 3602 quasi
2440 3533 2691 3588 diceret:
2728 3535 2788 3589 In
2822 3535 2928 3590 hoc
2957 3543 3207 3594 vestram
3263 3559 3565 3599 conversa-

1925 3621 2228 3685 tionem,et
2258 3622 2430 3676 ﬁdem
2467 3639 2779 3693 agnoscere
2812 3630 3026 3696 potero,
3062 3627 3109 3682 si
3143 3630 3569 3690 eoshonoriﬁce

1926 3710 2300 3779 susceperitis
2333 3713 2388 3764 in
2420 3711 2568 3783 facie
2601 3713 2986 3786 Ecclesiarum,
3020 3717 3076 3771 id
3109 3725 3214 3789 est,
3251 3721 3306 3775 in
3348 3723 3570 3779 visione

1927 3799 2338 3854 Ecclesiarum.

1997 3906 2152 3974 (CAP.
2213 3907 2333 3971 IX.)
2394 3908 2531 3962 Nam
2599 3910 2670 3964 (lc
2726 3913 3049 3969 ministerio.
3138 3923 3250 3983 etc,
3336 3919 3572 3975 Videtur

1927 3997 2080 4048 enim
2116 3997 2428 4065 Apostolus
2442 3999 2604 4066 quasi
2622 3998 3104 4058 aliudlocutionis
3134 4022 3318 4074 genus
3334 4010 3570 4078 aggredi

1928 4082 2203 4136 Nonnulli
2236 4083 2438 4136 dicunt
2471 4084 2756 4140 hactenus
2783 4090 3122 4156 Apostolum
3185 4094 3438 4148 locutum
3499 4097 3571 4151 de

1929 4171 2296 4240 elcemosyna
2327 4176 2686 4225 terrenarum
2710 4191 3085 4242 rerum,nunc
3107 4179 3176 4232 de
3206 4179 3574 4253 eleemosyna

1928 4259 2085 4312 verbi
2119 4257 2241 4323 Dei,
2275 4274 2400 4327 quae
2435 4259 2621 4325 major
2651 4265 2738 4313 est
2769 4265 3015 4315 terrenis
3042 4289 3054 4328 ;
3079 4269 3134 4317 et
3186 4266 3311 4319 ideo
3371 4267 3574 4324 sedule

1930 4346 2053 4399 haec
2083 4345 2446 4413 eleemosyna
2478 4345 2804 4401 adhibenda
2834 4356 2921 4404 est
2941 4366 3076 4421 erga
3099 4354 3576 4411 credentes.Non-

1930 4434 2074 4488 nulli
2103 4435 2307 4487 dicunt
2331 4435 2943 4492 hactenusallocutum
2973 4440 3148 4495 fuisse
3170 4440 3348 4497 laicos
3380 4462 3391 4508 ;
3421 4461 3576 4500 nunc

1858 4562 1903 4624 Β
1935 4523 2150 4591 alloqui
2184 4524 2753 4592 sacerdotes,quibus
2791 4532 3108 4598 utrumque
3136 4545 3320 4600 genus
3352 4532 3577 4586 miseri-

1939 4614 2144 4666 cordia)
2177 4613 2650 4666 commendatum
2683 4619 2790 4668 est.
2827 4615 3098 4670 Nonnulli
3131 4619 3334 4672 dicunt
3363 4637 3395 4673 a
3427 4620 3579 4691 prin-

1939 4700 2086 4770 cipio
2122 4702 2290 4755 istius
2314 4701 2600 4755 sermonis
2626 4705 2893 4771 usquead
2929 4705 3100 4758 ﬁnem
3125 4707 3193 4760 de
3216 4705 3581 4780 eleemosyna

1939 4795 2303 4843 terrenarum
2337 4807 2528 4843 rerum
2563 4790 2841 4846 locutum.
2878 4793 2986 4846 Sed
3015 4794 3059 4848 si
3113 4795 3181 4849 de
3237 4797 3368 4860 ista,
3403 4815 3581 4868 quare

1936 4882 2054 4931 tam
2117 4878 2448 4948 frequenter
2502 4879 2756 4948 repetit?
2802 4879 2952 4934 Solet
2977 4881 3130 4935 enim
3165 4881 3296 4953 quis
3327 4889 3584 4954 repetere

1938 4981 2174 5019 causam
2209 4984 2381 5036 quam
2417 4967 2678 5037 agnoscit
2711 4973 2766 5022 et
2813 4974 3105 5039 cperatur,
3131 4977 3195 5024 ut
3249 4972 3464 5027 arctius
3521 4974 3581 5028 in

1939 5054 2184 5108 aliorum
2229 5056 2503 5109 cordibus
2537 5056 2805 5110 inculcet.
2862 5060 3022 5122 Quod
3083 5059 3492 5114 manifestatur
3523 5061 3581 5114 in

1939 5143 2130 5205 Petro,
2163 5158 2336 5210 quem
2368 5158 2501 5195 cum
2537 5145 2815 5199 Dominus
2849 5153 3184 5215 agnosceret
3217 5149 3305 5202 sui
3360 5149 3585 5204 ardoris

1942 5245 2200 5282 amorem
2233 5230 2477 5298 (746-47)
2513 5230 2744 5295 habere,
2780 5251 2912 5287 eum
2953 5235 3330 5306 interrogavit
3386 5242 3586 5292 utrum

1943 5333 2005 5373 se
2037 5315 2304 5385 diligeret
2336 5314 2510 5384 (Joan.
2545 5335 2657 5379 xxx,
2694 5322 2800 5390 15).
2835 5323 2959 5375 Sive
2991 5324 3289 5394 repetit,ut
3321 5325 3590 5380 ostendat

1947 5456 2164 5583 (.(745)
2200 5456 2340 5508 Item
2386 5457 2760 5512 emendatum
2817 5460 3030 5531 legitur
3084 5463 3205 5517 ita:
3261 5468 3591 5536 manifesta-

1970 5541 2128 5582 zonis.

1970 5541 2128 5582 ZO‘ntS.

2021 5595 2266 5674 (746-47)
2291 5595 2556 5682 Fortasse
2572 5597 2776 5654 melior
2798 5600 2963 5659 lectio
2983 5606 3071 5659 sui
3089 5607 3293 5662 amoris
3313 5605 3583 5686 ardorem.
