3990 6224
368 372 485 429 463

1386 363 1720 422 AT'l‘ONlS
1767 363 1813 419 V
1828 356 2347 418 ERCELLENSIS
2395 352 2742 414 EPISCOP]

3646 349 3771 408 464

372 515 547 571 quem
579 498 847 553 affectum
878 496 1087 550 habeat
1119 511 1255 565 erga
1287 511 1425 548 suos
1449 494 1765 548 auditores.
1799 492 1877 545 Ea
1908 490 2003 543 in-
2032 462 2321 558 A'parum
2355 484 2894 552 dederitis,parvam
2915 484 3141 535 internae
3164 478 3458 535 felicitatis
3483 494 3760 534 remune-

370 588 624 643 tentione
652 585 966 657 Apostolus
1010 584 1230 655 repetit,
1278 583 1619 636 subdendo:
1686 582 1802 635 Scio
1860 581 2004 633 enim

364 678 678 749 promﬂum
707 677 959 729 animum
990 678 1246 737 vestrum,
1280 678 1389 725 etc.
1412 688 1431 731 ,·
1459 675 1551 725 et:
1586 672 1668 724 Ea:
1699 668 2008 723 abundanti

369 771 448 819 est
478 764 615 817 mihi
642 764 878 817 seribere
931 762 1123 816 vobis:
1183 760 1238 813 id
1298 764 1404 826 est,
1464 757 1710 811 dilatum
1765 762 1851 810 est
1911 772 2009 809 cor

369 867 566 907 meum
598 852 669 907 ad
694 851 1068 907 scribendum
1090 848 1554 915 vobis.Quonzam
1571 846 1776 900 Achaia
1808 852 2007 913 parata

372 948 467 1008 est,
500 944 607 995 etc.
636 940 714 994 Ea
733 938 1193 1006 intentione,qua
1214 936 1557 991 Macedones
1580 936 1649 989 ad
1676 934 2007 1004 exemplum

371 1028 706 1101 protulerat,
738 1044 806 1082 ea
833 1026 1007 1082 etiam
1035 1027 1318 1081 Achaicos
1346 1044 1358 1093 ;
1392 1026 1448 1079 id
1473 1029 1579 1091 est,
1615 1028 1679 1078 ut
1702 1040 1800 1078 eos
1826 1022 2008 1093 pude-

371 1122 457 1172 ret
486 1116 700 1171 imitari
734 1114 902 1171 nolle.
939 1114 1050 1169 Sed
1090 1115 1355 1185 nunquid
1406 1118 1461 1169 et
1517 1113 1615 1167 isti
1671 1128 1782 1166 non
1845 1113 2011 1165 erant

367 1204 649 1260 Achaici?
678 1205 876 1260 Erant.
910 1203 1018 1258 Sed
1052 1204 1337 1273 quaedam
1369 1200 1652 1256 Ecclesias
1701 1200 1904 1253 afﬁnes
1936 1200 2005 1252 ad

368 1294 694 1367 exemplum
726 1294 963 1364 profert.
997 1295 1066 1348 Et
1095 1292 1236 1363 quid
1266 1290 1599 1347 estdicere:
1626 1290 1813 1343 Vestra
1834 1304 2009 1367 (P7an-

369 1374 505 1429 latio
542 1366 807 1445 Sproca‘vit
859 1374 1148 1443 plurimos,
1210 1371 1322 1425 nisi
1354 1369 1520 1440 quasi
1551 1367 1680 1423 aliis
1712 1368 1901 1421 verbis
1933 1366 2012 1419 di-

370 1467 499 1518 cat:
560 1461 769 1517 Vestra
824 1461 1100 1516 correctio
1187 1459 1515 1514 emendatio
1596 1457 1880 1527 plurimos
1939 1455 2007 1509 ad

370 1549 859 1615 emendationem,
912 1550 969 1604 id
1029 1554 1135 1613 est,
1194 1548 1579 1603 imitationem
1634 1544 2011 1617 provocavit?

370 1639 527 1695 Adeo
558 1642 624 1693 ut
651 1638 945 1693 dicerent:
982 1638 1039 1693 Si
1070 1637 1370 1702 Corinthii,
1405 1636 1502 1707 qui
1535 1635 1884 1702 ceciderunt,
1932 1631 2012 1686 ita

372 1730 841 1794 surrexerunt,ut
868 1727 938 1781 ab
965 1726 1237 1797 Apostolo
1268 1723 1789 1792 laudentur,multo
1823 1721 2008 1791 magis

373 1831 481 1870 nos
509 1830 826 1887 possumus
855 1819 1084 1870 nostros
1118 1831 1307 1869 mores
1334 1813 1640 1883 corrigere,
1695 1817 1757 1864 ut
1815 1815 1926 1864 Deo
1954 1813 2011 1863 et
2038 1855 2086 1919 B

386 1904 401 1919 .
534 1901 605 1919 ,ι
716 1901 726 1919 .
1572 1898 1877 1919 “Amm---

370 1901 645 1974 Apostolo
670 1901 897 1973 placere
925 1902 1240 1973 possimus,
1266 1900 1366 1971 qui
1398 1916 1510 1955 non
1561 1898 1898 1953 cecidimus.

443 1991 687 2046 Misimus
718 1996 905 2045 autem
932 1989 1139 2061 fratres
1159 2007 1179 2051 ;
1210 1989 1516 2061 praedictos
1548 1987 1822 2059 appellat,
1854 1996 1913 2040 ut
1946 2002 2012 2040 ne

371 2078 510 2149 quod
558 2080 883 2149 gloriamur,
918 2083 1026 2133 etc.
1078 2079 1441 2135 Laudaverat
1464 2075 1775 2147 Apostolus
1805 2076 2009 2129 Corin-

370 2168 525 2222 thios
558 2166 1007 2235 Macedonibus;
1041 2172 1117 2235 et,
1152 2184 1222 2221 ne
1271 2167 1380 2236 ipsi
1441 2165 1608 2220 aliter
1664 2162 2010 2231 invenirent,

373 2272 548 2327 quam
576 2254 893 2328 Apostolus
926 2256 1169 2326 dixerat,
1203 2256 1419 2309 idcirco
1469 2255 1691 2308 curavit
1749 2252 2009 2323 idoneos,

371 2344 672 2400 ministros
703 2345 974 2415 dirigere,
1008 2345 1106 2415 qui
1144 2361 1242 2398 eos
1274 2345 1345 2399 ad
1395 2360 1541 2413 Opus
1601 2341 2014 2395 misericordia:

370 2438 767 2504 provocarent,
819 2449 890 2487 ne
950 2432 1118 2488 aliter
1173 2433 1516 2487 Macedones
1580 2430 1920 2487 invenirent.
1950 2429 2015 2482 Et

376 2521 506 2576 ideo
538 2521 845 2592 subjunxit
873 2537 885 2575 :
925 2523 1007 2591 Ut,
1048 2521 1498 2591 quemadmodum
1527 2520 1667 2585 diri,
1695 2520 1891 2589 parati
1933 2520 2013 2571 si-

374 2610 464 2677 tis,
497 2613 606 2664 etc.
638 2609 791 2665 Bene
819 2610 996 2665 dicit:
1031 2611 1423 2665 Erubescamus
1451 2627 1564 2675 nos,
1586 2608 1742 2679 quia,
1775 2607 1821 2662 si
1853 2606 2020 2662 aliter

375 2697 702 2753 invenirent
771 2698 1135 2769 Macedones,
1229 2698 1595 2753 erubesceret
1681 2695 2014 2767 Apostolus.

374 2785 628 2859 maxime
657 2785 978 2853 Corinthii;
1011 2786 1148 2857 quia
1179 2787 1366 2859 magis
1397 2785 1544 2841 solet
1564 2785 1901 2840 erubescere
1924 2782 2019 2840 ille

379 2874 479 2946 qui
510 2846 689 2929 alium
723 2874 881 2929 videt
914 2875 1130 2930 suimet
1158 2892 1336 2930 causa
1377 2873 1701 2937 erubuisse,
1762 2890 1937 2943 quam
1971 2873 2019 2928 si

374 2962 504 3033 ipse
550 2962 787 3034 propria
833 2979 1012 3018 causa
1068 2964 1451 3018 erubesceret.
1522 2963 1584 3018 Ut
1632 2977 1737 3016 non
1778 2962 2021 3016 dicamus

374 3066 464 3107 vos
486 3050 634 3122 (748)
664 3052 725 3105 in
753 3051 857 3107 hac
883 3052 1229 3119 substantia;
1259 3052 1317 3106 id
1345 3053 1451 3106 est.
1490 3050 1547 3105 in
1582 3050 1689 3105 hoc
1717 3066 1887 3121 opere
1918 3050 2021 3103 mi-

377 3139 705 3196 sericordiae
734 3157 849 3195 non
881 3156 1163 3212 negemus
1191 3156 1469 3208 vos,esse.

2118 576 2400 629 rationem
2434 572 2740 643 recipietis.
2774 572 2923 625 Sane
2954 568 3427 639 sciendum,quia
3449 584 3587 638 sape
3615 567 3765 623 solet

2115 662 2424 733 Apostolus
2452 661 2574 714 suis
2607 658 2972 714 auditoribus
2990 657 3251 712 diversas
3273 656 3528 728 proferre
3550 654 3764 711 simili-

2121 751 2348 804 tudines
2375 769 2387 816 ;
2422 767 2578 805 nunc
2609 748 2835 812 militis,
2860 762 3014 802 nunc
3035 744 3593 818 agricultoris,nunc
3616 761 3765 815 quo-

2120 856 2229 910 que
2261 838 2653 903 medici,nunc
2685 835 3061 905 negotiatoris
3086 852 3099 902 ;
3129 833 3400 889 similiter
3420 850 3577 889 nunc
3594 833 3770 889 semi-

2119 928 2341 982 natoris
2374 916 2688 998 congruam
2724 926 2779 979 in
2805 924 3085 996 qualitate
3114 928 3172 978 et
3222 923 3548 994 quantitate
3600 923 3768 994 ponit

2118 1016 2585 1070 similitudinem.
2621 1016 2683 1068 In
2715 1013 2994 1084 qualitate
3022 1010 3311 1077 videlicet,
3335 1011 3471 1081 quia
3499 1011 3655 1081 quod
3682 1027 3769 1067 se-

2121 1104 2323 1174 minat,
2384 1104 2491 1158 hoc
2541 1108 2595 1158 et
2653 1102 2851 1155 metit:
2900 1100 2957 1155 id
3017 1099 3342 1171 quantitate
3373 1104 3591 1165 autem,
3624 1098 3768 1171 qtiia

2121 1199 2404 1265 quantum
2439 1192 2570 1263 quis
2592 1191 3100 1259 seminat,tantum
3124 1193 3181 1243 et
3202 1186 3546 1242 metit.lllud
3569 1192 3767 1243 autem

2121 1283 2462 1348 notandum,
2496 1280 2635 1351 quia
2664 1295 2901 1351 parcum
2936 1276 3190 1349 appellat
3237 1294 3498 1345 avarum,
3558 1293 3594 1332 a
3651 1293 3768 1348 quo

2121 1370 2290 1440 quasi
2319 1372 2711 1439 extorquetur,
2745 1372 2801 1422 et
2824 1367 3107 1437 exigitur,
3127 1370 3190 1421 ut
3219 1365 3468 1421 inferat:
3531 1366 3631 1436 qui
3678 1365 3770 1420 id-

2121 1459 2271 1514 eirco
2304 1459 2504 1513 tardus
2536 1462 2624 1513 est
2652 1456 2926 1521 tribuere,
2964 1455 3102 1526 quia
3159 1455 3417 1509 fructum
3480 1454 3768 1511 mercedis

2122 1565 2236 1602 non
2269 1548 2440 1601 videt.

2193 1637 2501 1707 Sequitur:
2528 1637 2591 1689 Et
2623 1636 2719 1705 qui
2747 1635 2982 1689 seminat
3012 1636 3071 1687 in
3105 1633 3601 1700 benedictionibus,
3651 1636 3761 1689 etc.

2121 1727 2181 1778 In
2206 1724 2705 1779 benedictionibus
2732 1739 2984 1794 namque
3000 1721 3289 1778 seminare
3301 1725 3552 1789 est,cum
3575 1720 3768 1777 cordis

2120 1813 2431 1879 hilaritate,
2464 1814 2573 1868 sub
2606 1828 2706 1883 spe
2738 1812 2945 1866 futurae
2978 1809 3485 1877 remunerationis,
3539 1809 3767 1866 miseri-

2118 1902 2374 1958 cordiam
2404 1917 2696 1972 peragere,
2723 1901 2892 1969 juxta
2922 1899 3066 1954 illud
3113 1898 3430 1954 Salaminis
3478 1898 3766 1954 dicentis:

2122 1991 2178 2043 In
2210 1991 2364 2043 omni
2393 1988 2516 2043 dato
2547 1988 2782 2042 hilarem
2809 1990 2905 2058 fac
2935 1988 3151 2042 vultum
3180 1989 3340 2041 tuum
3369 1986 3535 2057 (749),
3607 1987 3765 2058 quod

2122 2078 2297 2131 etiam
2328 2078 2399 2131 de
2428 2076 2794 2146 eleemosyna
2820 2074 2980 2131 verbi
2999 2074 3097 2129 Dei
3122 2074 3365 2145 intelligi
3383 2079 3567 2147 potest
3586 2093 3598 2143 ;
3618 2092 3765 2146 quo-

2123 2166 2279 2221 niam
2314 2166 2412 2237 qui
2446 2166 2571 2220 suis
2601 2164 2964 2219 auditoribus
2995 2164 3422 2231 eleemosynam
3468 2162 3629 2219 verbi
3657 2163 3768 2219 tri-

2124 2256 2269 2323 buit,
2304 2271 2371 2308 ex
2400 2253 2587 2309 cordis
2618 2254 2968 2321 sinceritate,
3001 2270 3072 2307 ne
3095 2254 3239 2307 forte
3264 2253 3458 2307 fructu
3483 2252 3765 2324 privetur,

2126 2359 2360 2397 necesse
2390 2349 2477 2397 est
2506 2342 2932 2397 administrare.
2969 2342 3119 2396 Sane
3152 2341 3476 2396 notandum
3530 2341 3689 2412 quia,
3719 2341 3769 2397 si

2123 2431 2180 2485 in
2215 2431 2724 2486 benedictionibus
2753 2434 2932 2485 metet
2986 2430 3085 2500 qui
3144 2430 3202 2484 in
3262 2428 3768 2484 benedictionibus

2127 2519 2413 2574 seminat:
2448 2536 2583 2589 ergo
2614 2523 2849 2574 econtra
2879 2518 2976 2590 qui
3007 2520 3067 2573 in
3101 2517 3633 2585 maledictionibus,
3665 2517 3774 2574 hoc

2128 2616 2237 2670 est.
2269 2608 2503 2662 tristitia
2534 2607 2804 2677 seminat,
2836 2606 2895 2660 in
2921 2605 3431 2661 maledictionibus
3470 2610 3527 2661 et
3556 2610 3770 2674 metet;

2128 2697 2405 2771 quoniam
2436 2695 2718 2766 scriptum
2750 2698 2867 2749 est:
2902 2698 3042 2766 Quae
3057 2696 3204 2749 enim
3220 2696 3573 2749 seminaverit
3594 2694 3775 2763 homo,

2129 2790 2246 2844 haec
2275 2791 2324 2842 et
2354 2790 2510 2839 metet
2542 2785 2686 2856 (Gal.
2720 2801 2795 2848 v1,
2823 2785 2898 2851 8).

2197 2880 2270 2931 At
2298 2892 2431 2930 vero
2462 2872 2911 2944 Corinthii.quia
2939 2871 3110 2946 longo
3133 2876 3264 2929 ante
3280 2877 3542 2946 tempore
3558 2892 3621 2932 se
3642 2893 3778 2948 pro-

2131 2966 2411 3021 miserant
2440 2962 2706 3017 eollectas
2737 2960 3234 3029 facturos,ideirco
3264 2961 3456 3018 taliter
3485 2962 3778 3035 loquendo

2130 3052 2454 3123 subjungit,
2515 3050 2756 3105 dicens:
2819 3050 3195 3122 Unusquisque
3265 3055 3432 3121 prout
3485 3051 3783 3108 destinavit

2127 3143 2287 3200 corde
2316 3157 2412 3195 suo
2432 3160 2453 3205 ,ι
2484 3139 2592 3194 hoc
2623 3142 2730 3205 eet,
2766 3143 2830 3193 ut
2860 3138 3217 3206 deliberavit,
3266 3140 3542 3208 decrevit,
3603 3146 3783 3214 atque

448 3230 822 3284 Necessarium
876 3245 1001 3299 ergo
1050 3228 1385 3284 existimavi.
1439 3226 1614 3289 Quasi
1674 3227 1926 3282 diceret:
1974 3226 2018 3282 Ο
2049 3215 2091 3280 C
2129 3229 2422 3302 disposuit
2456 3227 2848 3299 (subauditur,
2899 3228 3159 3296 tribuat).
3195 3230 3612 3285 Verumtamen
3664 3247 3781 3287 non

379 3316 686 3385 Corinthii,
718 3333 833 3372 non
865 3316 1297 3388 parvipendatis
1324 3316 1478 3387 quod
1510 3320 1594 3370 tot
1642 3319 1697 3369 et
1753 3314 1899 3370 tales
1929 3315 2021 3369 di-

382 3405 568 3478 rigam
587 3404 928 3472 ministros;
964 3422 1099 3460 nam
1132 3422 1236 3475 ego
1261 3403 1654 3459 necessarium
1686 3404 1823 3458 duxi
1876 3403 2022 3459 tales

381 3494 649 3567 dirigere,
680 3498 739 3549 ut
765 3498 1152 3566 praepararent
1173 3496 1555 3565 repromissum
1576 3492 2021 3547 benedictionem.

386 3582 583 3638 Idonei
613 3598 869 3654 namque
899 3583 1110 3637 debent
1125 3582 1379 3653 esse,qui
1398 3581 1857 3636 benedictionem
1882 3599 2023 3653 prae-

390 3675 617 3741 parant.
649 3671 1045 3741 Repromissam
1070 3669 1212 3725 dicit
1254 3669 1437 3735 illam,
1500 3671 1653 3725 unde
1711 3671 2019 3740 superius:

390 3760 654 3826 Quoniam
683 3767 737 3813 et
767 3758 966 3811 Achaia
995 3758 1062 3812 ab
1092 3775 1240 3813 anno
1269 3760 1452 3828 priore
1493 3765 1697 3829 parata
1725 3762 1820 3813 est.
1852 3760 2025 3814 Bene-

383 3848 681 3903 dictionem
709 3845 850 3901 dicit
878 3862 1025 3916 esse,
1058 3847 1194 3918 quia
1226 3845 1329 3911 illi,
1377 3846 1475 3917 qui
1536 3848 1804 3901 tribuunt
1862 3853 1964 3901 aut
1996 3851 2029 3903 it

385 3936 523 4002 Deo,
557 3939 658 3990 aut
677 3935 750 3990 ab
780 3933 919 4005 illis,
951 3936 1163 4006 quibus
1192 3936 1478 4005 tribuunt,
1502 3937 1747 3991 beneﬁci
1799 3952 2027 4006 prome-

385 4028 606 4080 rentur.
641 4023 785 4078 Nam
829 4024 1234 4096 unusquisque
1293 4026 1618 4080 secundum
1674 4026 1844 4093 cujus
1893 4042 2030 4096 prte-

385 4118 619 4186 eeptum
645 4112 868 4181 tribuit,
897 4114 1083 4185 ipsius
1110 4114 1599 4186 contemplatione
1624 4113 2030 4185 perﬁcitur.Ex

384 4206 571 4274 empta
591 4201 691 4258 Dei
713 4218 908 4267 causa,
943 4210 1251 4276 quantum,
1292 4206 1362 4258 ad
1420 4205 1746 4259 humanum
1806 4219 2027 4257 morem

386 4292 1309 4363 attinet,Apostolushonestatem
1335 4294 1707 4349 commendat
1735 4311 1746 4347 :
1770 4293 1847 4346 sic
1873 4293 2030 4362 quasi

382 4381 828 4451 benedictionem,
857 4386 965 4437 etc.

455 4469 737 4543 Superius
768 4470 1020 4525 inﬁrmis
1044 4470 1537 4534 condescendens,
1578 4468 1846 4522 dicebat:
1909 4471 2024 4523 Non

2133 3336 2267 3374 eum
2296 3317 2595 3388 poeniteat,
2630 3332 2701 3369 ne
2731 3314 2879 3370 forte
2928 3316 3119 3371 fructu
3176 3316 3471 3388 privetur;
3531 3320 3589 3372 et
3648 3318 3781 3374 ideo

2134 3405 2476 3477 subjungit:
2514 3404 2633 3460 Non
2661 3420 2730 3458 ea:
2759 3404 2989 3459 tristitia
3013 3411 3110 3460 aut
3162 3421 3234 3461 ea:
3292 3406 3633 3462 necessitate.
3668 3410 3780 3463 Po-

2137 3501 2325 3553 terant
2345 3499 2539 3550 autem
2562 3493 2841 3549 Corinthii
2866 3510 2934 3549 ex
2950 3493 3316 3562 tristitia,aut
3339 3512 3409 3551 ex
3428 3498 3783 3553 necessitate

2132 3585 2406 3651 tribuere,
2430 3583 2569 3637 dum
2593 3581 2868 3636 videbant
2897 3580 3042 3636 alias
3082 3583 3365 3639 Ecclesiae
3386 3583 3663 3641 collectas
3686 3586 3781 3640 fa-

2134 3690 2297 3739 cere;
2334 3671 2610 3743 quoniam
2644 3669 2898 3741 pudebat
2926 3687 3023 3725 eos
3053 3669 3220 3726 aliter
3258 3688 3444 3744 agere.
3503 3677 3784 3730 Poterant

2136 3765 2291 3819 enim
2322 3762 2513 3816 dicere
2538 3777 2550 3814 :
2590 3760 2729 3814 Ecce
2761 3758 2891 3814 aliis
2920 3759 3391 3830 tribuentibus,si
3417 3778 3524 3818 nos
3553 3778 3669 3818 non
3693 3779 3786 3819 re-

2136 3850 2538 3916 tribuerimus,
2572 3847 2999 3916 denotabimur,
3033 3850 3088 3902 et
3116 3848 3430 3904 deteriores
3460 3848 3591 3905 aliis
3612 3850 3781 3921 judi-

2138 3941 2421 3995 cabimur.
2454 3938 2832 4007 Quapropter,
2867 3952 2937 3991 ne
2967 3952 3115 4007 opus
3145 3936 3377 4007 pietatis
3398 3938 3589 3993 fructu
3620 3955 3789 3996 care-

2140 4034 2243 4097 ret,
2279 4030 2589 4079 monentur
2614 4027 2685 4078 ab
2714 4023 3009 4096 Apostolo,
3044 4028 3109 4079 ut
3137 4041 3251 4079 non
3282 4042 3349 4080 ex
3388 4025 3650 4094 tristitia,
3684 4033 3793 4085 aut

2140 4114 2484 4170 necessitate
2514 4112 2570 4166 id
2596 4114 2788 4183 ipsum
2813 4112 3432 4184 procedat.Moraliter:
3456 4114 3623 4170 Multi
3649 4120 3792 4172 sunt

2140 4204 2198 4258 in
2230 4202 2506 4267 Ecclesia,
2540 4201 2638 4273 qui
2670 4202 2812 4256 dum
2842 4201 3040 4256 vident
3068 4200 3508 4272 generalitatem
3562 4204 3788 4277 aliquid

2137 4293 2356 4347 bonum
2389 4308 2578 4363 agere,
2612 4307 2684 4345 ne
2716 4290 3076 4345 denotabiles
3109 4290 3454 4358 habeantur,
3474 4295 3657 4364 pudet
3688 4310 3791 4352 eos

2138 4380 2306 4435 aliter
2339 4397 2526 4452 agere.
2560 4379 2875 4451 Sequitur:
2906 4380 3152 4435 Hilarem
3200 4382 3350 4436 enim
3404 4382 3649 4438 datorem
3698 4384 3790 4439 di-

2138 4471 2263 4538 ligit
2289 4469 2689 4525 DeusScilicet
2710 4486 2777 4523 ex
2798 4470 3072 4525 omnibus
3092 4469 3337 4542 illis,qui
3361 4488 3469 4527 sua
3491 4473 3786 4544 tribuunt,

381 4563 444 4614 ut
470 4560 599 4615 aliis
628 4562 698 4613 sit
726 4560 994 4625 remissio,
1028 4563 1134 4614 etc.
1162 4578 1176 4626 ;
1215 4574 1367 4612 nunc
1403 4558 1579 4611 fortes
1618 4555 1884 4609 hortatur
1940 4557 2026 4610 di-
2057 4581 2102 4646 D
2135 4575 2233 4614 eos
2255 4558 2447 4629 diligit
2469 4558 2642 4625 Deus,
2677 4558 2773 4628 qui
2800 4573 2932 4613 cum
2964 4558 3155 4614 cordis
3178 4558 3468 4615 hilaritate
3489 4561 3783 4635 tribuunt,

377 4649 597 4704 cendo:
629 4648 731 4715 Qui
748 4665 911 4719 parre
940 4651 1192 4715 seminat,
1223 4661 1390 4715 parce
1417 4651 1468 4699 et
1501 4651 1680 4698 metet.
1716 4644 1859 4705 Quia
1890 4663 2024 4700 eon-

380 4737 740 4794 descendens
771 4738 1085 4807 Apostolus
1116 4733 1369 4788 infirmis
1413 4732 1680 4801 superius
1705 4733 1845 4787 dixit
1871 4752 1882 4788 :
1906 4737 2023 4791 Non

376 4831 439 4880 ut
467 4826 597 4880 aliis
625 4827 697 4880 sit
717 4828 986 4892 remissio,
1023 4829 1132 4878 etc.
1162 4841 1173 4887 ;
1210 4837 1363 4874 nunc
1395 4836 1525 4875 vero
1546 4822 1863 4878 ascendens
1897 4842 2016 4895 pro-

378 4920 547 4969 vocat
575 4914 769 4981 fortes,
805 4918 1092 4985 potentes,
1124 4926 1190 4963 ac
1224 4908 1430 4963 divites
1446 4910 1515 4963 ad
1543 4911 1763 4981 majora
1786 4913 2018 4983 pietatis

377 5019 571 5075 opera,
605 5003 825 5064 dicens,
860 5005 921 5054 ut
950 5000 1276 5069 praeparent
1307 4997 1718 5068 repromissam
1782 5002 2014 5056 benedi-

374 5093 645 5157 ctionem,
681 5091 766 5144 sic
795 5103 905 5142 non
936 5088 1091 5155 quasi
1119 5088 1431 5141 avaritiam.
1468 5089 1687 5153 Quibus
1732 5095 1787 5144 et,
1842 5091 2015 5146 rebus

373 5180 625 5237 terrenis
657 5174 901 5248 protulit
926 5173 1395 5241 similitudinem,
1428 5177 1626 5233 dicens
1653 5197 1664 5231 :
1701 5181 1805 5234 Hoc
1833 5183 2015 5234 autem

372 5268 531 5324 dico:
570 5266 676 5331 Qui
697 5276 863 5333 parte
892 5263 1146 5329 seminat,
1180 5269 1286 5318 etc.
1315 5282 1327 5329 ;
1363 5266 1525 5336 quasi
1547 5267 1822 5323 dixisset:
1853 5268 2014 5323 Sicut

373 5355 474 5426 qui
509 5366 719 5422 parum
754 5348 1024 5417 seminat,
1058 5369 1262 5424 parum
1296 5358 1350 5407 et
1377 5354 1561 5421 metit,
1596 5355 1678 5409 sic
1708 5362 1764 5411 et
1815 5374 1937 5422 vos,
1960 5358 2010 5411 si

441 5471 592 5553 (ῖζι8)
617 5475 687 5551 in
709 5470 878 5553 Yulgr
911 5477 1082 5553 verba
1113 5476 1252 5532 haec.
1276 5486 1336 5531 ut
1357 5493 1467 5532 non
1498 5478 1741 5535 dicamus
1770 5498 1879 5551 vos,
1906 5499 2007 5553 pa-

371 5542 921 5621 reejtlESLseiuncPs
948 5545 1239 5621 legentum

441 5611 590 5692 (749)
618 5611 831 5672 Textus
859 5613 952 5675 hic
978 5611 1037 5677 in
1063 5619 1210 5690 libro
1240 5617 1438 5691 Eccli.,
1466 5635 1570 5692 per
1587 5620 1789 5679 Jesum
1818 5622 2008 5681 ﬁlium

2138 4648 2411 4718 ipsosque
2444 4647 2616 4700 etiam
2653 4651 2935 4718 praeparat
2992 4649 3062 4701 ad
3124 4650 3640 4706 remunerandum.
3676 4651 3787 4707 Ubi

2132 4738 2304 4790 etiam
2340 4737 2643 4789 attendum
2676 4735 2829 4805 quia,
2864 4736 2912 4791 si
2945 4753 3042 4791 eos
3067 4736 3274 4806 diligit,
3309 4738 3410 4809 qui
3460 4756 3595 4795 cum
3656 4757 3791 4797 cor-

2130 4827 2220 4880 dis
2253 4825 2543 4879 hilaritate
2573 4823 2919 4895 largiuntur,
2952 4842 3051 4880 eos
3083 4828 3286 4897 utique
3315 4827 3448 4883 odio
3480 4828 3791 4902 habet,qui

2129 4931 2261 4968 cum
2292 4913 2529 4968 tristitia
2559 4914 2749 4967 cordis
2779 4914 3064 4969 tribuunt.

2198 5003 2475 5072 Sequitur
2497 5018 2510 5056 :
2545 5004 2735 5058 Potens
2756 5012 2833 5058 est
2854 5013 3038 5059 autem
3060 5005 3196 5059 Deus
3217 5008 3470 5071 gratiam
3491 5008 3789 5081 abundare

2121 5096 2302 5163 facere
2330 5092 2388 5145 in
2418 5092 2583 5147 vobis.
2616 5092 2789 5163 Optat
2821 5092 2912 5146 his
2944 5093 3133 5148 verbis
3165 5094 3484 5165 Apostolus
3527 5099 3785 5170 gratiam

2126 5180 2218 5235 Dei
2254 5180 2371 5235 illis
2397 5181 2621 5249 adesse,
2655 5187 2942 5251 quatenus
2974 5182 3128 5237 sicut
3156 5183 3355 5239 omnia
3397 5186 3538 5241 vitia
3598 5188 3793 5259 gratia

2122 5271 2248 5339 ejus
2279 5270 2555 5336 vicerant,
2584 5270 2665 5325 sic
2697 5274 2753 5324 et
2784 5269 2841 5322 in
2876 5285 3045 5340 opere
3076 5270 3489 5328 misericordiae
3539 5278 3795 5347 perfecti

2121 5374 2185 5412 ac
2208 5358 2397 5411 devoti
2428 5357 2848 5425 invenirentur,
2881 5358 3067 5429 ipsius
3091 5357 3221 5414 fulti
3246 5362 3542 5431 praesidio.
3580 5367 3791 5441 Sequi-

2118 5480 2354 5608 rSrigqqun
2380 5496 2544 5551 xxxv,
2580 5480 2665 5552 11,
2714 5480 2968 5555 scriptus
3016 5481 3249 5557 legitur,
3282 5500 3399 5540 non
3442 5501 3549 5558 per
3610 5488 3781 5550 Salo-
