3990 6224
176 373 303 436 465

746 363 1156 434 EXPOSI'I‘IO
1201 369 1279 432 IN
1325 367 1754 432 EPISTOLAS
1799 368 2059 429 PAULI.
2095 402 2171 415 —
2216 373 2292 432 IN
2338 373 2585 436 EPIST.
2636 370 2687 436 1Ῑ
2730 371 2831 435 AD
2877 372 3050 436 COR.

3483 375 3600 436 466

176 511 284 562 tur
309 521 321 560 :
343 505 402 560 In
421 505 680 561 omnibus
701 521 914 574 semper
928 521 1141 559 omnem
1162 506 1546 575 sufﬁcientiam
1571 504 1843 566 habentes,
1877 505 1927 568 Α
1959 519 2088 557 rum
2119 505 2402 559 actionem
2432 524 2530 575 per
2554 525 2656 561 nos
2680 513 2953 578 operatur
2975 507 3121 574 Deo;
3156 506 3263 563 hoc
3293 509 3402 574 est,
3428 508 3599 563 nobis

184 600 301 652 etc.
331 595 695 666 Imprecatur
717 593 892 647 etiam
925 593 1170 664 gratiam
1202 593 1298 647 Dei
1327 592 1460 660 illis,
1487 597 1549 646 ut
1572 592 1624 644 in
1651 593 1841 644 omni-

182 685 299 738 bus
334 683 636 738 abundent
669 683 877 748 bonis;
932 682 1072 735 adeo
1113 687 1175 735 ut
1210 680 1351 735 nihil
1385 686 1588 751 egeant
1621 697 1841 746 eorum,

186 789 319 844 qua:
371 773 440 826 ad
493 773 709 826 anima:
741 770 1314 824 attinentsalutem:
1368 772 1518 842 quod
1570 775 1704 822 tunc
1760 771 1840 836 tit,

186 861 431 932 quando
475 859 746 914 homines
798 857 1024 928 eligunt
1072 857 1526 921 sufficientiam;
1578 858 1682 910 hoc
1733 863 1838 922 est,

183 949 448 1022 quando,
475 947 747 1020 suppleta
779 965 908 1012 sua,
937 964 1294 1017 suorumque
1327 946 1687 1006 necessitate,
1715 962 1839 1015 qure

183 1038 695 1109 superabundant,
721 1036 1073 1107 pauperibus
1108 1036 1395 1094 tribuunt.
1420 1040 1554 1087 sirut
1583 1037 1839 1103 srriptum

186 1131 268 1180 est
302 1144 320 1178 :
378 1127 633 1195 Dipersit,
667 1125 813 1178 dedit
857 1125 1191 1194 pauperibus
1241 1126 1408 1194 (Psal.
1459 1141 1570 1187 cxx,
1620 1127 1694 1190 tt).
1731 1130 1835 1177 ctc.

183 1217 540 1284 MagnOpere
571 1213 787 1284 quippe
836 1213 942 1266 hoc
993 1211 1252 1280 exemplo
1304 1217 1570 1282 provocat
1620 1230 1715 1264 eos
1766 1213 1833 1264 ad

189 1319 349 1374 opus
385 1301 809 1356 misericordiae.
849 1300 950 1355 Ubi
1007 1301 1178 1354 etiam
1231 1301 1646 1353 attendemlurn
1682 1302 1834 1370 quod

188 1391 378 1444 dicit:
417 1392 690 1460 Dispersit,
717 1389 860 1444 dedit
886 1390 1239 1460 pauperibus,
1265 1395 1372 1442 etc.
1399 1390 1454 1441 Si
1487 1389 1638 1442 enim
1665 1391 1835 1458 justi-

182 1482 263 1533 tia
302 1479 459 1532 illius
488 1483 671 1532 manet
703 1481 759 1532 in
781 1487 1069 1533 aeternum.
1096 1478 1195 1547 qui
1231 1478 1582 1548 pauperibus
1613 1478 1833 1540 tribuit,

186 1567 375 1621 multo
412 1566 599 1636 magis
631 1568 782 1635 ejus,
819 1567 917 1637 qui
951 1565 1153 1619 tribuit
1191 1566 1388 1635 justis.
1429 1566 1627 1635 Itaque.
1660 1564 1838 1619 distat

181 1656 338 1710 inter
368 1672 660 1726 pauperes
694 1662 748 1708 et
778 1661 1008 1710 sanctos
1045 1674 1055 1709 :
1091 1671 1374 1725 pauperes
1406 1655 1642 1724 quidem
1677 1661 1832 1720 sunt,

187 1743 285 1815 qui
320 1743 552 1815 publice
585 1747 796 1814 egent;
848 1744 1033 1797 sancti
1065 1760 1218 1808 vero,
1252 1743 1346 1813 qui
1378 1742 1616 1810 jejuniis
1648 1743 1833 1796 omni-

1957 591 2396 647 exhortantibus
2419 601 2473 648 et
2499 596 2660 649 vobis
2683 595 3094 664 tribuentibus,
3120 595 3215 650 alii
3252 597 3594 663 incitantur,

1955 685 2013 733 ut
2050 683 2267 750 gratias
2303 683 2415 735 Deo
2447 685 2712 737 reterant.

2023 772 2292 840 Sequitur
2329 789 2338 823 :
2374 772 2638 836 Quoniam
2673 774 3046 825 ministerium
3068 775 3234 843 hujus
3259 775 3449 844 ofﬁcii,
3483 780 3592 831 etc.

1953 858 2136 910 Officii
2167 859 2557 913 ministerium
2593 861 2731 913 dicit
2763 861 3155 915 ministerium
3189 861 3449 917 videlicet
3479 864 3593 918 col-

1952 945 2205 999 Iationis.
2237 949 2298 999 Iit
2321 955 2398 1000 est
2435 966 2680 1002 sensus:
2717 950 3057 1019 Quicunque
3083 950 3260 1019 hujus
3282 951 3454 1005 officii
3481 952 3589 1005 mi-

1952 1035 2257 1088 nisterium
2287 1036 2506 1105 implet.
2532 1056 2639 1089 non
2663 1037 2850 1090 solum
2877 1039 2946 1090 ob
2975 1039 3079 1091 hoc
3100 1040 3589 1104 remunerabitur,

1950 1124 2086 1192 quia
2110 1131 2440 1178 sanctorum
2468 1126 2729 1179 sublevat
2754 1128 3026 1196 inopiam,
3049 1128 3144 1180 sed
3164 1127 3336 1181 etiam
3363 1129 3434 1181 ob
3459 1128 3586 1194 hoc,

1949 1213 2085 1283 quia
2116 1213 2277 1281 alios,
2307 1216 2400 1283 qui
2441 1215 2656 1277 vident,
2694 1220 2982 1285 provocat,
3018 1221 3078 1269 ut
3109 1216 3325 1285 gratias
3355 1216 3469 1270 Deo
3502 1233 3590 1270 re-

1951 1304 2155 1356 ferant.
2179 1305 2372 1373 Itaque
2394 1305 2640 1357 duarum
2666 1305 2993 1356 mercedum
3021 1320 3259 1358 munere
3281 1304 3583 1360 ditabitur.

1949 1392 2222 1461 Sequitur
2256 1410 2267 1445 :
2315 1399 2419 1444 Per
2446 1395 2824 1462 proluitionem
2853 1394 3155 1447 ministerii
3183 1397 3370 1463 hujus.
3407 1393 3472 1446 Et
3501 1397 3589 1448 est

1948 1496 2189 1534 sensus:
2215 1481 2678 1550 Ilarprobationc
2698 1481 3146 1534 mauit'estabitis
3165 1498 3263 1534 vos
3286 1481 3587 1536 verissime

1947 1584 2072 1621 esse
2097 1570 2280 1620 tilirist
2300 1571 2479 1632 ianos,
2514 1570 2559 1620 si
2595 1569 2770 1636 hujus
2797 1569 3122 1636 ministerii,
3153 1569 3258 1623 hoc
3282 1574 3389 1631 est,
3413 1568 3585 1622 colla-

1947 1657 2117 1707 tionis
2169 1657 2500 1725 impletores
2555 1657 2798 1709 fueritis.
2834 1658 3151 1726 Sequitur:
3209 1659 3586 1725 Gloriﬁcantes

1945 1744 2110 1796 Deum
2140 1746 2193 1796 in
2217 1744 2522 1796 oln‘dientia
2547 1746 2898 1813 (.‘mifessionis
2925 1750 3130 1799 vestrae.
3151 1750 3213 1799 Et
3235 1750 3322 1798 est
3340 1762 3548 1800 sensus
3570 1762 3582 1799 :

183 1832 296 1886 bus
320 1836 496 1901 atque
518 1830 737 1902 vigiliis
763 1830 1062 1898 insistunt,
1090 1834 1336 1885 utAnna
1359 1832 1537 1901 (750);
1573 1832 1657 1884 vel
1683 1836 1835 1884 certe
1867 1867 1913 1930 B
1947 1830 2009 1883 In
2041 1831 2368 1884 obedientia
2401 1833 2783 1886 confessionis
2815 1839 3036 1898 vestrae,
3070 1833 3172 1887 hoc
3204 1838 3310 1898 est,
3347 1851 3447 1903 per
3476 1833 3584 1886 im-

189 1921 290 1990 qui
339 1937 449 1974 sua
497 1920 886 1984 distribuunt,
922 1924 983 1973 ut
1032 1919 1298 1990 apostoli.
1334 1924 1481 1973 Sane
1531 1918 1833 1973 sciendum

190 2009 326 2078 quia
363 2008 606 2077 justitia
656 2009 872 2062 dicitur
921 2008 1082 2079 quasi
1126 2008 1281 2078 juris
1329 2012 1536 2062 status.
1571 2007 1668 2061 Ille
1701 2024 1835 2077 ergo

177 2097 480 2167 justitiam
507 2102 800 2168 operatur,
817 2099 915 2168 qui
940 2097 1134 2150 omnia
1155 2095 1497 2167 temporalia
1516 2095 1835 2150 communi-

181 2189 267 2240 ter
286 2186 570 2241 omnibus
597 2203 630 2239 a
655 2191 762 2240 Deo
786 2186 920 2240 data
941 2185 1232 2256 intelligit.
1263 2184 1378 2253 Ille,
1405 2185 1665 2254 inquam,
1699 2184 1833 2237 imi-

180 2274 596 2344 tatorjustitiee
622 2273 720 2327 Dei
751 2273 966 2336 existit,
993 2273 1090 2344 qui
1117 2273 1188 2327 ad
1215 2273 1598 2326 imitationem
1623 2272 1827 2339 ipsius,

181 2362 282 2432 qui
315 2361 504 2416 solem
539 2379 710 2415 suum
744 2361 879 2416 oriri
914 2361 1052 2415 facit
1081 2378 1258 2432 super
1288 2361 1470 2414 bonos
1518 2365 1574 2414 et
1624 2360 1826 2425 malos,

178 2455 318 2516 etc.,
345 2465 502 2520 quas,
523 2449 685 2518 queis
709 2449 1168 2520 superabundat,
1187 2454 1305 2502 tam
1330 2448 1554 2513 amicis,
1575 2466 1750 2518 quam
1775 2455 1830 2502 et

177 2537 438 2592 inimicis
467 2537 862 2592 inditferenter
893 2538 1114 2592 tribuit.

248 2626 568 2698 Sequitur:
604 2627 708 2693 Qui
727 2636 911 2681 autem
931 2627 1286 2680 administrat
1310 2643 1491 2680 semen
1515 2627 1830 2695 seminanti,

183 2720 291 2770 etc.
328 2716 475 2770 Nota
511 2715 652 2786 quia
705 2715 798 2769 Dei
846 2721 982 2770 sunt
1028 2714 1272 2780 semina,
1303 2719 1475 2785 atque
1510 2715 1826 2778 nascentia,

184 2804 457 2875 quoniam
483 2803 678 2875 ipsius
697 2809 840 2858 nutu
865 2809 920 2858 et
942 2804 1398 2868 seminantur,et
1419 2808 1739 2856 nascuntur
1759 2803 1828 2856 ad

181 2893 674 2948 sustentationem
735 2892 1062 2946 hominum.
1088 2893 1154 2945 Et
1185 2891 1290 2945 hoc
1340 2889 1664 2954 sciendum,
1695 2889 1831 2959 quia

185 2980 274 3036 bis
303 2981 496 3035 verbis
531 2997 814 3052 magnam
860 2979 1325 3035 subministravit
1373 2978 1488 3033 illis
1537 2980 1828 3032 tribuendi

183 3070 601 3125 confidentiam
632 3087 644 3134 ;
680 3086 745 3124 ac
777 3070 825 3122 si
857 3069 1137 3124 dixisset:
1171 3069 1221 3121 Si
1256 3069 1383 3138 ejus
1412 3073 1551 3121 sunt
1582 3069 1828 3132 semina,

182 3163 349 3230 atque
394 3159 724 3225 nascentia,
759 3175 939 3229 quare
987 3158 1134 3228 pigri
1189 3158 1329 3212 estis
1381 3173 1447 3210 ea
1495 3175 1620 3227 quin
1672 3157 1826 3211 illius

1949 1918 2257 1989 pletionem
2291 1924 2491 1972 vestrm
2524 1921 2949 1990 promissionis,
2983 1921 3142 1974 eritis
3193 1920 3584 1990 gloriﬁcantes

1946 2012 2124 2060 Deum
2163 2010 2215 2060 in
2251 2008 2540 2075 Erangelio
2574 2008 2798 2062 Christi.
2839 2009 3112 2077 Sequitur
3145 2024 3156 2060 :
3207 2010 3269 2062 Et
3315 2010 3584 2078 simplici-

1946 2100 2054 2149 tate
2083 2099 2540 2150 communieation
2553 2099 2614 2149 is.
2638 2096 3082 2166 Simplicitatem
3106 2095 3585 2150 communicatio-

1943 2183 2032 2237 nis
2065 2186 2205 2238 dicit
2239 2186 2452 2238 mentis
2485 2201 2715 2254 quoque
2761 2183 3190 2249 sinceritatem;
3225 2183 3332 2238 hoc
3380 2190 3486 2251 est,
3522 2188 3584 2238 ut

1943 2289 2053 2326 non
2104 2272 2260 2326 aliud
2317 2278 2630 2343 quaeratur,
2665 2290 2843 2343 quam
2876 2274 3028 2343 quod
3064 2273 3440 2342 quaerendum
3473 2278 3579 2327 est.

1939 2364 2004 2413 In
2037 2362 2156 2415 illos
2183 2361 2342 2427 dicit,
2378 2361 2476 2431 qui
2510 2367 2673 2414 erant
2719 2360 3132 2431 Jerosolymis;
3182 2370 3237 2415 et
3284 2363 3342 2414 in
3394 2377 3579 2416 omnes

1939 2449 2096 2514 dicit,
2134 2451 2202 2504 de
2235 2449 2370 2516 illis,
2399 2451 2613 2519 quibus
2647 2450 2756 2520 ipsi
2790 2449 3141 2512 tribuebant,
3174 2447 3259 2502 vel
3294 2454 3446 2503 certe
3475 2448 3579 2518 qui

1937 2537 2232 2601 videbant,
2265 2544 2320 2592 et
2363 2538 2416 2591 in
2451 2537 2581 2591 aliis
2614 2537 2755 2592 locis
2787 2537 3152 2591 habitabant.

2010 2627 2286 2696 Sequitur
2321 2643 2331 2678 :
2383 2629 2452 2678 [:t
2485 2629 2730 2696 ipsorum
2762 2627 3126 2680 obsecratione
3155 2640 3252 2695 pro
3284 2626 3453 2690 vobis,
3486 2625 3578 2679 de-

1937 2716 2299 2768 siderantimn
2328 2733 2433 2768 ros.
2452 2716 2715 2769 Ostendit
2739 2716 2829 2768 his
2853 2713 3389 2785 verbisApostolus,
3406 2731 3583 2784 quan-

1941 2821 2113 2873 quam
2139 2803 2562 2872 latenter,quod
2587 2821 2697 2856 non
2720 2803 2906 2857 solum
2929 2807 3287 2870 sanctorum,
3305 2802 3585 2872 quierant

1940 2891 2339 2961 Jorosolymis,
2378 2893 2620 2960 meritis,
2655 2896 2711 2945 et
2755 2891 3024 2962 precibus
3065 2895 3177 2944 Deo
3210 2890 3581 2945 commenda-

1941 2986 2142 3033 rentur
2173 2980 2477 3048 Corinthii,
2513 2981 2611 3033 sed
2664 2979 2833 3033 etiam
2887 2985 2940 3032 et
3001 2978 3250 3033 aliorum
3291 2979 3577 3046 omnium,

1941 3069 2038 3137 qui
2074 3069 2434 3133 videliant,et
2481 3069 2604 3123 suis
2640 3068 3110 3132 necessitatibus,
3145 3085 3260 3121 non
3294 3067 3405 3122 sibi
3438 3071 3579 3121 tunc

1941 3158 2252 3227 cupiebant
2282 3175 2408 3210 esse
2437 3158 2729 3225 subjectos
2753 3173 2928 3210 causa
2959 3155 3167 3209 salutis
3197 3156 3492 3225 ipsorum;
3525 3161 3581 3210 et

181 3252 314 3301 sunt
344 3247 425 3302 illi
465 3248 731 3301 tribuere
755 3246 783 3300 ?
833 3247 998 3310 Nam,
1034 3246 1080 3298 si
1128 3245 1470 3309 tribueritis,
1505 3246 1823 3300 debitorem
1858 3221 1899 3285 Ο
1939 3245 2066 3299 ideo
2099 3245 2273 3300 dicit:
2308 3247 2411 3297 Pro
2446 3245 2609 3307 vobis,
2643 3245 3066 3297 desiderantium
3103 3259 3215 3296 cos.
3249 3241 3389 3302 Quis
3420 3241 3576 3295 enim

177 3336 334 3390 vobis
366 3353 498 3390 eum
535 3335 787 3389 facietis.
822 3335 887 3387 Et
926 3335 1063 3404 quia
1093 3335 1206 3387 duo
1238 3335 1478 3394 dixerat,
1515 3334 1628 3386 duo
1663 3351 1826 3402 repe-

181 3423 283 3476 tit:
315 3425 389 3477 Et
421 3423 832 3493 multiplicabit
860 3438 1040 3476 semen
1074 3426 1330 3485 oestrum,
1355 3427 1461 3475 etc.
1492 3423 1556 3474 Et
1581 3427 1669 3475 est
1692 3439 1826 3474 sen-

181 3527 310 3565 sus:
333 3512 438 3574 Qui
461 3510 843 3566 administrat
865 3527 1084 3578 semen,
1102 3508 1514 3581 multiplicabit
1531 3515 1588 3562 et
1612 3510 1825 3579 ipsum,

183 3603 238 3652 et
267 3597 368 3669 qui
399 3599 704 3670 praestabit
736 3614 967 3670 panem,
1000 3607 1053 3652 et
1091 3599 1309 3665 augebit
1342 3602 1676 3651 incrementa
1704 3600 1828 3665 fru-

182 3703 332 3754 gum.
368 3687 573 3758 Itaque
607 3686 780 3741 nolite
811 3703 1019 3757 segnes
1062 3703 1189 3740 essc
1238 3685 1546 3748 seminare,
1582 3686 1687 3739 hoc
1719 3691 1826 3750 est,

183 3775 534 3846 pauperibus
549 3775 1098 3845 erogare,quoniam
1119 3775 1164 3828 si
1186 3775 1361 3829 semel
1382 3774 1826 3844 seminaveritis,

184 3863 268 3918 bis
288 3864 654 3920 metetis.Bis
673 3880 924 3934 namque
945 3868 1155 3918 metere
1173 3868 1344 3928 est,et
1361 3865 1415 3916 in
1436 3863 1543 3916 hac
1563 3863 1824 3932 prmsenti

181 3952 292 4006 vita
313 3951 738 4025 temporalium
763 3968 955 4006 rerum
981 3952 1421 4018 abundantiam,
1447 3951 1661 4022 quibus
1687 3968 1826 4021 pau-

182 4057 378 4110 perum
410 4040 681 4112 inopiam
714 4037 1108 4103 sublevemus,
1141 4044 1196 4093 et
1247 4039 1303 4092 in
1358 4040 1572 4105 futura,
1606 4046 1826 4092 (elerum

182 4129 670 4185 remunerationis
703 4129 1004 4198 praemium
1032 4128 1344 4198 suscipere.
1375 4128 1518 4181 Nota
1543 4127 1680 4197 quia
1708 4128 1827 4180 fru-

182 4231 278 4287 ges
319 4219 564 4286 justitize
601 4217 914 4283 dicuntur;
951 4221 1350 4270 verumtamen
1383 4218 1597 4286 fruges,
1633 4217 1827 4286 fruges

176 4305 412 4374 justitiaa
435 4307 624 4378 justis
659 4311 816 4374 sunt,
844 4305 943 4376 qui
977 4321 1073 4359 eas
1096 4306 1240 4359 bene
1267 4306 1648 4374 dispensant;
1684 4305 1832 4373 inju-

184 4393 285 4448 stis
315 4400 513 4450 autem
549 4395 757 4464 utique
788 4395 983 4465 fruges
1015 4398 1154 4447 sunt
1182 4393 1505 4463 injustitiaa.

251 4483 528 4553 Sequitur
561 4501 573 4536 :
633 4485 696 4538 Ut
743 4484 803 4537 in
848 4482 1100 4537 omnibus
1141 4483 1469 4552 locupletati,
1502 4485 1609 4535 etc.
1647 4480 1826 4534 Locu-

1938 3339 2269 3387 sanctorum
2289 3350 2397 3388 non
2417 3333 2702 3384 desideret
2721 3331 2971 3399 aliquem
2994 3329 3114 3381 suis
3131 3327 3579 3382 necessitatibus

1937 3438 2065 3474 esse
2099 3422 2428 3486 subjectum
2480 3436 2657 3471 causa
2706 3417 2914 3470 salutis
2962 3417 3137 3485 ejus?
3187 3417 3353 3485 Nam,
3388 3417 3436 3469 si
3487 3415 3583 3471 ille

1939 3509 2038 3579 qui
2070 3509 2294 3570 tribuit,
2330 3524 2460 3561 eum
2497 3507 2583 3559 (‘ui
2621 3506 2843 3570 tribuit,
2878 3504 3013 3558 velit
3063 3505 3175 3559 sibi
3222 3519 3349 3558 esse
3383 3503 3581 3572 subje-

1939 3603 2118 3662 ctum,
2171 3596 2386 3649 amittit
2438 3596 2638 3664 utique
2690 3593 3036 3647 mercedem.
3094 3597 3161 3647 Et
3209 3593 3336 3648 ideo
3396 3593 3582 3647 sancti

1939 3702 2170 3754 semper
2203 3685 2448 3754 cupiunt
2494 3683 2759 3738 homines
2805 3684 2928 3736 suis
2979 3681 3425 3737 necessitatibus
3457 3697 3585 3736 esse

1939 3775 2255 3842 subjectos,
2295 3789 2362 3825 ne
2398 3774 2639 3843 perdant
2670 3772 3015 3826 mercedem.
3043 3775 3282 3842 Propter
3312 3770 3452 3841 quid
3485 3786 3584 3824 eos

1937 3863 2289 3929 desiderent,
2324 3861 2575 3915 ostendit
2605 3861 2909 3914 subdendo
2946 3879 2956 3914 :
3001 3861 3227 3930 Propter
3255 3861 3585 3914 eminentem

1936 3953 2175 4020 gratiam
2211 3951 2345 4010 Dei;
2390 3950 2496 4002 hoc
2536 3955 2643 4017 est,
2682 3955 2743 4002 ut
2800 3949 2986 4016 gratia
3023 3947 3116 4001 Dei
3148 3947 3474 4001 eminenter
3505 3945 3582 4000 sit

1938 4040 1995 4092 in
2043 4038 2241 4102 vobis;
2297 4038 2572 4106 quoniam
2608 4054 2721 4105 quo
2753 4037 2916 4089 eritis
2949 4035 3310 4101 humiliores,
3342 4051 3408 4088 eo
3437 4033 3583 4088 emi-

1938 4127 2254 4181 nentiores.
2288 4124 2468 4177 Aliter
2502 4140 2513 4175 :
2567 4126 2795 4192 Propter
2837 4125 3167 4176 eminentem
3196 4123 3458 4189 gratiam,
3492 4119 3581 4172 vi-

1938 4213 2166 4275 delicet,
2199 4211 2478 4275 scientiae,
2516 4215 2570 4262 et
2601 4209 2920 4272 charitatis,
2954 4214 3009 4261 et
3040 4208 3364 4272 similium;
3397 4211 3462 4260 “ut
3507 4205 3586 4259 sit

1938 4317 2149 4355 sensus
2184 4316 2195 4352 :
2233 4299 2302 4351 Ut
2335 4300 2433 4367 qui
2457 4299 2582 4364 jam
2617 4297 2673 4348 in
2707 4296 2835 4349 aliis
2868 4295 3141 4350 omnibus
3171 4293 3504 4356 abundatis,
3528 4297 3587 4348 et

1939 4392 1995 4444 in
2029 4391 2136 4443 hac
2182 4388 2368 4458 gratia
2399 4384 2685 4454 largitatis
2719 4384 3046 4438 abundetis.

2008 4478 2326 4548 Sequitur:
2392 4474 2611 4528 Gratias
2664 4478 2771 4528 Deo
2822 4488 2984 4542 super
3030 4469 3398 4524 inenarrabili
3445 4469 3587 4524 dono

185 4567 363 4638 pletes
396 4587 612 4644 nempe
661 4571 719 4625 in
752 4571 1026 4625 omnibus
1058 4575 1215 4634 sunt,
1250 4570 1349 4640 qui
1382 4569 1682 4622 abundant
1713 4574 1830 4621 tam
1862 4580 1908 4643 D
1941 4569 2080 4636 ejus.
2115 4565 2446 4619 Notandum
2484 4563 2622 4633 quia
2665 4562 2721 4614 in
2754 4559 3075 4631 gratiarum
3111 4556 3335 4612 actione
3366 4570 3589 4610 sermo-

185 4658 633 4727 temporalibus,
668 4676 842 4728 quam
877 4657 1283 4730 spiritualibus
1316 4657 1501 4711 bonis.
1529 4660 1584 4711 In
1617 4673 1829 4711 omnem

185 4746 599 4814 simplicitatem
629 4747 770 4801 dicit
797 4765 810 4814 ;
869 4748 1007 4818 quia
1036 4747 1134 4817 qui
1166 4746 1454 4809 tribuunt,
1489 4744 1830 4814 simpliciter

190 4831 294 4886 hoc
328 4832 521 4902 ipsum
554 4852 724 4907 agere
753 4835 967 4889 debent
995 4852 1007 4901 ;
1042 4834 1148 4888 hoc
1180 4839 1286 4901 est,
1319 4851 1431 4888 non
1463 4851 1584 4899 eos,
1616 4833 1830 4901 quibus

184 4920 474 4985 tribuunt,
509 4923 623 4977 sibi
655 4923 800 4979 velle
852 4938 980 4977 esse
1028 4923 1340 4992 subjectos,
1375 4938 1562 4992 neque
1595 4921 1830 4992 aliquod

184 5025 284 5080 per
300 5009 409 5065 hoc
427 5027 690 5082 quaerere
709 5009 1058 5082 obsequium
1077 5027 1088 5064 :
1107 5028 1238 5065 nam
1258 5009 1591 5082 quicunque
1610 5009 1829 5079 aliquid

186 5095 392 5152 horum
444 5098 718 5170 cupiunt,
769 5115 958 5167 suam,
1006 5099 1267 5169 inquam,
1312 5097 1635 5152 mercedem
1689 5093 1829 5148 reci-

184 5183 390 5253 piunt;
426 5188 587 5241 unde
623 5187 939 5242 Dominus:
974 5189 1142 5241 Amen
1171 5187 1288 5242 (lieo
1318 5187 1485 5251 vobis,
1520 5186 1834 5252 rereperzuzt

184 5273 488 5328 mercedem
519 5290 686 5328 suam
717 5274 922 5340 uitatth.
957 5293 1029 5339 vr,
1063 5277 1138 5344 2).
1173 5275 1232 5328 In
1265 5293 1329 5330 eo
1361 5291 1514 5337 vero,
1550 5271 1700 5342 quod
1735 5271 1834 5334 ait,

188 5375 309 5430 qua?
337 5370 609 5430 operatur
634 5377 736 5431 per
767 5377 860 5414 nos
901 5365 1214 5432 gratiarum
1244 5366 1512 5418 actionem
1548 5362 1668 5425 Deo,
1704 5357 1836 5411 talis

191 5454 277 5502 est
307 5467 522 5504 sensus
549 5466 561 5503 :
599 5447 975 5519 Simplicitas,
1003 5452 1430 5508 administratio
1453 5448 1600 5520 (751)
1634 5446 1837 5518 gratia-

260 5556 411 5625 (750)
444 5561 526 5612 De
586 5570 708 5624 qua
765 5553 825 5607 in
881 5554 1183 5629 Evangelio
1242 5561 1404 5614 Lucae
1466 5575 1531 5620 ιι,
1591 5556 1687 5618 3t},
1749 5554 1835 5603 37.

1942 4671 2072 4708 nem
2103 4655 2171 4707 de
2197 4670 2366 4723 opere
2391 4649 2801 4705 misericordiae
2824 4648 3117 4712 terminat,
3143 4659 3315 4715 quem
3346 4642 3520 4698 etiam
3556 4658 3590 4697 a

1939 4742 2215 4796 laudibus
2250 4741 2638 4794 inchoaverat.
2674 4739 2742 4792 Et
2781 4743 2868 4791 est
2917 4752 3124 4790 sensus
3158 4751 3170 4788 :
3222 4731 3449 4787 Gratias
3479 4745 3587 4803 ago

1941 4835 2076 4895 Deo,
2095 4829 2194 4899 qui
2220 4847 2318 4882 vos
2337 4847 2444 4882 sua
2467 4827 2836 4882 miseratione
2861 4823 3252 4879 inettabilibus
3271 4821 3395 4876 suis
3418 4819 3588 4892 donis

1940 4919 2163 4973 ditavit.
2204 4919 2259 4971 Si
2312 4934 2443 4971 vero
2496 4918 2562 4969 ad
2618 4915 2918 4986 superiora
2967 4912 3264 4978 referatur,
3318 4908 3450 4964 talis
3496 4912 3588 4964 est

1942 5021 2152 5060 sensus
2188 5022 2199 5057 :
2252 5003 2480 5058 Gratias
2512 5005 2748 5072 agentes
2783 5005 2913 5066 Deo,
2949 4999 3048 5070 qui
3079 4998 3241 5053 vobis
3275 4994 3585 5051 immeritis

1943 5092 2354 5148 inenarrabilia
2383 5108 2490 5144 sua
2531 5092 2682 5143 dona
2715 5088 2979 5142 contulit.

2015 5183 2173 5251 (CAP.
2231 5181 2323 5247 Χ.)
2381 5183 2499 5247 Ipse
2557 5181 2739 5230 autem
2795 5193 2890 5245 ego
2951 5177 3179 5243 Paulus,
3239 5179 3349 5227 etc.
3409 5171 3588 5224 Erant

1945 5271 2098 5324 enim
2137 5265 2396 5321 nonnulli
2450 5266 2598 5317 inter
2627 5263 2976 5326 Corinthios,
3012 5263 3108 5332 qui
3161 5279 3293 5316 eum
3343 5255 3586 5313 minoris

1946 5375 2072 5412 esse
2105 5351 2469 5410 auctoritatis
2503 5352 2807 5418 putabant,
2841 5358 2894 5405 et
2928 5352 3045 5406 haec
3079 5348 3331 5419 suspicio
3364 5347 3588 5416 poterat

1945 5445 2227 5514 impedim
2260 5442 2386 5510 ejus
2425 5437 2882 5491 exhortationem
2918 5438 3247 5507 praedictam
3300 5435 3370 5488 de
3417 5445 3586 5502 opere

2023 5549 2167 5617 (751)
2201 5548 2466 5601 Fortasse
2517 5541 2841 5608 simplicitas
2893 5539 3412 5607 administrationis,
3457 5552 3585 5603 gra-

1953 5622 2174 5688 tiarum,
2209 5622 2314 5673 etc.
